4082 6440
1445 273 1514 285 οι-

387 412 496 472 ΒΞῚ

387 523 623 594 theologi
668 523 867 594 partim
925 523 1257 591 habuerunt,
1309 523 1468 579 multi
1515 530 1667 588 sunt,
1717 530 1773 578 et
1805 538 1974 593 supra

385 631 683 672 numerqu
716 630 729 668 :
767 616 1027 672 universe
1058 632 1187 672 vero
1211 624 1265 672 et
1290 615 1606 670 summatim
1635 615 1704 670 de
1733 615 1976 670 bonitate

378 703 831 775 intelligendum,
865 705 980 761 haec
1009 715 1094 761 est
1128 706 1398 762 sententia
1429 705 1768 761 abbreviata.
1803 706 1975 771 Talis,

385 797 590 867 inquit,
612 795 692 852 sis
721 796 914 851 amicis
948 797 1060 853 tuis
1080 805 1134 851 et
1157 796 1376 859 vicinis,
1407 795 1599 866 quales
1627 795 1734 850 eos'
1748 794 1830 850 vis
1853 811 1978 852 esse

390 889 519 951 tibi;
565 888 744 944 simile
779 887 912 941 illud
943 887 1260 958 evangelico
1290 894 1564 957 praecepto
1607 886 1980 957 pronuntiavit

390 980 602 1034 dicenti
643 998 656 1034 :
695 979 893 1034 Omnia
935 995 1256 1049 qnwcunque
1289 980 1448 1034 vultis
1481 987 1540 1033 ut
1580 979 1783 1049 faciant
1835 979 1980 1034 vobis

382 1071 654 1134 homines,
673 1081 723 1124 et
753 1088 840 1126 vos
873 1071 1121 1125 similiter
1148 1071 1310 1141 facile
1330 1073 1444 1127 illis
1478 1072 1694 1140 (Matth.
1729 1088 1828 1138 VII,
1857 1073 1978 1141 l2);

392 1172 800 1234 consequenter
839 1170 893 1218 et
942 1163 1074 1217 illud
1118 1165 1172 1218 in
1231 1163 1516 1220 Dominico
1551 1174 1824 1237 praecepto
1867 1174 1982 1224 sta-

385 1256 589 1320 tuitur,
627 1255 858 1320 scilicet,
893 1256 1076 1311 omnia
1100 1272 1441 1328 quacunque
1462 1259 1648 1315 nolitis
1679 1273 1708 1312 a
1735 1260 1983 1330 proximo

389 1348 513 1403 ﬁeri
542 1347 716 1414 vobis,
761 1363 862 1402 nec
912 1363 1008 1405 vos
1054 1348 1217 1404 lacite
1255 1351 1385 1406 illis.
1415 1350 1614 1404 Adhuc
1641 1359 1694 1406 et
1725 1357 1851 1420 post
1879 1351 1984 1405 hoc

389 1438 664 1494 bonitatis
693 1440 966 1495 sententia
999 1439 1171 1510 magis
1203 1441 1521 1496 abbreviata
1548 1448 1678 1496 sunt
1697 1441 1985 1512 passiones

390 1530 604 1586 'Christi
638 1545 778 1602 quas
813 1541 1036 1602 propter
1075 1549 1176 1588 nos
1208 1531 1388 1587 adhuc
1441 1532 1640 1602 impios
1691 1547 1986 1602 perpessus

399 1629 564 1688 est,et
591 1638 937 1694 quaecunque
984 1626 1281 1694 Opprobria
1323 1632 1379 1679 et
1432 1625 1662 1680 vulnera
1713 1625 1766 1680 in
1820 1641 1988 1682 cruce

405 1711 709 1782 tulit;qu
736 1714 830 1782 qui
891 1715 946 1768 in
995 1716 1257 1770 memoria
1311 1716 1478 1771 habet
1525 1731 1744 1786 semper
1767 1723 1821 1772 et
1855 1726 1986 1774 ante

401 1804 596 1856 oculos
624 1805 728 1858 sibi
761 1806 1055 1874 proponit;
1087 1806 1237 1860 mitis
1257 1805 1486 1863 eﬂ'ectus
1506 1815 1561 1862 et
1583 1809 1726 1862 mala
1750 1809 1988 1865 tolerare

400 1900 627 1960 paratus
675 1893 743 1948 ad
791 1895 1115 1952 charitatem
1149 1913 1276 1969 erga
1320 1900 1631 1969 proximum
1659 1909 1714 1956 et
1739 1899 1987 1956 dilectio-

400 1999 526 2038 nam
551 1984 806 2042 similiter
827 1986 1121 2042 excitatur.

405 2157 508 2210 l77
545 2155 725 2212 Fideli
751 2160 924 2215 amico
954 2159 1089 2214 nihil
1113 2175 1214 2228 par
1239 2175 1352 2215 esse
1381 2160 1653 2216 existima.

475 2247 698 2307 Venalis
722 2261 805 2306 est
835 2252 1048 2307 amicus
1080 2267 1282 2308 mensae
1313 2259 1366 2307 et
1394 2252 1600 2323 gaudii,
1635 2253 1738 2310 iste
1769 2253 1989 2312 inﬁdus.

402 2335 524 2393 iam
561 2340 850 2396 deﬁciente
906 2343 1148 2398 convivii
1191 2344 1542 2414 jucunditate
1592 2355 1647 2402 et
1695 2349 1994 2420 voluptatis

403 2431 732 2487 delectantis
760 2440 816 2487 et
857 2435 976 2504 ipsc
1006 2434 1211 2491 deﬁcit.
1248 2436 1347 2492 Est
1379 2438 1593 2495 amicus
1641 2455 1806 2509 quem
1866 2457 1996 2512 ege-

403 2533 521 2577 stas
544 2523 774 2578 attrahit
801 2533 854 2580 et
885 2524 954 2579 ad
984 2525 1141 2596 juxta
1177 2527 1476 2583 sedendum
1504 2529 1696 2593 allicit,
1716 2529 1917 2585 inﬁdus
1941 2537 1997 2586 et

405 2613 533 2677 iste,
564 2621 808 2682 egestate
830 2617 976 2669 enim
1005 2616 1244 2674 abeunte
1273 2625 1328 2672 et
1367 2616 1486 2687 ipse
1515 2616 1806 2674 confestim
1838 2618 1992 2673 abiit.

400 2700 506 2758 llis
550 2705 962 2772 pratermissis,
996 2715 1082 2760 est
1121 2708 1330 2764 amicus
1382 2715 1604 2778 pr0pter
1629 2709 1884 2763 virtutem
1941 2717 1998 2764 et

411 2793 505 2851 Dei
552 2797 780 2851 verbum
831 2797 1087 2862 obvians,
1139 2799 1244 2854 iste
1293 2798 1436 2854 ﬁdus
1471 2815 1634 2868 quem
1668 2815 1777 2854 non
1807 2816 1998 2856 mensa

409 2894 505 2940 aut
543 2888 921 2942 conviviorum
971 2888 1232 2942 illecebra
1275 2889 1516 2944 ostendit
1546 2887 1679 2960 (hoc
1708 2890 1996 2962 scyphus),

407 2979 504 3049 qui
552 2994 662 3034 non
714 2979 978 3050 egestatis
1028 2994 1197 3035 causa
1254 2980 1505 3036 assidens
1557 2987 1610 3036 et
1667 2984 1996 3052 parasitans,

411 3085 758 3141 quaecunque
787 3071 854 3125 ad
886 3071 1119 3142 gratiam
1153 3080 1207 3126 et
1235 3072 1388 3127 auris
1432 3072 1765 3129 lenocinium
1799 3088 1998 3129 vanum

412 3177 539 3215 ctnn
575 3163 646 3218 iis
679 3163 771 3232 qui
804 3163 984 3233 ipsum
1007 3162 1262 3234 diligunt,
1295 3174 1687 3234 conversatur;
1717 3166 1811 3221 sed
1846 3183 1998 3236 quae-

413 3268 633 3323 cunque
673 3254 828 3308 utilia
883 3264 1032 3321 sunt,
1081 3269 1426 3326 quaecunque
1459 3256 1660 3312 decent
1708 3266 1762 3312 et
1810 3273 1998 3312 coram

415 3342 528 3397 Deo
558 3343 860 3413 expediunt
903 3345 1166 3400 consulit.
1229 3345 1330 3401 llic
1375 3347 1589 3402 amicus
1644 3345 1785 3403 ﬁdus
1839 3363 2002 3417 quem

416 3438 721 3501 tempestas
749 3441 805 3487 et
852 3435 1082 3489 tentatio
1129 3442 1225 3489 aut
1271 3445 1498 3506 propter
1527 3437 1783 3506 pietatem
1814 3453 2003 3507 perse-

420 3522 572 3574 cutio
611 3523 874 3602 ostendit.
919 3522 1057 3578 Huic
1092 3525 1230 3578 nihil
1272 3533 1359 3580 est
1407 3525 1856 3596 :equiparandum
1908 3543 2005 3582 su-

420 3625 520 3682 per
549 3619 778 3678 terram,
829 3614 966 3669 nihil
1019 3615 1400 3671 honorabilius
1448 3617 1591 3671 inter
1634 3617 2004 3684 honorabilia,

422 3703 560 3757 nihil
597 3704 742 3760 inter
765 3706 1023 3763 amabilia
1055 3707 1348 3763 amabilius
1381 3707 1543 3779 digne
1567 3715 1804 3764 testante
1835 3709 2006 3764 verbo

423 3800 642 3848 sancto.
676 3791 983 3850 Inimicitiae
1012 3795 1180 3868 igitur
1231 3811 1377 3867 saepe
1406 3812 1472 3855 ex
1511 3797 1747 3853 diversis
1785 3797 2007 3854 casibus

424 3887 889 3956 supervenientis,
915 3891 1135 3959 regulas
1168 3889 1392 3960 dignum
1435 3896 1519 3945 est
1549 3889 1790 3945 amicitia
1821 3906 2004 3960 nosse,

423 3987 479 4034 ct
510 3978 748 4048 pondere
794 3965 849 4034 et
893 3988 1143 4051 tempore
1187 3989 1503 4052 opportuno
1552 3980 1861 4039 discordias
1895 3984 2008 4038 dis-

423 4083 672 4133 cernere,
702 4070 959 4126 amicitiaa
982 4081 1163 4128 autem
1192 4073 1396 4128 limites
1416 4073 1644 4130 minime
1675 4089 2010 4145 cognoscere

414 4167 661 4230 Oportet.
697 4160 816 4232 Ipsa
860 4170 946 4219 est
991 4163 1138 4219 enim
1194 4164 1252 4219 in
1303 4163 1510 4220 Christi
1565 4163 1859 4222 dilectione
1889 4181 2010 4238 quae

417 4267 705 4322 nunquam
740 4253 968 4309 excidit.

380 4435 388 4444 ι
425 4363 521 4418 181
559 4363 767 4420 σανίσι-α
796 4365 975 4421 uidens
1007 4367 1191 4421 oculus
1223 4383 1278 4422 se
1304 4384 1409 4423 non
1440 4369 1596 4423 uidet.

497 4477 701 4533 Oculus
752 4478 1005 4548 corporis
1036 4481 1278 4550 seipsum
1326 4481 1654 4536 naturaliter
1683 4481 1868 4536 videre
1913 4496 2010 4536 ne—

416 4569 568 4639 .quit,
607 4583 730 4637 qua:
765 4582 896 4624 vero
931 4579 1086 4623 extra
1134 4571 1312 4638 ipsum
1351 4577 1406 4624 et
1453 4571 1603 4624 circa
1637 4571 1814 4640 ipsum
1858 4579 2009 4637 sunt,

429 4667 703 4729 quotquot
755 4675 940 4716 coram
985 4676 1050 4716 eo
1105 4664 1326 4726 adsunt,
1370 4660 1611 4717 eﬁicacia
1657 4663 1810 4719 visus
1859 4679 2008 4719 com-

423 4751 746 4823 prehendit.
773 4741 831 4806 Si
861 4768 983 4822 quae
1013 4762 1196 4809 autem
1229 4755 1437 4825 gramia
1461 4761 1556 4808 aut
1589 4755 1787 4826 albugo
1817 4755 2013 4826 prodat

421 4853 485 4898 et
517 4843 742 4899 sanitati
783 4852 1002 4910 noceat,
1027 4860 1128 4899 nec
1163 4845 1268 4899 alia
1303 4844 1488 4900 videre
1507 4845 1652 4901 valet
1673 4846 1817 4901 sicut
1847 4862 2013 4919 opor-

422 4944 528 4990 tet.
556 4935 761 4992 Eodem
793 4938 956 4993 modo
975 4945 1030 4993 et
1066 4935 1306 4994 hominis
1339 4938 1566 5008 spiritus
1593 4939 1804 5009 absque
1826 4940 2017 4997 labore

421 5043 552 5095 quae
574 5030 866 5098 subjacent
899 5031 1046 5085 videt
1080 5031 1333 5085 veritatis
1364 5031 1867 5101 contemplatione;
1897 5049 2014 5104 pro~

429 5120 566 5173 simi
624 5121 976 5178 defectus’et
1020 5132 1246 5193 peccata
1307 5123 1506 5194 aspicit
1551 5131 1648 5179 aut
1697 5125 2014 5196 investigat,

426 5227 533 5268 nec
567 5227 710 5282 saepe
756 5213 929 5282 juste,
973 5216 1153 5285 ipsum
1196 5217 1650 5272 obnubilantibus
1692 5215 2016 5286 cupiditati-

427 5305 536 5360 bus
569 5307 842 5376 prOpriis;
874 5323 998 5378 quae
1028 5324 1160 5364 vero
1195 5309 1417 5380 prepria
1453 5316 1584 5364 sunt
1621 5323 1686 5364 eo
1715 5307 1891 5377 magis
1920 5323 2016 5362 co-

425 5411 702 5465 gnoscere
736 5414 844 5453 non
885 5402 1155 5470 pervenit,
1195 5409 1400 5470 quanto
1435 5402 1612 5471 magis
1647 5400 1883 5470 propriis
1926 5415 2018 5454 cu-

427 5488 758 5556 piditatibus
804 5491 1149 5548 incrassatus
1189 5493 1521 5548 obcaecatum
1558 5491 1685 5546 Ideo
1714 5491 1780 5544 ad
1828 5492 2015 5547 omnia

426 5580 530 5634 tibi
564 5581 657 5650 qui
694 5583 820 5638 talis
867 5598 926 5638 es
955 5599 1095 5653 opus
1126 5591 1212 5639 est
1253 5584 1574 5640 consiliario
1617 5582 1711 5652 qui
1749 5582 1881 5638 utile
1914 5583 2012 5637 do-

426 5679 555 5725 ceat
607 5683 663 5727 et
710 5673 765 5727 in
812 5675 1253 5731 recordationem
1302 5675 1677 5730 faciendorum
1747 5675 2010 5742 inducat;

432 5771 560 5811 nam
599 5776 720 5828 quae
756 5779 961 5834 corpus
1007 5765 1214 5820 creavit
1259 5765 1524 5835 sapientia
1575 5774 1628 5821 et
1667 5764 2010 5836 providentia

507 5848 628 5918 (10)
668 5851 800 5909 Cod.
831 5855 1063 5926 ὃυνὰμη.

1731 405 2029 464 NICETAS
2077 405 2291 464 DAVI'D

2083 519 2248 594 ἱεροῖς
2277 520 2546 590 θεολόγοις
2581 521 2721 576 κατά
2754 519 2918 594 μέρος
2959 515 3446 590 ύποιγορευόμενοι,
3474 517 3651 574 πολλοί

2075 630 2136 668 τε
2169 614 2536 684 καθεστήκασι
2569 615 2664 668 καὶ
2690 613 2828 684 ὑπὲρ
2853 611 3084 683 ἀριθμόν
3100 627 3113 639 ·
3149 606 3452 680 ὁλοσχερῶς
3475 607 3531 660 δέ
3554 606 3652 676 φά-

2077 723 2166 760 ναι
2205 707 2323 776 ἦτοι
2361 703 2748 775 κεφαλαιωδῶς
2789 704 2919 774 περὶ
2962 701 3326 772 χρηστότητος
3363 697 3655 764 διαλαϐεῖν,

2078 795 2235 850 τοῦτὸ
2267 798 2380 848 ἐστι
2412 796 2585 865 δόγμα
2618 791 3341 864 συντομώτατον.Τοιοῦτος,
3365 789 3492 860 ἐφη,
3509 787 3655 857 γίνου

2079 889 2191 950 τοῖς
2230 885 2406 954 φίλοις
2452 902 2544 938 σου
2581 884 2674 938 καὶ
2730 885 3007 953 γείτοσιν,
3047 883 3190 946 οἴους
3243 881 3439 944 αὐτοὺς
3490 879 3657 941 θέλεις

2079 975 2326 1047 γίνεσθαι
2358 977 2494 1047 πρὸς
2525 976 2585 1029 σέ
2607 993 2620 1006 ·
2650 979 2763 1030 ῐσον
2794 975 2850 1028 δὲ
2876 973 3034 1027 τοῦτο
3061 973 3137 1044 τῷ
3161 971 3504 1044 εύαγγελικῷ
3524 988 3659 1041 παρ-

2081 1065 2388 1136 αγγέλματι
2421 1065 2732 1136 καθέστηκε
2756 1107 2771 1132 ,
2808 1063 3008 1118 Πάντα
3027 1104 3042 1128 ,
3067 1062 3185 1117 ὅσα
3216 1062 3294 1117 ἂν
3325 1062 3534 1127 θέλητε
3562 1061 3658 1113 ἵνα

2083 1156 2336 1214 ποιῶσιν
2366 1158 2510 1229 ὑμῖν
2549 1161 2603 1212 oi
2657 1157 2973 1226 ἆνθμυποι,
3010 1155 3305 1220 κελεύοντι,
3351 1152 3447 1205 καὶ
3494 1150 3660 1220 ὑμεῖς

2083 1251 2304 1304 ποιεῖτε
2358 1251 2567 1317 αὐτοῖς
2617 1249 2851 1318 ὁμοίως.
2902 1247 3216 1302 Ἀκολουθον
3255 1246 3312 1300 δὲ
3359 1245 3452 1298 καὶ
3507 1243 3661 1298 τοῦτο

2085 1340 2403 1412 προσθεῖναι
2455 1343 2522 1414 τῇ
2573 1342 2878 1410 Δεσποτικῇ
2932 1337 3296 1410 παραγγελία,
3321 1337 3404 1390 ὅτι
3457 1335 3660 1399 Πάντα,

2084 1430 2186 1484 ὅσα
2225 1430 2286 1482 ού
2335 1429 2518 1484 θέλετε
2552 1429 2707 1501 παρά
2742 1430 2852 1484 τῶν
2881 1429 3052 1492 πέλας
3079 1428 3324 1498 γίνεσθαι
3349 1429 3499 1497 ὑμῖν,
3532 1426 3662 1498 μηδέ

2087 1520 2246 1590 ὑμεῖς
2272 1523 2475 1574 ποιεῖτε
2513 1520 2715 1583 αὐτοῖς.
2738 1518 2860 1573 Ἔτι
2900 1520 2956 1573 δέ
2983 1517 3173 1572 τούτου
3197 1517 3562 1589 χρηστότητος
3589 1516 3667 1570 δό-

2087 1623 2205 1678 γμα
2261 1606 2671 1679 συντομώτερον
2723 1608 2864 1661 αύτά
2895 1608 2990 1661 τοῦ
3036 1607 3274 1678 Χριστοῦ
3320 1606 3388 1660 τά
3432 1607 3601 1678 πάθη,
3629 1606 3666 1660 ἀ

2087 1697 2229 1768 ὑπὲρ
2260 1697 2416 1768 ἡμῶν
2447 1698 2528 1752 ἔτι
2553 1698 2722 1753 ὄντων
2741 1699 2955 1753 ἀσεϐῶν
2989 1699 3206 1770 ἀνέτλη,
3246 1699 3341 1752 καὶ
3366 1700 3466 1752 ὅσα
3489 1697 3663 1768 ὀνείδη

2089 1792 2184 1843 καὶ
2231 1790 2523 1862 τραύματα
2558 1792 2696 1864 πρὸς
2726 1792 2806 1863 τῷ
2846 1791 3064 1863 σταυρῷ
3091 1793 3384 1864 γενόμενος
3407 1790 3661 1860 ὑπέσχεν,

2090 1884 2121 1939 ὁ
2145 1882 2238 1938 ἐπὶ
2270 1885 2492 1955 μνήμης
2523 1884 2663 1955 ἔχων
2685 1885 2773 1938 ἀεὶ
2805 1885 2900 1939 καὶ
2929 1886 3035 1957 πρὸ
3075 1885 3184 1938 τῶν
3209 1881 3501 1954 ὀφθαλμῶν
3532 1882 3669 1952 λαμ-

2091 1976 2269 2030 ϐάνων
2299 1977 2674 2048 πραΰνόμενος
2699 1978 2793 2032 καὶ
2825 1977 3162 2044 ἀνεξικακῶν
3183 1976 3260 2048 τῷ
3291 1975 3518 2047 πλησίον
3536 1973 3667 2045 πρὸς

2091 2066 2504 2141 φιλανθρωπίαν
2537 2066 2672 2140 ὁμοῦ
2709 2070 2804 2123 καὶ
2842 2066 3196 2139 φιλαδελφίαν
3223 2064 3564 2119 συνωθεῖται.

2093 2159 2192 2214 177
2228 2158 2454 2214 Πιστοῦ
2499 2162 2684 2230 φίλου
2724 2157 2920 2230 νόμιῷ
2961 2158 3156 2230 μηδὲν
3193 2158 3389 2222 ἄξιον.

2167 2249 2324 2305 Ἐστι
2375 2249 2528 2321 φίλος
2551 2249 2829 2322 τραπέζης
2853 2250 3010 2314 ὤνιος
3048 2249 3142 2304 καλ⁸
3167 2248 3382 2322 ἡδονῆς,
3405 2245 3500 2300 καὶ
3521 2237 3672 2309 οὗτος

2093 2341 2319 2404 ἄπιστος
2339 2357 2353 2371 ο
2375 2340 2762 2412 ἐπιλειπούσης
2793 2341 2903 2412 γάρ
2923 2342 3023 2412 τῆς
3047 2340 3156 2394 τῶν
3183 2337 3500 2409 συμποσίων
3522 2338 3674 2407 χάρι-

2093 2451 2184 2498 τος
2213 2433 2307 2487 καὶ
2337 2433 2582 2507 τέρψεως
2607 2433 2936 2505 ὴδυπαθοῦς,
2955 2435 3051 2486 καὶ
3077 2431 3239 2496 αὐτὸς
3264 2429 3495 2499 ἀπέστη.
3517 2429 3674 2480 Ἔστι

2094 2523 2245 2593 φίλος
2273 2525 2372 2594 τῆς
2406 2526 2596 2596 χρείας
2622 2525 2788 2578 αὑτὸν
2807 2523 3175 2595 ἐφελκομένης
3205 2523 3300 2577 καὶ
3323 2518 3675 2592 παρεδρεύειν

2096 2615 2545 2688 προτρεπούσης,
2591 2617 2816 2680 ἄπιστος
2848 2616 2904 2670 δέ
2947 2615 3044 2669 καὶ
3087 2615 3248 2678 αὑτός
3283 2631 3297 2646 ο
3335 2613 3452 2683 ἅμα
3498 2611 3606 2682 γὰρ
3640 2610 3676 2681 ἠ

2095 2707 2254 2777 χρεία
2300 2706 2544 2778 παρῆλθε
2576 2708 2674 2760 καὶ
2717 2707 2880 2772 αὐτὸς
2925 2707 3062 2779 αὐτῇ
3101 2705 3413 2778 παραυτίκα
3470 2719 3678 2756 συναπ-

2095 2795 2292 2866 ᾤχετο.
2329 2797 2486 2850 Ἐστι
2522 2796 2658 2868 πρὸς
2685 2800 2797 2861 τοίς
2840 2798 3154 2869 εἰρημένοις
3201 2794 3354 2864 φίλος
3381 2795 3446 2847 δι’
3478 2793 3678 2866 ἀρετὴν

2097 2884 2192 2937 καὶ
2238 2882 2374 2938 Θεοῦ
2424 2885 2578 2954 λόγον
2627 2886 3038 2958 εὑρισκόμενος.
3071 2879 3238 2948 Οὗτος
3282 2881 3501 2944 πιστὸς,
3530 2880 3587 2932 ὃν
3617 2879 3678 2932 ού

2097 2973 2351 3046 τράπεζα
2377 2975 2410 3047 ἢ
2440 2978 2762 3048 συμποσίων
2791 2980 2951 3051 χάρις
2982 2976 3355 3032 ἀναδείκνυσιν
3376 2973 3555 3044 (τοῦτο
3573 2971 3682 3043 γὰρ

2098 3068 2128 3121 ὁ
2158 3068 2486 3140 κρατὴρ),ὂς
2510 3071 2571 3123 ού
2594 3071 2783 3143 χρείας
2807 3071 2992 3124 εἵνεκα
3019 3067 3369 3142 παρεδρεύων
3389 3066 3484 3122 καὶ
3509 3082 3684 3136 παραι

2103 3157 2302 3222 σιτῶν,
2343 3159 2446 3212 ὅσα
2488 3160 2624 3230 πρὸς
2666 3159 2828 3232 χάριν
2877 3159 2973 3214 καὶ
3009 3158 3178 3228 ἀκοῆς
3213 3154 3407 3227 τέρψιν
3450 3151 3684 3225 ματαίαν

2105 3252 2215 3313 τοῖς
2243 3252 2405 3304 αὑτὸν
2435 3249 2679 3321 φιλοῦσιν
2701 3247 3259 3320 ἀποφθέγγεται,ἀλλ’
3289 3247 3390 3298 ὃσα
3407 3241 3684 3312 λυσιτελῆ,

2102 3339 2202 3392 ὅσα
2239 3339 2493 3412 σύμφορα
2515 3342 2609 3394 καί¹
2636 3341 2776 3395 κατά
2807 3340 2941 3392 Θεδν
2969 3336 3282 3407 ὠφελοῦντα
3307 3331 3684 3403 συμϐουλεύει·

2103 3427 2257 3495 οὗτος
2290 3432 2442 3502 φίλος
2483 3433 2692 3498 πιστὸς,
2731 3432 2789 3486 ὃν
2835 3430 2971 3503 ζάλη
3013 3429 3107 3483 καὶ⁵
3141 3425 3446 3498 πειρασμὸς
3480 3424 3513 3494 ἦ
3547 3422 3687 3492 ὑπὲρ

2105 3523 2388 3586 εὐσεϐείας
2430 3523 2770 3579 ἀναδεικνύει
2817 3521 3088 3592 διωγμός·
3114 3518 3206 3574 τοῦ
3247 3516 3488 3571 τοιούτου
3525 3513 3688 3584 μηδὲν

2106 3610 2246 3668 εἶναι
2294 3614 2654 3685 ἀντάλλαγμα
2681 3614 2791 3668 τῶν
2822 3613 2930 3668 ἀπὸ
2963 3613 3088 3684 γῆς,
3133 3611 3299 3683 μηδὲν
3337 3609 3446 3662 τῶν
3493 3607 3689 3677 τιμίων

2105 3704 2332 3776 τιμιώτε
2342 3722 2452 3778 ρον,
2473 3705 2610 3777 μηδέ
2632 3704 2739 3759 τῶν
2761 3704 3039 3776 ἐρασμίων
3061 3699 3467 3774 ἐρασμιώτερον
3489 3699 3517 3751 ὁ
3547 3695 3691 3767 ἱερὸς

2107 3797 2266 3867 λόγος
2299 3798 2466 3866 ἀξίως
2514 3800 2802 3870 μαρτυρεῖ.
2839 3796 3082 3868 Ἔχθρας
3132 3794 3232 3866 μὲν
3281 3789 3376 3848 οῦν
3433 3790 3692 3854 πολλάκις

2109 3890 2174 3944 ἐκ
2209 3891 2634 3962 συμπτωμάτων
2665 3888 2930 3943 ποικίλων
2977 3883 3474 3958 παρεμπιπτούσης
3505 3884 3572 3952 τῇ
3603 3897 3692 3949 φι-

2108 3987 2221 4059 λίᾳ,
2257 3985 2408 4053 ἀξιον
2437 3987 2597 4058 ὄρους
2628 3985 2849 4050 εἰδέναι,
2898 3984 2993 4038 καὶ
3041 3981 3226 4054 μέτρῳ
3267 3979 3363 4034 καὶ
3387 3975 3564 4048 καιρῷ
3611 3975 3693 4045 τῷ

2110 4076 2246 4148 ἀξίῳ
2294 4076 2393 4140 τάς
2431 4076 2767 4138 ,διαστάσεις
2819 4073 3060 4146 κρίνειν·
3096 4070 3278 4140 φιλίας
3328 4069 3386 4121 δέ
3433 4064 3696 4136 ἀληθινῆς

2110 4171 2270 4241 ὅρους
2293 4169 2495 4239 ἥκιστα
2529 4165 2821 4236 γινώσκειν
2852 4165 2995 4237 χρή·
3019 4167 3053 4235 ὴ
3083 4162 3221 4233 αὑτὴ
3250 4161 3359 4232 γάρ
3389 4160 3505 4212 ἐστι
3532 4157 3600 4229 τῇ
3632 4157 3695 4210 ἐν

2110 4260 2333 4333 Χριστῷ
2355 4260 2566 4334 ἀγάπῃ,
2595 4260 2719 4330 ἥτις
2749 4258 3006 4312 ούδέποτε
3033 4255 3313 4311 ἐκπίπτει.

2115 4373 2210 4429 lSl
2260 4354 2459 4427 Τάἰλα
2483 4371 2736 4438 ,βλέπων
2777 4370 3084 4442 ὀφθαλμὸς
3111 4369 3300 4424 αὐτὸν
3341 4368 3412 4423 οὐ
3450 4363 3693 4430 βλέπει.

2199 4489 2258 4541 ὐ
2305 4487 2408 4557 μὲν
2445 4486 2721 4557 ὀφθαλμὸς
2764 4485 2860 4540 τοῦ
2893 4484 3144 4556 σώματος
3173 4481 3362 4536 ἐαυτὸν
3403 4481 3502 4552 μὲν
3551 4475 3696 4532 κατά

2119 4577 2282 4647 φύσιν
2313 4579 2589 4641 ἀδυνάτως
2625 4579 2738 4648 ἔχει
2789 4578 3060 4649 καθορᾷν,
3089 4575 3161 4630 τὰ
3196 4574 3302 4642 ἔξω
3331 4574 3390 4628 δέ
3429 4573 3524 4628 καὶ
3565 4572 3696 4641 περὶ

2117 4671 2300 4736 αὑτὸν,
2325 4673 2428 4727 ὅσα
2456 4672 2693 4727 κατευθὺ
2728 4673 3032 4743 πρόκειται,
3067 4671 3134 4740 τῇ
3160 4669 3388 4741 ὁρατικῇ
3428 4663 3696 4737 περιλαμ-

2121 4763 2273 4818 ϐάνει
2293 4764 2517 4836 δυνάμει
2535 4764 2651 4835 (10)
2681 4764 2880 4834 δηλαδή
2902 4781 2915 4794 ⁸
2936 4761 3031 4815 ἐάν
3047 4761 3104 4814 δέ
3121 4777 3205 4824 τις
3231 4758 3382 4828 αὐτῷ
3400 4756 3548 4827 λήμη
3565 4754 3599 4825 ἦ
3616 4753 3696 4807 θύα

2119 4855 2285 4919 λωσις
2322 4856 2576 4926 ἐπιχυθῇ,
2607 4855 2704 4908 καὶ
2741 4852 2917 4925 πάθῃ,
2943 4852 3067 4906 οὑδέ
3109 4849 3277 4904 τᾶλλα
3318 4845 3558 4910 δυνατῶς
3583 4844 3694 4915 ἔχει

2115 4949 2411 5019 καταθρείν
2443 4948 2520 5011 ὡς
2559 4948 2686 5019 χρή.
2722 4946 2827 4999 Τὸν
2849 4946 3036 5016 ὅμοιον
3058 4942 3260 5014 τρόπον
3283 4940 3378 4995 καὶ
3405 4937 3694 5009 ἀνθρώπου

2113 5041 2239 5104 νοῦς
2266 5040 2474 5104 ἀτελῶς
2506 5040 2600 5093 καὶ
2642 5039 2861 5109 φαύλως
2898 5038 2966 5092 τά
3009 5037 3147 5110 πρὸς
3188 5035 3288 5107 τὴν
3313 5035 3413 5105 τῆς
3441 5029 3696 5103 ἀληθείας

2114 5131 2456 5204 διακειμένου
2487 5131 2742 5202 θεωρίαν,
2773 5130 2841 5184 τὰ
2889 5128 2999 5183 τῶν
3046 5127 3272 5199 πλησίον
3318 5124 3418 5197 μὲν
3465 5119 3697 5177 ἐλαττώ-

2118 5242 2262 5296 ματα
2285 5225 2318 5295 ἢ
2343 5225 2717 5295 ἁμαρτήματα
2755 5218 3164 5292 καταμανθάνει
3193 5218 3227 5288 ἢ
3250 5211 3691 5288 περιεργάζεται,

2120 5320 2212 5372 καὶ
2233 5317 2354 5372 οὐδὲ
2379 5316 2554 5371 ταῦτα
2590 5315 2850 5379 πολλάκις
2884 5313 3127 5386 ἀκριϐῶς
3156 5309 3261 5364 ὑπὸ
3292 5308 3402 5362 τῶν
3439 5303 3694 5376 ἐμφύτων

2117 5408 2452 5480 ζοφούμενος
2492 5407 2682 5461 παθῶν
2714 5422 2728 5436 ο
2763 5405 2832 5459 τά
2863 5403 3058 5458 ἐαυτοῦ
3099 5401 3156 5455 δὲ
3193 5397 3450 5454 τοσοῦτον
3489 5395 3692 5463 ἀγνοεῖ,

2114 5501 2224 5571 ὅσῳ
2269 5501 2362 5554 καὶ
2419 5500 2620 5570 μᾶλλον
2653 5500 2768 5561 τοῖς
2815 5495 3041 5556 οἰκείοις
3081 5491 3278 5545 πάθεσι
3326 5488 3695 5560 παχυνόμενος

2115 5593 2464 5662 ἀμϐλυωπεῖι
2515 5591 2580 5645 δι’
2623 5592 2651 5644 δ
2692 5592 2757 5662 δὴ
2791 5589 2884 5644 καὶ
2933 5583 3236 5658 συμϐούλου
3285 5582 3422 5653 πρὸς
3484 5579 3694 5632 ἅπαντα

2116 5683 2291 5756 χρεὼν
2337 5684 2477 5738 εἶναι
2516 5681 2596 5754 τῷ
2627 5681 2854 5750 τοιούτῳ
2873 5720 2887 5745 ,
2917 5678 2979 5731 τὸ
3009 5677 3253 5731 συνοῖσον
3280 5667 3689 5756 ύποτιθεμένου,

2119 5754 2211 5830 καὶ
2239 5775 2316 5838 είς
2345 5775 2652 5847 ὑπόμνησιν
2691 5773 2798 5829 τῶν
2845 5767 3130 5843 πρακτέων
3173 5762 3559 5832 ἐπανάγοντος.
3590 5754 3692 5812 Καὶ
