4082 6434
413 412 520 468 829

409 527 520 597 γὰρ
553 524 648 579 καὶ⁸
680 524 708 597 ή
737 524 866 596 περὶ
897 526 956 580 τὸ
997 525 1157 598 σῶμα
1188 527 1517 599 δημιουργὸς
1549 528 1711 598 σοφία
1745 531 1839 583 καὶ
1868 548 2000 601 προ-

410 612 612 684 μήθεια
639 615 705 684 τῇ
738 614 880 685 χειρὶ
901 616 1057 685 χεῖρα
1075 655 1090 676 ,
1107 615 1202 668 καὶ
1233 614 1312 685 τῷ
1337 615 1457 668 ποδὶ
1487 617 1641 681 πόδα,
1676 617 1769 670 καὶ
1797 617 2000 686 ὀφθαλ-

411 704 514 776 μὸν
552 703 630 775 τῷ
676 703 940 774 ὀφθαλμῷ
961 746 975 771 ,
1007 706 1100 760 καὶ
1150 705 1318 760 τᾶλλα
1363 705 1563 776 ὁμοίως
1583 746 1597 771 ,
1627 707 1721 761 δύο
1767 708 1860 762 δύο
1894 748 1909 772 ,
1943 708 2000 763 ἓν

408 792 700 847 κατέναντι
760 792 854 845 τοῦ
905 793 1056 857 ἐνὸς,
1083 795 1226 847 κατά
1268 794 1330 847 τὸ
1373 793 1553 862 λόγιον
1593 796 1728 868 (li),
1756 798 1838 861 είς
1877 797 2002 869 βοήο

412 883 568 935 θειαν
596 881 793 935 δέδωκε
817 883 912 935 καὶ
945 885 1257 954 συνεργίαν.

561 967 631 1041 Et
664 967 788 1041 τοῖς
821 968 1032 1041 καλοῖς
1063 971 1230 1041 ἕποιο
1263 973 1753 1041 νουθετούμενος,

415 1039 520 1092 186
561 1039 681 1092 Οὐκ
715 1038 1068 1108 ἐντραπήσῃ
1093 1040 1216 1106 τοῖς
1252 1043 1461 1108 κακοῖς
1498 1038 1854 1111 γελώμενος.

484 1125 635 1179 Πάνυ
668 1124 840 1187 καλὴν
877 1126 972 1178 καὶ
1011 1126 1445 1200 ὠφελιμωτάτην
1473 1129 1570 1183 καὶ
1590 1129 1794 1200 ταύτην
1825 1130 1854 1182 6
1887 1128 2002 1183 θεό-

416 1234 582 1287 σοφος
627 1219 927 1288 εἰσηγεῖται
971 1218 1323 1289 συμϐουλίαν,
1357 1221 1550 1292 Εἴπερ,
1574 1222 1781 1291 λέγων,
1812 1217 1857 1276 ὦ
1885 1221 2001 1292 βέλ-

414 1325 566 1362 τιστε
585 1349 600 1374 ,
631 1310 745 1371 τοῖς
790 1309 976 1372 καλοῖς
1017 1326 1075 1361 τε
1119 1309 1379 1377 κάγαθοῖς
1435 1310 1777 1375 διδασκάλοις
1822 1315 2004 1366 νουθε-

415 1396 570 1450 τοῦσι
601 1397 662 1450 τὸ
714 1392 807 1460 οὖς
861 1395 1114 1467 ὑποσχὼν
1152 1397 1609 1469 ἁκολουθήσειας,
1641 1398 1742 1451 οὑκ
1797 1398 1864 1452 ἂν
1908 1397 2002 1452 τοῦ

419 1489 790 1560 προσήκοντος
818 1489 1176 1557 ἀποσφαλεὶς,
1215 1489 1309 1542 καὶ
1355 1487 1449 1542 τοῦ
1471 1488 1632 1560 ὀρθοῦ
1664 1489 2003 1560 παραρρυεὶς

417 1579 600 1648 λόγου,
626 1578 732 1632 ὑπὸ
759 1577 870 1632 τῶν
917 1579 1112 1633 κακῶν
1154 1581 1296 1651 μετά
1333 1581 1507 1635 ταῦτα
1539 1579 1850 1651 γελώμενος
1887 1580 2005 1633 δια-

417 1667 821 1742 τραπείης.’Τί
856 1666 970 1734 οὖν,
1001 1671 1169 1741 φαίης
1197 1671 1263 1725 ἂν
1299 1672 1448 1736 ῖσως,
1478 1669 1524 1724 ὦ
1549 1671 1856 1733 διδάσκαλε,
1886 1670 2006 1725 δια-

420 1762 763 1834 πραξαίμην,
796 1762 872 1825 ὡς
919 1762 984 1815 ἂν
1020 1761 1095 1833 μὴ
1136 1763 1337 1834 ἐπέλθῃ
1367 1763 1453 1815 ἐπ’
1488 1762 1588 1832 ἐμὲ
1617 1761 1780 1832 μηδὲν
1817 1755 1892 1814 ὧν
1926 1761 2006 1814 εῖ-

423 1870 634 1924 ρηκας;
667 1853 834 1906 Ὅταν
888 1852 1005 1905 ποτ’
1032 1853 1258 1924 αίσχρὸν
1296 1854 1506 1923 ἐννοῇς,
1543 1851 1637 1904 καί
1679 1869 1730 1904 τι
1763 1851 1871 1904 τῶν
1901 1853 2006 1905 ἀπ-

421 1943 726 2015 ειρημένων
770 1943 850 2014 τῷ
890 1943 1043 2015 νόμῳ
1087 1943 1182 1996 τοῦ
1237 1941 1556 2012 πνεύματος
1606 1941 2006 2013 διαπράξασθαι

420 2028 633 2101 λογίζῃ,
671 2030 746 2101 μὴ
784 2031 971 2104 εἴπῃς
1022 2030 1138 2097 Νύξ
1191 2031 1346 2094 ἐστι,
1383 2030 1478 2083 καὶ
1517 2029 1602 2092 τίς
1643 2047 1709 2100 με
1749 2031 1851 2101 ὁρᾷ
1882 2048 1895 2096 ;
1922 2033 2008 2084 ἐπ’

423 2121 658 2193 ἐρημίας
689 2123 783 2175 καὶ
815 2123 1130 2194 καταμόνας
1163 2122 1276 2191 ἐγὼ
1296 2165 1311 2187 ,
1342 2123 1483 2176 καὶὸ
1512 2121 1751 2191 ἐλέγχων
1777 2123 1838 2174 οὐ
1870 2123 2008 2193 πάρ-

419 2228 534 2264 εστι
565 2211 676 2282 (12)
699 2227 710 2239 ·
730 2212 806 2282 μὴ
844 2211 987 2265 οὕτω
1018 2211 1343 2282 διανοηθεὶς,
1391 2210 1491 2281 τῆς
1525 2210 1727 2263 ἀτόπου
1755 2211 2009 2282 πράξεως

419 2301 824 2373 ἐπιτολμήσῃςο
855 2301 1084 2364 πολλοὺς
1112 2301 1169 2354 δέ
1223 2318 1305 2354 σοι
1334 2299 1716 2370 παρεστῶτας.
1752 2301 1862 2355 Καὶ
1899 2299 2008 2372 γὰρ

421 2394 756 2462 παρεστᾶσιν
791 2391 1011 2460 ἄγγελοί
1035 2410 1093 2445 τε
1133 2390 1338 2452 πάντες
1368 2390 1462 2443 καὶ
1480 2390 1643 2453 αὐτὸς
1667 2389 1694 2441 6
1727 2391 2007 2462 Δεσπότης

420 2482 529 2536 τῶν
558 2484 824 2551 ἀγγέλων·
857 2484 952 2537 καὶ
971 2483 1144 2547 οὕτως
1194 2484 1661 2554 ὑπολογισάμενος
1695 2481 1773 2552 τῷ
1811 2481 1886 2551 νῷ
1911 2500 2007 2554 με·

1430 407 1500 463 ΙΝ
1539 407 1848 465 CABMINA
1880 409 2158 468 ARCANA
2195 410 2252 470 S.
2295 411 2638 469 GREG'ORH.

3580 411 3691 470 830

2110 531 2294 585 manui
2334 547 2558 586 manum
2595 538 2651 586 et
2680 531 2800 602 pedi
2855 531 3043 602 pedem
3094 538 3149 588 et
3183 529 3402 587 oculum
3435 530 3601 587 ocqu
3634 542 3695 590 et

2101 618 2206 671 alia
2250 617 2506 674 similiter
2546 619 2656 674 duo
2700 625 2754 674 et
2788 619 2922 682 duo.
2956 635 3126 674 unum
3163 635 3232 675 ex
3287 618 3519 675 adverso
3550 619 3690 674 alto-

2101 706 2220 762 rius
2273 706 2580 762 secundum
2641 708 2976 778 scripturam
3015 708 3073 764 in
3115 707 3452 779 adiutorium
3498 715 3554 765 et
3593 722 3692 764 co-

2101 799 2477 870 eperationem
2517 798 2689 855 dedit.

2103 969 2206 1041 185
2239 969 2300 1041 Sj
2335 971 2497 1041 bonos
2533 971 2772 1041 sequaris
2804 971 3139 1037 admonitus,

2105 1038 2208 1092 186
2245 1040 2453 1094 Pudori
2491 1038 2729 1094 tibi’non
2761 1042 2858 1093 erit
2889 1059 2922 1095 a
2954 1042 3111 1095 malis
3144 1039 3384 1094 irrideri.

2173 1124 2345 1182 Valde
2373 1128 2573 1181 bonum
2607 1137 2661 1182 et
2692 1128 3047 1183 utilissimum
3077 1137 3131 1183 et
3165 1127 3310 1183 istud
3343 1127 3693 1183 commendat

2103 1217 2287 1273 divine
2331 1221 2551 1289 sapiens
2584 1220 2905 1285 consilium,
2959 1221 3218 1291 inquiens
3249 1239 3262 1275 :
3297 1219 3341 1275 Ο
3384 1221 3611 1290 optime,
3643 1218 3693 1276 si

2102 1307 2264 1366 bonis
2296 1318 2350 1364 et
2389 1312 2554 1366 rectis
2587 1313 2870 1382 magistris
2901 1311 3229 1366 docentibus
3273 1326 3461 1364 aurem
3503 1309 3694 1363 admo-

2104 1415 2238 1455 vens
2269 1401 2759 1471 obtemperaveris,
2797 1418 3078 1472 nunquam
3103 1402 3170 1456 ab
3194 1401 3369 1456 ollicio
3403 1401 3692 1456 declinans

2104 1497 2160 1544 et
2209 1506 2238 1544 a
2287 1501 2440 1546 recta
2483 1493 2568 1546 via
2604 1509 2821 1557 errans,
2865 1503 3131 1562 praeterea
3172 1509 3203 1546 a
3257 1494 3446 1549 multis
3493 1493 3693 1547 irrisus

2106 1581 2380 1639 deviabis.
2417 1585 2559 1651 Quid
2607 1601 2760 1656 ergo.
2803 1586 3057 1641 similiter
3106 1585 3278 1651 dices,
3323 1599 3356 1638 ο
3407 1585 3690 1653 magister,

2107 1673 2382 1729 faciamne
2428 1677 2560 1744 quid
2614 1679 2746 1732 mihi
2793 1679 3010 1734 accidat
3058 1678 3125 1732 de
3158 1677 3246 1731 his
3295 1691 3417 1746 qua:
3464 1673 3696 1729 dixisti?

2107 1766 2338 1832 Quando
2375 1768 2564 1824 forsan
2611 1779 2772 1839 turpe
2801 1770 2934 1840 quid
2987 1771 3198 1839 cogitas
3230 1777 3284 1822 et
3326 1768 3619 1821 vetitorum
3662 1781 3694 1820 a

2109 1859 2228 1929 lege
2274 1859 2504 1928 spiritus
2534 1860 2743 1930 aliquid
2778 1861 3123 1915 committere
3163 1857 3468 1919 meditaris,
3509 1871 3577 1911 ne
3612 1855 3698 1908 di-

2111 1962 2230 2014 cas,
2259 1948 2378 2005 Nox
2409 1957 2513 2010 est.
2548 1957 2603 2005 et
2633 1951 2759 2021 quis
2791 1967 2879 2006 me
2914 1951 3102 2005 videt?
3135 1948 3192 2003 lu
3224 1949 3443 2004 deserto
3475 1953 3530 2001 et
3575 1945 3697 2001 sine

2111 2039 2342 2094 arbitris
2389 2040 2556 2096 sedeo
2585 2049 2640 2096 et
2674 2043 3039 2112 exprobrator
3076 2041 3253 2095 abest.
3292 2039 3375 2094 Ne
3420 2038 3502 2092 sic
3532 2053 3698 2107 repu-

2109 2135 2234 2182 tans
2276 2128 2543 2198 insipiens
2583 2130 2854 2200 quoddam
2889 2131 3133 2197 audeas;
3182 2135 3312 2184 sunt
3357 2127 3502 2180 enim
3539 2124 3696 2178 multi

2111 2215 2460 2283 assistentcs,
2499 2218 2862 2273 circumstant
2892 2217 3073 2288 angeli
3109 2231 3303 2270 omnes
3338 2224 3392 2268 et
3432 2215 3545 2282 ipse
3579 2209 3698 2265 Rex

2112 2308 2452 2376 angelorum,
2497 2317 2551 2364 et
2582 2310 2662 2364 sic
2697 2325 2822 2364 cum
2857 2308 2959 2364 ﬁde
2994 2307 3288 2362 conferens
3326 2305 3378 2358 in
3423 2303 3604 2357 animo
3642 2307 3698 2354 et

2115 2397 2350 2468 leipsum
2372 2416 2401 2454 a
2427 2402 2722 2470 propositis
2746 2416 2987 2455 avocans
3006 2393 3513 2455 cohibebiszdeinde
3535 2391 3698 2462 quasi

2113 2487 2394 2544 beneﬁciis
2427 2490 2618 2546 fruens
2651 2494 2859 2561 gratias
2892 2507 3044 2561 ages.

422 2573 493 2626 τὰ
539 2573 804 2639 πίστεως,
856 2575 950 2629 καὶ
1002 2574 1226 2629 σεαυτὸν
1274 2575 1588 2645 ἐντραπείς,
1640 2571 1736 2626 τοῦ
1798 2575 2196 2646 ἐγχειρήματος
2246 2580 2600 2654 ἀνακοπήσῃ,
2644 2583 2739 2636 καὶ
2787 2580 2929 2652 μετά
2975 2579 3149 2634 ταῦτα
3194 2579 3270 2643 ὡς
3319 2571 3700 2647 εὐεργετηθεὶς

425 2671 864 2740 εὐχαριστήσεις.

426 2766 529 2821 189
579 2765 683 2820 Ἀεὶ
707 2766 960 2836 προτίμα
981 2764 1125 2832 τοὺς
1157 2765 1386 2834 καλοὺς
1420 2763 1540 2820 τῶν
1559 2765 1646 2834 μὴ
1678 2764 1901 2822 καλῶν.

507 2876 618 2931 Ἀεὶ
651 2877 678 2928 6
722 2876 836 2947 βίος
885 2876 1086 2941 καλοὺς
1134 2875 1250 2947 ἔχει
1302 2875 1398 2929 καὶ
1439 2875 1665 2938 κακοὺς,
1713 2873 1801 2926 ἀεὶ
1849 2891 2015 2928 σπου-

423 2969 601 3032 δαίους
631 2969 726 3022 καὶ
758 2969 1191 3040 καταφρονητάς,
1211 2967 1436 3030 πιστοὺς
1461 2965 1580 3036 Θεῷ
1601 2965 1696 3020 καὶ
1727 2965 2012 3034 ἀπίστους,

424 3061 668 3124 δικαίους
705 3063 802 3115 καλ⁵
834 3061 1072 3126 ἀδίκους,
1101 3060 1391 3131 ἀληθινούς
1435 3076 1494 3111 τε
1537 3059 1630 3112 καὶ
1670 3057 1904 3127 ψευδεῖς.
1940 3059 2012 3111 Σὺ

427 3148 522 3205 οὖν
537 3151 679 3204 κατά
699 3152 797 3220 τὴν
819 3151 1013 3218 γενεάν
1044 3167 1137 3203 σου
1162 3151 1287 3212 τοὺς
1317 3149 1608 3211 ἐκλεκτοὺς
1636 3147 1880 3218 προτίμα
1907 3147 2015 3199 τῶν

435 3241 728 3312 στρεϐλῶν,
754 3241 881 3304 τοὺς
921 3240 1166 3304 εὐσεϐεῖς
1209 3240 1317 3294 τῶν
1342 3240 1555 3294 ἀσεϐῶν
1595 3240 1691 3294 καὶ
1727 3238 1855 3301 τούς
1882 3237 2015 3309 ἀλη-

434 3333 613 3398 θινοὺς
642 3332 749 3386 τῶν
783 3331 1094 3405 ὑποκριτῶν
1112 3349 1127 3364 °
1151 3334 1341 3395 κακοῖς
1369 3332 1424 3384 δὲ
1457 3332 1661 3402 ὁμιλῶν
1689 3331 1782 3385 καὶ
1808 3348 2020 3402 συμπο-

432 3427 754 3498 σιαζόμενος
788 3425 882 3480 καὶ
915 3424 1504 3496 συναναστρεφόμενος,
1537 3424 1614 3488 ὡς
1644 3425 1672 3476 6
1714 3423 2019 3493 ἁπτόμενος

432 3517 635 3587 πίσσης
677 3515 1104 3585 μολυνθήσεται,
1154 3515 1246 3567 καὶ
1292 3516 1320 3567 6
1358 3512 1632 3567 κοινωνῶν
1687 3511 2021 3583 ὑπερηφάνῳ

431 3608 829 3678 ὁμοιωθήσεται
863 3605 1034 3676 αὐτῷ,
1077 3605 1222 3659 κατὰ
1252 3605 1351 3676 τὴν
1389 3605 1428 3656 Γ
1434 3604 1634 3676 ραςρὴν,
1668 3603 1811 3657 οὕτω
1834 3603 1928 3656 καὶ
1957 3604 2020 3656 σύ

432 3701 545 3762 τοῖς
569 3700 757 3761 κακοῖς
787 3696 1150 3768 κολλώμενος.
1176 3697 1344 3760 κακὸς
1367 3695 1485 3769 ἔσῃ.
1506 3693 1647 3747 Ἀλλ’
1669 3695 1818 3764 ἐρεῖς
1837 3695 2018 3764 τυχόν·

434 3785 740 3857 Εὐεργέτης
786 3781 939 3850 οὗτός
991 3788 1138 3839 ἐστιν
1171 3786 1323 3855 ἐμὸς,
1363 3786 1459 3838 καὶ
1509 3780 1569 3838 εὖ
1607 3801 1699 3855 μοι
1754 3785 2023 3853 πεποίηκε

435 3875 717 3938 πολλάκις,
757 3875 851 3928 καὶ
880 3875 997 3938 πῶς
1045 3874 1236 3928 τούτου
1272 3874 1371 3945 τὴν
1401 3873 1687 3928 κοινωνίαν
1737 3873 2024 3926 ἀποσείσο-

439 3983 570 4038 μαι;
611 3967 807 4020 ’Λκουε
831 3967 887 4019 δὲ
921 3966 1064 4019 θείου
1095 3966 1254 4034 λόγου
1284 3965 1544 4037 βροντῆς.

437 4058 636 4112 Κακοῦ
668 4058 802 4127 παρ’
833 4057 1054 4125 ἀνδρὸς
1080 4057 1315 4126 μήποτε
1355 4057 1629 4125 χρηστόν
1655 4058 1877 4126 πάθῃς.

506 4148 642 4219 Παρ⁹
659 4147 848 4217 ἀνδρὸς
875 4147 954 4207 εἰς
981 4146 1113 4200 Θεὸν
1143 4147 1606 4217 ἐμπαροινοῦντος
1633 4147 1802 4218 μηδὲν
1824 4145 2025 4214 ἀγαθὸν

438 4238 781 4310 ἐπιθυμήσῃς
807 4236 1022 4302 παθεῖν,
1048 4237 1177 4308 παρ’
1202 4236 1492 4308 ἀνθρώπου
1517 4237 1848 4308 ψευδομένου
1871 4236 2022 4302 Θεὸν,

441 4331 530 4385 καὶ
555 4331 841 4402 ὑποκρίσει
878 4329 1035 4400 μόνῃ,
1071 4328 1164 4381 καὶ
1202 4328 1302 4381 οὐκ
1331 4328 1559 4400 ἀληθείᾳ
1594 4329 1914 4405 σεϐομένου,
1951 4328 2026 4399 μὴ

441 4421 774 4493 ἐπιποθήσῃς
817 4421 1058 4491 δωρεᾶςο
1085 4417 1181 4472 τοὺ
1215 4417 1435 4490 γλώσσῃ
1473 4420 1611 4492 μόνῃ
1651 4422 1748 4475 καὶ
1790 4421 2026 4491 χείλεσιν

443 4513 788 4583 εὐλογοῦντος
821 4513 911 4567 τὸν
937 4511 1068 4564 Θεὸν
1099 4509 1174 4581 μὴ
1207 4510 1449 4584 ζητήσῃς
1472 4511 1741 4580 εὐλογίας.
1774 4512 1884 4566 Καὶ
1913 4510 2020 4582 γὰρ

445 4608 502 4660 οὐ
550 4604 960 4677 λυσιτελήσουσί
1013 4621 1131 4660 σοι·
1185 4605 1268 4658 ὅτι
1301 4604 1456 4676 ζητεῖ
1500 4603 1828 4676 συγγνώμην
1881 4601 2028 4672 αὐτῷ

445 4696 681 4779 δίδοσθαι
733 4696 818 4766 ἐφ’
850 4691 932 4761 οἷς
984 4699 1292 4769 παρανομεῖ
1321 4712 1335 4727 ⁶
1378 4695 1721 4750 ἐπαινεῖσθαι
1768 4695 1922 4764 ζητεῖ
1972 4694 2031 4747 ἐν

447 4793 563 4855 ταῖς
603 4788 922 4861 ἐπιθυμίαις
951 4789 1052 4858 τῆς
1092 4789 1271 4860 ψυχῆς
1305 4787 1510 4853 αὐτοῦ,
1552 4787 1744 4840 ἐαυτόν
1787 4802 1848 4838 τε
1899 4801 2034 4857 προ-

451 4881 762 4954 ηγουμένως
797 4882 890 4935 καλ⁸
925 4880 1143 4943 πλείους
1176 4881 1367 4944 ἄλλους
1397 4877 2034 4947 ἀδικῶν,ἐνευλογεῖσθαι

450 4975 544 5028 καὶ
573 4972 984 5044 συνηγορεῖσθαι
1009 4975 1122 5036 τοῖς
1154 4973 1252 5044 τῆς
1269 4973 1484 5036 ἀδικίας
1512 4971 1675 5025 αὐτοῦ
1705 4971 1887 5042 ἔργοις
1907 4971 2033 5033 τοὺς

450 5063 598 5135 αὑτῷ
628 5065 954 5135 προσιόντας
981 5063 1077 5116 καὶ
1110 5064 1200 5116 ὑπ’
1233 5061 1401 5116 αὑτοῦ
1434 5061 1594 5132 δῆθεν
1635 5059 2032 5133 εὐεργετουμέο

450 5170 574 5216 νους
620 5152 714 5206 καὶ
761 5150 1135 5222 ξενιζομένους
1166 5149 1238 5204 τά
1291 5149 1484 5223 ῥέοντα
1525 5149 1620 5202 καὶ
1663 5149 2032 5218 ἀπολλύμενα,

451 5243 526 5308 ὡς
573 5245 946 5314 ἀπαραίτητον
983 5242 1284 5314 πράττεται
1315 5241 1413 5294 καὶ¹
1443 5239 1746 5308 ἀναγκαίαν
1773 5239 1998 5308 όφειλήν
2018 5254 2032 5268 ·

454 5335 784 5405 συγγνώμην
823 5335 964 5386 αἰτεῖ
990 5332 1207 5388 πολλῶν
1237 5332 1332 5386 καὶ
1368 5329 1783 5403 βαρυταλάντων
1811 5328 1989 5399 χρεῶν
2017 5341 2033 5358 ⁸

454 5423 854 5477 εὐτελεστάτων
891 5423 1090 5478 δόσεων
1117 5424 1212 5478 καὶ
1243 5422 1543 5494 ἐλαχίστων
1571 5421 1666 5475 καὶ
1693 5417 1906 5491 μικρῶν
1936 5419 2035 5490 τὴν

455 5513 682 5585 ἄπειρον
710 5514 802 5568 τοῦ
835 5513 973 5568 Θεοῦ
1017 5515 1366 5586 χρηστότητα
1390 5514 1487 5568 καὶ
1521 5513 1621 5584 τὴν
1651 5508 2037 5578 ἀκατάληπτον

455 5607 796 5679 δικαιοσύνην
819 5608 1182 5678 ἐκπειράζων,
1200 5608 1297 5661 καὶ
1323 5609 1435 5670 τοῖς
1471 5605 1720 5676 ματαίοις
1753 5603 1780 5654 6
1809 5601 2036 5672 μάταιος

531 5715 643 5783 (lli
683 5715 880 5771 Nescio
944 5733 1014 5771 an
1067 5717 1336 5786 intelligat
1391 5717 1527 5772 illud
1574 5713 1883 5786 Epicharmi
1945 5713 2032 5786 _(v.

462 5782 906 5864 i’laton_Aa:ioch.
929 5803 1014 5864 ηρ.
1047 5787 1196 5851 566),
1243 5782 1280 5840 ἆ
1327 5787 1385 5864 δὲ
1423 5782 1683 5864 χεὶρ-τάν
1715 5783 2038 5864 χεῖραινίςει

466 5858 532 5925 (ε.
564 5856 756 5929 κνίζει)
795 5863 888 5913 aut
929 5855 1074 5913 illam
1118 5855 1464 5923 sententiam,
1493 5855 1614 5926 χεὶρ
1652 5855 1810 5926 χεῖρα
1856 5855 2033 5907 νίπτει

2122 2747 2225 2822 189
2263 2766 2437 2822 Bonos
2473 2781 2676 2836 semPer
2703 2781 2948 2836 pra’pone
2976 2780 3080 2818 non
3114 2762 3284 2816 bonis.

2194 2874 2422 2947 Semper
2467 2877 2632 2931 habet
2668 2877 2775 2930 vita
2813 2875 2991 2930 bonos
3019 2879 3075 2928 et
3115 2870 3316 2933 malos,
3365 2878 3584 2936 semper
3620 2862 3706 2918 di-

2120 2968 2354 3038 ligentes
2387 2975 2443 3022 et
2474 2974 2909 3037 contemptores,
2952 2964 3063 3021 Deo
3112 2962 3304 3017 ﬁdeles
3337 2967 3393 3014 et
3432 2955 3704 3017 inﬁdeles.

2116 3061 2302 3131 justos
2331 3069 2386 3116 et
2431 3060 2694 3130 injustos,
2729 3074 2957 3115 veraces
2985 3065 3039 3113 et
3085 3053 3404 3110 mendaces.
3446 3047 3528 3103 Tu
3573 3062 3707 3117 ergo

2124 3153 2426 3207 secundum
2465 3152 2838 3207 conditionem
2870 3157 3020 3204 tuam
3052 3162 3164 3218 prae
3188 3143 3465 3216 perversis
3496 3142 3705 3195 honora

2120 3245 2350 3308 electos,
2382 3245 2502 3314 pios
2547 3260 2656 3314 prae
2687 3243 2873 3312 impiis
2905 3249 2960 3296 et
2991 3238 3267 3295 veridicos
3299 3249 3409 3305 prae
3443 3229 3706 3303 hypocri-

2119 3335 2225 3398 tis;
2267 3335 2412 3388 inter
2440 3334 2616 3388 malos
2645 3332 2988 3386 consortium
3019 3337 3074 3383 et
3108 3324 3424 3382 convivium
3452 3331 3508 3376 et
3548 3317 3708 3373 fami-

2123 3426 2417 3479 liaritatem
2453 3424 2685 3487 habens,
2717 3423 2862 3477 sicut
2906 3430 3138 3490 tangens
3171 3417 3350 3488 picem
3391 3409 3710 3482 inquinabi-

2124 3525 2234 3583 tur,
2283 3524 2340 3572 et
2393 3515 2812 3571 communicans
2862 3511 3104 3582 superbo
3154 3506 3356 3566 similis
3404 3502 3509 3575 ipsi
3555 3501 3710 3570 juxta

2127 3606 2468 3676 Scripturam
2531 3605 2652 3668 ﬁet,
2700 3610 2754 3658 et
2803 3611 2860 3657 tu
2909 3601 3069 3655 malis
3109 3597 3484 3670 agglutinatus
3529 3590 3714 3645 malus

2124 3701 2257 3756 eris.
2296 3698 2402 3754 Sed
2441 3699 2586 3753 forte
2616 3698 2807 3752 dices:
2859 3691 3186 3748 Bencfactor
3230 3689 3334 3743 iste
3364 3699 3518 3740 meus
3547 3688 3632 3736 est
3653 3687 3714 3734 et

2125 3807 2271 3862 saepe
2291 3792 2432 3846 bene
2461 3789 2592 3843 mihi
2627 3788 2754 3842 fecit
2785 3792 2838 3840 et
2875 3780 3150 3854 quomodo
3180 3777 3360 3848 ipsius
3387 3773 3707 3830 societatem

2125 3861 2415 3952 rejiciam?
2442 3879 2580 3932 Audi
2610 3876 2783 3931 divini
2815 3875 2966 3930 verbi
3009 3871 3218 3926 tonitru
3247 3886 3261 3922 :
3301 3887 3320 3920 ι
3352 3864 3494 3920 Malo
3533 3878 3562 3916 a
3589 3861 3710 3916 viro

2127 3989 2197 4028 ne
2245 3986 2486 4042 unquam
2525 3967 2853 4024 beneﬁcium
2895 3962 3160 4033 accipias.
3202 3958 3293 4012 »Α
3322 3957 3443 4010 viro
3463 3953 3557 4042 qui
3599 3966 3710 4022 pra:

2126 4033 2388 4118 ebrietate
2419 4063 2473 4116 in
2508 4060 2674 4114 Deum
2709 4057 2948 4126 assurgit
2971 4069 3040 4109 ne
3068 4048 3398 4108 beneﬁcium
3428 4033 3710 4100 desideres

2128 4155 2395 4224 accipere,
2437 4153 2506 4205 ab
2552 4149 2777 4203 homine
2823 4148 2879 4200 in
2923 4145 3092 4198 Deum
3141 4137 3430 4194 mentienti
3481 4142 3538 4190 et
3591 4132 3713 4187 sola-

2131 4244 2403 4315 bypocrisi
2449 4257 2559 4295 non
2604 4239 2832 4294 veritate
2876 4234 3046 4289 Deum
3087 4229 3357 4286 reverenti
3408 4241 3477 4280 ne
3512 4223 3718 4292 cupias

2129 4340 2354 4401 donum,
2384 4335 2453 4389 ab
2482 4333 2576 4388 illo
2609 4331 2704 4400 qui
2727 4329 2912 4399 lingua
2939 4334 3150 4380 tantum
3173 4330 3226 4377 et
3246 4319 3404 4374 labiis
3432 4315 3710 4371 benedicit

2131 4428 2320 4492 Deum,
2350 4442 2418 4480 ne
2446 4437 2663 4495 quaeras
2682 4418 3118 4482 benedictiones;
3143 4430 3250 4468 non
3282 4411 3428 4467 enim
3458 4405 3710 4478 expediet

2129 4521 2224 4575 tibi
2259 4519 2387 4589 quia
2418 4517 2636 4573 veniam
2669 4512 2867 4584 quaerit
2905 4509 3024 4564 dari
3056 4514 3282 4577 prepter
3325 4503 3419 4557 illa
3453 4515 3548 4570 per
3587 4511 3720 4568 qum

2122 4621 2337 4682 peccat.
2381 4607 2621 4664 Laudari
2663 4603 2862 4678 quaerit
2901 4603 2955 4656 in
3000 4596 3294 4656 desideriis
3333 4595 3528 4649 anima:
3572 4604 3709 4653 suae,

2127 4679 2231 4759 sibi
2269 4704 2503 4773 primum
2537 4708 2590 4756 et
2627 4698 2817 4756 multis
2850 4694 2972 4748 aliis
3003 4690 3211 4758 injuste
3256 4699 3480 4747 nocens,
3523 4695 3590 4736 ex
3626 4679 3712 4773 in-

2124 4768 2354 4864 justiiia:
2386 4807 2500 4846 sua:
2532 4787 2794 4859 operibus
2822 4785 2926 4840 sibi
2955 4781 3124 4851 exigit
3147 4775 3580 4864 benedictionem
3609 4768 3714 4864 tri-

2131 4858 2228 4941 bui
2275 4895 2330 4938 et
2373 4858 2773 4952 protectionem
2819 4891 2849 4929 a
2895 4867 3367 4929 circumdantibus
3409 4872 3482 4952 et
3521 4860 3588 4914 ab
3622 4858 3719 4952 his

2131 4975 2336 5046 quibus
2367 4944 2548 5041 palam
2581 4965 2848 5022 beneﬁcia
2879 4959 3115 5018 contulit
3145 4966 3199 5012 et
3228 4949 3574 5046 hospitaliter
3599 4944 3725 5016 egit.

2132 5042 2200 5120 de
2223 5062 2386 5117 ﬂuxis
2408 5068 2462 5115 et
2490 5057 2850 5130 pereuntibus
2876 5050 3132 5122 negotiis,
3163 5053 3218 5102 et
3245 5042 3418 5114 exigit
3448 5049 3712 5130 tanquam

2131 5154 2376 5211 debitum
2417 5127 2794 5204 necessarium
2825 5151 2880 5198 et
2909 5142 3062 5196 nullo
3104 5137 3267 5192 modo
3299 5127 3711 5188 dimittendum.

2133 5246 2360 5302 Veniam
2396 5243 2530 5314 petit
2560 5240 2858 5293 multorum
2893 5244 2946 5290 et
2984 5231 3230 5304 gravium
3263 5227 3593 5286 debitorum,
3618 5219 3714 5314 fit

2141 5339 2369 5396 lissimis
2399 5335 2562 5392 donis
2594 5340 2651 5387 et
2685 5328 2929 5384 minimis
2957 5335 3012 5381 et
3050 5323 3235 5395 parvis
3269 5321 3590 5373 immensam
3618 5309 3717 5364 Dei

2140 5431 2442 5487 bonitatem
2494 5433 2549 5482 et
2603 5416 3210 5491 incomprehensibilem
3254 5410 3529 5480 justitiam
3592 5409 3716 5491 ten-

2143 5533 2286 5587 tans,
2325 5527 2380 5575 et
2405 5519 2562 5573 vanis
2589 5529 2764 5571 vanus
2797 5511 3061 5567 emlorum
3095 5517 3323 5576 regnum
3362 5510 3542 5587 emere
3568 5489 3711 5587 ιιι-υἰέ

2142 5584 2318 5680 trans,
2354 5617 2411 5666 et
2434 5607 2570 5665 nihil
2600 5605 2816 5661 illorum
2845 5614 2968 5672 qua:
3001 5597 3356 5666 requiruntur
3382 5586 3639 5644 oﬂerens,
3659 5584 3719 5638 et

2143 5722 2402 5785 δάκτυλός
2438 5737 2498 5774 τε
2529 5713 2806 5779 δάκτυλον,
2837 5707 3117 5767 Menandri
3149 5703 3300 5760 Sent.
3348 5697 3478 5769 sing.
3514 5689 3643 5748 56.3.

2218 5795 2328 5868 (ἰδὲ)
2359 5793 2495 5850 Cod.
2527 5785 2813 5858 παρέσται.
