4082 6394
445 352 542 408 831

443 471 602 528 nullo
651 471 814 530 modo
843 470 1006 543 digna
1040 489 1205 545 opera
1258 491 1442 532 coram
1480 480 1590 536 Deo
1631 480 2032 551 jactat,tamen

443 570 503 616 et
541 564 627 618 his
657 564 986 619 benevolum
1015 581 1163 632 eum,
1197 569 1290 638 qui
1316 569 1406 625 dat
1428 573 1635 636 omnia.
1669 574 1871 628 lucrari
1903 591 2038 630 con-

447 653 703 719 tendens,
751 653 922 709 Deum
970 671 1078 712 non
1130 658 1391 722 oblectat.
1441 661 1536 716 sed
1590 679 1624 720 e
1679 675 1871 719 contra
1911 665 2036 721 aliis

447 754 734 814 peccatum
767 761 929 802 suum
961 762 1256 805 commune
1292 750 1492 808 reddit.

452 1027 555 1084 195
588 1028 701 1099 Ego
734 1029 870 1082 lucri
900 1030 1106 1100 aliquid
1147 1030 1218 1084 ab
1250 1031 1558 1084 adversario
1587 1033 1802 1100 colligo.

521 1117 620 1170 Est
649 1125 704 1172 et
737 1119 881 1188 apud
917 1119 1101 1173 hostes
1131 1119 1328 1188 gratia,
1368 1121 1442 1172 ait
1475 1121 1848 1189 proverbium.
1899 1119 2038 1176 Huic

449 1207 725 1278 theologia
759 1208 938 1263 simile
983 1209 1156 1263 dicit:
1194 1209 1306 1280 Ego
1336 1218 1388 1264 et
1431 1211 1500 1265 ab
1544 1211 1704 1266 hoste
1745 1211 2034 1265 utilitatem

451 1297 692 1367 percipio
711 1305 766 1352 et
793 1297 1013 1352 lucrum
1038 1298 1198 1354 vobis
1221 1299 1594 1354 communico.
1624 1300 1763 1366 Quid
1788 1301 2039 1355 lucrum?

448 1385 888 1456 Rcdargutiones
917 1403 1110 1444 eorum
1147 1392 1239 1459 qui
1292 1407 1379 1446 me
1423 1391 1660 1447 oderunt
1702 1404 1756 1448 et
1787 1394 2035 1449 convicia

446 1477 755 1534 observans
790 1486 844 1533 et
875 1481 1118 1549 ipsorum
1148 1481 1564 1552 objurgationcs
1595 1481 1774 1538 vitans
1805 1483 1921 1553 ipse
1945 1498 2036 1536 ac~

445 1569 696 1625 curatius
728 1571 895 1623 vitam
933 1569 1170 1641 dispono
1219 1587 1395 1627 meam
1444 1580 1498 1629 et
1532 1574 1689 1630 vobis
1726 1575 1860 1629 illud
1906 1589 2035 1630 sua-

445 1660 549 1715 deo
591 1679 606 1716 :
648 1659 719 1714 Ut
769 1662 1024 1717 securius
1056 1661 1279 1727 vivatis,
1329 1672 1384 1718 et
1423 1679 1491 1720 ne
1531 1665 1904 1720 contemnatis
1949 1664 2034 1719 vel

445 1752 787 1807 levissimam
819 1767 850 1806 a
878 1754 1021 1808 bono
1049 1754 1496 1821 declinationem,
1527 1772 1637 1810 non
1669 1764 1880 1811 tantum
1907 1771 2034 1826 pro-

448 1852 570 1912 pter
594 1842 939 1909 mandatum,
979 1842 1074 1899 sed
1099 1853 1151 1900 et
1180 1855 1405 1916 propter
1435 1845 1829 1901 maledicorum
1862 1846 2031 1900 auda-

445 1936 611 1998 ciam,
644 1935 953 1990 cavendum
984 1936 1145 1991 nobis
1173 1946 1260 1992 est
1290 1937 1441 1991 omni
1475 1935 1782 2008 diligentia.
1828 1937 2029 1992 Reme-

444 2025 596 2080 dium
629 2033 715 2080 est
757 2026 962 2096 injuria
995 2027 1264 2096 hostium,
1306 2029 1611 2084 remedium
1642 2029 1873 2084 allectus
1901 2043 2032 2099 pra-

444 2131 542 2172 vos
568 2118 758 2174 cordis
792 2118 1103 2190 detergens,
1138 2135 1386 2174 amarum
1419 2122 1642 2192 quidem
1666 2121 1807 2177 sicut
1836 2131 1889 2176 et
1910 2136 2034 2175 cor—

445 2225 640 2279 porum
684 2209 971 2280 purgativa
1011 2227 1026 2265 :
1077 2209 1265 2282 itaque
1315 2212 1449 2268 illud
1482 2217 1688 2269 veritus
1734 2213 2032 2284 prohibeor

445 2318 514 2358 ne
561 2305 616 2357 in
682 2303 869 2358 multis
919 2304 1259 2374 delinquam,
1319 2315 1375 2361 et
1441 2307 1640 2362 iterum
1693 2306 2028 2376 voluptatem

445 2402 705 2464 tauquam
779 2410 1006 2452 causam
1064 2403 1120 2450 et
1178 2396 1554 2454 adduetricem
1625 2397 2030 2468 objurgationis

443 2498 646 2540 amara:
677 2487 949 2558 redarguo
982 2495 1037 2544 et
1071 2489 1285 2560 rejicio.

489 2685 568 2722 αι.

489 2685 568 2722 αι.

445 2685 550 2814 r97
587 2759 764 2813 Bonos
796 2777 1102 2826 remunera,
1141 2763 1310 2818 malos
1341 2765 1568 2832 despice.

491 2849 682 2904 Simile
699 2857 832 2920 puto
849 2851 1229 2908 tetrastichum
1246 2852 1392 2908 istud
1415 2854 1725 2936 apostolico
1745 2857 2023 2912 mandato:

444 2935 506 2991 Si
521 2935 642 3005 ﬁeri
653 2945 846 3005 potest,
868 2936 1009 3006 quod
1025 2952 1092 2993 ea:
1108 2937 1252 2992 vobis
1267 2947 1368 3006 est,
1390 2956 1510 2994 cum
1534 2935 1775 2994 omnibus
1801 2939 2030 2993 homini-

443 3029 540 3081 bus
558 3043 742 3096 pacem
761 3029 1008 3083 habentes
1032 3027 1221 3100 (Rom.
1254 3046 1352 3095 xtl,
1385 3032 1474 3102 18)
1503 3048 1516 3084 ;
1540 3045 1668 3085 cum
1695 3029 1856 3085 bonis
1875 3043 2030 3100 ergo,

442 3120 747 3178 mansuetis
773 3130 828 3178 et
845 3122 1128 3181 benevolis
1152 3139 1281 3195 erga
1304 3138 1405 3180 nos
1427 3123 1821 3179 convenienter
1853 3122 2028 3177 vicem

442 3213 649 3268 referre
679 3213 894 3284 justum
924 3221 1031 3281 est,
1076 3214 1194 3270 sive
1222 3231 1320 3285 per
1351 3215 1540 3279 verba,
1583 3213 1700 3270 sive
1735 3229 1832 3285 per
1861 3213 2028 3277 dona,

442 3304 558 3359 sive
577 3319 674 3372 per
693 3313 896 3359 rectam
919 3306 1342 3373 conscientiam,
1366 3306 1528 3361 aliter
1545 3306 1768 3377 dignam
1801 3304 2032 3360 reddere

442 3395 676 3463 gratiam
697 3403 950 3464 oportet;
979 3397 1153 3451 malos
1184 3411 1320 3451 vero
1350 3407 1405 3452 et
1443 3413 1702 3468 perverse
1733 3405 1958 3469 agentes
1976 3403 2032 3451 et

441 3487 852 3544 calumniantes
893 3503 998 3544 nos
1043 3488 1349 3560 despicere,
1392 3491 1548 3544 nihili
1598 3489 1802 3554 facere,
1849 3489 1902 3544 id
1945 3496 2032 3544 est

445 3579 724 3649 negligere
761 3585 1011 3649 oportet;
1047 3579 1144 3634 sed
1177 3581 1342 3636 etiam
1382 3580 1518 3651 ipsis
1549 3581 1780 3649 gratiam
1817 3579 2030 3636 tribue-

442 3686 524 3735 re,
549 3684 616 3726 eo
645 3670 792 3739 quod
834 3670 970 3724 nihil
1002 3671 1134 3725 mali
1165 3672 1234 3727 ab
1260 3672 1396 3741 ipsis
1419 3673 1714 3742 patiamur,
1739 3671 1868 3728 licet
1896 3671 2033 3727 ιδίΠί-

441 3777 571 3833 gere
603 3762 850 3818 meditati
898 3763 1046 3829 sint;
1080 3765 1285 3820 ideirco
1335 3765 1624 3836 paciﬁcum
1657 3774 1710 3820 et
1754 3765 2029 3836 placidum

441 3869 568 3909 esse
601 3869 726 3907 cum
757 3854 894 3924 ipsis
925 3863 1175 3925 oportet;
1210 3855 1338 3911 inde
1367 3862 1631 3926 sequetur
1669 3855 2031 3912 diuturnitate

444 3944 710 4015 temporis
747 3952 803 4000 et
855 3946 1270 4016 longanimitate
1316 3947 1460 4018 quod
1508 3962 1605 4002 eos
1650 3947 1886 4003 suadeas
1934 3947 2029 4018 qui

443 4035 575 4090 boni
611 4035 744 4089 liant
781 4043 874 4091 tua
909 4036 1184 4106 probitate
1207 4038 1367 4106 victi;
1401 4037 1608 4094 nemini
1644 4038 1792 4092 enim
1825 4036 2028 4092 malum

444 4139 547 4195 pro
592 4126 736 4181 malo
790 4127 1048 4192 reddens,
1099 4128 1397 4184 bonitatem
1445 4136 1501 4184 et
1549 4128 2029 4184 mansuetudinem

443 4222 709 4286 tanquam
749 4220 1015 4288 optimmn
1051 4221 1160 4275 illis
1187 4221 1510 4291 impertiens
1533 4219 1762 4284 donum,
1793 4221 1875 4276 sic
1897 4237 2031 4292 pau-

445 4305 615 4361 lulum
639 4308 973 4378 meliorabis,
991 4317 1046 4366 et
1061 4311 1236 4369 malos
1253 4320 1307 4368 et
1326 4312 1592 4369 molestos
1629 4312 1805 4368 bonos
1845 4313 1941 4367 tibi
1972 4319 2028 4367 et

445 4398 650 4466 probos
679 4397 952 4467 perﬁcies.

443 4571 544 4628 201
587 4571 859 4643 Bcnignus
893 4582 1006 4630 esto
1037 4577 1304 4643 omnibus,
1333 4578 1381 4631 si
1407 4587 1575 4647 potes.

518 4683 575 4738 Si
597 4691 752 4739 tanta
777 4686 873 4742 tibi
895 4689 1072 4760 gratia
1107 4690 1176 4745 ab
1197 4689 1482 4746 Altissimo
1504 4690 1709 4746 tributa
1742 4700 1901 4750 estet
1922 4694 2028 4766 vis,

443 4777 538 4847 qui
577 4776 745 4833 Deum
780 4779 1015 4836 imiteris
1051 4797 1211 4852 quem
1235 4783 1493 4839 omnibus
1521 4785 1860 4840 celebramus
1885 4788 2033 4858 opti-

446 4883 617 4933 mum,
642 4876 696 4925 et
720 4868 837 4940 ipse
855 4869 953 4926 lias
971 4872 1228 4928 omnibus
1250 4873 1428 4930 bonus
1452 4886 1506 4932 et
1524 4875 1707 4931 utilis:
1731 4881 1862 4948 quid
1879 4881 2026 4935 enim

443 4975 579 5015 sane
604 4961 909 5018 imitatione
937 4961 1032 5018 Dei
1050 4961 1286 5020 melius?
1313 4965 1418 5021 Sed
1442 4967 1606 5023 homo
1625 4984 1749 5024 cum
1786 4970 2033 5042 sis,quo-

448 5049 611 5104 modo
641 5052 846 5121 poteris
879 5054 1110 5109 bonitati
1141 5055 1243 5126 ipsi
1276 5057 1471 5114 similis
1490 5059 1606 5115 lieri
1635 5069 1689 5115 et
1715 5061 1783 5116 ad
1810 5076 2028 5118 omnem

447 5142 655 5209 pariter
685 5159 909 5199 carnem
941 5147 1380 5204 misericordiam
1411 5154 1706 5207 extendere
1734 5162 1790 5208 et
1812 5153 2030 5208 bonita-

448 5233 598 5287 tem?
628 5235 877 5306 Simplici
904 5238 1069 5295 corde
1098 5240 1532 5298 misericordiam
1567 5254 1621 5302 et
1650 5260 1897 5299 amorem
1929 5245 2030 5298 ha-

446 5325 576 5380 bere
603 5332 658 5381 et
687 5326 755 5383 de
785 5329 961 5384 salute
981 5332 1225 5387 omnium
1247 5335 1529 5392 hominum
1557 5336 1799 5392 studium
1824 5337 2029 5392 sentire

443 5432 543 5488 per
576 5417 785 5474 Christi
829 5419 1176 5481 dilectionem
1225 5443 1353 5498 erga
1413 5444 1515 5484 nos
1567 5443 1898 5502 possumus;
1931 5427 2026 5483 sed

445 5510 772 5568 benefacere
802 5516 1058 5572 omnibus
1093 5518 1410 5574 hominibus
1441 5519 1650 5575 homini
1685 5519 2031 5590 impossibile

445 5603 674 5659 omnino
700 5612 819 5670 est;
857 5605 980 5662 ideo
1009 5608 1156 5665 dicet
1191 5611 1451 5666 omnibus
1478 5610 1594 5666 ﬁeri
1643 5611 1809 5668 utiles
1843 5611 2030 5666 animo

447 5693 649 5748 volenti
695 5697 948 5754 homines
980 5699 1310 5770 diligentes;
1339 5711 1390 5755 et
1427 5703 1731 5772 prmsertim
1765 5702 2030 5773 proximis

450 5783 876 5854 nostris,‘corde
908 5790 1054 5847 bono
1080 5799 1136 5850 ct
1165 5794 1514 5852 sermonibus
1548 5802 1602 5852 et
1643 5794 1900 5865 operibus
1935 5793 2023 5850 be-

1800 363 2095 420 NICETAS
2130 363 2337 420 DAVID

3607 367 3710 424 852

2142 485 2241 556 τὴν
2271 485 2378 538 τῶν
2405 485 2650 555 οὐρανῶν
2677 484 2951 556 βασιλείαν
2993 471 3417 556 ἐξαγοράζεσθαι
3451 485 3718 555 οἰόμενος,

2142 577 2237 630 καὶ
2265 576 2430 646 μηδὲν
2457 569 2533 630 ὧν
2557 578 2762 640 ἐκεῖνος
2790 577 2944 647 ζητεῖ
2981 577 3374 648 παρεχόμενος,
3401 577 3495 630 καὶ
3533 577 3600 628 τὰ
3625 577 3718 631 οὐ.

2133 667 2287 730 δενὸς
2329 667 2454 732 ἀξια
2491 668 2620 738 παρ’
2647 667 2794 738 αὐτῷ
2838 666 3338 738 πλειστηριάζεται,
3371 667 3465 720 καὶ
3505 666 3718 731 τούτοις

2136 759 2228 810 τὸν
2251 759 2460 812 διδόντα
2481 759 2549 812 τά
2572 760 2748 814 πάντα
2779 759 3443 828 καταπραγματευὸμενος
3466 758 3598 810 Θεὸν
3616 758 3718 812 οὐκ

2137 849 2407 916 ἀρκεῖται,
2425 849 2560 903 ἀλλά
2586 851 2677 903 καὶ
2699 850 2888 914 ἄλλους
2913 849 3202 912 κοινωνοὺς
3228 849 3327 918 τῆς
3349 847 3512 902 αὑτοῦ
3539 849 3720 919 ἀμαρ-

2135 940 2256 1002 τὶας
2286 941 2692 1010 συνεφέλκεται.

2140 1031 2240 1084 195
2290 1028 2430 1100 Ἐγώ
2479 1047 2534 1082 τι
2573 1029 2784 1098 κέρδος
2810 1028 3038 1099 ἐκλέγω
3071 1027 3169 1081 καὶ
3201 1027 3577 1096 δυσμενοῦς.

2213 1119 2370 1172 Ἔστι
2415 1118 2509 1171 καὶ
2537 1121 2668 1190 παρ’
2701 1117 2911 1189 ἐχθρῶν
2943 1118 3177 1190 χάρι;,ή
3215 1117 3482 1188 παροιμία
3513 1116 3672 1186 φησίν
3694 1133 3714 1149 ο

2136 1210 2318 1280 ὅμοιον
2357 1209 2532 1280 ταύτῃ
2558 1189 2650 1264 καὶ
2684 1212 2717 1280 ἡ
2760 1189 3194 1278 θεολογίαάέγει
3214 1247 3229 1271 ,
3257 1211 3400 1282 Ἐγὼ
3421 1210 3515 1264 καὶ
3536 1209 3600 1262 ἐκ
3622 1207 3715 1260 τοῦ

2136 1299 2434 1370 δυσμενοῦς
2463 1299 2730 1368 ὠφέλειαν
2762 1299 3078 1370 καρποῦμαι
3105 1298 3200 1352 καὶ
3230 1300 3291 1350 τὸ
3320 1299 3511 1370 κέρδος
3545 1315 3718 1351 κοινο-

2137 1390 2398 1460 ποιοῦμαι
2447 1390 2581 1462 πρὸς
2616 1391 2780 1460 ὑμᾶς.
2836 1391 3049 1444 Ὀποῖον
3093 1390 3150 1442 δὲ
3197 1389 3345 1442 τουτὶ⁸
3392 1389 3454 1441 τὸ
3489 1388 3714 1459 κέρδοςς

2137 1484 2248 1547 Τάς
2281 1481 2388 1552 γὰρ
2419 1482 2570 1553 παρά
2596 1483 2704 1535 τῶν
2725 1483 3116 1554 ἐχθραινόντων
3145 1499 3236 1552 μοι
3250 1480 3421 1544 λαϐὰς
3449 1481 3543 1534 καὶ
3577 1480 3720 1550 μέμ-

2135 1577 2256 1646 ψεις
2290 1575 2633 1640 ὑποπτεύων,
2675 1575 2768 1628 καὶ
2804 1573 2903 1637 τάς
2944 1573 3124 1627 αὐτῶν
3154 1571 3442 1643 ἐπιλήψεις
3477 1570 3718 1638 ἀποφεύ-

2136 1685 2249 1736 γων
2274 1709 2288 1733 ,
2325 1667 2487 1730 αὑτός
2518 1683 2578 1720 τε
2613 1666 3003 1736 ἀκριϐέστερον
3033 1666 3122 1718 τὸν
3174 1662 3411 1736 ἐμαυτοῦ
3461 1661 3718 1715 διευθετῶ

2141 1758 2253 1829 βίον
2284 1759 2379 1812 καὶ
2423 1758 2551 1827 ὑμῖν
2598 1757 2729 1811 αὐτὸ
2776 1755 2931 1809 τοῦτο
2977 1754 3228 1827 παραινῶ
3253 1793 3267 1819 ,
3297 1753 3719 1823 ἀσφαλεστέρως

2141 1845 2291 1917 βιοῦν
2329 1845 2423 1898 καὶ
2464 1845 2538 1916 μὴ
2588 1846 2949 1914 καταφρονεῖν
2993 1845 3126 1916 μηδέ
3164 1844 3262 1915 τῆς
3300 1842 3590 1911 ἐλαχίστης
3632 1841 3715 1894 δι-

2138 1938 2414 2011 αμαρτίας
2442 1935 2534 1991 τοῦ
2559 1935 2810 1999 καλοῦ,εί
2832 1935 2926 1988 καλ⁵
2957 1934 3033 2006 μὴ
3053 1935 3138 1989 διά
3165 1935 3264 2004 τὴν
3284 1933 3503 2004 ἐντολὴν
3525 1932 3717 1986 τοσοῦ-

2137 2050 2250 2095 τον,
2279 2031 2417 2084 ἀλλά
2457 2047 2522 2098 γε
2553 2028 2641 2082 διά
2686 2027 2786 2100 τὴν
2815 2027 2924 2080 τῶν
2964 2027 3252 2098 βασκάνων
3273 2025 3537 2095 λοιδορίαν
3567 2025 3718 2095 πάσῃ

2137 2121 2402 2192 τηρητέον
2454 2119 2683 2182 ἑαυτοὺς
2730 2118 2965 2188 φυλακῇ.
3001 2117 3292 2188 Φάρμακόν
3326 2117 3475 2169 ἐστιν
3505 2116 3533 2168 ὁ
3583 2114 3719 2186 πρὸς

2135 2213 2243 2264 τῶν
2278 2210 2488 2282 ἐχθρῶν
2528 2209 2848 2279 ὀνειδισμὸς,
2894 2207 3182 2279 φάρμακον
3223 2207 3331 2260 τῶν
3357 2206 3456 2276 τῆς
3489 2204 3716 2276 καρδίας

2138 2304 2358 2357 παθέων
2405 2301 2801 2373 καθαρτήριον,
2837 2299 3030 2370 πικρὸν
3059 2299 3117 2352 δέ
3167 2299 3316 2368 ὅμως
3339 2337 3354 2362 ,
3385 2297 3573 2367 ὥσπερ
3622 2295 3720 2348 καὶ

2136 2395 2206 2449 τά
2241 2393 2350 2448 τῶν
2401 2393 2668 2462 σωμάτων
2722 2390 2960 2464 ῥυπτικά
2998 2405 3012 2419 '
3045 2389 3113 2442 δι’
3139 2389 3168 2441 ὃ
3199 2388 3294 2442 καὶ⁹
3323 2386 3510 2450 δεδιὼς
3556 2384 3720 2438 τοῦτο

2096 2545 2105 2554 ,
2141 2481 2498 2553 συστέλλομαι
2525 2481 2594 2534 τά
2618 2478 2788 2534 πολλά
2815 2479 3172 2550 παρανομεῖν,
3200 2476 3293 2530 καὶ
3315 2470 3380 2528 αὖ
3414 2475 3577 2529 πάλιν
3613 2472 3714 2544 τὴν

443 2576 637 2648 ἡδονὴν
685 2578 762 2642 ὡς
801 2579 981 2634 αἰτίαν
1035 2598 1126 2649 μοι
1186 2581 1280 2635 καὶ
1325 2581 1584 2653 πρόξενον
1633 2582 1734 2653 τῆς
1782 2581 1892 2634 τῶν
1940 2575 2260 2648 ὀνειδισμῶν
2300 2574 2524 2646 πικρίας
2564 2572 2856 2644 γινομένην
2904 2569 3288 2642 ἐπιμέμφομαι
3332 2568 3427 2621 καὶ
3461 2565 3716 2621 ἀποσείο-

2125 2752 2224 2808 197
2265 2749 2501 2816 Καλοὺς
2527 2749 2796 2819 ἀμείϐου,
2829 2748 2974 2812 τοὺς
3019 2746 3242 2812 κακοὺς
3287 2746 3646 2815 περιφρόνει.

2196 2843 2422 2912 Ὅμοιον
2450 2836 2605 2910 οἶμαι
2639 2839 2797 2893 τοῦτο
2835 2839 2896 2892 τὸ
2935 2839 3286 2909 τετράστιχον
3323 2837 3400 2908 τῷ
3437 2835 3721 2891 ἀποστολι·

2128 2934 2210 3005 κῷ
2238 2933 2433 3002 ἐκείνῳ
2471 2931 2913 3002 παραγγέλματι,
2951 2933 3019 2984 El
3051 2926 3422 2990 δυνατὸν,ὶό
3454 2927 3524 2992 ἐξ
3547 2926 3737 2997 ὑμῶν,

2123 3025 2276 3096 μετὰ
2316 3023 2558 3078 πάντων
2603 3021 2929 3090 ἀνθρώπων
2963 3021 3398 3090 εἰρηνεύοντες.
3427 3019 3571 3090 Πρὸς
3615 3017 3721 3088 μιν

2137 3113 2228 3171 οὖν
2256 3118 2382 3181 τοὺς
2415 3115 2615 3178 καλοὺς
2641 3115 2736 3168 καὶ
2768 3115 3032 3177 ἐπιεικεῖς
3056 3113 3149 3167 καὶ⁸
3177 3111 3364 3174 εὔνους
3394 3112 3530 3182 ἡμῖν
3555 3127 3722 3180 προσ-

2135 3208 2378 3280 ηκόντως
2423 3205 2697 3260 ποιεῖσθαι
2727 3203 2936 3259 δίκαιον
2964 3205 3064 3268 τάς
3094 3201 3349 3275 ἀμοιϐάς,
3376 3203 3486 3255 εἴτε
3513 3201 3602 3254 διά
3629 3200 3720 3253 λό-

2131 3318 2264 3370 γων,
2300 3299 2406 3352 εἴτε
2428 3297 2516 3351 διὰ
2549 3297 2759 3366 δώρων,
2785 3295 2962 3348 εῐτουν
2993 3293 3168 3358 άλλως
3197 3291 3508 3373 δι’-ἀγαθῆς
3540 3309 3720 3346 συνει-

2131 3393 2339 3463 δήσεως
2385 3390 2484 3460 τὴν
2538 3387 2696 3453 ἀξίαν
2744 3385 3090 3441 ἀποτιννύναι
3137 3385 3298 3456 χάριν
3343 3383 3519 3456 χρεών
3547 3401 3561 3415 ο
3588 3384 3718 3447 τοὺς

2133 3481 2337 3544 κακοὺς
2365 3480 2422 3533 δὲ
2447 3479 2540 3532 καὶ
2564 3477 3030 3549 πονηρευομένους
3047 3477 3140 3530 καὶ
3163 3476 3555 3548 βασκαίνοντας
3583 3477 3718 3546 ἡμῖν

2132 3572 2482 3643 περιφρονεῖν
2529 3569 2625 3623 καὶ
2655 3568 2986 3636 ἐξουδενοῦν,
3014 3570 3042 3622 ὃ
3070 3569 3216 3621 ἐστιν
3254 3569 3550 3639 ὑπερορᾷν,
3579 3569 3712 3639 χρήο

2132 3662 2268 3716 ἀλλά
2317 3662 2413 3716 καὶ
2461 3660 2673 3724 τούτοις
2729 3661 2889 3732 χάριν
2939 3661 3137 3714 εἰδέναι
3184 3658 3260 3730 τῷ
3311 3658 3478 3729 μηδὲν
3522 3658 3716 3711 παθεῖν

2133 3755 2265 3826 παρ’
2295 3751 2475 3807 αὐτῶν
2507 3751 2704 3816 κακὸν,
2744 3753 2794 3804 εί
2845 3752 2940 3806 καὶ
2971 3752 3156 3815 ἔδοξαν
3195 3749 3385 3804 λυπεῖν
3411 3765 3424 3778 '
3454 3750 3522 3802 δι’
3553 3750 3581 3802 ὃ
3619 3749 3717 3802 καὶ

2131 3843 2422 3916 εἰρηνικῶς
2449 3845 2543 3898 καὶ
2570 3844 2797 3914 ἀμάχως
2830 3841 2950 3895 δέον
2989 3840 3293 3896 διακεῖσθαι
3326 3839 3462 3911 πρὸς
3494 3840 3714 3905 αὐτοὺς,

2129 3937 2205 4001 ὡς
2249 3936 2314 3990 ἂν
2348 3935 2424 4007 τῷ
2463 3935 2642 4006 πολλῷ
2690 3934 2868 4006 χρόνῳ
2901 3933 2995 3987 καὶ
3022 3936 3090 4004 τῇ
3128 3931 3478 4003 μακροθυμίᾳ
3518 3931 3716 4001 πείσῃς

2131 4028 2226 4080 καὶ
2251 4028 2448 4091 αὐτοὺς
2492 4026 2748 4096 γενέσθαι
2791 4026 3080 4098 χρηστοὺς,
3103 4025 3201 4095 τῆς
3237 4023 3338 4094 σῆς
3378 4021 3716 4093 ἡττημένους

2131 4117 2554 4186 καλοκάγαθίας.
2604 4117 2809 4186 Μηδενὶ
2855 4117 2965 4188 γὰρ
3010 4115 3177 4169 κακὸν
3208 4114 3330 4168 ἀντὶ
3370 4111 3538 4167 κακοῦ
3571 4113 3712 4165 ἀπο-

2128 4208 2323 4273 διδοὺς,
2360 4208 2706 4279 χρηστότητα
2745 4208 2802 4261 δὲ
2841 4207 2934 4262 καὶ
2959 4205 3268 4260 ἐπιείκειαν
3307 4205 3382 4269 ὡς
3417 4202 3714 4274 καλλίστην

2129 4299 2312 4366 αὐτοῖς
2339 4299 2718 4370 ἐπιϐραϐεύων
2747 4298 2978 4371 δωρεὰν,
3007 4297 3149 4351 οὕτω
3186 4297 3325 4350 κατὰ
3357 4294 3550 4366 μικρὸν
3569 4295 3714 4362 ἀγαοο

2131 4391 2442 4455 θυνεῖς,καὶ
2465 4394 2594 4456 τοὺς
2614 4394 2819 4455 κακοὺς
2850 4391 2945 4444 καὶ
2977 4391 3248 4462 πονηροὺς
3269 4389 3468 4452 καλοὺς
3497 4386 3710 4459 σεαυτῷ

2137 4480 2232 4533 καὶ
2266 4481 2535 4551 χρηστοὺς
2566 4481 2935 4543 ἀποτελέσεις.

2126 4590 2226 4646 201
2270 4589 2429 4647 Πᾶσι
2473 4593 2592 4663 μὲν
2654 4594 2779 4650 ισθι
2816 4595 3118 4666 χρηστὸς,
3151 4597 3205 4649 εὶ
3243 4595 3432 4650 τοῦτο·
3467 4595 3705 4660 σθένος.

2199 4706 2260 4759 Ei
2297 4706 2396 4777 μὲν
2439 4706 2675 4778 τοσαύτη
2737 4725 2818 4761 σοι
2871 4709 3030 4780 χάρις
3084 4708 3290 4763 ἄνωθεν
3331 4707 3706 4779 ἐπὸραόεύθη

2127 4797 2221 4852 καὶ
2256 4798 2428 4868 ἰσχὺς,
2468 4797 2610 4852 ὥστε
2657 4799 2791 4854 Θεὸν
2843 4799 3125 4871 μιμεῖσθαι
3155 4799 3246 4852 τὸν
3287 4802 3398 4862 τοῖς
3431 4798 3706 4869 σύμπασιν

2127 4887 2534 4959 ἀνυμνούμενον
2565 4889 2822 4963 χρηστὸν,
2851 4889 2944 4942 καὶ
2974 4889 3136 4952 αὐτὸς
3158 4888 3309 4957 γίνου
3341 4888 3477 4958 πρὸς
3501 4888 3704 4950 πάντας

2127 4980 2330 5049 ἀγαθὸς
2364 4981 2457 5034 καὶ
2501 4980 2736 5052 χρηστός
2756 4997 2772 5012 ο
2800 4981 2852 5033 τί
2881 4980 2991 5052 γάρ
3027 4980 3126 5050 τῆς
3156 4977 3704 5050 ὅντωςθεομιμησίας

2126 5071 2476 5141 ἀγαθώτερον
2527 5071 2592 5125 ἂν
2623 5072 2745 5140 ein;
2791 5070 2932 5123 Ἀλλ’
2965 5069 3251 5138 ἄνθρωπον
3297 5067 3426 5121 ὄντα
3453 5068 3567 5131 πῶς
3596 5063 3704 5121 οἷόν

2125 5180 2183 5214 τε
2239 5165 2306 5232 τῇ
2351 5163 2747 5232 αὐταγαθότητι
2799 5159 3210 5232 ἐξομοιοῦσθαι,
3240 5159 3334 5212 καὶ
3369 5147 3506 5230 πρὸς
3529 5161 3702 5212 πᾶσαν

2126 5252 2213 5304 ἐπ’
2244 5252 2366 5323 ίσης
2396 5253 2573 5322 σάρκα
2609 5253 2701 5306 τὸν
2739 5251 2887 5304 ἔλεον
2937 5250 3291 5320 ἐπιχορηγεῖν
3315 5249 3408 5302 καὶ
3437 5249 3539 5320 τὴν
3575 5265 3694 5319 χρη⁹

2130 5343 2398 5414 στότητα;
2439 5345 2513 5397 Τὸ
2561 5343 2660 5414 μὲν
2693 5339 2786 5397 οὖν
2819 5341 3007 5406 άπλῶς
3034 5340 3224 5405 ἐλεεῖν,
3251 5340 3347 5393 καὶ
3389 5338 3582 5408 φιλεῖν,
3613 5336 3704 5393 καὶ

2129 5435 2344 5488 πάντων
2389 5417 2694 5508 ἀνθρώπων
2735 5436 2956 5506 ἀγαπᾷν
3012 5434 3110 5504 τὴν
3167 5431 3439 5502 σωτηρίαν
3469 5431 3557 5486 διὰ
3598 5426 3699 5501 ’τῆς

2123 5523 2365 5594 Χριστοῦ
2411 5525 2547 5595 πρὸς
2599 5525 2748 5594 ἡμᾶς
2810 5523 3088 5593 δυνάμεθα
3135 5519 3545 5589 φιλανθρωπίας
3581 5535 3594 5547 ·
3625 5515 3696 5584 τῷ

2127 5613 2436 5682 εὐεργετεῖν
2491 5614 2590 5684 μὲν
2625 5616 2832 5677 πάντας
2879 5612 3202 5685 ἀνθρώπους
3245 5609 3518 5681 ἀνθρώπῳ
3569 5624 3687 5660 παν·

2121 5705 2363 5784 ,τάπασιν
2395 5707 2698 5778 ἀμήχανον,
2723 5708 2786 5761 δι’
2803 5708 2831 5762 ὃ
2854 5707 3000 5774 λέγει
3028 5707 3161 5759 πᾶσι
3190 5703 3288 5774 μὲν
3308 5701 3552 5772 γίνεσθαι
3570 5716 3696 5772 χρη*

2131 5797 2286 5862 οτοῦς
2324 5800 2388 5871 τῇ
2426 5799 2663 5856 διαθέσει
2715 5796 3330 5872 φιλανθρωπευομένους
3368 5795 3466 5867 τῆς
3495 5793 3690 5865 ψυχῆςο
