4082 6424
444 484 683 558 μάλιστα
714 478 772 532 δὲ
806 477 919 541 τοῖς
958 473 1267 545 ἐγγίζουσιν
1298 473 1432 545 ἡμῖν
1462 514 1477 537 ,
1508 471 1585 535 ὡς
1635 472 1731 526 καὶ
1768 469 2025 542 προθέσει

442 553 674 648 καρδίας
703 572 800 625 καὶ
822 569 1001 639 λόγοις
1029 566 1125 620 καὶ
1152 564 1473 637 πράγμασιν
1496 564 1805 634 εὐεργετεῖν
1834 560 2031 614 πολλά-

445 682 536 729 at;
592 652 923 733 δυναμένους
948 659 979 711 ό
1009 657 1156 729 ἱερὸς
1202 655 1361 724 λόγος
1399 655 1690 726 παραινεῖ·
1720 653 1951 722 ἔγγιστα
1974 651 2031 705 δὲ

443 758 574 819 τοὺς
605 753 698 807 τὸν
718 750 920 822 τρόπον
948 748 1043 802 τοῦ
1075 746 1221 802 κατὰ
1248 745 1381 799 Θεὸν
1414 744 1554 816 βίου,
1590 745 1624 817 ἦ
1654 743 1717 798 τὸ
1745 743 1888 797 κατά
1934 741 2035 810 φύ-

448 864 533 901 σιν
555 845 732 915 γένος,
763 843 797 914 ἢ
822 841 917 894 καὶ
953 841 1042 894 τὸν
1071 839 1238 893 τόπον
1263 836 1617 907 γειτνιῶντας
1634 836 1733 906 τῆς
1763 834 2035 904 οἰκήσεως

446 935 776 1008 διαγορεύει.
800 932 944 1004 Πρὸς
972 931 1100 996 τοὺς
1131 929 1409 992 τοιούτους
1443 925 1534 982 οὖν
1558 925 1656 998 τὴν
1689 924 2033 997 χρηστότητα

448 1027 651 1100 χρῆναι
702 1023 903 1095 μᾶλλον
949 1020 1376 1076 ἐπιδείκνυσθαι.
1436 1020 1592 1083 Τίνος
1637 1018 1870 1081 ἔνεκεν;
1922 1015 2036 1069 Καὶ

449 1119 571 1181 πῶς
598 1117 708 1189 γὰρ
751 1114 819 1170 ἂν
858 1114 1210 1185 πιστευθείης
1243 1116 1356 1178 τοῖς
1394 1112 1588 1178 ξένοις,
1634 1112 1788 1183 φησὶ,
1813 1109 1909 1163 καλ⁸
1941 1108 2036 1162 άλ-
2069 1116 2080 1125 “

451 1209 682 1282 λοτρίως
729 1207 868 1280 πρὸς
912 1206 973 1259 σὲ
1018 1204 1386 1276 διακειμένοις
1423 1204 1624 1273 ἀγαθὸς
1670 1199 1811 1258 εἶναι
1848 1204 1883 1275 ἦ
1914 1202 2035 1273 φιλ-

452 1303 763 1372 άνθρωπος,
792 1300 906 1361 τοῖς
949 1296 1172 1361 οἰκείοις
1214 1297 1398 1360 ἄδικος
1442 1295 1820 1366 δεικνύμενος;
1862 1294 2036 1347 Ἐκεί-

452 1408 564 1455 νοις
599 1391 698 1460 μὲν
735 1387 846 1460 γάρ
878 1386 1069 1465 ,ξένοις
1121 1382 1272 1441 οὖσιν
1312 1388 1443 1451 ῐσως
1486 1386 1596 1438 οὐδ’
1626 1385 1860 1455 ὀφείλειν
1892 1386 2039 1456 ἐρεῖς

452 1482 618 1547 καλὸς
644 1478 805 1546 εἷναι,
827 1482 940 1544 τοῖς
971 1478 1318 1549 ἐγγίζουσιδὲ
1348 1478 1470 1532 καθ’
1500 1478 1778 1532 ὁποιονοῦν
1809 1478 1916 1531 τῶν
1955 1479 2038 1530 εί-

457 1576 713 1651 ρημένων
756 1575 958 1647 τρόπον
1002 1572 1219 1636 πάντως
1262 1570 1499 1641 ὀφείλεις
1525 1566 1666 1624 εἶναι
1710 1569 2034 1642 περιδέξιος.

456 1670 631 1740 Εἴπερ
669 1663 762 1723 οὖν
790 1666 1002 1729 τούτοις
1031 1665 1094 1718 οὐ
1133 1662 1339 1728 δίκαιος
1367 1662 1781 1736 καταλαμϐάνῃ,
1804 1663 1917 1725 τοῖς
1950 1660 2041 1715 άλ-

455 1760 689 1833 λοτρίοις
716 1758 812 1811 καὶ
847 1754 1065 1827 μακράν
1095 1754 1297 1821 πόσον;
1742 1798 1745 1799 ν

455 1850 564 1905 205
607 1850 668 1903 Τί
706 1847 903 1902 πάντα
943 1845 1051 1899 τὸν
1094 1845 1403 1914 δύστηνον
1440 1842 1752 1913 αἰτιώμεθα

455 1920 565 1977 206
619 1920 880 1988 Ἐχθρόιτ

534 2010 655 2063 Ὅτι
703 2009 765 2062 οὐ
795 2006 902 2080 χρὴ
934 2007 1112 2080 πάντα
1143 2006 1346 2078 τρόπον
1379 2005 1473 2060 τόν
1522 2004 1837 2077 δυσώνυμον
1864 2005 2043 2059 αἱτιᾶ-

463 2096 587 2149 σθαι
609 2078 868 2167 Σατανᾶν,
893 2078 971 2158 ὡς
993 2094 1093 2166 τῆς
1110 2095 1167 2148 ἐν
1186 2097 1219 2166 ἡ
1228 2097 1319 2165 μίν
1338 2094 1617 2167 ἁμαρτίας
1645 2093 1707 2147 τὸ
1731 2094 1852 2148 ὅλον
1881 2096 2044 2149 αὐτὸν

460 2186 632 2240 αἴτιον
663 2185 977 2257 ὑπάρχοντα
993 2202 1006 2216 ·
1025 2184 1200 2256 τούτῳ
1228 2184 1339 2256 γάρ
1361 2183 1447 2255 τῷ,
1462 2186 1651 2256 τρόπῳ
1672 2185 1750 2250 ὡς
1768 2186 2044 2249 ἀναιτίους

457 2278 686 2342 ἑαυτοὺς
717 2276 1162 2348 ὑπολογιζόμενοι
1186 2276 1443 2349 ἀκρατῶς
1467 2294 1526 2330 τε
1547 2277 1640 2331 καὶ
1665 2276 1936 2348 άχαλίνως
1965 2275 2043 2348 τῷ

460 2366 757 2438 φιληδόνως
788 2363 958 2436 βιοῦν,
991 2365 1093 2435 τὴν
1126 2363 1374 2429 ἐξουσίαν
1403 2363 1669 2434 ἐφιέντες,
1698 2366 1835 2437 πρὸς
1863 2367 2043 2420 πᾶσαν

462 2456 914 2528 ῦποχαυνούμεθα
960 2456 1326 2528 παρανομίαν.
1364 2455 1429 2508 Τί
1475 2449 1571 2510 οὖν
1617 2455 1869 2527 ποιητέον
1912 2458 2043 2528 ἡμῖν

465 2550 500 2621 ἢ
548 2548 665 2614 πῶς
698 2547 1070 2621 ὑποληπτέον;
1097 2547 1426 2619 Μέμφεσθαι
1458 2547 1560 2619 μὲν
1594 2547 1717 2619 ἦτδ
1763 2550 1872 2603 πᾶν
1907 2549 1939 2619 ἢ
1982 2549 2044 2601 τὸ

465 2640 628 2695 πλέον
671 2640 765 2694 καὶ
807 2639 1158 2711 κατακρίνειν
1206 2639 1485 2710 προσῆκεν
1531 2639 1722 2693 ἑαυτὸν
1748 2678 1765 2705 ,
1808 2638 1887 2704 ὡς
1939 2640 2043 2713 ίδίᾳ

463 2731 640 2803 ψυχῆς
664 2730 1002 2803 προαιρέσει,
1030 2731 1145 2784 ἀλλ’
1183 2731 1411 2802 οὐδεμιᾷ
1430 2747 1536 2785 τινι
1568 2730 1769 2795 ἔξωθεν
1797 2730 1887 2803 βίᾳ
1908 2732 2045 2803 πρὸς

462 2823 563 2896 τὴν
595 2823 796 2877 κακίαν
832 2820 1235 2893 συνωθούμεθα,
1268 2822 1363 2875 καὶ
1413 2819 1557 2875 οὕτω
1593 2821 1771 2892 πάντη
1816 2822 2046 2885 ἑαυτοὺς

462 2914 848 2977 ταπεινοῦντες
874 2913 968 2967 καὶ
994 2911 1403 2977 ἐξουθενοῦντες
1453 2912 1680 2983 σφόδρα,
1709 2910 2008 2982 ἐλεούμεθα
2027 2930 2040 2945 ο

460 3006 524 3060 τὸ
546 3005 709 3061 πλέον
740 3005 799 3058 δὲ
845 3004 1092 3070 ἑαυτοὺς,
1127 3004 1241 3057 ἀλλ’
1262 3004 1322 3057 οὐ
1352 3003 1413 3057 τὸ
1442 3002 1565 3057 ὅλον
1593 3003 1931 3075 αἰτιώμενοι,
1948 3004 2045 3057 καὶ

463 3095 639 3159 οὕτως
690 3089 853 3166 ἦττον
904 3094 1001 3164 μὲν
1029 3092 1455 3163 ταπεινούμεθα,
1487 3091 1821 3164 συγγνώμης
1868 3093 1914 3147 δ’
1951 3088 2045 3147 οὖν

468 3185 749 3257 omne
794 3183 945 3237 ἐλέου
994 3182 1307 3253 άξιούμεθα.
1342 3182 1559 3237 Είδέναι
1588 3182 1644 3236 δὲ
1673 3184 1846 3249 ἄξιον,
1879 3185 1956 3247 ὼς
1986 3183 2048 3237 τὸ

470 3276 582 3345 πῦρ
623 3273 724 3344 μὲν
748 3272 842 3325 τοῦ
864 3270 1039 3342 θυμοῦ
1059 3272 1153 3326 καὶ
1173 3272 1274 3341 τῆς
1296 3272 1592 3344 ἐπιθυμίας
1624 3275 1757 3344 παρ’
1776 3275 1809 3344 ἡ
1818 3273 1935 3344 μῶν
1955 3272 2051 3327 καὶ

467 3363 570 3434 τῆς
602 3360 880 3433 ἡμετέρας
914 3359 1145 3431 φύσεως,
1178 3360 1323 3431 άπερ
1358 3363 1415 3415 ὲν
1440 3360 1518 3432 τῷ
1546 3362 1906 3435 αὐτοκράτορι
1936 3364 2051 3416 κεῖ-

465 3469 559 3513 ται
605 3437 888 3523 λογισμῷ,
918 3450 1053 3523 πρὸς
1088 3449 1116 3503 ὅ
1146 3448 1393 3520 βούλεται
1447 3450 1649 3524 ἀρετήν
1678 3451 1738 3505 τέ
1780 3469 1922 3523 φημι
1955 3452 2051 3505 καὶ

467 3542 691 3610 κακίαν,
720 3541 984 3606 οἰακίζειν
1023 3558 1083 3594 τε
1118 3542 1211 3595 κοιλ⁸
1255 3540 1536 3610 διιθύνειν,
1567 3544 1660 3596 καὶ
1710 3542 2050 3596 ὑπανιέντων

470 3636 569 3707 μὲν
598 3634 863 3705 θελήματι
921 3632 1018 3688 καὶ
1066 3633 1328 3703 ἐφιέντων
1362 3634 1706 3704 ὑφάπτεσθαι
1748 3635 1809 3689 τὸ
1846 3633 1980 3707 πῦρ,
2021 3635 2050 3688 ὁ

479 3725 704 3797 Ἐχθρὸς
738 3725 958 3797 ἐμφυσᾷ
989 3722 1316 3795 παρὼν,καὶ
1353 3726 1432 3789 είς
1457 3725 1702 3797 μεγάλην
1734 3725 1892 3780 τοῦτο
1916 3725 2049 3780 πολ-

466 3816 625 3879 λάκις
672 3813 1019 3887 άναρῤιπίζει
1072 3815 1246 3884 φλόγα
1272 3817 1620 3887 ’ἐπεχόντων
1667 3818 1725 3871 δὲ
1765 3817 2051 3893 φιλοσοφίᾳ

470 3905 564 3958 καὶ
591 3901 901 3974 φιλοπονίᾳ,
929 3902 1021 3956 καὶ
1054 3904 1121 3974 τῇ
1154 3905 1429 3974 προσφυεῖ
1449 3904 1561 3959 τῶν
1599 3904 1850 3977 δακρύων
1879 3923 2052 3961 κατα-

470 3994 802 4048 σϐεννύντων
835 3996 1088 4067 ἐπιρροῇ.
1111 3995 1204 4050 καί
1236 4013 1301 4065 γε
1328 3995 1489 4049 τοῦτο
1519 3998 1892 4068 μαραινόντων
1928 4001 2051 4063 ταῖς

469 4082 607 4155 πρὸς
635 4084 696 4138 τὸ
719 4085 968 4155 οὐράνιον
999 4085 1110 4157 πῦρ
1127 4085 1219 4140 τοῦ
1240 4085 1332 4139 νοῦ
1365 4088 1722 4157 ἀναγωγίαις,
1744 4089 1907 4154 αὐτός
1932 4109 1992 4145 τε
2020 4092 2050 4144 ὁ

467 4174 785 4241 ἐξανάπτων
816 4175 1115 4231 ἀπόλλυται
1148 4179 1464 4251 Δυσμενὴς,
1494 4180 1590 4234 καὶ
1635 4183 1799 4254 ἡμεῖς
1837 4182 2052 4238 ἐλευθε-

471 4268 733 4340 ρούμεθα.

467 4445 573 4501 209
610 4445 709 4515 Μὴ
756 4444 972 4514 σφόδρ’
990 4444 1241 4500 ἔπεσθαι
1286 4446 1585 4516 παιγνίοις
1620 4449 1939 4507 ἐνυπνίων.

536 4537 715 4609 Πολλὴ
745 4537 840 4590 καὶ
869 4536 1147 4607 ἀμύθητος
1173 4538 1208 4609 ἡ
1260 4537 1370 4591 τῶν
1419 4539 1688 4596 ἐνυπνίων
1737 4543 2047 4614 καθέστηκε

467 4628 719 4701 διαφορά.
757 4624 920 4683 Ἐστι
936 4626 1040 4700 μὲν
1055 4626 1306 4683 ἐνύπνιον
1331 4628 1420 4683 διά
1447 4630 1767 4702 Πνεύματος
1787 4633 2047 4707 ἀληθείας

467 4718 865 4791 ἐνεργούμενον
885 4759 902 4786 ,
947 4720 1048 4773 οὐκ
1090 4720 1148 4773 ἐν
1195 4723 1506 4793 προφήταις
1530 4725 1626 4778 καὶ
1652 4723 1830 4792 ἁγίοις
1860 4725 2044 4796 μόνον,

467 4811 581 4865 ἀλλ’
625 4811 772 4865 ἐστιν
813 4810 903 4863 ὅτε
945 4811 1041 4863 καὶ
1083 4811 1143 4865 ἐν
1187 4812 1467 4883 βασιλεῦσι
1512 4815 1607 4868 καὶ
1649 4815 1877 4887 ἄρχουσι
1918 4817 2043 4889 γῆς.

466 4902 655 4973 ὅρασίν
708 4917 831 4956 τινα
878 4899 947 4953 δι’
992 4900 1314 4972 αἰνίγματος
1365 4903 1678 4959 ὑποτυποῦν
1703 4945 1719 4971 ,
1770 4909 1868 4962 καὶ
1916 4926 2045 4963 συν-

466 4993 841 5064 εσκιασμένως
866 4991 928 5045 τὸ
964 4991 1155 5062 μέλλον
1186 4993 1267 5065 τῷ
1292 4995 1487 5067 ὁρῶντι
1502 4997 1844 5070 ,προδηλοῦψ
1887 4999 2047 5055 τοῦτο

464 5082 523 5137 δὲ
553 5086 617 5137 οὐ
645 5083 782 5138 πολὺ
810 5082 931 5136 οῦδὲ
959 5082 1220 5148 πολλάκις
1265 5085 1385 5139 οὐδὲ
1416 5087 1530 5151 τοῖς
1570 5088 1825 5160 τυχοῦσιν
1847 5131 1863 5156 ,
1907 5091 2046 5145 ἀλλὰ

467 5175 576 5238 τοῖς
609 5173 780 5238 ἀξίοις
826 5173 1121 5246 συμϐαῖνον
1161 5176 1480 5249 καθορᾶται.
1522 5181 1677 5234 Ἔστι
1708 5182 1765 5236 δέ
1793 5182 2041 5249 ἐνύπνια,

467 5262 668 5334 μᾶλλον
693 5264 750 5318 δὲ
784 5263 945 5334 βυθὸς
980 5266 1247 5322 ἐνυπνίων
1275 5268 1533 5341 ipsum,
1564 5270 1812 5344 ἄπειρος,
1842 5273 2044 5340 άδιεξί-

468 5371 645 5426 τητος,
672 5354 808 5428 ὄναρ
828 5358 941 5421 τοῖς
982 5357 1293 5431 ἀνθρώποις
1319 5360 1580 5416 ύπνοῦσιν
1608 5363 1957 5431 ὑποπίπτων,
1984 5365 2045 5421 ὃν

468 5444 809 5517 ματαιότητα
843 5450 1220 5522 ματαιοτήτων
1251 5451 1458 5522 κυρίως
1504 5452 1574 5507 ἄν
1608 5470 1697 5518 τις
1738 5455 2002 5527 ὀνομάσαι
2028 5473 2040 5488 ο

471 5536 642 5591 πάντα
681 5540 779 5610 μιν
819 5540 930 5612 γὰρ
966 5541 1043 5612 τῷ
1076 5543 1191 5597 δντι
1221 5546 1520 5620 ματαιότης
1549 5549 1784 5622 ὑπάρχει
1824 5551 1895 5606 τὰ
1946 5552 2043 5605 άν-

467 5624 745 5698 ορώπινα’
796 5630 866 5685 τὰ
892 5632 949 5685 δὲ
992 5633 1201 5687 τούτων
1232 5636 1490 5709 ὀνείρατα
1541 5638 1576 5711 ἢ
1621 5641 1730 5695 ἀπὸ
1772 5642 1866 5697 τοῦ
1915 5642 2043 5714 θρε-

466 5718 660 5808 πτικοῦ
695 5721 893 5794 μέρους
924 5722 1023 5793 τῆς
1053 5723 1232 5796 ψυχῆς
1254 5725 1600 5799 λαμϐάνοντα
1632 5733 1730 5804 τὴν
1764 5735 2041 5808 ἀφορμὴν,

473 5802 508 5874 ἢ
533 5807 641 5864 ἀπὸ
673 5810 765 5867 τοῦ
809 5811 1125 5885 αἰσθητικοῦ
1172 5816 1265 5870 καὶ
1300 5818 1397 5888 τῆς
1423 5820 1534 5877 τῶν
1568 5802 1839 5897 αἰσθητῶν

1518 351 1587 408 IN
1622 349 1934 408 (IARMINA
1970 347 2251 406 ARCANA
2284 342 2727 405 S.'GREGORII.

3613 334 3739 399 82M.

2132 466 2390 523 nefacere
2420 479 2565 535 saepe
2593 463 2862 530 valentes,
2900 474 3002 519 nos
3041 467 3293 518 sanctum
3333 458 3561 515 verbum
3586 459 3721 513 hor-

2133 564 2316 624 tatur;
2358 555 2636 627 proximos
2665 569 2796 610 vere
2826 558 2881 607 et
2933 551 3028 621 qui
3070 550 3316 606 moribus
3351 550 3477 605 vitae
3517 563 3718 605 secun-

2132 649 2264 703 dum
2298 646 2493 709 Deum,
2519 653 2575 700 et
2615 646 2708 715 q‘ui
2744 650 2942 699 natura
2970 650 3027 698 et
3056 641 3282 707 familia,
3321 652 3374 696 et
3414 641 3509 710 qui
3552 640 3717 693 domo

2134 737 2302 793 vicini
2333 745 2465 792 sunt
2493 735 2871 802 habitationis,
2906 739 3190 804 supputat.
3222 731 3361 803 Erga
3402 728 3716 800 hnjttsmodi

2135 828 2424 899 proximos
2457 827 2634 897 magis
2663 827 2965 882 bonitatem
2996 823 3287 880 ostendere
3316 830 3553 894 oportet,
3583 823 3724 878 cur?

2137 918 2203 972 Et
2248 918 2527 990 quomodo
2576 918 2737 974 (idem
2787 918 3067 973 obtinebis
3112 916 3182 972 ab
3229 916 3376 981 aliis,
3420 914 3616 985 inquit,
3666 922 3723 968 et

2137 1012 2303 1083 longe
2326 1026 2358 1066 a
2385 1021 2439 1066 te
2462 1011 2801 1076 viventibus,
2835 1009 2982 1080 quod
3013 1010 3195 1064 bonus
3226 1008 3327 1073 sis,
3360 1017 3455 1060 aut
3483 1005 3725 1061 cbarita—

2135 1111 2247 1159 tem
2286 1104 2492 1159 habeas
2538 1118 2669 1174 erga
2716 1103 3000 1165 homines,
3037 1100 3133 1171 qui
3176 1098 3444 1170 proximis
3483 1086 3723 1167 injustus

2139 1190 2483 1265 appareres?
2511 1192 2637 1247 lstis
2672 1191 2894 1261 quidem
2938 1188 3131 1243 alienis
3167 1185 3306 1240 nihil
3336 1183 3543 1239 referre
3574 1183 3725 1237 dices

2136 1289 2194 1339 te
2253 1299 2377 1341 esse
2438 1282 2670 1346 bonum,
2725 1295 2852 1353 erga
2897 1280 3179 1350 proximos
3244 1291 3376 1332 vero
3422 1275 3571 1330 omni
3615 1288 3724 1344 qua

2137 1374 2404 1439 diximus,
2457 1374 2670 1427 ratione
2723 1372 2950 1427 omnino
3004 1371 3174 1426 debes
3219 1367 3554 1425 benevolens
3578 1380 3723 1422 esse.

2139 1465 2197 1521 Si
2243 1466 2412 1537 igitur
2443 1480 2554 1520 non
2597 1464 2787 1535 justus
2815 1462 2962 1533 apud
2991 1462 3144 1532 ipsos
3179 1460 3499 1527 invenieris,
3530 1456 3731 1514 alienis

2137 1562 2188 1613 et
2225 1556 2311 1613 his
2339 1555 2433 1628 qui
2468 1570 2499 1610 a
2536 1556 2698 1627 longe
2726 1563 2856 1610 sunt
2888 1554 3166 1626 quomodo
3195 1554 3346 1611 eris?

2147 1833 2253 1889 205
2283 1831 2395 1888 Cur
2428 1832 2483 1887 in
2514 1832 2756 1889 omnibus
2789 1832 3038 1887 miserum
3073 1845 3351 1887 causemus

2143 1903 2252 1959 206
2286 1902 2611 1959 Inimicum?
3241 1927 3249 1938 -

2215 1995 2358 2063 Quia
2386 2010 2497 2051 non
2528 2002 2745 2067 oportet
2768 1995 2917 2050 omni
2948 1995 3109 2059 modo
3150 1995 3440 2051 sinistrum
3479 1993 3732 2051 accusari

2147 2084 2405 2141 Satanam
2432 2087 2591 2158 quasi
2623 2087 2802 2143 omnis
2844 2084 3055 2157 peccati
3088 2087 3143 2142 in
3178 2088 3337 2144 nobis
3368 2102 3535 2143 causa
3582 2088 3734 2142 inve-

2144 2178 2365 2246 niatur;
2389 2178 2495 2233 hoc
2537 2178 2701 2235 modo
2729 2181 2873 2235 enim
2900 2181 3056 2250 quasi
3085 2180 3339 2237 innoxios
3364 2182 3733 2251 nosmetipsos

2144 2268 2516 2336 absolventes,
2555 2269 2609 2323 in
2659 2268 3031 2339 voluptatibus
3062 2285 3163 2325 nec
3203 2271 3467 2326 domitam
3508 2286 3609 2326 nec
3643 2285 3734 2325 re-

2146 2358 2412 2414 frenatam
2456 2361 2623 2414 vitam
2660 2360 2948 2431 degentes,
3000 2362 3163 2418 nobis
3210 2362 3437 2417 nimium
3487 2362 3734 2435 indulge-

2147 2467 2271 2509 mus
2312 2459 2367 2507 et
2402 2452 2707 2509 secundum
2737 2468 2955 2508 omnem
2992 2454 3380 2524 praesumimus
3426 2460 3736 2524 transgres-

2147 2543 2379 2598 sionem.
2414 2542 2557 2609 Quid
2585 2557 2718 2614 ergo
2749 2544 2913 2601 nobis
2951 2543 3290 2612 faciendum,
3333 2552 3431 2601 aut
3457 2544 3736 2615 quomodo

2144 2631 2530 2705 cogitandum?
2553 2643 2805 2691 nostrum
2832 2642 2919 2691 est
2970 2638 3348 2707 nosmetipsos
3377 2637 3493 2691 sive
3523 2634 3592 2690 de
3622 2645 3736 2690 toto

2145 2722 2261 2779 sive
2296 2721 2366 2778 de
2412 2721 2610 2792 majori
2659 2737 2814 2793 parte
2862 2739 3094 2796 arguere
3128 2733 3183 2780 et
3228 2725 3597 2780 condemnare
3639 2726 3734 2796 qui

2146 2812 2368 2883 prepria
2399 2812 2569 2866 animi
2616 2815 2932 2881 voluntate,
2985 2817 3079 2871 sed
3129 2818 3280 2872 nulla
3316 2829 3578 2873 extranea
3617 2811 3738 2873 vio—

2148 2905 2314 2960 Ientia
2369 2903 2439 2960 ad
2481 2905 2685 2960 malum
2731 2908 3103 2974 coneitamur,
3143 2916 3198 2965 et
3238 2909 3321 2964 sic
3371 2911 3741 2982 nosmetipsos

2147 2996 2386 3052 humiles
2408 3004 2464 3053 et
2484 2998 2929 3069 contemptibiles
2957 3001 3313 3071 agnoscimus
3340 3003 3602 3074 omnique
3633 3005 3737 3059 mi-

2155 3089 2455 3146 sericordia
2489 3090 2688 3160 dignos
2711 3090 3017 3147 reddimus.
3043 3092 3147 3157 Qui
3177 3086 3311 3149 ver'o
3335 3094 3529 3164 majori
3557 3105 3736 3165 parte,

2155 3181 2250 3238 sed
2278 3196 2388 3236 non
2417 3182 2663 3237 totaliter
2714 3182 3093 3254 nosmetipsos
3140 3197 3488 3252 accusamus,
3523 3186 3604 3242 sic
3633 3187 3737 3243 mi-

2151 3289 2257 3330 nus
2290 3274 2673 3340 humiliamur,
2709 3275 2927 3329 veniam
2966 3282 3149 3331 tamen
3195 3285 3250 3331 et
3295 3276 3738 3332 misericordiam

2149 3365 2353 3436 pariter
2399 3379 2826 3436 consequemur.
2880 3363 3055 3420 Porro
3105 3365 3393 3421 sciendum
3449 3367 3607 3422 nobis
3653 3374 3740 3422 est

2150 3456 2428 3527 quomodo
2458 3456 2554 3512 irae
2585 3456 2751 3511 ardor
2775 3463 2831 3512 et
2857 3456 3320 3527 concupiscentiae
3366 3458 3421 3512 in
3453 3457 3614 3514 nobis
3639 3472 3741 3512 na-

2149 3549 2404 3606 turaliter
2433 3550 2636 3613 insitae,
2660 3548 2726 3604 ad
2754 3562 2819 3603 ea
2845 3550 2970 3619 qu‘ae
3000 3548 3056 3602 in
3078 3548 3441 3621 intelligentia
3463 3550 3634 3606 libera
3655 3565 3741 3606 re-

2150 3648 2558 3713 pmsentantur
2590 3646 2754 3712 prout
2783 3640 3043 3696 virtutem
3078 3640 3233 3712 eligit
3274 3651 3369 3697 aut
3410 3642 3736 3712 nequitiam,

2152 3731 2546 3804 gubernandus
2575 3741 2659 3788 est
2694 3740 2750 3787 et
2780 3731 3125 3802 dirigendus.
3148 3730 3225 3787 De
3258 3731 3504 3802 diligenti
3542 3735 3739 3789 volun-

2152 3829 2263 3878 tate
2289 3822 2702 3879 remittentibus
2727 3829 2782 3879 et
2825 3821 3260 3879 desciscentibus
3288 3830 3434 3879 astat
3477 3823 3742 3881 inimicus

2150 3914 2329 3986 ignem
2363 3914 2625 3970 ardenter
2660 3914 2934 3979 excitans,
2969 3927 3224 3983 saepeque
3280 3912 3335 3967 in
3372 3922 3628 3986 magnum
3653 3915 3737 3970 in—

2150 4003 2401 4058 eendium
2452 4015 2812 4073 prorumpere
2871 4000 3048 4068 facit;
3111 4017 3143 4056 ιι
3190 4001 3578 4061 resistentibus
3626 4020 3743 4075 pra:

2150 4094 2495 4166 philosophia
2535 4100 2591 4149 et
2617 4092 2927 4165 diligentia,
2972 4094 3343 4165 laerymarum
3387 4097 3600 4166 copiam
3644 4097 3741 4150 ad.

2145 4186 2507 4257 jungentibus
2529 4192 2585 4240 et
2608 4199 2721 4256 prae
2747 4186 2952 4241 mentis
2985 4186 3052 4240 ad
3089 4186 3266 4255 ignem
3300 4188 3581 4243 caelestem
3625 4188 3742 4243 ela-

2149 4279 2301 4333 tione
2330 4276 2769 4343 tabescentibus,
2799 4276 2919 4346 ipse
2943 4276 3087 4347 perit
3113 4277 3293 4334 hostis
3317 4278 3410 4348 qui
3444 4277 3741 4335 incendere

2151 4369 2475 4433 conabatur,
2502 4375 2557 4423 et
2584 4367 2692 4438 ipsi
2720 4367 3040 4424 liberamur.

2154 4460 2263 4518 209
2296 4457 2409 4514 Nec
2443 4460 2597 4515 valde
2624 4459 2837 4515 secteris
2865 4459 3099 4515 ludibria
3120 4462 3469 4517 somniorum.

2219 4552 2388 4608 Multa
2410 4561 2466 4608 et
2487 4550 2701 4606 infinita
2727 4553 3066 4608 somniorum
3090 4554 3306 4624 species
3329 4562 3447 4611 :est
3465 4558 3741 4614 somnium

2149 4647 2295 4718 quod
2327 4653 2590 4717 operatus
2632 4652 2716 4701 est
2745 4645 2996 4701 veritatis
3037 4644 3302 4717 Spiritus,
3333 4663 3444 4704 non
3472 4650 3651 4707 solum
3684 4654 3739 4710 in

2147 4737 2435 4807 prophetis
2463 4743 2517 4792 et
2553 4735 2789 4803 sanctis,
2819 4736 2916 4792 sed
2943 4737 3108 4793 etiam
3151 4736 3209 4793 in
3242 4739 3465 4810 regibus
3507 4748 3562 4797 et
3592 4742 3740 4812 prin-

2146 4824 2366 4895 cipibus
2398 4832 2579 4888 terrae,
2611 4839 2740 4879 cum
2768 4825 2824 4879 in
2853 4829 3145 4897 aenigmate
3172 4828 3492 4886 eteonfuse
3530 4832 3742 4889 videnti

2147 4913 2391 4968 futurum
2430 4911 2725 4983 panditur;
2784 4912 2933 4970 istud
2982 4922 3164 4970 autem
3215 4931 3324 4971 non
3357 4917 3589 4971 multum
3636 4935 3741 4974 nec

2146 5019 2293 5073 swpe
2344 5018 2448 5059 nec
2484 5002 2540 5058 in
2579 5003 2875 5075 cujusque,
2908 5005 3007 5062 sed
3045 5007 3101 5061 in
3147 5005 3392 5063 favorem
3445 5007 3740 5080 dignorum

2145 5097 2412 5167 contingit
2437 5094 2633 5151 videri.
2655 5096 2798 5152 Sunt
2820 5098 3060 5166 somnia,
3083 5099 3167 5155 vel
3188 5099 3372 5171 potius
3396 5102 3740 5158 somniorum

2146 5184 2270 5242 fons
2302 5193 2388 5243 est
2415 5183 2732 5253 ineﬂ‘abilis,
2759 5185 3082 5255 immensus,
3115 5190 3577 5262 ineommeabilis,
3611 5194 3743 5249 dor-

2145 5268 2441 5335 mientibus
2457 5276 2602 5333 visio
2616 5275 2932 5333 hominibus
2946 5280 3341 5353 advenitquam
3358 5283 3572 5340 Domini
3585 5300 3746 5342 more
3817 5324 3827 5334 .

2114 5357 2442 5426 ’vanitatem
2492 5367 2795 5424 vanitatum
2829 5378 3051 5426 voearet
3099 5374 3305 5443 quivis.
3330 5374 3543 5431 Cuncta
3588 5377 3739 5433 enim

2142 5461 2361 5518 vanitas
2383 5461 2567 5532 reipsa
2595 5459 2836 5515 humana
2869 5467 3032 5527 sunt,
3061 5464 3179 5518 sive
3209 5478 3278 5517 ex
3304 5464 3501 5521 alenda
3535 5464 3739 5520 animae

2142 5561 2301 5625 parte
2356 5553 2706 5608 occasionem
2766 5552 3140 5623 accipientes,
3201 5557 3319 5611 sive
3366 5572 3434 5612 ex
3488 5558 3740 5614 sensibili

2142 5652 2299 5716 parte
2340 5653 2396 5702 et
2447 5642 2798 5701 sensibilium
2859 5645 3125 5701 varietate
3180 5647 3487 5714 procedunt
3540 5649 3740 5705 horum

2150 5738 2399 5793 fictiones
2426 5752 2566 5807 quas
2598 5750 2815 5806 semper
2850 5737 3117 5807 evigilans
3161 5736 3519 5794 multifariam
3562 5743 3746 5799 sensi-

2149 5828 2363 5912 bilitate
2395 5828 2499 5886 sibi
2538 5827 2644 5901 ipsi
2693 5826 2873 5904 ellingi
2919 5829 3066 5890 videt
3096 5825 3300 5883 anima.
3331 5827 3506 5891 Porro
3532 5836 3745 5905 specie-
