  <div class='ocr_page' id='page_1' title='image "/cluster/home/n/w/nwhite01/storage/ocr_20150623/38:no.4/coo.31924054869353/427.png"; bbox 0 0 4082 6402; ppageno 0'>
   <div class='ocr_carea' id='block_1_1' title="bbox 333 345 446 405">
    <p class='ocr_par' dir='ltr' id='par_1_1' title="bbox 333 345 446 405">
     <span class='ocr_line' id='line_1_1' title="bbox 333 345 446 405; baseline -0.009 0"><span class='ocrx_word' id='word_1_1' title='bbox 333 345 446 405; x_wconf 69' lang='lat' dir='ltr'><strong>B35</strong></span> 
     </span>
    </p>
   </div>
   <div class='ocr_carea' id='block_1_2' title="bbox 336 458 1943 539">
    <p class='ocr_par' dir='ltr' id='par_1_2' title="bbox 336 458 1943 539">
     <span class='ocr_line' id='line_1_2' title="bbox 336 458 1943 539; baseline -0.007 -13"><span class='ocrx_word' id='word_1_2' title='bbox 336 485 486 530; x_wconf 84' lang='lat' dir='ltr'><strong>rum.</strong></span> <span class='ocrx_word' id='word_1_3' title='bbox 523 468 661 539; x_wconf 86' lang='lat' dir='ltr'><strong>qu&#39;as</strong></span> <span class='ocrx_word' id='word_1_4' title='bbox 683 464 828 520; x_wconf 88' lang='lat' dir='ltr'><strong>intra</strong></span> <span class='ocrx_word' id='word_1_5' title='bbox 860 477 920 519; x_wconf 90' lang='lat' dir='ltr'><strong>se</strong></span> <span class='ocrx_word' id='word_1_6' title='bbox 951 461 1058 519; x_wconf 83' lang='lat' dir='ltr'><strong>sibi</strong></span> <span class='ocrx_word' id='word_1_7' title='bbox 1092 459 1434 524; x_wconf 81' lang='lat' dir='ltr'><strong>informavit,</strong></span> <span class='ocrx_word' id='word_1_8' title='bbox 1459 458 1703 531; x_wconf 88' lang='lat' dir='ltr'><strong>reliquas</strong></span> <span class='ocrx_word' id='word_1_9' title='bbox 1734 458 1791 514; x_wconf 91' lang='lat' dir='ltr'><strong>in</strong></span> <span class='ocrx_word' id='word_1_10' title='bbox 1825 475 1943 514; x_wconf 90' lang='lat' dir='ltr'><strong>me-</strong></span> 
     </span>
    </p>
   </div>
   <div class='ocr_carea' id='block_1_3' title="bbox 341 551 1946 620">
    <p class='ocr_par' dir='ltr' id='par_1_3' title="bbox 341 551 1946 620">
     <span class='ocr_line' id='line_1_3' title="bbox 341 551 1946 620; baseline -0.007 -6"><span class='ocrx_word' id='word_1_11' title='bbox 341 559 520 614; x_wconf 82' lang='lat' dir='ltr'><strong>moria</strong></span> <span class='ocrx_word' id='word_1_12' title='bbox 564 555 830 611; x_wconf 81' lang='lat' dir='ltr'><strong>turbatim</strong></span> <span class='ocrx_word' id='word_1_13' title='bbox 859 561 914 609; x_wconf 90' lang='lat' dir='ltr'><strong>et</strong></span> <span class='ocrx_word' id='word_1_14' title='bbox 941 552 1174 608; x_wconf 82' lang='lat' dir='ltr'><strong>confuse</strong></span> <span class='ocrx_word' id='word_1_15' title='bbox 1221 566 1409 608; x_wconf 86' lang='lat' dir='ltr'><strong>secum</strong></span> <span class='ocrx_word' id='word_1_16' title='bbox 1447 551 1503 606; x_wconf 91' lang='lat' dir='ltr'><strong>in</strong></span> <span class='ocrx_word' id='word_1_17' title='bbox 1539 551 1752 606; x_wconf 83' lang='lat' dir='ltr'><strong>somnis</strong></span> <span class='ocrx_word' id='word_1_18' title='bbox 1778 565 1946 620; x_wconf 82' lang='lat' dir='ltr'><strong>repu-</strong></span> 
     </span>
    </p>
   </div>
   <div class='ocr_carea' id='block_1_4' title="bbox 331 643 1951 715">
    <p class='ocr_par' dir='ltr' id='par_1_4' title="bbox 331 643 1951 715">
     <span class='ocr_line' id='line_1_4' title="bbox 331 643 1951 715; baseline -0.006 -9"><span class='ocrx_word' id='word_1_19' title='bbox 331 664 487 714; x_wconf 35' lang='lat' dir='ltr'><strong>‘taus,</strong></span> <span class='ocrx_word' id='word_1_20' title='bbox 515 657 570 704; x_wconf 90' lang='lat' dir='ltr'><strong>et</strong></span> <span class='ocrx_word' id='word_1_21' title='bbox 600 649 839 702; x_wconf 87' lang='lat' dir='ltr'><strong>obscura</strong></span> <span class='ocrx_word' id='word_1_22' title='bbox 868 646 1083 700; x_wconf 88' lang='lat' dir='ltr'><strong>somnia</strong></span> <span class='ocrx_word' id='word_1_23' title='bbox 1117 645 1322 715; x_wconf 84' lang='lat' dir='ltr'><strong>(ingere</strong></span> <span class='ocrx_word' id='word_1_24' title='bbox 1349 643 1601 698; x_wconf 89' lang='lat' dir='ltr'><strong>illuditur</strong></span> <span class='ocrx_word' id='word_1_25' title='bbox 1631 651 1686 698; x_wconf 91' lang='lat' dir='ltr'><strong>et</strong></span> <span class='ocrx_word' id='word_1_26' title='bbox 1715 653 1951 714; x_wconf 80' lang='lat' dir='ltr'><strong>vagatur</strong></span> 
     </span>
    </p>
   </div>
   <div class='ocr_carea' id='block_1_5' title="bbox 339 732 1936 813">
    <p class='ocr_par' dir='ltr' id='par_1_5' title="bbox 339 732 1936 813">
     <span class='ocr_line' id='line_1_5' title="bbox 339 732 1936 813; baseline -0.005 -15"><span class='ocrx_word' id='word_1_27' title='bbox 339 749 533 813; x_wconf 75' lang='lat' dir='ltr'><strong>patens</strong></span> <span class='ocrx_word' id='word_1_28' title='bbox 568 739 871 793; x_wconf 88' lang='lat' dir='ltr'><strong>vanitatum</strong></span> <span class='ocrx_word' id='word_1_29' title='bbox 915 736 1277 791; x_wconf 77' lang='lat' dir='ltr'><strong>vanitatibus.</strong></span> <span class='ocrx_word' id='word_1_30' title='bbox 1316 733 1391 789; x_wconf 86' lang='lat' dir='ltr'><strong>De</strong></span> <span class='ocrx_word' id='word_1_31' title='bbox 1426 732 1630 804; x_wconf 91' lang='lat' dir='ltr'><strong>quibus</strong></span> <span class='ocrx_word' id='word_1_32' title='bbox 1663 749 1816 806; x_wconf 84' lang='lat' dir='ltr'><strong>ergo,</strong></span> <span class='ocrx_word' id='word_1_33' title='bbox 1851 736 1936 790; x_wconf 86' lang='lat' dir='ltr'><strong>vel</strong></span> 
     </span>
    </p>
   </div>
   <div class='ocr_carea' id='block_1_6' title="bbox 334 824 1947 901">
    <p class='ocr_par' dir='ltr' id='par_1_6' title="bbox 334 824 1947 901">
     <span class='ocr_line' id='line_1_6' title="bbox 334 824 1947 901; baseline -0.004 -16"><span class='ocrx_word' id='word_1_34' title='bbox 334 831 410 886; x_wconf 79' lang='lat' dir='ltr'><strong>de</strong></span> <span class='ocrx_word' id='word_1_35' title='bbox 445 827 785 901; x_wconf 89' lang='lat' dir='ltr'><strong>quotidianis</strong></span> <span class='ocrx_word' id='word_1_36' title='bbox 836 826 1100 896; x_wconf 82' lang='lat' dir='ltr'><strong>operibus</strong></span> <span class='ocrx_word' id='word_1_37' title='bbox 1144 833 1199 880; x_wconf 90' lang='lat' dir='ltr'><strong>et</strong></span> <span class='ocrx_word' id='word_1_38' title='bbox 1251 824 1536 880; x_wconf 87' lang='lat' dir='ltr'><strong>laboribus</strong></span> <span class='ocrx_word' id='word_1_39' title='bbox 1585 833 1640 879; x_wconf 90' lang='lat' dir='ltr'><strong>et</strong></span> <span class='ocrx_word' id='word_1_40' title='bbox 1666 825 1947 878; x_wconf 84' lang='lat' dir='ltr'><strong>sollicitu-</strong></span> 
     </span>
    </p>
   </div>
   <div class='ocr_carea' id='block_1_7' title="bbox 343 915 1950 987">
    <p class='ocr_par' dir='ltr' id='par_1_7' title="bbox 343 915 1950 987">
     <span class='ocr_line' id='line_1_7' title="bbox 343 915 1950 987; baseline -0.003 -14"><span class='ocrx_word' id='word_1_41' title='bbox 343 920 568 974; x_wconf 90' lang='lat' dir='ltr'><strong>dinibus</strong></span> <span class='ocrx_word' id='word_1_42' title='bbox 595 918 828 987; x_wconf 86' lang='lat' dir='ltr'><strong>vestigia</strong></span> <span class='ocrx_word' id='word_1_43' title='bbox 869 916 1118 986; x_wconf 66' lang='lat' dir='ltr'><strong>quaedam</strong></span> <span class='ocrx_word' id='word_1_44' title='bbox 1152 930 1250 984; x_wconf 90' lang='lat' dir='ltr'><strong>per</strong></span> <span class='ocrx_word' id='word_1_45' title='bbox 1299 931 1564 971; x_wconf 86' lang='lat' dir='ltr'><strong>sensuum</strong></span> <span class='ocrx_word' id='word_1_46' title='bbox 1611 915 1950 970; x_wconf 75' lang='lat' dir='ltr'><strong>sedationem</strong></span> 
     </span>
    </p>
   </div>
   <div class='ocr_carea' id='block_1_8' title="bbox 345 1006 1954 1080">
    <p class='ocr_par' dir='ltr' id='par_1_8' title="bbox 345 1006 1954 1080">
     <span class='ocr_line' id='line_1_8' title="bbox 345 1006 1954 1080; baseline -0.002 -16"><span class='ocrx_word' id='word_1_47' title='bbox 345 1009 684 1080; x_wconf 84' lang='lat' dir='ltr'><strong>imaginandi</strong></span> <span class='ocrx_word' id='word_1_48' title='bbox 710 1015 765 1062; x_wconf 86' lang='lat' dir='ltr'><strong>et</strong></span> <span class='ocrx_word' id='word_1_49' title='bbox 797 1007 1135 1076; x_wconf 83' lang='lat' dir='ltr'><strong>intelligendi</strong></span> <span class='ocrx_word' id='word_1_50' title='bbox 1168 1007 1249 1060; x_wconf 87' lang='lat' dir='ltr'><strong>vis</strong></span> <span class='ocrx_word' id='word_1_51' title='bbox 1281 1006 1546 1059; x_wconf 79' lang='lat' dir='ltr'><strong>inanima</strong></span> <span class='ocrx_word' id='word_1_52' title='bbox 1591 1019 1809 1077; x_wconf 83' lang='lat' dir='ltr'><strong>semper</strong></span> <span class='ocrx_word' id='word_1_53' title='bbox 1836 1021 1954 1061; x_wconf 83' lang='lat' dir='ltr'><strong>mo-</strong></span> 
     </span>
    </p>
   </div>
   <div class='ocr_carea' id='block_1_9' title="bbox 342 1093 1955 1165">
    <p class='ocr_par' dir='ltr' id='par_1_9' title="bbox 342 1093 1955 1165">
     <span class='ocr_line' id='line_1_9' title="bbox 342 1093 1955 1165; baseline -0.002 -11"><span class='ocrx_word' id='word_1_54' title='bbox 342 1097 473 1154; x_wconf 81' lang='lat' dir='ltr'><strong>bilis</strong></span> <span class='ocrx_word' id='word_1_55' title='bbox 519 1107 570 1151; x_wconf 93' lang='lat' dir='ltr'><strong>et</strong></span> <span class='ocrx_word' id='word_1_56' title='bbox 621 1095 840 1150; x_wconf 85' lang='lat' dir='ltr'><strong>tabulas</strong></span> <span class='ocrx_word' id='word_1_57' title='bbox 890 1093 1210 1157; x_wconf 67' lang='lat' dir='ltr'><strong>eﬂormans,</strong></span> <span class='ocrx_word' id='word_1_58' title='bbox 1248 1093 1606 1149; x_wconf 76' lang='lat' dir='ltr'><strong>multifariam</strong></span> <span class='ocrx_word' id='word_1_59' title='bbox 1657 1094 1713 1149; x_wconf 92' lang='lat' dir='ltr'><strong>in</strong></span> <span class='ocrx_word' id='word_1_60' title='bbox 1767 1094 1955 1165; x_wconf 81' lang='lat' dir='ltr'><strong>requie</strong></span> 
     </span>
    </p>
   </div>
   <div class='ocr_carea' id='block_1_10' title="bbox 346 1185 1954 1251">
    <p class='ocr_par' dir='ltr' id='par_1_10' title="bbox 346 1185 1954 1251">
     <span class='ocr_line' id='line_1_10' title="bbox 346 1185 1954 1251; baseline -0.002 -8"><span class='ocrx_word' id='word_1_61' title='bbox 346 1204 488 1243; x_wconf 82' lang='lat' dir='ltr'><strong>vane</strong></span> <span class='ocrx_word' id='word_1_62' title='bbox 515 1197 568 1242; x_wconf 93' lang='lat' dir='ltr'><strong>et</strong></span> <span class='ocrx_word' id='word_1_63' title='bbox 590 1186 828 1240; x_wconf 70' lang='lat' dir='ltr'><strong>[utiliter</strong></span> <span class='ocrx_word' id='word_1_64' title='bbox 879 1187 1158 1251; x_wconf 87' lang='lat' dir='ltr'><strong>somniat;</strong></span> <span class='ocrx_word' id='word_1_65' title='bbox 1195 1185 1420 1248; x_wconf 85' lang='lat' dir='ltr'><strong>similia,</strong></span> <span class='ocrx_word' id='word_1_66' title='bbox 1457 1186 1622 1240; x_wconf 87' lang='lat' dir='ltr'><strong>etiam</strong></span> <span class='ocrx_word' id='word_1_67' title='bbox 1669 1185 1954 1240; x_wconf 77' lang='lat' dir='ltr'><strong>hominum</strong></span> 
     </span>
    </p>
   </div>
   <div class='ocr_carea' id='block_1_11' title="bbox 347 1275 1958 1351">
    <p class='ocr_par' dir='ltr' id='par_1_11' title="bbox 347 1275 1958 1351">
     <span class='ocr_line' id='line_1_11' title="bbox 347 1275 1958 1351; baseline -0.006 -16"><span class='ocrx_word' id='word_1_68' title='bbox 347 1279 547 1351; x_wconf 84' lang='lat' dir='ltr'><strong>agendi</strong></span> <span class='ocrx_word' id='word_1_69' title='bbox 595 1278 907 1332; x_wconf 79' lang='lat' dir='ltr'><strong>rationibus</strong></span> <span class='ocrx_word' id='word_1_70' title='bbox 937 1284 990 1331; x_wconf 89' lang='lat' dir='ltr'><strong>et</strong></span> <span class='ocrx_word' id='word_1_71' title='bbox 1022 1291 1122 1346; x_wconf 89' lang='lat' dir='ltr'><strong>per</strong></span> <span class='ocrx_word' id='word_1_72' title='bbox 1168 1277 1333 1330; x_wconf 86' lang='lat' dir='ltr'><strong>vitam</strong></span> <span class='ocrx_word' id='word_1_73' title='bbox 1384 1275 1584 1330; x_wconf 87' lang='lat' dir='ltr'><strong>studiis</strong></span> <span class='ocrx_word' id='word_1_74' title='bbox 1634 1276 1814 1345; x_wconf 81' lang='lat' dir='ltr'><strong>angeli</strong></span> <span class='ocrx_word' id='word_1_75' title='bbox 1862 1288 1958 1345; x_wconf 91' lang='lat' dir='ltr'><strong>per</strong></span> 
     </span>
    </p>
   </div>
   <div class='ocr_carea' id='block_1_12' title="bbox 350 1365 1956 1442">
    <p class='ocr_par' dir='ltr' id='par_1_12' title="bbox 350 1365 1956 1442">
     <span class='ocr_line' id='line_1_12' title="bbox 350 1365 1956 1442; baseline -0.006 -13"><span class='ocrx_word' id='word_1_76' title='bbox 350 1377 597 1442; x_wconf 85' lang='lat' dir='ltr'><strong>ipsorum</strong></span> <span class='ocrx_word' id='word_1_77' title='bbox 638 1369 757 1424; x_wconf 87' lang='lat' dir='ltr'><strong>dies</strong></span> <span class='ocrx_word' id='word_1_78' title='bbox 793 1367 1156 1432; x_wconf 80' lang='lat' dir='ltr'><strong>comitantes,</strong></span> <span class='ocrx_word' id='word_1_79' title='bbox 1205 1366 1336 1422; x_wconf 90' lang='lat' dir='ltr'><strong>boni</strong></span> <span class='ocrx_word' id='word_1_80' title='bbox 1378 1374 1472 1422; x_wconf 81' lang='lat' dir='ltr'><strong>aut</strong></span> <span class='ocrx_word' id='word_1_81' title='bbox 1506 1365 1660 1431; x_wconf 82' lang='lat' dir='ltr'><strong>mali,</strong></span> <span class='ocrx_word' id='word_1_82' title='bbox 1708 1365 1956 1421; x_wconf 84' lang='lat' dir='ltr'><strong>veritatis</strong></span> 
     </span>
    </p>
   </div>
   <div class='ocr_carea' id='block_1_13' title="bbox 347 1458 1959 1529">
    <p class='ocr_par' dir='ltr' id='par_1_13' title="bbox 347 1458 1959 1529">
     <span class='ocr_line' id='line_1_13' title="bbox 347 1458 1959 1529; baseline -0.003 -13"><span class='ocrx_word' id='word_1_83' title='bbox 347 1471 444 1516; x_wconf 87' lang='lat' dir='ltr'><strong>aut</strong></span> <span class='ocrx_word' id='word_1_84' title='bbox 479 1461 751 1516; x_wconf 85' lang='lat' dir='ltr'><strong>mendacii</strong></span> <span class='ocrx_word' id='word_1_85' title='bbox 801 1467 1091 1524; x_wconf 72' lang='lat' dir='ltr'><strong>amantes,</strong></span> <span class='ocrx_word' id='word_1_86' title='bbox 1137 1458 1483 1514; x_wconf 86' lang='lat' dir='ltr'><strong>diversarum</strong></span> <span class='ocrx_word' id='word_1_87' title='bbox 1542 1458 1853 1529; x_wconf 76' lang='lat' dir='ltr'><strong>specierum</strong></span> <span class='ocrx_word' id='word_1_88' title='bbox 1903 1463 1959 1512; x_wconf 87' lang='lat' dir='ltr'><strong>et</strong></span> 
     </span>
    </p>
   </div>
   <div class='ocr_carea' id='block_1_14' title="bbox 346 1549 1960 1623">
    <p class='ocr_par' dir='ltr' id='par_1_14' title="bbox 346 1549 1960 1623">
     <span class='ocr_line' id='line_1_14' title="bbox 346 1549 1960 1623; baseline -0.002 -17"><span class='ocrx_word' id='word_1_89' title='bbox 346 1553 650 1607; x_wconf 83' lang='lat' dir='ltr'><strong>formarum</strong></span> <span class='ocrx_word' id='word_1_90' title='bbox 682 1559 1083 1623; x_wconf 83' lang='lat' dir='ltr'><strong>repraesentant</strong></span> <span class='ocrx_word' id='word_1_91' title='bbox 1121 1549 1365 1613; x_wconf 87' lang='lat' dir='ltr'><strong>somnia,</strong></span> <span class='ocrx_word' id='word_1_92' title='bbox 1400 1549 1562 1604; x_wconf 82' lang='lat' dir='ltr'><strong>aliter</strong></span> <span class='ocrx_word' id='word_1_93' title='bbox 1597 1549 1723 1604; x_wconf 88' lang='lat' dir='ltr'><strong>aliis</strong></span> <span class='ocrx_word' id='word_1_94' title='bbox 1751 1568 1764 1603; x_wconf 91' lang='lat'><strong>:</strong></span> <span class='ocrx_word' id='word_1_95' title='bbox 1799 1549 1960 1604; x_wconf 82' lang='lat' dir='ltr'><strong>aliter</strong></span> 
     </span>
    </p>
   </div>
   <div class='ocr_carea' id='block_1_15' title="bbox 348 1639 1960 1715">
    <p class='ocr_par' dir='ltr' id='par_1_15' title="bbox 348 1639 1960 1715">
     <span class='ocr_line' id='line_1_15' title="bbox 348 1639 1960 1715; baseline 0 -17"><span class='ocrx_word' id='word_1_96' title='bbox 348 1644 460 1700; x_wconf 90' lang='lat' dir='ltr'><strong>illis</strong></span> <span class='ocrx_word' id='word_1_97' title='bbox 519 1644 614 1715; x_wconf 88' lang='lat' dir='ltr'><strong>qui</strong></span> <span class='ocrx_word' id='word_1_98' title='bbox 665 1643 722 1698; x_wconf 91' lang='lat' dir='ltr'><strong>in</strong></span> <span class='ocrx_word' id='word_1_99' title='bbox 777 1643 1041 1698; x_wconf 89' lang='lat' dir='ltr'><strong>cordibus</strong></span> <span class='ocrx_word' id='word_1_100' title='bbox 1095 1656 1218 1696; x_wconf 89' lang='lat' dir='ltr'><strong>sese</strong></span> <span class='ocrx_word' id='word_1_101' title='bbox 1270 1640 1441 1695; x_wconf 84' lang='lat' dir='ltr'><strong>verbo</strong></span> <span class='ocrx_word' id='word_1_102' title='bbox 1489 1647 1543 1694; x_wconf 87' lang='lat' dir='ltr'><strong>et</strong></span> <span class='ocrx_word' id='word_1_103' title='bbox 1588 1639 1960 1699; x_wconf 73' lang='lat' dir='ltr'><strong>instructions</strong></span> 
     </span>
    </p>
   </div>
   <div class='ocr_carea' id='block_1_16' title="bbox 346 1730 1961 1806">
    <p class='ocr_par' dir='ltr' id='par_1_16' title="bbox 346 1730 1961 1806">
     <span class='ocr_line' id='line_1_16' title="bbox 346 1730 1961 1806; baseline -0.002 -15"><span class='ocrx_word' id='word_1_104' title='bbox 346 1745 610 1791; x_wconf 79' lang='lat' dir='ltr'><strong>exercent</strong></span> <span class='ocrx_word' id='word_1_105' title='bbox 643 1734 846 1806; x_wconf 80' lang='lat' dir='ltr'><strong>eﬂigies</strong></span> <span class='ocrx_word' id='word_1_106' title='bbox 889 1733 1168 1803; x_wconf 85' lang='lat' dir='ltr'><strong>praebent;</strong></span> <span class='ocrx_word' id='word_1_107' title='bbox 1223 1731 1384 1785; x_wconf 90' lang='lat' dir='ltr'><strong>aliter</strong></span> <span class='ocrx_word' id='word_1_108' title='bbox 1437 1730 1563 1785; x_wconf 87' lang='lat' dir='ltr'><strong>istis</strong></span> <span class='ocrx_word' id='word_1_109' title='bbox 1615 1730 1709 1802; x_wconf 89' lang='lat' dir='ltr'><strong>qui</strong></span> <span class='ocrx_word' id='word_1_110' title='bbox 1759 1731 1816 1786; x_wconf 91' lang='lat' dir='ltr'><strong>in</strong></span> <span class='ocrx_word' id='word_1_111' title='bbox 1861 1731 1961 1788; x_wconf 84' lang='lat' dir='ltr'><strong>de-</strong></span> 
     </span>
    </p>
   </div>
   <div class='ocr_carea' id='block_1_17' title="bbox 347 1823 1956 1894">
    <p class='ocr_par' dir='ltr' id='par_1_17' title="bbox 347 1823 1956 1894">
     <span class='ocr_line' id='line_1_17' title="bbox 347 1823 1956 1894; baseline -0.004 -8"><span class='ocrx_word' id='word_1_112' title='bbox 347 1839 502 1886; x_wconf 73' lang='lat' dir='ltr'><strong>serto</strong></span> <span class='ocrx_word' id='word_1_113' title='bbox 533 1827 834 1884; x_wconf 89' lang='lat' dir='ltr'><strong>asceticum</strong></span> <span class='ocrx_word' id='word_1_114' title='bbox 858 1833 912 1880; x_wconf 89' lang='lat' dir='ltr'><strong>et</strong></span> <span class='ocrx_word' id='word_1_115' title='bbox 939 1823 1250 1880; x_wconf 90' lang='lat' dir='ltr'><strong>solitarium</strong></span> <span class='ocrx_word' id='word_1_116' title='bbox 1277 1830 1590 1894; x_wconf 87' lang='lat' dir='ltr'><strong>sequuntur</strong></span> <span class='ocrx_word' id='word_1_117' title='bbox 1617 1837 1848 1878; x_wconf 91' lang='lat' dir='ltr'><strong>morem.</strong></span> <span class='ocrx_word' id='word_1_118' title='bbox 1880 1823 1956 1879; x_wconf 88' lang='lat' dir='ltr'><strong>De</strong></span> 
     </span>
    </p>
   </div>
   <div class='ocr_carea' id='block_1_18' title="bbox 349 1913 1958 1988">
    <p class='ocr_par' dir='ltr' id='par_1_18' title="bbox 349 1913 1958 1988">
     <span class='ocr_line' id='line_1_18' title="bbox 349 1913 1958 1988; baseline -0.004 -16"><span class='ocrx_word' id='word_1_119' title='bbox 349 1918 519 1972; x_wconf 79' lang='lat' dir='ltr'><strong>rebus</strong></span> <span class='ocrx_word' id='word_1_120' title='bbox 575 1915 780 1988; x_wconf 86' lang='lat' dir='ltr'><strong>quibus</strong></span> <span class='ocrx_word' id='word_1_121' title='bbox 837 1913 1168 1968; x_wconf 90' lang='lat' dir='ltr'><strong>incumbunt</strong></span> <span class='ocrx_word' id='word_1_122' title='bbox 1224 1913 1548 1968; x_wconf 89' lang='lat' dir='ltr'><strong>occasiones</strong></span> <span class='ocrx_word' id='word_1_123' title='bbox 1600 1919 1654 1968; x_wconf 89' lang='lat' dir='ltr'><strong>et</strong></span> <span class='ocrx_word' id='word_1_124' title='bbox 1709 1920 1958 1978; x_wconf 86' lang='lat' dir='ltr'><strong>sumunt,</strong></span> 
     </span>
    </p>
   </div>
   <div class='ocr_carea' id='block_1_19' title="bbox 352 2003 1963 2075">
    <p class='ocr_par' dir='ltr' id='par_1_19' title="bbox 352 2003 1963 2075">
     <span class='ocr_line' id='line_1_19' title="bbox 352 2003 1963 2075; baseline -0.002 -11"><span class='ocrx_word' id='word_1_125' title='bbox 352 2016 569 2064; x_wconf 85' lang='lat' dir='ltr'><strong>tentant</strong></span> <span class='ocrx_word' id='word_1_126' title='bbox 626 2016 681 2064; x_wconf 88' lang='lat' dir='ltr'><strong>et</strong></span> <span class='ocrx_word' id='word_1_127' title='bbox 742 2006 912 2060; x_wconf 86' lang='lat' dir='ltr'><strong>variis</strong></span> <span class='ocrx_word' id='word_1_128' title='bbox 961 2004 1141 2060; x_wconf 85' lang='lat' dir='ltr'><strong>modis</strong></span> <span class='ocrx_word' id='word_1_129' title='bbox 1197 2003 1255 2059; x_wconf 89' lang='lat' dir='ltr'><strong>in</strong></span> <span class='ocrx_word' id='word_1_130' title='bbox 1305 2005 1560 2075; x_wconf 85' lang='lat' dir='ltr'><strong>corporis</strong></span> <span class='ocrx_word' id='word_1_131' title='bbox 1628 2004 1963 2061; x_wconf 88' lang='lat' dir='ltr'><strong>dormitione</strong></span> 
     </span>
    </p>
   </div>
   <div class='ocr_carea' id='block_1_20' title="bbox 355 2089 1959 2170">
    <p class='ocr_par' dir='ltr' id='par_1_20' title="bbox 355 2089 1959 2170">
     <span class='ocr_line' id='line_1_20' title="bbox 355 2089 1959 2170; baseline -0.001 -17"><span class='ocrx_word' id='word_1_132' title='bbox 355 2089 595 2154; x_wconf 83' lang='lat' dir='ltr'><strong>animam</strong></span> <span class='ocrx_word' id='word_1_133' title='bbox 641 2098 827 2170; x_wconf 86' lang='lat' dir='ltr'><strong>vagari</strong></span> <span class='ocrx_word' id='word_1_134' title='bbox 867 2096 1117 2151; x_wconf 82' lang='lat' dir='ltr'><strong>faciunt:</strong></span> <span class='ocrx_word' id='word_1_135' title='bbox 1153 2111 1260 2151; x_wconf 88' lang='lat' dir='ltr'><strong>uno</strong></span> <span class='ocrx_word' id='word_1_136' title='bbox 1288 2097 1477 2161; x_wconf 86' lang='lat' dir='ltr'><strong>verbo,</strong></span> <span class='ocrx_word' id='word_1_137' title='bbox 1511 2096 1819 2167; x_wconf 87' lang='lat' dir='ltr'><strong>analogiam</strong></span> <span class='ocrx_word' id='word_1_138' title='bbox 1869 2096 1959 2152; x_wconf 88' lang='lat' dir='ltr'><strong>in-</strong></span> 
     </span>
    </p>
   </div>
   <div class='ocr_carea' id='block_1_21' title="bbox 355 2187 1962 2263">
    <p class='ocr_par' dir='ltr' id='par_1_21' title="bbox 355 2187 1962 2263">
     <span class='ocr_line' id='line_1_21' title="bbox 355 2187 1962 2263; baseline -0.002 -18"><span class='ocrx_word' id='word_1_139' title='bbox 355 2191 656 2263; x_wconf 86' lang='lat' dir='ltr'><strong>spiciamus</strong></span> <span class='ocrx_word' id='word_1_140' title='bbox 695 2203 885 2244; x_wconf 90' lang='lat' dir='ltr'><strong>earum</strong></span> <span class='ocrx_word' id='word_1_141' title='bbox 930 2201 1053 2258; x_wconf 69' lang='lat' dir='ltr'><strong>qua:</strong></span> <span class='ocrx_word' id='word_1_142' title='bbox 1093 2187 1148 2242; x_wconf 92' lang='lat' dir='ltr'><strong>in</strong></span> <span class='ocrx_word' id='word_1_143' title='bbox 1190 2188 1339 2241; x_wconf 89' lang='lat' dir='ltr'><strong>omni</strong></span> <span class='ocrx_word' id='word_1_144' title='bbox 1370 2187 1499 2242; x_wconf 70' lang='lat' dir='ltr'><strong>ioco</strong></span> <span class='ocrx_word' id='word_1_145' title='bbox 1538 2187 1606 2242; x_wconf 90' lang='lat' dir='ltr'><strong>ab</strong></span> <span class='ocrx_word' id='word_1_146' title='bbox 1646 2187 1962 2243; x_wconf 84' lang='lat' dir='ltr'><strong>hominibus</strong></span> 
     </span>
    </p>
   </div>
   <div class='ocr_carea' id='block_1_22' title="bbox 355 2279 1962 2352">
    <p class='ocr_par' dir='ltr' id='par_1_22' title="bbox 355 2279 1962 2352">
     <span class='ocr_line' id='line_1_22' title="bbox 355 2279 1962 2352; baseline -0.002 -15"><span class='ocrx_word' id='word_1_147' title='bbox 355 2284 776 2352; x_wconf 80' lang='lat' dir='ltr'><strong>frequentantur</strong></span> <span class='ocrx_word' id='word_1_148' title='bbox 829 2280 1190 2335; x_wconf 84' lang='lat' dir='ltr'><strong>scientiarum</strong></span> <span class='ocrx_word' id='word_1_149' title='bbox 1224 2286 1279 2334; x_wconf 87' lang='lat' dir='ltr'><strong>et</strong></span> <span class='ocrx_word' id='word_1_150' title='bbox 1311 2280 1513 2332; x_wconf 86' lang='lat' dir='ltr'><strong>artium</strong></span> <span class='ocrx_word' id='word_1_151' title='bbox 1551 2294 1581 2332; x_wconf 86' lang='lat' dir='ltr'><strong>a</strong></span> <span class='ocrx_word' id='word_1_152' title='bbox 1617 2279 1962 2349; x_wconf 77' lang='lat' dir='ltr'><strong>sapientibus</strong></span> 
     </span>
    </p>
   </div>
   <div class='ocr_carea' id='block_1_23' title="bbox 354 2370 1962 2444">
    <p class='ocr_par' dir='ltr' id='par_1_23' title="bbox 354 2370 1962 2444">
     <span class='ocr_line' id='line_1_23' title="bbox 354 2370 1962 2444; baseline -0.002 -16"><span class='ocrx_word' id='word_1_153' title='bbox 354 2381 410 2428; x_wconf 91' lang='lat' dir='ltr'><strong>ct</strong></span> <span class='ocrx_word' id='word_1_154' title='bbox 453 2373 868 2444; x_wconf 86' lang='lat' dir='ltr'><strong>insipientibus,</strong></span> <span class='ocrx_word' id='word_1_155' title='bbox 901 2371 1347 2427; x_wconf 83' lang='lat' dir='ltr'><strong>dominatoribus</strong></span> <span class='ocrx_word' id='word_1_156' title='bbox 1389 2378 1444 2426; x_wconf 86' lang='lat' dir='ltr'><strong>et</strong></span> <span class='ocrx_word' id='word_1_157' title='bbox 1487 2370 1737 2436; x_wconf 88' lang='lat' dir='ltr'><strong>domitis,</strong></span> <span class='ocrx_word' id='word_1_158' title='bbox 1771 2371 1962 2426; x_wconf 85' lang='lat' dir='ltr'><strong>diviti-</strong></span> 
     </span>
    </p>
   </div>
   <div class='ocr_carea' id='block_1_24' title="bbox 362 2462 1965 2536">
    <p class='ocr_par' dir='ltr' id='par_1_24' title="bbox 362 2462 1965 2536">
     <span class='ocr_line' id='line_1_24' title="bbox 362 2462 1965 2536; baseline 0.001 -18"><span class='ocrx_word' id='word_1_159' title='bbox 362 2463 468 2520; x_wconf 81' lang='lat' dir='ltr'><strong>bus</strong></span> <span class='ocrx_word' id='word_1_160' title='bbox 523 2472 577 2519; x_wconf 91' lang='lat' dir='ltr'><strong>et</strong></span> <span class='ocrx_word' id='word_1_161' title='bbox 637 2463 1011 2535; x_wconf 84' lang='lat' dir='ltr'><strong>pauperibus,</strong></span> <span class='ocrx_word' id='word_1_162' title='bbox 1068 2462 1404 2518; x_wconf 66' lang='lat' dir='ltr'><strong>dmmonium</strong></span> <span class='ocrx_word' id='word_1_163' title='bbox 1452 2466 1758 2529; x_wconf 83' lang='lat' dir='ltr'><strong>comitans,</strong></span> <span class='ocrx_word' id='word_1_164' title='bbox 1816 2465 1965 2536; x_wconf 84' lang='lat' dir='ltr'><strong>quod</strong></span> 
     </span>
    </p>
   </div>
   <div class='ocr_carea' id='block_1_25' title="bbox 364 2553 1965 2625">
    <p class='ocr_par' dir='ltr' id='par_1_25' title="bbox 364 2553 1965 2625">
     <span class='ocr_line' id='line_1_25' title="bbox 364 2553 1965 2625; baseline 0.005 -18"><span class='ocrx_word' id='word_1_165' title='bbox 364 2555 753 2625; x_wconf 87' lang='lat' dir='ltr'><strong>unusquisque</strong></span> <span class='ocrx_word' id='word_1_166' title='bbox 784 2555 853 2610; x_wconf 87' lang='lat' dir='ltr'><strong>ab</strong></span> <span class='ocrx_word' id='word_1_167' title='bbox 881 2553 1116 2608; x_wconf 67' lang='lat' dir='ltr'><strong>infantia</strong></span> <span class='ocrx_word' id='word_1_168' title='bbox 1155 2571 1333 2624; x_wconf 91' lang='lat' dir='ltr'><strong>usque</strong></span> <span class='ocrx_word' id='word_1_169' title='bbox 1363 2554 1432 2609; x_wconf 90' lang='lat' dir='ltr'><strong>ad</strong></span> <span class='ocrx_word' id='word_1_170' title='bbox 1460 2568 1694 2612; x_wconf 84' lang='lat' dir='ltr'><strong>mortem</strong></span> <span class='ocrx_word' id='word_1_171' title='bbox 1736 2557 1965 2615; x_wconf 89' lang='lat' dir='ltr'><strong>sortitus</strong></span> 
     </span>
    </p>
   </div>
   <div class='ocr_carea' id='block_1_26' title="bbox 360 2642 1965 2713">
    <p class='ocr_par' dir='ltr' id='par_1_26' title="bbox 360 2642 1965 2713">
     <span class='ocr_line' id='line_1_26' title="bbox 360 2642 1965 2713; baseline 0.002 -15"><span class='ocrx_word' id='word_1_172' title='bbox 360 2651 470 2707; x_wconf 85' lang='lat' dir='ltr'><strong>est,</strong></span> <span class='ocrx_word' id='word_1_173' title='bbox 509 2659 610 2697; x_wconf 88' lang='lat' dir='ltr'><strong>nec</strong></span> <span class='ocrx_word' id='word_1_174' title='bbox 647 2659 747 2713; x_wconf 80' lang='lat' dir='ltr'><strong>per</strong></span> <span class='ocrx_word' id='word_1_175' title='bbox 785 2659 1040 2699; x_wconf 88' lang='lat' dir='ltr'><strong>somnum</strong></span> <span class='ocrx_word' id='word_1_176' title='bbox 1072 2643 1168 2696; x_wconf 93' lang='lat' dir='ltr'><strong>illo</strong></span> <span class='ocrx_word' id='word_1_177' title='bbox 1207 2642 1371 2698; x_wconf 88' lang='lat' dir='ltr'><strong>modo</strong></span> <span class='ocrx_word' id='word_1_178' title='bbox 1423 2643 1680 2712; x_wconf 80' lang='lat' dir='ltr'><strong>relaxari,</strong></span> <span class='ocrx_word' id='word_1_179' title='bbox 1715 2661 1816 2702; x_wconf 89' lang='lat' dir='ltr'><strong>nec</strong></span> <span class='ocrx_word' id='word_1_180' title='bbox 1852 2647 1965 2702; x_wconf 93' lang='lat' dir='ltr'><strong>otio</strong></span> 
     </span>
    </p>
   </div>
   <div class='ocr_carea' id='block_1_27' title="bbox 365 2732 1968 2808">
    <p class='ocr_par' dir='ltr' id='par_1_27' title="bbox 365 2732 1968 2808">
     <span class='ocr_line' id='line_1_27' title="bbox 365 2732 1968 2808; baseline 0.002 -22"><span class='ocrx_word' id='word_1_181' title='bbox 365 2742 462 2786; x_wconf 91' lang='lat' dir='ltr'><strong>aut</strong></span> <span class='ocrx_word' id='word_1_182' title='bbox 479 2733 787 2803; x_wconf 67' lang='lat' dir='ltr'><strong>disciplina:</strong></span> <span class='ocrx_word' id='word_1_183' title='bbox 804 2733 1169 2788; x_wconf 85' lang='lat' dir='ltr'><strong>minorationi</strong></span> <span class='ocrx_word' id='word_1_184' title='bbox 1190 2732 1478 2803; x_wconf 86' lang='lat' dir='ltr'><strong>indulgere</strong></span> <span class='ocrx_word' id='word_1_185' title='bbox 1504 2734 1640 2790; x_wconf 88' lang='lat' dir='ltr'><strong>sinit</strong></span> <span class='ocrx_word' id='word_1_186' title='bbox 1661 2735 1968 2808; x_wconf 81' lang='lat' dir='ltr'><strong>intelligen-</strong></span> 
     </span>
    </p>
   </div>
   <div class='ocr_carea' id='block_1_28' title="bbox 358 2822 1968 2898">
    <p class='ocr_par' dir='ltr' id='par_1_28' title="bbox 358 2822 1968 2898">
     <span class='ocr_line' id='line_1_28' title="bbox 358 2822 1968 2898; baseline 0.002 -19"><span class='ocrx_word' id='word_1_187' title='bbox 358 2834 472 2880; x_wconf 81' lang='lat' dir='ltr'><strong>tem</strong></span> <span class='ocrx_word' id='word_1_188' title='bbox 493 2822 756 2887; x_wconf 76' lang='lat' dir='ltr'><strong>animam,</strong></span> <span class='ocrx_word' id='word_1_189' title='bbox 786 2822 880 2878; x_wconf 86' lang='lat' dir='ltr'><strong>sed</strong></span> <span class='ocrx_word' id='word_1_190' title='bbox 905 2831 1021 2877; x_wconf 91' lang='lat' dir='ltr'><strong>tum</strong></span> <span class='ocrx_word' id='word_1_191' title='bbox 1054 2823 1330 2879; x_wconf 83' lang='lat' dir='ltr'><strong>illecebris</strong></span> <span class='ocrx_word' id='word_1_192' title='bbox 1361 2825 1726 2892; x_wconf 86' lang='lat' dir='ltr'><strong>naturalibus,</strong></span> <span class='ocrx_word' id='word_1_193' title='bbox 1745 2828 1968 2898; x_wconf 88' lang='lat' dir='ltr'><strong>ineptiis</strong></span> 
     </span>
    </p>
   </div>
   <div class='ocr_carea' id='block_1_29' title="bbox 363 2912 1968 2986">
    <p class='ocr_par' dir='ltr' id='par_1_29' title="bbox 363 2912 1968 2986">
     <span class='ocr_line' id='line_1_29' title="bbox 363 2912 1968 2986; baseline 0.006 -19"><span class='ocrx_word' id='word_1_194' title='bbox 363 2913 616 2969; x_wconf 78' lang='lat' dir='ltr'><strong>mirificis</strong></span> <span class='ocrx_word' id='word_1_195' title='bbox 649 2921 704 2968; x_wconf 93' lang='lat' dir='ltr'><strong>et</strong></span> <span class='ocrx_word' id='word_1_196' title='bbox 744 2912 940 2969; x_wconf 84' lang='lat' dir='ltr'><strong>form-is</strong></span> <span class='ocrx_word' id='word_1_197' title='bbox 972 2914 1275 2972; x_wconf 82' lang='lat' dir='ltr'><strong>levioribus</strong></span> <span class='ocrx_word' id='word_1_198' title='bbox 1310 2930 1475 2986; x_wconf 87' lang='lat' dir='ltr'><strong>quam</strong></span> <span class='ocrx_word' id='word_1_199' title='bbox 1508 2916 1665 2972; x_wconf 81' lang='lat' dir='ltr'><strong>nives</strong></span> <span class='ocrx_word' id='word_1_200' title='bbox 1697 2926 1749 2972; x_wconf 90' lang='lat' dir='ltr'><strong>et</strong></span> <span class='ocrx_word' id='word_1_201' title='bbox 1776 2918 1968 2976; x_wconf 48' lang='lat' dir='ltr'><strong>elatio.</strong></span> 
     </span>
    </p>
   </div>
   <div class='ocr_carea' id='block_1_30' title="bbox 361 3004 1968 3074">
    <p class='ocr_par' dir='ltr' id='par_1_30' title="bbox 361 3004 1968 3074">
     <span class='ocr_line' id='line_1_30' title="bbox 361 3004 1968 3074; baseline 0.005 -16"><span class='ocrx_word' id='word_1_202' title='bbox 361 3004 528 3058; x_wconf 83' lang='lat' dir='ltr'><strong>nibus</strong></span> <span class='ocrx_word' id='word_1_203' title='bbox 551 3005 743 3074; x_wconf 81' lang='lat' dir='ltr'><strong>vagari</strong></span> <span class='ocrx_word' id='word_1_204' title='bbox 779 3005 987 3072; x_wconf 85' lang='lat' dir='ltr'><strong>trahit;</strong></span> <span class='ocrx_word' id='word_1_205' title='bbox 1015 3013 1136 3060; x_wconf 70' lang='lat' dir='ltr'><strong>tum</strong></span> <span class='ocrx_word' id='word_1_206' title='bbox 1166 3006 1461 3071; x_wconf 81' lang='lat' dir='ltr'><strong>molestiis,</strong></span> <span class='ocrx_word' id='word_1_207' title='bbox 1483 3008 1818 3074; x_wconf 85' lang='lat' dir='ltr'><strong>terroribus,</strong></span> <span class='ocrx_word' id='word_1_208' title='bbox 1847 3018 1968 3066; x_wconf 81' lang='lat' dir='ltr'><strong>tur-</strong></span> 
     </span>
    </p>
   </div>
   <div class='ocr_carea' id='block_1_31' title="bbox 358 3091 1963 3158">
    <p class='ocr_par' dir='ltr' id='par_1_31' title="bbox 358 3091 1963 3158">
     <span class='ocr_line' id='line_1_31' title="bbox 358 3091 1963 3158; baseline 0.006 -12"><span class='ocrx_word' id='word_1_209' title='bbox 358 3091 681 3147; x_wconf 75' lang='lat' dir='ltr'><strong>bationibus</strong></span> <span class='ocrx_word' id='word_1_210' title='bbox 712 3092 1004 3158; x_wconf 79' lang='lat' dir='ltr'><strong>nefandis,</strong></span> <span class='ocrx_word' id='word_1_211' title='bbox 1031 3094 1362 3149; x_wconf 87' lang='lat' dir='ltr'><strong>tremoribus</strong></span> <span class='ocrx_word' id='word_1_212' title='bbox 1396 3102 1451 3149; x_wconf 89' lang='lat' dir='ltr'><strong>et</strong></span> <span class='ocrx_word' id='word_1_213' title='bbox 1487 3094 1963 3156; x_wconf 87' lang='lat' dir='ltr'><strong>humiliationibus</strong></span> 
     </span>
    </p>
   </div>
   <div class='ocr_carea' id='block_1_32' title="bbox 376 3179 1964 3250">
    <p class='ocr_par' dir='ltr' id='par_1_32' title="bbox 376 3179 1964 3250">
     <span class='ocr_line' id='line_1_32' title="bbox 376 3179 1964 3250; baseline 0.005 -18"><span class='ocrx_word' id='word_1_214' title='bbox 376 3187 688 3234; x_wconf 82' lang='lat' dir='ltr'><strong>commovet</strong></span> <span class='ocrx_word' id='word_1_215' title='bbox 707 3187 769 3234; x_wconf 85' lang='lat' dir='ltr'><strong>et</strong></span> <span class='ocrx_word' id='word_1_216' title='bbox 802 3181 1072 3250; x_wconf 68' lang='lat' dir='ltr'><strong>percellit.</strong></span> <span class='ocrx_word' id='word_1_217' title='bbox 1097 3179 1308 3236; x_wconf 83' lang='lat' dir='ltr'><strong>Idcirco</strong></span> <span class='ocrx_word' id='word_1_218' title='bbox 1334 3197 1402 3237; x_wconf 92' lang='lat' dir='ltr'><strong>ne</strong></span> <span class='ocrx_word' id='word_1_219' title='bbox 1427 3181 1598 3239; x_wconf 89' lang='lat' dir='ltr'><strong>nimis</strong></span> <span class='ocrx_word' id='word_1_220' title='bbox 1626 3185 1964 3240; x_wconf 77' lang='lat' dir='ltr'><strong>somniorum</strong></span> 
     </span>
    </p>
   </div>
   <div class='ocr_carea' id='block_1_33' title="bbox 360 3267 1964 3353">
    <p class='ocr_par' dir='ltr' id='par_1_33' title="bbox 360 3267 1964 3353">
     <span class='ocr_line' id='line_1_33' title="bbox 360 3267 1964 3353; baseline 0.007 -37"><span class='ocrx_word' id='word_1_221' title='bbox 360 3278 522 3334; x_wconf 61' lang='lat' dir='ltr'><strong>nugae</strong></span> <span class='ocrx_word' id='word_1_222' title='bbox 544 3272 605 3319; x_wconf 78' lang='lat' dir='ltr'><strong>te</strong></span> <span class='ocrx_word' id='word_1_223' title='bbox 630 3273 894 3333; x_wconf 84' lang='lat' dir='ltr'><strong>terreant,</strong></span> <span class='ocrx_word' id='word_1_224' title='bbox 933 3267 1292 3322; x_wconf 89' lang='lat' dir='ltr'><strong>commendat</strong></span> <span class='ocrx_word' id='word_1_225' title='bbox 1346 3269 1600 3326; x_wconf 85' lang='lat' dir='ltr'><strong>sublimis</strong></span> <span class='ocrx_word' id='word_1_226' title='bbox 1653 3270 1964 3353; x_wconf 54' lang='lat' dir='ltr'><strong>theologus,</strong></span> 
     </span>
    </p>
   </div>
   <div class='ocr_carea' id='block_1_34' title="bbox 359 3353 1966 3422">
    <p class='ocr_par' dir='ltr' id='par_1_34' title="bbox 359 3353 1966 3422">
     <span class='ocr_line' id='line_1_34' title="bbox 359 3353 1966 3422; baseline 0.005 -18"><span class='ocrx_word' id='word_1_227' title='bbox 359 3365 543 3419; x_wconf 83' lang='lat' dir='ltr'><strong>neque</strong></span> <span class='ocrx_word' id='word_1_228' title='bbox 601 3367 861 3422; x_wconf 71' lang='lat' dir='ltr'><strong>mag-num</strong></span> <span class='ocrx_word' id='word_1_229' title='bbox 913 3353 1044 3422; x_wconf 86' lang='lat' dir='ltr'><strong>quid</strong></span> <span class='ocrx_word' id='word_1_230' title='bbox 1089 3354 1293 3408; x_wconf 89' lang='lat' dir='ltr'><strong>malum</strong></span> <span class='ocrx_word' id='word_1_231' title='bbox 1350 3355 1625 3412; x_wconf 81' lang='lat' dir='ltr'><strong>bonumve</strong></span> <span class='ocrx_word' id='word_1_232' title='bbox 1665 3359 1966 3415; x_wconf 84' lang='lat' dir='ltr'><strong>rerelantia</strong></span> 
     </span>
    </p>
   </div>
   <div class='ocr_carea' id='block_1_35' title="bbox 363 3447 1968 3522">
    <p class='ocr_par' dir='ltr' id='par_1_35' title="bbox 363 3447 1968 3522">
     <span class='ocr_line' id='line_1_35' title="bbox 363 3447 1968 3522; baseline 0.007 -28"><span class='ocrx_word' id='word_1_233' title='bbox 363 3447 610 3494; x_wconf 87' lang='lat' dir='ltr'><strong>metuere</strong></span> <span class='ocrx_word' id='word_1_234' title='bbox 645 3452 740 3494; x_wconf 85' lang='lat' dir='ltr'><strong>aut</strong></span> <span class='ocrx_word' id='word_1_235' title='bbox 787 3450 1031 3512; x_wconf 48' lang='lat' dir='ltr'><strong>stupere,</strong></span> <span class='ocrx_word' id='word_1_236' title='bbox 1079 3457 1184 3498; x_wconf 82' lang='lat' dir='ltr'><strong>nec</strong></span> <span class='ocrx_word' id='word_1_237' title='bbox 1238 3447 1402 3499; x_wconf 88' lang='lat' dir='ltr'><strong>etiam</strong></span> <span class='ocrx_word' id='word_1_238' title='bbox 1453 3449 1664 3512; x_wconf 80' lang='lat' dir='ltr'><strong>extolli,</strong></span> <span class='ocrx_word' id='word_1_239' title='bbox 1713 3465 1968 3522; x_wconf 88' lang='lat' dir='ltr'><strong>vanaque</strong></span> 
     </span>
    </p>
   </div>
   <div class='ocr_carea' id='block_1_36' title="bbox 374 3529 1968 3602">
    <p class='ocr_par' dir='ltr' id='par_1_36' title="bbox 374 3529 1968 3602">
     <span class='ocr_line' id='line_1_36' title="bbox 374 3529 1968 3602; baseline 0.009 -20"><span class='ocrx_word' id='word_1_240' title='bbox 374 3543 473 3596; x_wconf 87' lang='lat' dir='ltr'><strong>spe</strong></span> <span class='ocrx_word' id='word_1_241' title='bbox 505 3529 559 3581; x_wconf 91' lang='lat' dir='ltr'><strong>in</strong></span> <span class='ocrx_word' id='word_1_242' title='bbox 596 3531 796 3597; x_wconf 87' lang='lat' dir='ltr'><strong>spiritu</strong></span> <span class='ocrx_word' id='word_1_243' title='bbox 841 3531 1132 3602; x_wconf 74' lang='lat' dir='ltr'><strong>superbire</strong></span> <span class='ocrx_word' id='word_1_244' title='bbox 1162 3542 1396 3602; x_wconf 87' lang='lat' dir='ltr'><strong>oportet.</strong></span> <span class='ocrx_word' id='word_1_245' title='bbox 1426 3534 1644 3592; x_wconf 79' lang='lat' dir='ltr'><strong>lnsidia:</strong></span> <span class='ocrx_word' id='word_1_246' title='bbox 1679 3537 1795 3593; x_wconf 61' lang='lat' dir='ltr'><strong>bac</strong></span> <span class='ocrx_word' id='word_1_247' title='bbox 1821 3541 1968 3596; x_wconf 85' lang='lat' dir='ltr'><strong>mul-</strong></span> 
     </span>
    </p>
   </div>
   <div class='ocr_carea' id='block_1_37' title="bbox 375 3617 1326 3686">
    <p class='ocr_par' dir='ltr' id='par_1_37' title="bbox 375 3617 1326 3686">
     <span class='ocr_line' id='line_1_37' title="bbox 375 3617 1326 3686; baseline 0.008 -17"><span class='ocrx_word' id='word_1_248' title='bbox 375 3617 450 3670; x_wconf 86' lang='lat' dir='ltr'><strong>tis</strong></span> <span class='ocrx_word' id='word_1_249' title='bbox 477 3629 620 3685; x_wconf 67' lang='lat' dir='ltr'><strong>saepe</strong></span> <span class='ocrx_word' id='word_1_250' title='bbox 641 3619 708 3671; x_wconf 87' lang='lat' dir='ltr'><strong>ab</strong></span> <span class='ocrx_word' id='word_1_251' title='bbox 739 3618 901 3674; x_wconf 77' lang='lat' dir='ltr'><strong>Hoste</strong></span> <span class='ocrx_word' id='word_1_252' title='bbox 931 3629 1138 3686; x_wconf 79' lang='lat' dir='ltr'><strong>paratae</strong></span> <span class='ocrx_word' id='word_1_253' title='bbox 1175 3632 1326 3678; x_wconf 90' lang='lat' dir='ltr'><strong>sunt.</strong></span> 
     </span>
    </p>
   </div>
   <div class='ocr_carea' id='block_1_38' title="bbox 1711 336 2260 397">
    <p class='ocr_par' dir='ltr' id='par_1_38' title="bbox 1711 336 2260 397">
     <span class='ocr_line' id='line_1_38' title="bbox 1711 336 2260 397; baseline 0.002 -4"><span class='ocrx_word' id='word_1_254' title='bbox 1711 336 2013 397; x_wconf 82' lang='lat' dir='ltr'><strong>NICETAS</strong></span> <span class='ocrx_word' id='word_1_255' title='bbox 2055 337 2260 395; x_wconf 73' lang='lat' dir='ltr'><strong>DAVlD</strong></span> 
     </span>
    </p>
   </div>
   <div class='ocr_carea' id='block_1_39' title="bbox 3524 335 3633 395">
    <p class='ocr_par' dir='ltr' id='par_1_39' title="bbox 3524 335 3633 395">
     <span class='ocr_line' id='line_1_39' title="bbox 3524 335 3633 395; baseline -0.037 0"><span class='ocrx_word' id='word_1_256' title='bbox 3524 335 3633 395; x_wconf 65' lang='grc' dir='ltr'><strong>εδδ</strong></span> 
     </span>
    </p>
   </div>
   <div class='ocr_carea' id='block_1_40' title="bbox 2053 454 3626 530">
    <p class='ocr_par' dir='ltr' id='par_1_40' title="bbox 2053 454 3626 530">
     <span class='ocr_line' id='line_1_40' title="bbox 2053 454 3626 530; baseline 0 -20"><span class='ocrx_word' id='word_1_257' title='bbox 2053 459 2192 524; x_wconf 84' lang='grc' dir='ltr'>λίας,</span> <span class='ocrx_word' id='word_1_258' title='bbox 2231 459 2376 530; x_wconf 84' lang='grc' dir='ltr'>ἇπερ</span> <span class='ocrx_word' id='word_1_259' title='bbox 2419 455 2750 529; x_wconf 81' lang='grc' dir='ltr'>ἐγρηγορυῖα</span> <span class='ocrx_word' id='word_1_260' title='bbox 2788 457 2854 511; x_wconf 77' lang='grc' dir='ltr'><strong>δι’</strong></span> <span class='ocrx_word' id='word_1_261' title='bbox 2881 454 3186 528; x_wconf 74' lang='grc' dir='ltr'>αἰσθήσεως</span> <span class='ocrx_word' id='word_1_262' title='bbox 3226 455 3408 526; x_wconf 80' lang='grc' dir='ltr'>πάσης</span> <span class='ocrx_word' id='word_1_263' title='bbox 3447 471 3626 511; x_wconf 76' lang='grc' dir='ltr'>ποικι-</span> 
     </span>
    </p>
   </div>
   <div class='ocr_carea' id='block_1_41' title="bbox 2052 546 3629 620">
    <p class='ocr_par' dir='ltr' id='par_1_41' title="bbox 2052 546 3629 620">
     <span class='ocr_line' id='line_1_41' title="bbox 2052 546 3629 620; baseline -0.001 -19"><span class='ocrx_word' id='word_1_264' title='bbox 2052 549 2329 620; x_wconf 89' lang='grc' dir='ltr'>λοτρόπως</span> <span class='ocrx_word' id='word_1_265' title='bbox 2377 547 2780 617; x_wconf 79' lang='grc' dir='ltr'>ἐφαντασιώθη.</span> <span class='ocrx_word' id='word_1_266' title='bbox 2813 547 3000 600; x_wconf 80' lang='grc' dir='ltr'>Ταῦτα</span> <span class='ocrx_word' id='word_1_267' title='bbox 3037 547 3100 617; x_wconf 87' lang='grc' dir='ltr'>δὴ</span> <span class='ocrx_word' id='word_1_268' title='bbox 3145 546 3214 600; x_wconf 87' lang='grc' dir='ltr'><strong>τά</strong></span> <span class='ocrx_word' id='word_1_269' title='bbox 3255 546 3366 600; x_wconf 89' lang='grc' dir='ltr'><strong>τῶν</strong></span> <span class='ocrx_word' id='word_1_270' title='bbox 3415 546 3565 620; x_wconf 75' lang='grc' dir='ltr'>ὕπαρ</span> <span class='ocrx_word' id='word_1_271' title='bbox 3595 551 3629 619; x_wconf 72' lang='grc' dir='ltr'>ἡ</span> 
     </span>
    </p>
   </div>
   <div class='ocr_carea' id='block_1_42' title="bbox 2050 637 3634 710">
    <p class='ocr_par' dir='ltr' id='par_1_42' title="bbox 2050 637 3634 710">
     <span class='ocr_line' id='line_1_42' title="bbox 2050 637 3634 710; baseline -0.001 -19"><span class='ocrx_word' id='word_1_272' title='bbox 2050 638 2198 709; x_wconf 78' lang='grc' dir='ltr'>ψυχὴ</span> <span class='ocrx_word' id='word_1_273' title='bbox 2231 639 2670 708; x_wconf 72' lang='grc' dir='ltr'>ἐμφανισθέντων</span> <span class='ocrx_word' id='word_1_274' title='bbox 2710 639 2846 710; x_wconf 75' lang='grc' dir='ltr'>αὐτῇ</span> <span class='ocrx_word' id='word_1_275' title='bbox 2875 637 3360 707; x_wconf 79' lang='grc' dir='ltr'>ἐγκαταλείμματα</span> <span class='ocrx_word' id='word_1_276' title='bbox 3389 637 3468 707; x_wconf 79' lang='grc' dir='ltr'>τῷ</span> <span class='ocrx_word' id='word_1_277' title='bbox 3501 654 3634 708; x_wconf 83' lang='grc' dir='ltr'>μνη-</span> 
     </span>
    </p>
   </div>
   <div class='ocr_carea' id='block_1_43' title="bbox 2055 728 3634 801">
    <p class='ocr_par' dir='ltr' id='par_1_43' title="bbox 2055 728 3634 801">
     <span class='ocr_line' id='line_1_43' title="bbox 2055 728 3634 801; baseline 0.001 -18"><span class='ocrx_word' id='word_1_278' title='bbox 2055 729 2261 801; x_wconf 84' lang='grc' dir='ltr'>μονικῷ</span> <span class='ocrx_word' id='word_1_279' title='bbox 2295 731 2714 801; x_wconf 81' lang='grc' dir='ltr'><strong>συγκεχυμένως</strong></span> <span class='ocrx_word' id='word_1_280' title='bbox 2762 729 2858 784; x_wconf 75' lang='grc' dir='ltr'>καὶ</span> <span class='ocrx_word' id='word_1_281' title='bbox 2907 728 3130 797; x_wconf 80' lang='grc' dir='ltr'><strong>ἀσαφῶς</strong></span> <span class='ocrx_word' id='word_1_282' title='bbox 3162 729 3634 798; x_wconf 76' lang='grc' dir='ltr'>ἀναπεμπάζουσα</span> 
     </span>
    </p>
   </div>
   <div class='ocr_carea' id='block_1_44' title="bbox 2053 820 3631 892">
    <p class='ocr_par' dir='ltr' id='par_1_44' title="bbox 2053 820 3631 892">
     <span class='ocr_line' id='line_1_44' title="bbox 2053 820 3631 892; baseline 0.001 -17"><span class='ocrx_word' id='word_1_283' title='bbox 2053 821 2175 875; x_wconf 78' lang='grc' dir='ltr'>καθ’</span> <span class='ocrx_word' id='word_1_284' title='bbox 2205 820 2424 886; x_wconf 74' lang='grc' dir='ltr'>ὕπνους,</span> <span class='ocrx_word' id='word_1_285' title='bbox 2452 823 2547 875; x_wconf 78' lang='grc' dir='ltr'>καὶ</span> <span class='ocrx_word' id='word_1_286' title='bbox 2579 822 2862 892; x_wconf 84' lang='grc' dir='ltr'>ἀμαυροὺς</span> <span class='ocrx_word' id='word_1_287' title='bbox 2911 820 3153 892; x_wconf 79' lang='grc' dir='ltr'><strong>ὀνείρους</strong></span> <span class='ocrx_word' id='word_1_288' title='bbox 3195 820 3631 886; x_wconf 69' lang='grc' dir='ltr'>ἀναπλάττουσι,</span> 
     </span>
    </p>
   </div>
   <div class='ocr_carea' id='block_1_45' title="bbox 2053 909 3636 980">
    <p class='ocr_par' dir='ltr' id='par_1_45' title="bbox 2053 909 3636 980">
     <span class='ocr_line' id='line_1_45' title="bbox 2053 909 3636 980; baseline 0 -15"><span class='ocrx_word' id='word_1_289' title='bbox 2053 912 2399 976; x_wconf 75' lang='grc' dir='ltr'>διαπαίζεται</span> <span class='ocrx_word' id='word_1_290' title='bbox 2445 912 2541 966; x_wconf 68' lang='grc' dir='ltr'>καὶ</span> <span class='ocrx_word' id='word_1_291' title='bbox 2588 911 2880 970; x_wconf 81' lang='grc' dir='ltr'>πλανᾶται,</span> <span class='ocrx_word' id='word_1_292' title='bbox 2925 909 3318 980; x_wconf 84' lang='grc' dir='ltr'>περιχαίνουσα</span> <span class='ocrx_word' id='word_1_293' title='bbox 3362 912 3484 974; x_wconf 88' lang='grc' dir='ltr'>ταῖς</span> <span class='ocrx_word' id='word_1_294' title='bbox 3528 912 3636 965; x_wconf 83' lang='grc' dir='ltr'><strong>τῶν</strong></span> 
     </span>
    </p>
   </div>
   <div class='ocr_carea' id='block_1_46' title="bbox 2058 996 3636 1074">
    <p class='ocr_par' dir='ltr' id='par_1_46' title="bbox 2058 996 3636 1074">
     <span class='ocr_line' id='line_1_46' title="bbox 2058 996 3636 1074; baseline -0.002 -17"><span class='ocrx_word' id='word_1_295' title='bbox 2058 1005 2436 1074; x_wconf 85' lang='grc' dir='ltr'>ματαιοτήτων</span> <span class='ocrx_word' id='word_1_296' title='bbox 2472 1003 2848 1074; x_wconf 87' lang='grc' dir='ltr'>ματαιότησιν.</span> <span class='ocrx_word' id='word_1_297' title='bbox 2891 1001 2963 1054; x_wconf 82' lang='grc' dir='ltr'><strong>’Ἢ</strong></span> <span class='ocrx_word' id='word_1_298' title='bbox 2993 996 3085 1053; x_wconf 82' lang='grc' dir='ltr'>οὖν</span> <span class='ocrx_word' id='word_1_299' title='bbox 3114 1002 3179 1053; x_wconf 83' lang='grc' dir='ltr'><strong>ἐκ</strong></span> <span class='ocrx_word' id='word_1_300' title='bbox 3209 1000 3435 1066; x_wconf 87' lang='grc' dir='ltr'>τούτων,</span> <span class='ocrx_word' id='word_1_301' title='bbox 3474 1001 3508 1072; x_wconf 79' lang='grc' dir='ltr'><strong>ἢ</strong></span> <span class='ocrx_word' id='word_1_302' title='bbox 3542 1003 3636 1056; x_wconf 76' lang='grc' dir='ltr'>καὶ</span> 
     </span>
    </p>
   </div>
   <div class='ocr_carea' id='block_1_47' title="bbox 2055 1091 3638 1164">
    <p class='ocr_par' dir='ltr' id='par_1_47' title="bbox 2055 1091 3638 1164">
     <span class='ocr_line' id='line_1_47' title="bbox 2055 1091 3638 1164; baseline -0.001 -19"><span class='ocrx_word' id='word_1_303' title='bbox 2055 1092 2115 1159; x_wconf 82' lang='grc' dir='ltr'>ἐξ</span> <span class='ocrx_word' id='word_1_304' title='bbox 2150 1092 2328 1163; x_wconf 77' lang='grc' dir='ltr'>ἔργων</span> <span class='ocrx_word' id='word_1_305' title='bbox 2349 1093 2623 1164; x_wconf 81' lang='grc' dir='ltr'>ὴμερινῶν</span> <span class='ocrx_word' id='word_1_306' title='bbox 2651 1094 2747 1146; x_wconf 80' lang='grc' dir='ltr'>καὶ</span> <span class='ocrx_word' id='word_1_307' title='bbox 2775 1091 2956 1145; x_wconf 79' lang='grc' dir='ltr'>πόνων</span> <span class='ocrx_word' id='word_1_308' title='bbox 2990 1091 3084 1144; x_wconf 73' lang='grc' dir='ltr'>καὶ</span> <span class='ocrx_word' id='word_1_309' title='bbox 3113 1091 3408 1163; x_wconf 83' lang='grc' dir='ltr'>φροντίδων</span> <span class='ocrx_word' id='word_1_310' title='bbox 3431 1092 3638 1164; x_wconf 81' lang='grc' dir='ltr'>ἀπηχή-</span> 
     </span>
    </p>
   </div>
   <div class='ocr_carea' id='block_1_48' title="bbox 2059 1182 3637 1256">
    <p class='ocr_par' dir='ltr' id='par_1_48' title="bbox 2059 1182 3637 1256">
     <span class='ocr_line' id='line_1_48' title="bbox 2059 1182 3637 1256; baseline 0.001 -19"><span class='ocrx_word' id='word_1_311' title='bbox 2059 1185 2212 1254; x_wconf 79' lang='grc' dir='ltr'>ματά</span> <span class='ocrx_word' id='word_1_312' title='bbox 2249 1201 2376 1238; x_wconf 90' lang='grc' dir='ltr'>τινα</span> <span class='ocrx_word' id='word_1_313' title='bbox 2406 1186 2474 1256; x_wconf 75' lang='grc' dir='ltr'>τῇ</span> <span class='ocrx_word' id='word_1_314' title='bbox 2511 1184 2618 1238; x_wconf 83' lang='grc' dir='ltr'><strong>τῶν</strong></span> <span class='ocrx_word' id='word_1_315' title='bbox 2651 1183 2956 1256; x_wconf 75' lang='grc' dir='ltr'>αἰσθήσεων</span> <span class='ocrx_word' id='word_1_316' title='bbox 2998 1182 3206 1254; x_wconf 73' lang='grc' dir='ltr'>ἠρεμία</span> <span class='ocrx_word' id='word_1_317' title='bbox 3237 1185 3270 1252; x_wconf 79' lang='grc' dir='ltr'><strong>ἡ</strong></span> <span class='ocrx_word' id='word_1_318' title='bbox 3302 1184 3637 1255; x_wconf 73' lang='grc' dir='ltr'><strong>φανταστικὴ</strong></span> 
     </span>
    </p>
   </div>
   <div class='ocr_carea' id='block_1_49' title="bbox 2056 1269 3639 1346">
    <p class='ocr_par' dir='ltr' id='par_1_49' title="bbox 2056 1269 3639 1346">
     <span class='ocr_line' id='line_1_49' title="bbox 2056 1269 3639 1346; baseline -0.001 -19"><span class='ocrx_word' id='word_1_319' title='bbox 2056 1275 2152 1327; x_wconf 76' lang='grc' dir='ltr'>καὶ</span> <span class='ocrx_word' id='word_1_320' title='bbox 2181 1275 2373 1344; x_wconf 80' lang='grc' dir='ltr'>λογικὴ</span> <span class='ocrx_word' id='word_1_321' title='bbox 2400 1275 2499 1346; x_wconf 84' lang='grc' dir='ltr'>τῆς</span> <span class='ocrx_word' id='word_1_322' title='bbox 2523 1273 2704 1344; x_wconf 79' lang='grc' dir='ltr'>ψυχῆς</span> <span class='ocrx_word' id='word_1_323' title='bbox 2729 1272 2957 1344; x_wconf 79' lang='grc' dir='ltr'>δύναμις</span> <span class='ocrx_word' id='word_1_324' title='bbox 2974 1311 2995 1338; x_wconf 92' lang='grc'><strong>,</strong></span> <span class='ocrx_word' id='word_1_325' title='bbox 3040 1273 3348 1343; x_wconf 80' lang='grc' dir='ltr'><strong>ἀεικίνητος</strong></span> <span class='ocrx_word' id='word_1_326' title='bbox 3377 1269 3513 1328; x_wconf 78' lang='grc' dir='ltr'>οὖσα</span> <span class='ocrx_word' id='word_1_327' title='bbox 3545 1273 3639 1326; x_wconf 78' lang='grc' dir='ltr'>καὶ</span> 
     </span>
    </p>
   </div>
   <div class='ocr_carea' id='block_1_50' title="bbox 2055 1363 3640 1440">
    <p class='ocr_par' dir='ltr' id='par_1_50' title="bbox 2055 1363 3640 1440">
     <span class='ocr_line' id='line_1_50' title="bbox 2055 1363 3640 1440; baseline 0.001 -24"><span class='ocrx_word' id='word_1_328' title='bbox 2055 1364 2476 1436; x_wconf 83' lang='grc' dir='ltr'>όνειρὼσσουσα,</span> <span class='ocrx_word' id='word_1_329' title='bbox 2509 1365 2862 1436; x_wconf 79' lang='grc' dir='ltr'>πολυτρόπως</span> <span class='ocrx_word' id='word_1_330' title='bbox 2903 1364 2963 1418; x_wconf 87' lang='grc' dir='ltr'><strong>ἐν</strong></span> <span class='ocrx_word' id='word_1_331' title='bbox 3010 1363 3203 1440; x_wconf 77' lang='grc' dir='ltr'>ὕπνοις</span> <span class='ocrx_word' id='word_1_332' title='bbox 3235 1363 3518 1434; x_wconf 58' lang='grc' dir='ltr'>ἀδολεσκεῖ</span> <span class='ocrx_word' id='word_1_333' title='bbox 3546 1365 3640 1418; x_wconf 71' lang='grc' dir='ltr'>καὶ</span> 
     </span>
    </p>
   </div>
   <div class='ocr_carea' id='block_1_51' title="bbox 2062 1453 3636 1526">
    <p class='ocr_par' dir='ltr' id='par_1_51' title="bbox 2062 1453 3636 1526">
     <span class='ocr_line' id='line_1_51' title="bbox 2062 1453 3636 1526; baseline 0.001 -19"><span class='ocrx_word' id='word_1_334' title='bbox 2062 1455 2353 1526; x_wconf 78' lang='grc' dir='ltr'>ματαιάζει</span> <span class='ocrx_word' id='word_1_335' title='bbox 2380 1473 2394 1486; x_wconf 92' lang='grc'><strong>·</strong></span> <span class='ocrx_word' id='word_1_336' title='bbox 2449 1454 2732 1522; x_wconf 77' lang='grc' dir='ltr'>ἀναλόγως</span> <span class='ocrx_word' id='word_1_337' title='bbox 2758 1454 2814 1506; x_wconf 75' lang='grc' dir='ltr'>δὲ</span> <span class='ocrx_word' id='word_1_338' title='bbox 2856 1456 2974 1516; x_wconf 85' lang='grc' dir='ltr'>ταῖς</span> <span class='ocrx_word' id='word_1_339' title='bbox 3015 1454 3125 1506; x_wconf 89' lang='grc' dir='ltr'><strong>τῶν</strong></span> <span class='ocrx_word' id='word_1_340' title='bbox 3153 1453 3457 1525; x_wconf 86' lang='grc' dir='ltr'>ἀνθρώπων</span> <span class='ocrx_word' id='word_1_341' title='bbox 3486 1453 3636 1508; x_wconf 85' lang='grc' dir='ltr'>πολι-</span> 
     </span>
    </p>
   </div>
   <div class='ocr_carea' id='block_1_52' title="bbox 2058 1541 3638 1614">
    <p class='ocr_par' dir='ltr' id='par_1_52' title="bbox 2058 1541 3638 1614">
     <span class='ocr_line' id='line_1_52' title="bbox 2058 1541 3638 1614; baseline -0.003 -16"><span class='ocrx_word' id='word_1_342' title='bbox 2058 1545 2233 1608; x_wconf 83' lang='grc' dir='ltr'>τείαις</span> <span class='ocrx_word' id='word_1_343' title='bbox 2256 1546 2352 1600; x_wconf 73' lang='grc' dir='ltr'>καὶ</span> <span class='ocrx_word' id='word_1_344' title='bbox 2378 1547 2491 1608; x_wconf 89' lang='grc' dir='ltr'>τοῖς</span> <span class='ocrx_word' id='word_1_345' title='bbox 2525 1544 2668 1599; x_wconf 81' lang='grc' dir='ltr'><strong>κατά</strong></span> <span class='ocrx_word' id='word_1_346' title='bbox 2692 1544 2783 1597; x_wconf 78' lang='grc' dir='ltr'>τὸν</span> <span class='ocrx_word' id='word_1_347' title='bbox 2810 1543 2924 1614; x_wconf 85' lang='grc' dir='ltr'>βίον</span> <span class='ocrx_word' id='word_1_348' title='bbox 2957 1541 3354 1614; x_wconf 81' lang='grc' dir='ltr'>ἐπιτηδεύμασι</span> <span class='ocrx_word' id='word_1_349' title='bbox 3386 1544 3478 1598; x_wconf 83' lang='grc' dir='ltr'>καὶ</span> <span class='ocrx_word' id='word_1_350' title='bbox 3499 1544 3549 1595; x_wconf 70' lang='lat' dir='ltr'><strong>oi</strong></span> <span class='ocrx_word' id='word_1_351' title='bbox 3572 1545 3638 1614; x_wconf 71' lang='grc' dir='ltr'><strong>τῇ</strong></span> 
     </span>
    </p>
   </div>
   <div class='ocr_carea' id='block_1_53' title="bbox 2059 1633 3636 1708">
    <p class='ocr_par' dir='ltr' id='par_1_53' title="bbox 2059 1633 3636 1708">
     <span class='ocr_line' id='line_1_53' title="bbox 2059 1633 3636 1708; baseline -0.003 -16"><span class='ocrx_word' id='word_1_352' title='bbox 2059 1636 2242 1692; x_wconf 72' lang='grc' dir='ltr'>αὐτῶν</span> <span class='ocrx_word' id='word_1_353' title='bbox 2272 1636 2384 1706; x_wconf 76' lang='grc' dir='ltr'>ζωῇ</span> <span class='ocrx_word' id='word_1_354' title='bbox 2417 1635 2791 1708; x_wconf 74' lang='grc' dir='ltr'>παρεπόμενοι</span> <span class='ocrx_word' id='word_1_355' title='bbox 2819 1633 3062 1703; x_wconf 77' lang='grc' dir='ltr'>ἄγγελοι,</span> <span class='ocrx_word' id='word_1_356' title='bbox 3107 1634 3301 1702; x_wconf 71' lang='grc' dir='ltr'>ἀγαθοὶ</span> <span class='ocrx_word' id='word_1_357' title='bbox 3326 1635 3361 1704; x_wconf 80' lang='grc' dir='ltr'>ἦ</span> <span class='ocrx_word' id='word_1_358' title='bbox 3392 1634 3636 1704; x_wconf 73' lang='grc' dir='ltr'>πονηροὶ,</span> 
     </span>
    </p>
   </div>
   <div class='ocr_carea' id='block_1_54' title="bbox 2064 1723 3644 1796">
    <p class='ocr_par' dir='ltr' id='par_1_54' title="bbox 2064 1723 3644 1796">
     <span class='ocr_line' id='line_1_54' title="bbox 2064 1723 3644 1796; baseline -0.001 -18"><span class='ocrx_word' id='word_1_359' title='bbox 2064 1725 2378 1796; x_wconf 77' lang='grc' dir='ltr'>φιλαλήθεις</span> <span class='ocrx_word' id='word_1_360' title='bbox 2446 1725 2480 1796; x_wconf 76' lang='grc' dir='ltr'>ἢ</span> <span class='ocrx_word' id='word_1_361' title='bbox 2551 1724 2888 1794; x_wconf 73' lang='grc' dir='ltr'>φιλοψευδεῖς</span> <span class='ocrx_word' id='word_1_362' title='bbox 2913 1765 2930 1790; x_wconf 96' lang='grc'><strong>,</strong></span> <span class='ocrx_word' id='word_1_363' title='bbox 2983 1723 3274 1788; x_wconf 78' lang='grc' dir='ltr'>πολυειδῶς</span> <span class='ocrx_word' id='word_1_364' title='bbox 3327 1723 3422 1778; x_wconf 77' lang='grc' dir='ltr'>καὶ</span> <span class='ocrx_word' id='word_1_365' title='bbox 3481 1724 3644 1777; x_wconf 71' lang='grc' dir='ltr'>πολυιι</span> 
     </span>
    </p>
   </div>
   <div class='ocr_carea' id='block_1_55' title="bbox 2059 1814 3642 1890">
    <p class='ocr_par' dir='ltr' id='par_1_55' title="bbox 2059 1814 3642 1890">
     <span class='ocr_line' id='line_1_55' title="bbox 2059 1814 3642 1890; baseline -0.001 -20"><span class='ocrx_word' id='word_1_366' title='bbox 2059 1819 2288 1890; x_wconf 76' lang='grc' dir='ltr'>μόρφως</span> <span class='ocrx_word' id='word_1_367' title='bbox 2317 1815 2650 1870; x_wconf 85' lang='grc' dir='ltr'>ἀνατυποῦσι</span> <span class='ocrx_word' id='word_1_368' title='bbox 2676 1814 2746 1869; x_wconf 90' lang='grc' dir='ltr'><strong>τά</strong></span> <span class='ocrx_word' id='word_1_369' title='bbox 2775 1815 3022 1880; x_wconf 77' lang='grc' dir='ltr'>ἐνύπνια,</span> <span class='ocrx_word' id='word_1_370' title='bbox 3056 1814 3229 1878; x_wconf 69' lang='grc' dir='ltr'>ἄλλως</span> <span class='ocrx_word' id='word_1_371' title='bbox 3249 1816 3348 1885; x_wconf 83' lang='grc' dir='ltr'>μὲν</span> <span class='ocrx_word' id='word_1_372' title='bbox 3371 1817 3479 1878; x_wconf 82' lang='grc' dir='ltr'>τοῖς</span> <span class='ocrx_word' id='word_1_373' title='bbox 3501 1815 3642 1869; x_wconf 75' lang='grc' dir='ltr'><strong>κατά</strong></span> 
     </span>
    </p>
   </div>
   <div class='ocr_carea' id='block_1_56' title="bbox 2060 1906 3641 1980">
    <p class='ocr_par' dir='ltr' id='par_1_56' title="bbox 2060 1906 3641 1980">
     <span class='ocr_line' id='line_1_56' title="bbox 2060 1906 3641 1980; baseline -0.002 -17"><span class='ocrx_word' id='word_1_374' title='bbox 2060 1911 2244 1973; x_wconf 85' lang='grc' dir='ltr'>πόλεις</span> <span class='ocrx_word' id='word_1_375' title='bbox 2273 1909 2404 1980; x_wconf 76' lang='grc' dir='ltr'>περὶ</span> <span class='ocrx_word' id='word_1_376' title='bbox 2422 1907 2611 1978; x_wconf 86' lang='grc' dir='ltr'>λόγους</span> <span class='ocrx_word' id='word_1_377' title='bbox 2637 1925 2696 1960; x_wconf 89' lang='grc' dir='ltr'><strong>τε</strong></span> <span class='ocrx_word' id='word_1_378' title='bbox 2724 1908 2818 1960; x_wconf 81' lang='grc' dir='ltr'>καὶ</span> <span class='ocrx_word' id='word_1_379' title='bbox 2843 1907 3139 1978; x_wconf 80' lang='grc' dir='ltr'>μαθήματα</span> <span class='ocrx_word' id='word_1_380' title='bbox 3171 1906 3524 1960; x_wconf 75' lang='grc' dir='ltr'>ἐσπουδακόσι</span> <span class='ocrx_word' id='word_1_381' title='bbox 3544 1907 3641 1971; x_wconf 87' lang='grc' dir='ltr'><strong>τάς</strong></span> 
     </span>
    </p>
   </div>
   <div class='ocr_carea' id='block_1_57' title="bbox 2059 1995 3643 2069">
    <p class='ocr_par' dir='ltr' id='par_1_57' title="bbox 2059 1995 3643 2069">
     <span class='ocr_line' id='line_1_57' title="bbox 2059 1995 3643 2069; baseline -0.003 -16"><span class='ocrx_word' id='word_1_382' title='bbox 2059 1999 2361 2069; x_wconf 83' lang='grc' dir='ltr'>φαντασίας</span> <span class='ocrx_word' id='word_1_383' title='bbox 2400 1995 2863 2069; x_wconf 73' lang='grc' dir='ltr'>σχηματίζοντες,</span> <span class='ocrx_word' id='word_1_384' title='bbox 2908 1995 3083 2059; x_wconf 85' lang='grc' dir='ltr'>άλλως</span> <span class='ocrx_word' id='word_1_385' title='bbox 3123 1995 3179 2049; x_wconf 85' lang='grc' dir='ltr'><strong>δέ</strong></span> <span class='ocrx_word' id='word_1_386' title='bbox 3211 1999 3324 2058; x_wconf 88' lang='grc' dir='ltr'>τοῖς</span> <span class='ocrx_word' id='word_1_387' title='bbox 3360 2000 3502 2049; x_wconf 85' lang='grc' dir='ltr'><strong>κατά</strong></span> <span class='ocrx_word' id='word_1_388' title='bbox 3546 1995 3643 2058; x_wconf 86' lang='grc' dir='ltr'><strong>τάς</strong></span> 
     </span>
    </p>
   </div>
   <div class='ocr_carea' id='block_1_58' title="bbox 2060 2087 3643 2163">
    <p class='ocr_par' dir='ltr' id='par_1_58' title="bbox 2060 2087 3643 2163">
     <span class='ocr_line' id='line_1_58' title="bbox 2060 2087 3643 2163; baseline -0.003 -19"><span class='ocrx_word' id='word_1_389' title='bbox 2060 2093 2301 2163; x_wconf 78' lang='grc' dir='ltr'>ἐρήμους</span> <span class='ocrx_word' id='word_1_390' title='bbox 2325 2089 2418 2143; x_wconf 79' lang='grc' dir='ltr'><strong>τὸν</strong></span> <span class='ocrx_word' id='word_1_391' title='bbox 2462 2089 2758 2160; x_wconf 73' lang='grc' dir='ltr'>ἀσκητικὸν</span> <span class='ocrx_word' id='word_1_392' title='bbox 2787 2089 2880 2141; x_wconf 69' lang='grc' dir='ltr'>καὶ</span> <span class='ocrx_word' id='word_1_393' title='bbox 2911 2088 3196 2158; x_wconf 83' lang='grc' dir='ltr'>μοναύλιον</span> <span class='ocrx_word' id='word_1_394' title='bbox 3228 2087 3643 2158; x_wconf 80' lang='grc' dir='ltr'>μετερχομένοις</span> 
     </span>
    </p>
   </div>
   <div class='ocr_carea' id='block_1_59' title="bbox 2060 2178 3642 2253">
    <p class='ocr_par' dir='ltr' id='par_1_59' title="bbox 2060 2178 3642 2253">
     <span class='ocr_line' id='line_1_59' title="bbox 2060 2178 3642 2253; baseline -0.004 -17"><span class='ocrx_word' id='word_1_395' title='bbox 2060 2183 2280 2253; x_wconf 84' lang='grc' dir='ltr'>τρόπον.</span> <span class='ocrx_word' id='word_1_396' title='bbox 2346 2181 2444 2234; x_wconf 86' lang='grc' dir='ltr'>Ἐκ</span> <span class='ocrx_word' id='word_1_397' title='bbox 2491 2180 2602 2234; x_wconf 90' lang='grc' dir='ltr'><strong>τῶν</strong></span> <span class='ocrx_word' id='word_1_398' title='bbox 2655 2181 2784 2250; x_wconf 77' lang='grc' dir='ltr'>παρ’</span> <span class='ocrx_word' id='word_1_399' title='bbox 2827 2180 3010 2243; x_wconf 77' lang='grc' dir='ltr'>αὐτοῖς</span> <span class='ocrx_word' id='word_1_400' title='bbox 3058 2178 3506 2249; x_wconf 78' lang='grc' dir='ltr'>σπουδαζομένων</span> <span class='ocrx_word' id='word_1_401' title='bbox 3547 2178 3642 2242; x_wconf 85' lang='grc' dir='ltr'><strong>τάς</strong></span> 
     </span>
    </p>
   </div>
   <div class='ocr_carea' id='block_1_60' title="bbox 2061 2269 3645 2343">
    <p class='ocr_par' dir='ltr' id='par_1_60' title="bbox 2061 2269 3645 2343">
     <span class='ocr_line' id='line_1_60' title="bbox 2061 2269 3645 2343; baseline -0.003 -17"><span class='ocrx_word' id='word_1_402' title='bbox 2061 2272 2316 2343; x_wconf 74' lang='grc' dir='ltr'>ἀφορμὰς</span> <span class='ocrx_word' id='word_1_403' title='bbox 2346 2271 2627 2342; x_wconf 76' lang='grc' dir='ltr'>εἰληφότες</span> <span class='ocrx_word' id='word_1_404' title='bbox 2649 2311 2665 2337; x_wconf 95' lang='grc'><strong>,</strong></span> <span class='ocrx_word' id='word_1_405' title='bbox 2713 2269 3100 2340; x_wconf 76' lang='grc' dir='ltr'>ἐκπειράζουσι</span> <span class='ocrx_word' id='word_1_406' title='bbox 3125 2271 3224 2324; x_wconf 72' lang='grc' dir='ltr'>καὶ</span> <span class='ocrx_word' id='word_1_407' title='bbox 3248 2269 3645 2334; x_wconf 83' lang='grc' dir='ltr'>πολυποικίλοις</span> 
     </span>
    </p>
   </div>
   <div class='ocr_carea' id='block_1_61' title="bbox 2061 2359 3644 2436">
    <p class='ocr_par' dir='ltr' id='par_1_61' title="bbox 2061 2359 3644 2436">
     <span class='ocr_line' id='line_1_61' title="bbox 2061 2359 3644 2436; baseline -0.003 -19"><span class='ocrx_word' id='word_1_408' title='bbox 2061 2363 2288 2436; x_wconf 83' lang='grc' dir='ltr'>τρόποις</span> <span class='ocrx_word' id='word_1_409' title='bbox 2319 2361 2686 2416; x_wconf 86' lang='grc' dir='ltr'>διαπλανῶσιν</span> <span class='ocrx_word' id='word_1_410' title='bbox 2728 2362 2786 2414; x_wconf 88' lang='grc' dir='ltr'><strong>ἐν</strong></span> <span class='ocrx_word' id='word_1_411' title='bbox 2825 2363 2892 2432; x_wconf 77' lang='grc' dir='ltr'><strong>τῇ</strong></span> <span class='ocrx_word' id='word_1_412' title='bbox 2923 2361 3017 2414; x_wconf 83' lang='grc' dir='ltr'><strong>τοῦ</strong></span> <span class='ocrx_word' id='word_1_413' title='bbox 3060 2359 3311 2432; x_wconf 81' lang='grc' dir='ltr'>σώματος</span> <span class='ocrx_word' id='word_1_414' title='bbox 3339 2361 3644 2414; x_wconf 79' lang='grc' dir='ltr'>ἀναπαύσει</span> 
     </span>
    </p>
   </div>
   <div class='ocr_carea' id='block_1_62' title="bbox 2061 2452 3645 2528">
    <p class='ocr_par' dir='ltr' id='par_1_62' title="bbox 2061 2452 3645 2528">
     <span class='ocr_line' id='line_1_62' title="bbox 2061 2452 3645 2528; baseline -0.003 -20"><span class='ocrx_word' id='word_1_415' title='bbox 2061 2457 2162 2528; x_wconf 81' lang='grc' dir='ltr'>τὴν</span> <span class='ocrx_word' id='word_1_416' title='bbox 2193 2456 2403 2526; x_wconf 73' lang='grc' dir='ltr'>ψυχήνο</span> <span class='ocrx_word' id='word_1_417' title='bbox 2455 2455 2549 2508; x_wconf 72' lang='grc' dir='ltr'>καὶ</span> <span class='ocrx_word' id='word_1_418' title='bbox 2575 2453 2812 2516; x_wconf 83' lang='grc' dir='ltr'>συνόλως</span> <span class='ocrx_word' id='word_1_419' title='bbox 2841 2453 3026 2523; x_wconf 80' lang='grc' dir='ltr'>φάναι,</span> <span class='ocrx_word' id='word_1_420' title='bbox 3058 2454 3179 2506; x_wconf 82' lang='grc' dir='ltr'>κατ’</span> <span class='ocrx_word' id='word_1_421' title='bbox 3217 2452 3506 2521; x_wconf 77' lang='grc' dir='ltr'>ἀναλογίαν</span> <span class='ocrx_word' id='word_1_422' title='bbox 3539 2452 3645 2506; x_wconf 82' lang='grc' dir='ltr'><strong>τῶν</strong></span> 
     </span>
    </p>
   </div>
   <div class='ocr_carea' id='block_1_63' title="bbox 2064 2542 3646 2616">
    <p class='ocr_par' dir='ltr' id='par_1_63' title="bbox 2064 2542 3646 2616">
     <span class='ocr_line' id='line_1_63' title="bbox 2064 2542 3646 2616; baseline -0.003 -16"><span class='ocrx_word' id='word_1_423' title='bbox 2064 2548 2122 2600; x_wconf 85' lang='grc' dir='ltr'><strong>ἐν</strong></span> <span class='ocrx_word' id='word_1_424' title='bbox 2144 2552 2307 2601; x_wconf 77' lang='grc' dir='ltr'>παντὶ</span> <span class='ocrx_word' id='word_1_425' title='bbox 2327 2546 2480 2616; x_wconf 84' lang='grc' dir='ltr'>τόπῳ</span> <span class='ocrx_word' id='word_1_426' title='bbox 2508 2542 2976 2616; x_wconf 73' lang='grc' dir='ltr'>ἐπιτηδευομένων</span> <span class='ocrx_word' id='word_1_427' title='bbox 3002 2543 3310 2614; x_wconf 86' lang='grc' dir='ltr'>ἀνθρώποις</span> <span class='ocrx_word' id='word_1_428' title='bbox 3331 2542 3646 2614; x_wconf 82' lang='grc' dir='ltr'>ἐπιστημῶν</span> 
     </span>
    </p>
   </div>
   <div class='ocr_carea' id='block_1_64' title="bbox 2065 2632 3644 2704">
    <p class='ocr_par' dir='ltr' id='par_1_64' title="bbox 2065 2632 3644 2704">
     <span class='ocr_line' id='line_1_64' title="bbox 2065 2632 3644 2704; baseline -0.002 -16"><span class='ocrx_word' id='word_1_429' title='bbox 2065 2636 2159 2688; x_wconf 72' lang='grc' dir='ltr'><strong>καὶ</strong></span> <span class='ocrx_word' id='word_1_430' title='bbox 2186 2634 2412 2704; x_wconf 83' lang='grc' dir='ltr'>τεχνῶν,</span> <span class='ocrx_word' id='word_1_431' title='bbox 2451 2634 2508 2687; x_wconf 79' lang='grc' dir='ltr'>εν</span> <span class='ocrx_word' id='word_1_432' title='bbox 2551 2650 2610 2686; x_wconf 82' lang='grc' dir='ltr'><strong>τε</strong></span> <span class='ocrx_word' id='word_1_433' title='bbox 2653 2635 2837 2701; x_wconf 72' lang='grc' dir='ltr'>σοφοῖς</span> <span class='ocrx_word' id='word_1_434' title='bbox 2877 2633 2970 2686; x_wconf 74' lang='grc' dir='ltr'>καὶ</span> <span class='ocrx_word' id='word_1_435' title='bbox 3009 2632 3259 2698; x_wconf 75' lang='grc' dir='ltr'>ἰδιώταις,</span> <span class='ocrx_word' id='word_1_436' title='bbox 3295 2632 3521 2703; x_wconf 82' lang='grc' dir='ltr'>ἄρχουσι</span> <span class='ocrx_word' id='word_1_437' title='bbox 3553 2633 3644 2685; x_wconf 68' lang='grc' dir='ltr'>καὶ</span> 
     </span>
    </p>
   </div>
   <div class='ocr_carea' id='block_1_65' title="bbox 2065 2722 3644 2796">
    <p class='ocr_par' dir='ltr' id='par_1_65' title="bbox 2065 2722 3644 2796">
     <span class='ocr_line' id='line_1_65' title="bbox 2065 2722 3644 2796; baseline -0.001 -18"><span class='ocrx_word' id='word_1_438' title='bbox 2065 2725 2409 2796; x_wconf 77' lang='grc' dir='ltr'>ἀρχομένοις,</span> <span class='ocrx_word' id='word_1_439' title='bbox 2431 2724 2708 2788; x_wconf 82' lang='grc' dir='ltr'>πλουσίοις</span> <span class='ocrx_word' id='word_1_440' title='bbox 2732 2725 2824 2778; x_wconf 66' lang='grc' dir='ltr'>καὶ</span> <span class='ocrx_word' id='word_1_441' title='bbox 2845 2723 3062 2794; x_wconf 85' lang='grc' dir='ltr'>πένησι,</span> <span class='ocrx_word' id='word_1_442' title='bbox 3083 2722 3144 2776; x_wconf 67' lang='grc' dir='ltr'>τὸ</span> <span class='ocrx_word' id='word_1_443' title='bbox 3163 2725 3378 2794; x_wconf 74' lang='grc' dir='ltr'>ἐκάσῖῳ</span> <span class='ocrx_word' id='word_1_444' title='bbox 3394 2723 3644 2795; x_wconf 82' lang='grc' dir='ltr'>νηπιόθεν</span> 
     </span>
    </p>
   </div>
   <div class='ocr_carea' id='block_1_66' title="bbox 2067 2814 3647 2887">
    <p class='ocr_par' dir='ltr' id='par_1_66' title="bbox 2067 2814 3647 2887">
     <span class='ocr_line' id='line_1_66' title="bbox 2067 2814 3647 2887; baseline -0.001 -19"><span class='ocrx_word' id='word_1_445' title='bbox 2067 2815 2593 2887; x_wconf 86' lang='grc' dir='ltr'>συγκεκληρωμένον</span> <span class='ocrx_word' id='word_1_446' title='bbox 2635 2815 2763 2886; x_wconf 78' lang='grc' dir='ltr'>ἄχρι</span> <span class='ocrx_word' id='word_1_447' title='bbox 2803 2815 2992 2878; x_wconf 84' lang='grc' dir='ltr'>τέλους</span> <span class='ocrx_word' id='word_1_448' title='bbox 3019 2814 3294 2887; x_wconf 88' lang='grc' dir='ltr'>δαιμόνιον</span> <span class='ocrx_word' id='word_1_449' title='bbox 3333 2816 3647 2885; x_wconf 64' lang='grc' dir='ltr'>παρεπόμεε</span> 
     </span>
    </p>
   </div>
   <div class='ocr_carea' id='block_1_67' title="bbox 2067 2905 3648 2971">
    <p class='ocr_par' dir='ltr' id='par_1_67' title="bbox 2067 2905 3648 2971">
     <span class='ocr_line' id='line_1_67' title="bbox 2067 2905 3648 2971; baseline -0.001 -11"><span class='ocrx_word' id='word_1_450' title='bbox 2067 2923 2157 2960; x_wconf 90' lang='grc' dir='ltr'><strong>νον</strong></span> <span class='ocrx_word' id='word_1_451' title='bbox 2183 2947 2198 2971; x_wconf 88' lang='grc'><strong>,</strong></span> <span class='ocrx_word' id='word_1_452' title='bbox 2247 2907 2369 2960; x_wconf 82' lang='grc' dir='ltr'>οὐδὲ</span> <span class='ocrx_word' id='word_1_453' title='bbox 2411 2906 2531 2960; x_wconf 77' lang='grc' dir='ltr'>καθ’</span> <span class='ocrx_word' id='word_1_454' title='bbox 2579 2905 2782 2969; x_wconf 79' lang='grc' dir='ltr'>ὕπνους</span> <span class='ocrx_word' id='word_1_455' title='bbox 2832 2906 3290 2960; x_wconf 83' lang='grc' dir='ltr'>ἀναπεπτωκέναι</span> <span class='ocrx_word' id='word_1_456' title='bbox 3337 2906 3648 2960; x_wconf 80' lang='grc' dir='ltr'>παντάπασι</span> 
     </span>
    </p>
   </div>
   <div class='ocr_carea' id='block_1_68' title="bbox 2071 2996 3652 3071">
    <p class='ocr_par' dir='ltr' id='par_1_68' title="bbox 2071 2996 3652 3071">
     <span class='ocr_line' id='line_1_68' title="bbox 2071 2996 3652 3071; baseline -0.003 -17"><span class='ocrx_word' id='word_1_457' title='bbox 2071 2998 2373 3071; x_wconf 75' lang='grc' dir='ltr'>ρᾳστώναις</span> <span class='ocrx_word' id='word_1_458' title='bbox 2408 3016 2475 3052; x_wconf 88' lang='grc' dir='ltr'><strong>τε</strong></span> <span class='ocrx_word' id='word_1_459' title='bbox 2520 2999 2617 3053; x_wconf 73' lang='grc' dir='ltr'>καὶ</span> <span class='ocrx_word' id='word_1_460' title='bbox 2656 2997 2906 3051; x_wconf 87' lang='grc' dir='ltr'>ἀνέσεσιν</span> <span class='ocrx_word' id='word_1_461' title='bbox 2958 2997 3278 3052; x_wconf 80' lang='grc' dir='ltr'>ἐκλελύσθαι</span> <span class='ocrx_word' id='word_1_462' title='bbox 3315 2997 3558 3068; x_wconf 83' lang='grc' dir='ltr'>διαφίησι</span> <span class='ocrx_word' id='word_1_463' title='bbox 3589 2996 3652 3051; x_wconf 77' lang='grc' dir='ltr'>τὸ</span> 
     </span>
    </p>
   </div>
   <div class='ocr_carea' id='block_1_69' title="bbox 2070 3085 3652 3158">
    <p class='ocr_par' dir='ltr' id='par_1_69' title="bbox 2070 3085 3652 3158">
     <span class='ocr_line' id='line_1_69' title="bbox 2070 3085 3652 3158; baseline 0.001 -19"><span class='ocrx_word' id='word_1_464' title='bbox 2070 3085 2284 3156; x_wconf 77' lang='grc' dir='ltr'>λογικὸν</span> <span class='ocrx_word' id='word_1_465' title='bbox 2315 3088 2414 3158; x_wconf 82' lang='grc' dir='ltr'>τῆς</span> <span class='ocrx_word' id='word_1_466' title='bbox 2439 3087 2615 3157; x_wconf 76' lang='grc' dir='ltr'>ψυχῆς</span> <span class='ocrx_word' id='word_1_467' title='bbox 2636 3103 2656 3119; x_wconf 63' lang='grc' dir='ltr'><strong>τ</strong></span> <span class='ocrx_word' id='word_1_468' title='bbox 2696 3085 2831 3140; x_wconf 80' lang='grc' dir='ltr'><strong>ἀλλά</strong></span> <span class='ocrx_word' id='word_1_469' title='bbox 2861 3085 2990 3139; x_wconf 88' lang='grc' dir='ltr'><strong>ποτέ</strong></span> <span class='ocrx_word' id='word_1_470' title='bbox 3019 3086 3121 3157; x_wconf 79' lang='grc' dir='ltr'>,μὲν</span> <span class='ocrx_word' id='word_1_471' title='bbox 3147 3085 3370 3157; x_wconf 78' lang='grc' dir='ltr'>ἡδύτησι</span> <span class='ocrx_word' id='word_1_472' title='bbox 3398 3090 3652 3156; x_wconf 72' lang='grc' dir='ltr'>φυσικαῖς</span> 
     </span>
    </p>
   </div>
   <div class='ocr_carea' id='block_1_70' title="bbox 2071 3176 3649 3250">
    <p class='ocr_par' dir='ltr' id='par_1_70' title="bbox 2071 3176 3649 3250">
     <span class='ocr_line' id='line_1_70' title="bbox 2071 3176 3649 3250; baseline 0 -19"><span class='ocrx_word' id='word_1_473' title='bbox 2071 3179 2165 3232; x_wconf 72' lang='grc' dir='ltr'>καὶ</span> <span class='ocrx_word' id='word_1_474' title='bbox 2217 3179 2553 3250; x_wconf 79' lang='grc' dir='ltr'>ρεμδασμοῖς</span> <span class='ocrx_word' id='word_1_475' title='bbox 2599 3176 2907 3240; x_wconf 83' lang='grc' dir='ltr'>ἀλλοκότοις</span> <span class='ocrx_word' id='word_1_476' title='bbox 2946 3179 3041 3230; x_wconf 77' lang='grc' dir='ltr'>καὶ</span> <span class='ocrx_word' id='word_1_477' title='bbox 3089 3177 3441 3248; x_wconf 81' lang='grc' dir='ltr'>ψυχροτέροις</span> <span class='ocrx_word' id='word_1_478' title='bbox 3476 3177 3649 3248; x_wconf 83' lang='grc' dir='ltr'>χιόνος</span> 
     </span>
    </p>
   </div>
   <div class='ocr_carea' id='block_1_71' title="bbox 2073 3268 3653 3340">
    <p class='ocr_par' dir='ltr' id='par_1_71' title="bbox 2073 3268 3653 3340">
     <span class='ocr_line' id='line_1_71' title="bbox 2073 3268 3653 3340; baseline -0.001 -17"><span class='ocrx_word' id='word_1_479' title='bbox 2073 3271 2324 3340; x_wconf 77' lang='grc' dir='ltr'>φάσμασι</span> <span class='ocrx_word' id='word_1_480' title='bbox 2357 3270 2450 3323; x_wconf 67' lang='grc' dir='ltr'><strong>καὶ</strong></span> <span class='ocrx_word' id='word_1_481' title='bbox 2483 3268 2740 3339; x_wconf 71' lang='grc' dir='ltr'>ὑψώμασι</span> <span class='ocrx_word' id='word_1_482' title='bbox 2763 3269 3052 3339; x_wconf 80' lang='grc' dir='ltr'>διαπλανᾷ,</span> <span class='ocrx_word' id='word_1_483' title='bbox 3082 3269 3213 3322; x_wconf 85' lang='grc' dir='ltr'><strong>ποτέ</strong></span> <span class='ocrx_word' id='word_1_484' title='bbox 3239 3269 3296 3322; x_wconf 79' lang='grc' dir='ltr'>δὲ</span> <span class='ocrx_word' id='word_1_485' title='bbox 3321 3269 3534 3339; x_wconf 75' lang='grc' dir='ltr'>ἀηδίαις</span> <span class='ocrx_word' id='word_1_486' title='bbox 3558 3273 3653 3324; x_wconf 76' lang='grc' dir='ltr'>καὶ</span> 
     </span>
    </p>
   </div>
   <div class='ocr_carea' id='block_1_72' title="bbox 2072 3359 3654 3432">
    <p class='ocr_par' dir='ltr' id='par_1_72' title="bbox 2072 3359 3654 3432">
     <span class='ocr_line' id='line_1_72' title="bbox 2072 3359 3654 3432; baseline 0.001 -18"><span class='ocrx_word' id='word_1_487' title='bbox 2072 3361 2256 3430; x_wconf 75' lang='grc' dir='ltr'>φόϐοις</span> <span class='ocrx_word' id='word_1_488' title='bbox 2293 3362 2387 3414; x_wconf 75' lang='grc' dir='ltr'>καὶ</span> <span class='ocrx_word' id='word_1_489' title='bbox 2422 3363 2691 3432; x_wconf 75' lang='grc' dir='ltr'>ταραχαῖς</span> <span class='ocrx_word' id='word_1_490' title='bbox 2716 3360 3015 3422; x_wconf 80' lang='grc' dir='ltr'>ἀπευκταῖς</span> <span class='ocrx_word' id='word_1_491' title='bbox 3051 3359 3144 3413; x_wconf 72' lang='grc' dir='ltr'>καὶ</span> <span class='ocrx_word' id='word_1_492' title='bbox 3169 3360 3391 3431; x_wconf 85' lang='grc' dir='ltr'>τρόμοις</span> <span class='ocrx_word' id='word_1_493' title='bbox 3432 3363 3525 3415; x_wconf 76' lang='grc' dir='ltr'><strong>καὶ</strong></span> <span class='ocrx_word' id='word_1_494' title='bbox 3554 3379 3654 3415; x_wconf 85' lang='grc' dir='ltr'>τα-</span> 
     </span>
    </p>
   </div>
   <div class='ocr_carea' id='block_1_73' title="bbox 2073 3451 3652 3525">
    <p class='ocr_par' dir='ltr' id='par_1_73' title="bbox 2073 3451 3652 3525">
     <span class='ocr_line' id='line_1_73' title="bbox 2073 3451 3652 3525; baseline 0.001 -19"><span class='ocrx_word' id='word_1_495' title='bbox 2073 3451 2413 3522; x_wconf 78' lang='grc' dir='ltr'>πεινώμασιν</span> <span class='ocrx_word' id='word_1_496' title='bbox 2437 3451 2625 3524; x_wconf 71' lang='grc' dir='ltr'>ἐξιστᾷ</span> <span class='ocrx_word' id='word_1_497' title='bbox 2653 3451 2750 3506; x_wconf 78' lang='grc' dir='ltr'>καὶ</span> <span class='ocrx_word' id='word_1_498' title='bbox 2777 3453 3092 3504; x_wconf 79' lang='grc' dir='ltr'>καταπτοεῖ.</span> <span class='ocrx_word' id='word_1_499' title='bbox 3120 3451 3222 3504; x_wconf 89' lang='grc' dir='ltr'>Διά</span> <span class='ocrx_word' id='word_1_500' title='bbox 3249 3453 3408 3506; x_wconf 78' lang='grc' dir='ltr'>τοῦτο</span> <span class='ocrx_word' id='word_1_501' title='bbox 3435 3455 3511 3525; x_wconf 76' lang='grc' dir='ltr'>μὴ</span> <span class='ocrx_word' id='word_1_502' title='bbox 3531 3454 3652 3510; x_wconf 77' lang='grc' dir='ltr'>λίαν</span> 
     </span>
    </p>
   </div>
   <div class='ocr_carea' id='block_1_74' title="bbox 2077 3529 3649 3617">
    <p class='ocr_par' dir='ltr' id='par_1_74' title="bbox 2077 3529 3649 3617">
     <span class='ocr_line' id='line_1_74' title="bbox 2077 3529 3649 3617; baseline 0.002 -21"><span class='ocrx_word' id='word_1_503' title='bbox 2077 3546 2192 3606; x_wconf 86' lang='grc' dir='ltr'>τοῖς</span> <span class='ocrx_word' id='word_1_504' title='bbox 2220 3542 2327 3596; x_wconf 89' lang='grc' dir='ltr'><strong>τῶν</strong></span> <span class='ocrx_word' id='word_1_505' title='bbox 2351 3543 2617 3597; x_wconf 73' lang='grc' dir='ltr'>ἐνυπνίων</span> <span class='ocrx_word' id='word_1_506' title='bbox 2647 3543 2918 3612; x_wconf 81' lang='grc' dir='ltr'>παιγνίοις</span> <span class='ocrx_word' id='word_1_507' title='bbox 2949 3543 3224 3614; x_wconf 76' lang='grc' dir='ltr'>θροεῖσθαι</span> <span class='ocrx_word' id='word_1_508' title='bbox 3244 3545 3274 3598; x_wconf 88' lang='grc' dir='ltr'><strong>ό</strong></span> <span class='ocrx_word' id='word_1_509' title='bbox 3310 3529 3512 3617; x_wconf 78' lang='grc' dir='ltr'>ὑψηλὸς</span> <span class='ocrx_word' id='word_1_510' title='bbox 3535 3545 3649 3599; x_wconf 80' lang='grc' dir='ltr'>θεο-</span> 
     </span>
    </p>
   </div>
   <div class='ocr_carea' id='block_1_75' title="bbox 2079 3629 3650 3704">
    <p class='ocr_par' dir='ltr' id='par_1_75' title="bbox 2079 3629 3650 3704">
     <span class='ocr_line' id='line_1_75' title="bbox 2079 3629 3650 3704; baseline 0.002 -19"><span class='ocrx_word' id='word_1_511' title='bbox 2079 3633 2238 3700; x_wconf 86' lang='grc' dir='ltr'>λόγος</span> <span class='ocrx_word' id='word_1_512' title='bbox 2280 3631 2676 3702; x_wconf 85' lang='grc' dir='ltr'>παραγγέλλει,</span> <span class='ocrx_word' id='word_1_513' title='bbox 2713 3633 2838 3703; x_wconf 86' lang='grc' dir='ltr'>μήτ’</span> <span class='ocrx_word' id='word_1_514' title='bbox 2879 3629 2974 3687; x_wconf 81' lang='grc' dir='ltr'>οὖν</span> <span class='ocrx_word' id='word_1_515' title='bbox 3023 3633 3099 3697; x_wconf 84' lang='grc' dir='ltr'>ὠς</span> <span class='ocrx_word' id='word_1_516' title='bbox 3143 3633 3284 3704; x_wconf 87' lang='grc' dir='ltr'>μέγα</span> <span class='ocrx_word' id='word_1_517' title='bbox 3324 3651 3378 3688; x_wconf 88' lang='grc' dir='ltr'><strong>τι</strong></span> <span class='ocrx_word' id='word_1_518' title='bbox 3415 3635 3584 3690; x_wconf 79' lang='grc' dir='ltr'>κακὸν</span> <span class='ocrx_word' id='word_1_519' title='bbox 3612 3633 3650 3703; x_wconf 80' lang='grc' dir='ltr'><strong>ἦ</strong></span> 
     </span>
    </p>
   </div>
   <div class='ocr_carea' id='block_1_76' title="bbox 366 3710 3652 3799">
    <p class='ocr_par' dir='ltr' id='par_1_76' title="bbox 366 3710 3652 3799">
     <span class='ocr_line' id='line_1_76' title="bbox 366 3710 3652 3799; baseline 0.007 -37"><span class='ocrx_word' id='word_1_520' title='bbox 366 3710 577 3778; x_wconf 73' lang='grc' dir='ltr'>ἀγαθὸν</span> <span class='ocrx_word' id='word_1_521' title='bbox 607 3710 981 3783; x_wconf 75' lang='grc' dir='ltr'>παραδηλοῦσι</span> <span class='ocrx_word' id='word_1_522' title='bbox 1007 3716 1291 3768; x_wconf 76' lang='grc' dir='ltr'>πτοεῖσθαι</span> <span class='ocrx_word' id='word_1_523' title='bbox 1319 3736 1380 3771; x_wconf 86' lang='grc' dir='ltr'><strong>τε</strong></span> <span class='ocrx_word' id='word_1_524' title='bbox 1405 3719 1506 3774; x_wconf 82' lang='grc' dir='ltr'>καὶ</span> <span class='ocrx_word' id='word_1_525' title='bbox 1528 3720 1753 3793; x_wconf 79' lang='grc' dir='ltr'>δειλιᾷν,</span> <span class='ocrx_word' id='word_1_526' title='bbox 1779 3723 1811 3794; x_wconf 79' lang='grc' dir='ltr'>ἦ</span> <span class='ocrx_word' id='word_1_527' title='bbox 1847 3726 2274 3799; x_wconf 81' lang='grc' dir='ltr'>μετεωρίζεσθαι</span> <span class='ocrx_word' id='word_1_528' title='bbox 2303 3727 2397 3780; x_wconf 73' lang='grc' dir='ltr'>καὶ</span> <span class='ocrx_word' id='word_1_529' title='bbox 2431 3728 2686 3797; x_wconf 87' lang='grc' dir='ltr'>ματαίαις</span> <span class='ocrx_word' id='word_1_530' title='bbox 2708 3727 2888 3780; x_wconf 81' lang='grc' dir='ltr'>ἐλπίσι</span> <span class='ocrx_word' id='word_1_531' title='bbox 2916 3725 3300 3796; x_wconf 79' lang='grc' dir='ltr'>φενακίζεσθαι</span> <span class='ocrx_word' id='word_1_532' title='bbox 3331 3727 3425 3792; x_wconf 73' lang='grc' dir='ltr'><strong>τὰς</strong></span> <span class='ocrx_word' id='word_1_533' title='bbox 3453 3727 3652 3798; x_wconf 71' lang='grc' dir='ltr'>φρένας</span> 
     </span>
    </p>
   </div>
   <div class='ocr_carea' id='block_1_77' title="bbox 367 3803 2687 3892">
    <p class='ocr_par' dir='ltr' id='par_1_77' title="bbox 367 3803 2687 3892">
     <span class='ocr_line' id='line_1_77' title="bbox 367 3803 2687 3892; baseline 0.008 -36"><span class='ocrx_word' id='word_1_534' title='bbox 367 3805 508 3875; x_wconf 76' lang='grc' dir='ltr'><strong>χρή·</strong></span> <span class='ocrx_word' id='word_1_535' title='bbox 556 3803 770 3875; x_wconf 74' lang='grc' dir='ltr'>ένεδρον</span> <span class='ocrx_word' id='word_1_536' title='bbox 806 3804 916 3876; x_wconf 79' lang='grc' dir='ltr'><strong>γάρ</strong></span> <span class='ocrx_word' id='word_1_537' title='bbox 954 3805 1126 3861; x_wconf 79' lang='grc' dir='ltr'>ταῦτα</span> <span class='ocrx_word' id='word_1_538' title='bbox 1156 3809 1371 3875; x_wconf 80' lang='grc' dir='ltr'>πολλοῖς</span> <span class='ocrx_word' id='word_1_539' title='bbox 1413 3812 1674 3879; x_wconf 80' lang='grc' dir='ltr'>πολλάκις</span> <span class='ocrx_word' id='word_1_540' title='bbox 1719 3818 1825 3872; x_wconf 83' lang='grc' dir='ltr'><strong>ὑπὸ</strong></span> <span class='ocrx_word' id='word_1_541' title='bbox 1867 3820 1962 3873; x_wconf 76' lang='grc' dir='ltr'><strong>τοῦ</strong></span> <span class='ocrx_word' id='word_1_542' title='bbox 1981 3818 2207 3891; x_wconf 88' lang='grc' dir='ltr'><strong>Ἐχθροῦ</strong></span> <span class='ocrx_word' id='word_1_543' title='bbox 2243 3818 2687 3892; x_wconf 85' lang='grc' dir='ltr'>παρεσκευάσθη.</span> 
     </span>
    </p>
   </div>
   <div class='ocr_carea' id='block_1_78' title="bbox 369 3915 1623 3988">
    <p class='ocr_par' dir='ltr' id='par_1_78' title="bbox 369 3915 1623 3988">
     <span class='ocr_line' id='line_1_78' title="bbox 369 3915 1623 3988; baseline 0.009 -18"><span class='ocrx_word' id='word_1_544' title='bbox 369 3917 478 3971; x_wconf 70' lang='grc'><strong>215</strong></span> <span class='ocrx_word' id='word_1_545' title='bbox 510 3915 809 3973; x_wconf 74' lang='lat' dir='ltr'><strong>Prctuceat</strong></span> <span class='ocrx_word' id='word_1_546' title='bbox 834 3935 948 3988; x_wconf 78' lang='lat' dir='ltr'><strong>spes</strong></span> <span class='ocrx_word' id='word_1_547' title='bbox 979 3921 1244 3976; x_wconf 76' lang='lat' dir='ltr'><strong>laudabili</strong></span> <span class='ocrx_word' id='word_1_548' title='bbox 1273 3924 1623 3981; x_wconf 76' lang='lat' dir='ltr'><strong>omniexitui.</strong></span> 
     </span>
    </p>
   </div>
   <div class='ocr_carea' id='block_1_79' title="bbox 447 4030 1967 4106">
    <p class='ocr_par' dir='ltr' id='par_1_79' title="bbox 447 4030 1967 4106">
     <span class='ocr_line' id='line_1_79' title="bbox 447 4030 1967 4106; baseline 0.011 -24"><span class='ocrx_word' id='word_1_549' title='bbox 447 4030 641 4086; x_wconf 85' lang='lat' dir='ltr'><strong>Omnis</strong></span> <span class='ocrx_word' id='word_1_550' title='bbox 665 4032 812 4088; x_wconf 90' lang='lat' dir='ltr'><strong>actio</strong></span> <span class='ocrx_word' id='word_1_551' title='bbox 845 4042 899 4089; x_wconf 85' lang='lat' dir='ltr'><strong>et</strong></span> <span class='ocrx_word' id='word_1_552' title='bbox 940 4034 1157 4106; x_wconf 81' lang='lat' dir='ltr'><strong>euergia</strong></span> <span class='ocrx_word' id='word_1_553' title='bbox 1207 4043 1261 4091; x_wconf 78' lang='lat' dir='ltr'><strong>et</strong></span> <span class='ocrx_word' id='word_1_554' title='bbox 1291 4039 1476 4094; x_wconf 85' lang='lat' dir='ltr'><strong>omnis</strong></span> <span class='ocrx_word' id='word_1_555' title='bbox 1509 4046 1692 4096; x_wconf 90' lang='lat' dir='ltr'><strong>motus</strong></span> <span class='ocrx_word' id='word_1_556' title='bbox 1727 4041 1967 4099; x_wconf 85' lang='lat' dir='ltr'><strong>hominis</strong></span> 
     </span>
    </p>
   </div>
   <div class='ocr_carea' id='block_1_80' title="bbox 366 4122 1966 4204">
    <p class='ocr_par' dir='ltr' id='par_1_80' title="bbox 366 4122 1966 4204">
     <span class='ocr_line' id='line_1_80' title="bbox 366 4122 1966 4204; baseline 0.009 -29"><span class='ocrx_word' id='word_1_557' title='bbox 366 4135 595 4175; x_wconf 71' lang='lat' dir='ltr'><strong>sensum</strong></span> <span class='ocrx_word' id='word_1_558' title='bbox 630 4122 884 4178; x_wconf 90' lang='lat' dir='ltr'><strong>habentis</strong></span> <span class='ocrx_word' id='word_1_559' title='bbox 923 4123 1082 4177; x_wconf 79' lang='lat' dir='ltr'><strong>ﬁnem</strong></span> <span class='ocrx_word' id='word_1_560' title='bbox 1118 4127 1400 4196; x_wconf 80' lang='lat' dir='ltr'><strong>preprium</strong></span> <span class='ocrx_word' id='word_1_561' title='bbox 1429 4129 1594 4186; x_wconf 76' lang='lat' dir='ltr'><strong>habet</strong></span> <span class='ocrx_word' id='word_1_562' title='bbox 1623 4139 1787 4204; x_wconf 88' lang='lat' dir='ltr'><strong>atque</strong></span> <span class='ocrx_word' id='word_1_563' title='bbox 1813 4149 1966 4204; x_wconf 89' lang='lat' dir='ltr'><strong>spem</strong></span> 
     </span>
    </p>
   </div>
   <div class='ocr_carea' id='block_1_81' title="bbox 366 4211 1968 4294">
    <p class='ocr_par' dir='ltr' id='par_1_81' title="bbox 366 4211 1968 4294">
     <span class='ocr_line' id='line_1_81' title="bbox 366 4211 1968 4294; baseline 0.011 -31"><span class='ocrx_word' id='word_1_564' title='bbox 366 4211 707 4280; x_wconf 82' lang='lat' dir='ltr'><strong>adjaeeutem</strong></span> <span class='ocrx_word' id='word_1_565' title='bbox 737 4212 803 4268; x_wconf 88' lang='lat' dir='ltr'><strong>ad</strong></span> <span class='ocrx_word' id='word_1_566' title='bbox 829 4229 991 4284; x_wconf 89' lang='lat' dir='ltr'><strong>quam</strong></span> <span class='ocrx_word' id='word_1_567' title='bbox 1027 4216 1258 4274; x_wconf 87' lang='lat' dir='ltr'><strong>tendens</strong></span> <span class='ocrx_word' id='word_1_568' title='bbox 1296 4233 1466 4292; x_wconf 84' lang='lat' dir='ltr'><strong>agens</strong></span> <span class='ocrx_word' id='word_1_569' title='bbox 1500 4223 1681 4292; x_wconf 88' lang='lat' dir='ltr'><strong>quivis</strong></span> <span class='ocrx_word' id='word_1_570' title='bbox 1712 4225 1843 4294; x_wconf 90' lang='lat' dir='ltr'><strong>agit.</strong></span> <span class='ocrx_word' id='word_1_571' title='bbox 1875 4224 1968 4281; x_wconf 89' lang='lat' dir='ltr'><strong>Sic</strong></span> 
     </span>
    </p>
   </div>
   <div class='ocr_carea' id='block_1_82' title="bbox 364 4304 1968 4388">
    <p class='ocr_par' dir='ltr' id='par_1_82' title="bbox 364 4304 1968 4388">
     <span class='ocr_line' id='line_1_82' title="bbox 364 4304 1968 4388; baseline 0.007 -31"><span class='ocrx_word' id='word_1_572' title='bbox 364 4304 441 4358; x_wconf 83' lang='lat' dir='ltr'><strong>de</strong></span> <span class='ocrx_word' id='word_1_573' title='bbox 472 4306 854 4374; x_wconf 80' lang='lat' dir='ltr'><strong>corporalibus</strong></span> <span class='ocrx_word' id='word_1_574' title='bbox 899 4317 954 4362; x_wconf 92' lang='lat' dir='ltr'><strong>et</strong></span> <span class='ocrx_word' id='word_1_575' title='bbox 1002 4310 1317 4375; x_wconf 76' lang='lat' dir='ltr'><strong>mundanis,</strong></span> <span class='ocrx_word' id='word_1_576' title='bbox 1347 4311 1428 4366; x_wconf 91' lang='lat' dir='ltr'><strong>sic</strong></span> <span class='ocrx_word' id='word_1_577' title='bbox 1467 4321 1522 4368; x_wconf 82' lang='lat' dir='ltr'><strong>et</strong></span> <span class='ocrx_word' id='word_1_578' title='bbox 1554 4313 1624 4368; x_wconf 80' lang='lat' dir='ltr'><strong>de</strong></span> <span class='ocrx_word' id='word_1_579' title='bbox 1659 4315 1968 4388; x_wconf 85' lang='lat' dir='ltr'><strong>spirituali-</strong></span> 
     </span>
    </p>
   </div>
   <div class='ocr_carea' id='block_1_83' title="bbox 369 4395 1969 4474">
    <p class='ocr_par' dir='ltr' id='par_1_83' title="bbox 369 4395 1969 4474">
     <span class='ocr_line' id='line_1_83' title="bbox 369 4395 1969 4474; baseline 0.006 -25"><span class='ocrx_word' id='word_1_580' title='bbox 369 4395 479 4449; x_wconf 71' lang='lat' dir='ltr'><strong>ims</strong></span> <span class='ocrx_word' id='word_1_581' title='bbox 511 4395 976 4451; x_wconf 87' lang='lat' dir='ltr'><strong>considerandum</strong></span> <span class='ocrx_word' id='word_1_582' title='bbox 1009 4398 1154 4452; x_wconf 87' lang='lat' dir='ltr'><strong>etde</strong></span> <span class='ocrx_word' id='word_1_583' title='bbox 1187 4399 1672 4456; x_wconf 77' lang='lat' dir='ltr'><strong>intellectualibus.</strong></span> <span class='ocrx_word' id='word_1_584' title='bbox 1707 4402 1766 4456; x_wconf 89' lang='lat' dir='ltr'><strong>Si</strong></span> <span class='ocrx_word' id='word_1_585' title='bbox 1800 4403 1969 4474; x_wconf 85' lang='lat' dir='ltr'><strong>igitur</strong></span> 
     </span>
    </p>
   </div>
   <div class='ocr_carea' id='block_1_84' title="bbox 367 4483 1963 4563">
    <p class='ocr_par' dir='ltr' id='par_1_84' title="bbox 367 4483 1963 4563">
     <span class='ocr_line' id='line_1_84' title="bbox 367 4483 1963 4563; baseline 0.006 -25"><span class='ocrx_word' id='word_1_586' title='bbox 367 4485 427 4538; x_wconf 84' lang='lat' dir='ltr'><strong>in</strong></span> <span class='ocrx_word' id='word_1_587' title='bbox 457 4483 644 4538; x_wconf 89' lang='lat' dir='ltr'><strong>mundi</strong></span> <span class='ocrx_word' id='word_1_588' title='bbox 677 4492 732 4540; x_wconf 90' lang='lat' dir='ltr'><strong>et</strong></span> <span class='ocrx_word' id='word_1_589' title='bbox 771 4488 899 4540; x_wconf 79' lang='lat' dir='ltr'><strong>vita:</strong></span> <span class='ocrx_word' id='word_1_590' title='bbox 939 4486 1104 4556; x_wconf 89' lang='lat' dir='ltr'><strong>hujus</strong></span> <span class='ocrx_word' id='word_1_591' title='bbox 1141 4489 1402 4557; x_wconf 87' lang='lat' dir='ltr'><strong>operibus</strong></span> <span class='ocrx_word' id='word_1_592' title='bbox 1436 4505 1664 4547; x_wconf 89' lang='lat' dir='ltr'><strong>necesse</strong></span> <span class='ocrx_word' id='word_1_593' title='bbox 1707 4492 1780 4547; x_wconf 90' lang='lat' dir='ltr'><strong>sit</strong></span> <span class='ocrx_word' id='word_1_594' title='bbox 1809 4509 1963 4563; x_wconf 88' lang='lat' dir='ltr'><strong>spem</strong></span> 
     </span>
    </p>
   </div>
   <div class='ocr_carea' id='block_1_85' title="bbox 363 4570 1962 4646">
    <p class='ocr_par' dir='ltr' id='par_1_85' title="bbox 363 4570 1962 4646">
     <span class='ocr_line' id='line_1_85' title="bbox 363 4570 1962 4646; baseline 0.008 -22"><span class='ocrx_word' id='word_1_595' title='bbox 363 4577 425 4625; x_wconf 75' lang='lat' dir='ltr'><strong>et</strong></span> <span class='ocrx_word' id='word_1_596' title='bbox 463 4570 620 4623; x_wconf 84' lang='lat' dir='ltr'><strong>finem</strong></span> <span class='ocrx_word' id='word_1_597' title='bbox 653 4572 954 4642; x_wconf 81' lang='lat' dir='ltr'><strong>praevenire</strong></span> <span class='ocrx_word' id='word_1_598' title='bbox 982 4577 1322 4644; x_wconf 88' lang='lat' dir='ltr'><strong>propositam</strong></span> <span class='ocrx_word' id='word_1_599' title='bbox 1355 4592 1605 4646; x_wconf 76' lang='lat' dir='ltr'><strong>operam,</strong></span> <span class='ocrx_word' id='word_1_600' title='bbox 1637 4579 1810 4634; x_wconf 88' lang='lat' dir='ltr'><strong>multo</strong></span> <span class='ocrx_word' id='word_1_601' title='bbox 1845 4596 1962 4636; x_wconf 86' lang='lat' dir='ltr'><strong>ma-</strong></span> 
     </span>
    </p>
   </div>
   <div class='ocr_carea' id='block_1_86' title="bbox 367 4660 1962 4740">
    <p class='ocr_par' dir='ltr' id='par_1_86' title="bbox 367 4660 1962 4740">
     <span class='ocr_line' id='line_1_86' title="bbox 367 4660 1962 4740; baseline 0.011 -31"><span class='ocrx_word' id='word_1_602' title='bbox 367 4660 456 4729; x_wconf 79' lang='lat' dir='ltr'><strong>gis</strong></span> <span class='ocrx_word' id='word_1_603' title='bbox 489 4673 624 4714; x_wconf 86' lang='lat' dir='ltr'><strong>sane</strong></span> <span class='ocrx_word' id='word_1_604' title='bbox 649 4660 717 4716; x_wconf 87' lang='lat' dir='ltr'><strong>de</strong></span> <span class='ocrx_word' id='word_1_605' title='bbox 741 4662 1122 4731; x_wconf 75' lang='lat' dir='ltr'><strong>spiritualibus</strong></span> <span class='ocrx_word' id='word_1_606' title='bbox 1156 4674 1210 4719; x_wconf 90' lang='lat' dir='ltr'><strong>et</strong></span> <span class='ocrx_word' id='word_1_607' title='bbox 1237 4665 1403 4720; x_wconf 86' lang='lat' dir='ltr'><strong>rectis</strong></span> <span class='ocrx_word' id='word_1_608' title='bbox 1439 4667 1661 4723; x_wconf 89' lang='lat' dir='ltr'><strong>virtutis</strong></span> <span class='ocrx_word' id='word_1_609' title='bbox 1702 4670 1962 4740; x_wconf 88' lang='lat' dir='ltr'><strong>operibus</strong></span> 
     </span>
    </p>
   </div>
   <div class='ocr_carea' id='block_1_87' title="bbox 365 4751 1958 4829">
    <p class='ocr_par' dir='ltr' id='par_1_87' title="bbox 365 4751 1958 4829">
     <span class='ocr_line' id='line_1_87' title="bbox 365 4751 1958 4829; baseline 0.008 -25"><span class='ocrx_word' id='word_1_610' title='bbox 365 4765 500 4820; x_wconf 80' lang='lat' dir='ltr'><strong>spes</strong></span> <span class='ocrx_word' id='word_1_611' title='bbox 532 4751 840 4819; x_wconf 68' lang='lat' dir='ltr'><strong>praecedere</strong></span> <span class='ocrx_word' id='word_1_612' title='bbox 870 4753 1035 4808; x_wconf 90' lang='lat' dir='ltr'><strong>debet</strong></span> <span class='ocrx_word' id='word_1_613' title='bbox 1091 4763 1146 4809; x_wconf 92' lang='lat' dir='ltr'><strong>et</strong></span> <span class='ocrx_word' id='word_1_614' title='bbox 1203 4771 1391 4811; x_wconf 90' lang='lat' dir='ltr'><strong>rerum</strong></span> <span class='ocrx_word' id='word_1_615' title='bbox 1436 4758 1561 4815; x_wconf 83' lang='lat' dir='ltr'><strong>linis</strong></span> <span class='ocrx_word' id='word_1_616' title='bbox 1613 4770 1958 4829; x_wconf 73' lang='lat' dir='ltr'><strong>oper-alarum</strong></span> 
     </span>
    </p>
   </div>
   <div class='ocr_carea' id='block_1_88' title="bbox 367 4842 1959 4923">
    <p class='ocr_par' dir='ltr' id='par_1_88' title="bbox 367 4842 1959 4923">
     <span class='ocr_line' id='line_1_88' title="bbox 367 4842 1959 4923; baseline 0.009 -28"><span class='ocrx_word' id='word_1_617' title='bbox 367 4842 661 4910; x_wconf 66' lang='lat' dir='ltr'><strong>praevideri</strong></span> <span class='ocrx_word' id='word_1_618' title='bbox 706 4843 776 4898; x_wconf 88' lang='lat' dir='ltr'><strong>ad</strong></span> <span class='ocrx_word' id='word_1_619' title='bbox 814 4860 979 4916; x_wconf 89' lang='lat' dir='ltr'><strong>quem</strong></span> <span class='ocrx_word' id='word_1_620' title='bbox 1026 4861 1193 4918; x_wconf 86' lang='lat' dir='ltr'><strong>agens</strong></span> <span class='ocrx_word' id='word_1_621' title='bbox 1230 4848 1412 4904; x_wconf 80' lang='lat' dir='ltr'><strong>tendit</strong></span> <span class='ocrx_word' id='word_1_622' title='bbox 1447 4857 1504 4906; x_wconf 88' lang='lat' dir='ltr'><strong>et</strong></span> <span class='ocrx_word' id='word_1_623' title='bbox 1536 4848 1817 4923; x_wconf 83' lang='lat' dir='ltr'><strong>dirigitur.</strong></span> <span class='ocrx_word' id='word_1_624' title='bbox 1865 4852 1959 4910; x_wconf 90' lang='lat' dir='ltr'><strong>Sic</strong></span> 
     </span>
    </p>
   </div>
   <div class='ocr_carea' id='block_1_89' title="bbox 366 4935 1958 5014">
    <p class='ocr_par' dir='ltr' id='par_1_89' title="bbox 366 4935 1958 5014">
     <span class='ocr_line' id='line_1_89' title="bbox 366 4935 1958 5014; baseline 0.009 -28"><span class='ocrx_word' id='word_1_625' title='bbox 366 4935 606 5002; x_wconf 71' lang='lat' dir='ltr'><strong>apostoli</strong></span> <span class='ocrx_word' id='word_1_626' title='bbox 649 4949 848 4990; x_wconf 92' lang='lat' dir='ltr'><strong>cursus</strong></span> <span class='ocrx_word' id='word_1_627' title='bbox 892 4943 1088 4990; x_wconf 90' lang='lat' dir='ltr'><strong>metam</strong></span> <span class='ocrx_word' id='word_1_628' title='bbox 1135 4939 1530 5007; x_wconf 77' lang='lat' dir='ltr'><strong>praevidentes,</strong></span> <span class='ocrx_word' id='word_1_629' title='bbox 1567 4959 1768 5014; x_wconf 82' lang='lat' dir='ltr'><strong>nempe</strong></span> <span class='ocrx_word' id='word_1_630' title='bbox 1815 4944 1958 5000; x_wconf 90' lang='lat' dir='ltr'><strong>inter</strong></span> 
     </span>
    </p>
   </div>
   <div class='ocr_carea' id='block_1_90' title="bbox 368 5023 1956 5105">
    <p class='ocr_par' dir='ltr' id='par_1_90' title="bbox 368 5023 1956 5105">
     <span class='ocr_line' id='line_1_90' title="bbox 368 5023 1956 5105; baseline 0.012 -33"><span class='ocrx_word' id='word_1_631' title='bbox 368 5023 605 5091; x_wconf 79' lang='lat' dir='ltr'><strong>populos</strong></span> <span class='ocrx_word' id='word_1_632' title='bbox 637 5026 989 5094; x_wconf 78' lang='lat' dir='ltr'><strong>uiaguilicare</strong></span> <span class='ocrx_word' id='word_1_633' title='bbox 1019 5024 1300 5083; x_wconf 78' lang='lat' dir='ltr'><strong>Christum</strong></span> <span class='ocrx_word' id='word_1_634' title='bbox 1331 5033 1629 5087; x_wconf 80' lang='lat' dir='ltr'><strong>currebant</strong></span> <span class='ocrx_word' id='word_1_635' title='bbox 1659 5041 1714 5090; x_wconf 86' lang='lat' dir='ltr'><strong>et</strong></span> <span class='ocrx_word' id='word_1_636' title='bbox 1748 5034 1956 5105; x_wconf 76' lang='lat' dir='ltr'><strong>dirige-</strong></span> 
     </span>
    </p>
   </div>
   <div class='ocr_carea' id='block_1_91' title="bbox 369 5112 1960 5189">
    <p class='ocr_par' dir='ltr' id='par_1_91' title="bbox 369 5112 1960 5189">
     <span class='ocr_line' id='line_1_91' title="bbox 369 5112 1960 5189; baseline 0.011 -25"><span class='ocrx_word' id='word_1_637' title='bbox 369 5112 605 5179; x_wconf 75' lang='lat' dir='ltr'><strong>bantur;</strong></span> <span class='ocrx_word' id='word_1_638' title='bbox 662 5114 742 5168; x_wconf 92' lang='lat' dir='ltr'><strong>sic</strong></span> <span class='ocrx_word' id='word_1_639' title='bbox 784 5115 1037 5170; x_wconf 88' lang='lat' dir='ltr'><strong>bravium</strong></span> <span class='ocrx_word' id='word_1_640' title='bbox 1084 5119 1438 5189; x_wconf 87' lang='lat' dir='ltr'><strong>aspicientes,</strong></span> <span class='ocrx_word' id='word_1_641' title='bbox 1473 5125 1848 5180; x_wconf 78' lang='lat' dir='ltr'><strong>testimonium</strong></span> <span class='ocrx_word' id='word_1_642' title='bbox 1891 5127 1960 5182; x_wconf 91' lang='lat' dir='ltr'><strong>de</strong></span> 
     </span>
    </p>
   </div>
   <div class='ocr_carea' id='block_1_92' title="bbox 371 5201 1958 5288">
    <p class='ocr_par' dir='ltr' id='par_1_92' title="bbox 371 5201 1958 5288">
     <span class='ocr_line' id='line_1_92' title="bbox 371 5201 1958 5288; baseline 0.014 -38"><span class='ocrx_word' id='word_1_643' title='bbox 371 5201 607 5256; x_wconf 80' lang='lat' dir='ltr'><strong>veritate</strong></span> <span class='ocrx_word' id='word_1_644' title='bbox 637 5201 792 5268; x_wconf 84' lang='lat' dir='ltr'><strong>Jesu,</strong></span> <span class='ocrx_word' id='word_1_645' title='bbox 824 5213 878 5260; x_wconf 89' lang='lat' dir='ltr'><strong>et</strong></span> <span class='ocrx_word' id='word_1_646' title='bbox 913 5221 1015 5276; x_wconf 84' lang='lat' dir='ltr'><strong>pro</strong></span> <span class='ocrx_word' id='word_1_647' title='bbox 1052 5209 1170 5280; x_wconf 85' lang='lat' dir='ltr'><strong>ipsa</strong></span> <span class='ocrx_word' id='word_1_648' title='bbox 1204 5213 1576 5282; x_wconf 85' lang='lat' dir='ltr'><strong>moriendum,</strong></span> <span class='ocrx_word' id='word_1_649' title='bbox 1632 5217 1794 5272; x_wconf 78' lang='lat' dir='ltr'><strong>linem</strong></span> <span class='ocrx_word' id='word_1_650' title='bbox 1827 5232 1958 5288; x_wconf 83' lang='lat' dir='ltr'><strong>pro-</strong></span> 
     </span>
    </p>
   </div>
   <div class='ocr_carea' id='block_1_93' title="bbox 370 5298 1960 5364">
    <p class='ocr_par' dir='ltr' id='par_1_93' title="bbox 370 5298 1960 5364">
     <span class='ocr_line' id='line_1_93' title="bbox 370 5298 1960 5364; baseline 0.013 -20"><span class='ocrx_word' id='word_1_651' title='bbox 370 5301 641 5364; x_wconf 75' lang='lat' dir='ltr'><strong>ponentes</strong></span> <span class='ocrx_word' id='word_1_652' title='bbox 667 5303 721 5351; x_wconf 84' lang='lat' dir='ltr'><strong>et</strong></span> <span class='ocrx_word' id='word_1_653' title='bbox 759 5298 1047 5356; x_wconf 83' lang='lat' dir='ltr'><strong>victoriam</strong></span> <span class='ocrx_word' id='word_1_654' title='bbox 1090 5304 1392 5363; x_wconf 69' lang='lat' dir='ltr'><strong>referentes</strong></span> <span class='ocrx_word' id='word_1_655' title='bbox 1436 5319 1798 5364; x_wconf 86' lang='lat' dir='ltr'><strong>coronantur.</strong></span> <span class='ocrx_word' id='word_1_656' title='bbox 1861 5309 1960 5363; x_wconf 85' lang='lat' dir='ltr'><strong>Ac-</strong></span> 
     </span>
    </p>
   </div>
   <div class='ocr_carea' id='block_1_94' title="bbox 365 5384 1960 5467">
    <p class='ocr_par' dir='ltr' id='par_1_94' title="bbox 365 5384 1960 5467">
     <span class='ocr_line' id='line_1_94' title="bbox 365 5384 1960 5467; baseline 0.007 -30"><span class='ocrx_word' id='word_1_657' title='bbox 365 5384 576 5438; x_wconf 82' lang='lat' dir='ltr'><strong>cedunt</strong></span> <span class='ocrx_word' id='word_1_658' title='bbox 603 5393 657 5439; x_wconf 92' lang='lat' dir='ltr'><strong>et</strong></span> <span class='ocrx_word' id='word_1_659' title='bbox 691 5395 1004 5443; x_wconf 90' lang='lat' dir='ltr'><strong>ascetarum</strong></span> <span class='ocrx_word' id='word_1_660' title='bbox 1054 5393 1206 5448; x_wconf 81' lang='lat' dir='ltr'><strong>chori</strong></span> <span class='ocrx_word' id='word_1_661' title='bbox 1231 5409 1450 5459; x_wconf 89' lang='lat' dir='ltr'><strong>omnes,</strong></span> <span class='ocrx_word' id='word_1_662' title='bbox 1503 5404 1776 5467; x_wconf 85' lang='lat' dir='ltr'><strong>quotquot</strong></span> <span class='ocrx_word' id='word_1_663' title='bbox 1822 5395 1960 5466; x_wconf 78' lang='lat' dir='ltr'><strong>legi-</strong></span> 
     </span>
    </p>
   </div>
   <div class='ocr_carea' id='block_1_95' title="bbox 365 5471 1956 5558">
    <p class='ocr_par' dir='ltr' id='par_1_95' title="bbox 365 5471 1956 5558">
     <span class='ocr_line' id='line_1_95' title="bbox 365 5471 1956 5558; baseline 0.008 -34"><span class='ocrx_word' id='word_1_664' title='bbox 365 5471 504 5528; x_wconf 60' lang='lat' dir='ltr'><strong>time</strong></span> <span class='ocrx_word' id='word_1_665' title='bbox 535 5475 814 5530; x_wconf 81' lang='lat' dir='ltr'><strong>Christum</strong></span> <span class='ocrx_word' id='word_1_666' title='bbox 859 5477 1330 5556; x_wconf 70' lang='lat' dir='ltr'><strong>desideraverunt,</strong></span> <span class='ocrx_word' id='word_1_667' title='bbox 1352 5500 1446 5554; x_wconf 90' lang='lat' dir='ltr'><strong>per</strong></span> <span class='ocrx_word' id='word_1_668' title='bbox 1467 5484 1662 5558; x_wconf 86' lang='lat' dir='ltr'><strong>agendi</strong></span> <span class='ocrx_word' id='word_1_669' title='bbox 1691 5485 1956 5538; x_wconf 84' lang='lat' dir='ltr'><strong>rationem</strong></span> 
     </span>
    </p>
   </div>
   <div class='ocr_carea' id='block_1_96' title="bbox 369 5564 1955 5646">
    <p class='ocr_par' dir='ltr' id='par_1_96' title="bbox 369 5564 1955 5646">
     <span class='ocr_line' id='line_1_96' title="bbox 369 5564 1955 5646; baseline 0.008 -30"><span class='ocrx_word' id='word_1_670' title='bbox 369 5564 746 5634; x_wconf 78' lang='lat' dir='ltr'><strong>humiliorem,</strong></span> <span class='ocrx_word' id='word_1_671' title='bbox 804 5585 833 5622; x_wconf 91' lang='lat' dir='ltr'><strong>a</strong></span> <span class='ocrx_word' id='word_1_672' title='bbox 865 5572 1259 5641; x_wconf 89' lang='lat' dir='ltr'><strong>cupiditatibus</strong></span> <span class='ocrx_word' id='word_1_673' title='bbox 1288 5575 1456 5628; x_wconf 77' lang='lat' dir='ltr'><strong>eximi</strong></span> <span class='ocrx_word' id='word_1_674' title='bbox 1487 5577 1775 5646; x_wconf 84' lang='lat' dir='ltr'><strong>cupientes</strong></span> <span class='ocrx_word' id='word_1_675' title='bbox 1805 5585 1859 5630; x_wconf 90' lang='lat' dir='ltr'><strong>et</strong></span> <span class='ocrx_word' id='word_1_676' title='bbox 1887 5575 1955 5628; x_wconf 91' lang='lat' dir='ltr'><strong>ad</strong></span> 
     </span>
    </p>
   </div>
   <div class='ocr_carea' id='block_1_97' title="bbox 370 5651 1952 5734">
    <p class='ocr_par' dir='ltr' id='par_1_97' title="bbox 370 5651 1952 5734">
     <span class='ocr_line' id='line_1_97' title="bbox 370 5651 1952 5734; baseline 0.011 -30"><span class='ocrx_word' id='word_1_677' title='bbox 370 5651 525 5707; x_wconf 74' lang='lat' dir='ltr'><strong>illum</strong></span> <span class='ocrx_word' id='word_1_678' title='bbox 557 5659 962 5728; x_wconf 82' lang='lat' dir='ltr'><strong>assequendum</strong></span> <span class='ocrx_word' id='word_1_679' title='bbox 1020 5670 1326 5730; x_wconf 85' lang='lat' dir='ltr'><strong>currentes,</strong></span> <span class='ocrx_word' id='word_1_680' title='bbox 1369 5665 1462 5734; x_wconf 91' lang='lat' dir='ltr'><strong>qui</strong></span> <span class='ocrx_word' id='word_1_681' title='bbox 1507 5666 1574 5720; x_wconf 87' lang='lat' dir='ltr'><strong>ad</strong></span> <span class='ocrx_word' id='word_1_682' title='bbox 1618 5667 1952 5722; x_wconf 84' lang='lat' dir='ltr'><strong>destinatum</strong></span> 
     </span>
    </p>
   </div>
   <div class='ocr_carea' id='block_1_98' title="bbox 2072 3929 3542 4009">
    <p class='ocr_par' dir='ltr' id='par_1_98' title="bbox 2072 3929 3542 4009">
     <span class='ocr_line' id='line_1_98' title="bbox 2072 3929 3542 4009; baseline 0 -23"><span class='ocrx_word' id='word_1_683' title='bbox 2072 3932 2181 3986; x_wconf 62' lang='grc' dir='ltr'><strong>τὶιὸ</strong></span> <span class='ocrx_word' id='word_1_684' title='bbox 2227 3929 2434 3998; x_wconf 77' lang='grc' dir='ltr'>Ἐλπὶς</span> <span class='ocrx_word' id='word_1_685' title='bbox 2465 3931 2802 4009; x_wconf 62' lang='grc' dir='ltr'>προκείσθω</span> <span class='ocrx_word' id='word_1_686' title='bbox 2829 3931 3030 3998; x_wconf 78' lang='grc' dir='ltr'>δεξιοῦ</span> <span class='ocrx_word' id='word_1_687' title='bbox 3062 3933 3289 4000; x_wconf 76' lang='grc' dir='ltr'>παντὸς</span> <span class='ocrx_word' id='word_1_688' title='bbox 3313 3932 3542 4001; x_wconf 73' lang='grc' dir='ltr'>τέλους.</span> 
     </span>
    </p>
   </div>
   <div class='ocr_carea' id='block_1_99' title="bbox 2143 4044 3652 4117">
    <p class='ocr_par' dir='ltr' id='par_1_99' title="bbox 2143 4044 3652 4117">
     <span class='ocr_line' id='line_1_99' title="bbox 2143 4044 3652 4117; baseline 0.001 -19"><span class='ocrx_word' id='word_1_689' title='bbox 2143 4045 2302 4098; x_wconf 81' lang='grc' dir='ltr'>Πᾶσα</span> <span class='ocrx_word' id='word_1_690' title='bbox 2341 4044 2539 4115; x_wconf 79' lang='grc' dir='ltr'>πρᾶξις</span> <span class='ocrx_word' id='word_1_691' title='bbox 2572 4045 2668 4098; x_wconf 77' lang='grc' dir='ltr'>καὶ</span> <span class='ocrx_word' id='word_1_692' title='bbox 2699 4044 2966 4117; x_wconf 86' lang='grc' dir='ltr'>ἐνέργεια,</span> <span class='ocrx_word' id='word_1_693' title='bbox 3007 4047 3099 4100; x_wconf 80' lang='grc' dir='ltr'>καὶ</span> <span class='ocrx_word' id='word_1_694' title='bbox 3136 4048 3283 4102; x_wconf 78' lang='grc' dir='ltr'>πᾶσα</span> <span class='ocrx_word' id='word_1_695' title='bbox 3315 4046 3526 4114; x_wconf 84' lang='grc' dir='ltr'>κίνησις</span> <span class='ocrx_word' id='word_1_696' title='bbox 3555 4046 3652 4100; x_wconf 84' lang='grc' dir='ltr'>ἀν-</span> 
     </span>
    </p>
   </div>
   <div class='ocr_carea' id='block_1_100' title="bbox 2072 4132 3652 4208">
    <p class='ocr_par' dir='ltr' id='par_1_100' title="bbox 2072 4132 3652 4208">
     <span class='ocr_line' id='line_1_100' title="bbox 2072 4132 3652 4208; baseline 0.003 -21"><span class='ocrx_word' id='word_1_697' title='bbox 2072 4132 2292 4205; x_wconf 78' lang='grc' dir='ltr'>θρώπου</span> <span class='ocrx_word' id='word_1_698' title='bbox 2334 4135 2458 4189; x_wconf 81' lang='grc' dir='ltr'>νοῦν</span> <span class='ocrx_word' id='word_1_699' title='bbox 2503 4135 2742 4206; x_wconf 78' lang='grc' dir='ltr'>ἔχοντος,</span> <span class='ocrx_word' id='word_1_700' title='bbox 2789 4135 2989 4190; x_wconf 81' lang='grc' dir='ltr'>σκοπὸν</span> <span class='ocrx_word' id='word_1_701' title='bbox 3026 4137 3156 4190; x_wconf 75' lang='grc' dir='ltr'>ἴδιον</span> <span class='ocrx_word' id='word_1_702' title='bbox 3180 4137 3292 4208; x_wconf 79' lang='grc' dir='ltr'>ἔχει</span> <span class='ocrx_word' id='word_1_703' title='bbox 3323 4137 3414 4192; x_wconf 84' lang='grc' dir='ltr'><strong>καί</strong></span> <span class='ocrx_word' id='word_1_704' title='bbox 3454 4137 3652 4191; x_wconf 69' lang='grc' dir='ltr'>ἐλπίδα</span> 
     </span>
    </p>
   </div>
   <div class='ocr_carea' id='block_1_101' title="bbox 2072 4224 3651 4302">
    <p class='ocr_par' dir='ltr' id='par_1_101' title="bbox 2072 4224 3651 4302">
     <span class='ocr_line' id='line_1_101' title="bbox 2072 4224 3651 4302; baseline 0.003 -26"><span class='ocrx_word' id='word_1_705' title='bbox 2072 4224 2463 4296; x_wconf 81' lang='grc' dir='ltr'>προκειμένην,</span> <span class='ocrx_word' id='word_1_706' title='bbox 2499 4225 2634 4296; x_wconf 76' lang='grc' dir='ltr'>πρὸς</span> <span class='ocrx_word' id='word_1_707' title='bbox 2678 4227 2745 4296; x_wconf 81' lang='grc' dir='ltr'>ἢν</span> <span class='ocrx_word' id='word_1_708' title='bbox 2784 4227 3001 4298; x_wconf 78' lang='grc' dir='ltr'>ἀφορῶν</span> <span class='ocrx_word' id='word_1_709' title='bbox 3027 4230 3055 4281; x_wconf 88' lang='grc' dir='ltr'><strong>ό</strong></span> <span class='ocrx_word' id='word_1_710' title='bbox 3091 4230 3456 4300; x_wconf 71' lang='grc' dir='ltr'>ἐργαζόμενος</span> <span class='ocrx_word' id='word_1_711' title='bbox 3483 4229 3651 4302; x_wconf 67' lang='grc' dir='ltr'>ἐργάν</span> 
     </span>
    </p>
   </div>
   <div class='ocr_carea' id='block_1_102' title="bbox 2071 4315 3650 4391">
    <p class='ocr_par' dir='ltr' id='par_1_102' title="bbox 2071 4315 3650 4391">
     <span class='ocr_line' id='line_1_102' title="bbox 2071 4315 3650 4391; baseline 0.003 -23"><span class='ocrx_word' id='word_1_712' title='bbox 2071 4315 2224 4380; x_wconf 77' lang='grc' dir='ltr'>ζεται</span> <span class='ocrx_word' id='word_1_713' title='bbox 2245 4334 2258 4348; x_wconf 89' lang='grc'><strong>·</strong></span> <span class='ocrx_word' id='word_1_714' title='bbox 2289 4316 2462 4380; x_wconf 78' lang='grc' dir='ltr'>οὕτως</span> <span class='ocrx_word' id='word_1_715' title='bbox 2486 4318 2579 4369; x_wconf 77' lang='grc' dir='ltr'>ἐπὶ</span> <span class='ocrx_word' id='word_1_716' title='bbox 2609 4319 2722 4381; x_wconf 88' lang='grc' dir='ltr'>τοῖς</span> <span class='ocrx_word' id='word_1_717' title='bbox 2754 4321 3085 4388; x_wconf 82' lang='grc' dir='ltr'>σωματικοῖς</span> <span class='ocrx_word' id='word_1_718' title='bbox 3118 4321 3212 4374; x_wconf 72' lang='grc' dir='ltr'>καὶ</span> <span class='ocrx_word' id='word_1_719' title='bbox 3238 4323 3539 4391; x_wconf 86' lang='grc' dir='ltr'>κοσμικοῖς,</span> <span class='ocrx_word' id='word_1_720' title='bbox 3558 4320 3650 4374; x_wconf 64' lang='grc' dir='ltr'><strong>οὔ.</strong></span> 
     </span>
    </p>
   </div>
   <div class='ocr_carea' id='block_1_103' title="bbox 2069 4407 3652 4480">
    <p class='ocr_par' dir='ltr' id='par_1_103' title="bbox 2069 4407 3652 4480">
     <span class='ocr_line' id='line_1_103' title="bbox 2069 4407 3652 4480; baseline 0.005 -24"><span class='ocrx_word' id='word_1_721' title='bbox 2069 4421 2176 4468; x_wconf 88' lang='grc' dir='ltr'><strong>τως</strong></span> <span class='ocrx_word' id='word_1_722' title='bbox 2197 4407 2292 4460; x_wconf 74' lang='grc' dir='ltr'>ἐπὶ</span> <span class='ocrx_word' id='word_1_723' title='bbox 2320 4409 2432 4472; x_wconf 89' lang='grc' dir='ltr'>τοῖς</span> <span class='ocrx_word' id='word_1_724' title='bbox 2459 4411 2846 4478; x_wconf 81' lang='grc' dir='ltr'>πνευματικοῖς</span> <span class='ocrx_word' id='word_1_725' title='bbox 2872 4407 3176 4480; x_wconf 83' lang='grc' dir='ltr'>θεωρητέον</span> <span class='ocrx_word' id='word_1_726' title='bbox 3203 4411 3424 4475; x_wconf 74' lang='grc' dir='ltr'>καὶτοῖς</span> <span class='ocrx_word' id='word_1_727' title='bbox 3447 4413 3652 4479; x_wconf 80' lang='grc' dir='ltr'>νοεροῖς</span> 
     </span>
    </p>
   </div>
   <div class='ocr_carea' id='block_1_104' title="bbox 2064 4494 3654 4572">
    <p class='ocr_par' dir='ltr' id='par_1_104' title="bbox 2064 4494 3654 4572">
     <span class='ocr_line' id='line_1_104' title="bbox 2064 4494 3654 4572; baseline 0.004 -22"><span class='ocrx_word' id='word_1_728' title='bbox 2064 4496 2163 4550; x_wconf 76' lang='grc' dir='ltr'>καὶ</span> <span class='ocrx_word' id='word_1_729' title='bbox 2208 4495 2466 4566; x_wconf 68' lang='grc' dir='ltr'>λογικοῖς.</span> <span class='ocrx_word' id='word_1_730' title='bbox 2511 4499 2574 4553; x_wconf 73' lang='lat' dir='ltr'><strong>Et</strong></span> <span class='ocrx_word' id='word_1_731' title='bbox 2620 4494 2714 4552; x_wconf 78' lang='grc' dir='ltr'>οὖν</span> <span class='ocrx_word' id='word_1_732' title='bbox 2754 4499 2847 4552; x_wconf 71' lang='grc' dir='ltr'><strong>ἐπὶ</strong></span> <span class='ocrx_word' id='word_1_733' title='bbox 2873 4499 2982 4553; x_wconf 86' lang='grc' dir='ltr'><strong>τῶν</strong></span> <span class='ocrx_word' id='word_1_734' title='bbox 3025 4501 3305 4572; x_wconf 81' lang='grc' dir='ltr'>κοσμικῶν</span> <span class='ocrx_word' id='word_1_735' title='bbox 3334 4502 3510 4572; x_wconf 76' lang='grc' dir='ltr'>ἔργων</span> <span class='ocrx_word' id='word_1_736' title='bbox 3558 4503 3654 4560; x_wconf 68' lang='grc' dir='ltr'>καὶ</span> 
     </span>
    </p>
   </div>
   <div class='ocr_carea' id='block_1_105' title="bbox 2067 4583 3652 4666">
    <p class='ocr_par' dir='ltr' id='par_1_105' title="bbox 2067 4583 3652 4666">
     <span class='ocr_line' id='line_1_105' title="bbox 2067 4583 3652 4666; baseline 0.007 -29"><span class='ocrx_word' id='word_1_737' title='bbox 2067 4583 2334 4655; x_wconf 75' lang='grc' dir='ltr'>βιωτικῶν</span> <span class='ocrx_word' id='word_1_738' title='bbox 2367 4587 2580 4658; x_wconf 80' lang='grc' dir='ltr'>ἀνάγκη</span> <span class='ocrx_word' id='word_1_739' title='bbox 2627 4589 2728 4659; x_wconf 73' lang='grc' dir='ltr'>τὴν</span> <span class='ocrx_word' id='word_1_740' title='bbox 2758 4588 2952 4643; x_wconf 76' lang='grc' dir='ltr'>ἐλπίδα</span> <span class='ocrx_word' id='word_1_741' title='bbox 2998 4591 3093 4645; x_wconf 75' lang='grc' dir='ltr'>καὶ</span> <span class='ocrx_word' id='word_1_742' title='bbox 3135 4594 3226 4646; x_wconf 79' lang='grc' dir='ltr'>τὸν</span> <span class='ocrx_word' id='word_1_743' title='bbox 3275 4593 3474 4647; x_wconf 82' lang='grc' dir='ltr'>σκοπὸν</span> <span class='ocrx_word' id='word_1_744' title='bbox 3518 4612 3652 4666; x_wconf 82' lang='grc' dir='ltr'>προ-</span> 
     </span>
    </p>
   </div>
   <div class='ocr_carea' id='block_1_106' title="bbox 2067 4674 3649 4758">
    <p class='ocr_par' dir='ltr' id='par_1_106' title="bbox 2067 4674 3649 4758">
     <span class='ocr_line' id='line_1_106' title="bbox 2067 4674 3649 4758; baseline 0.008 -33"><span class='ocrx_word' id='word_1_745' title='bbox 2067 4674 2318 4745; x_wconf 83' lang='grc' dir='ltr'>ηγεῖσθαι</span> <span class='ocrx_word' id='word_1_746' title='bbox 2371 4678 2470 4747; x_wconf 82' lang='grc' dir='ltr'>τῆς</span> <span class='ocrx_word' id='word_1_747' title='bbox 2522 4677 2632 4731; x_wconf 89' lang='grc' dir='ltr'><strong>τῶν</strong></span> <span class='ocrx_word' id='word_1_748' title='bbox 2685 4680 3066 4750; x_wconf 79' lang='grc' dir='ltr'>προκειμένων</span> <span class='ocrx_word' id='word_1_749' title='bbox 3113 4683 3416 4754; x_wconf 82' lang='grc' dir='ltr'>ἐργασίας,</span> <span class='ocrx_word' id='word_1_750' title='bbox 3468 4685 3649 4758; x_wconf 81' lang='grc' dir='ltr'>πολλῷ</span> 
     </span>
    </p>
   </div>
   <div class='ocr_carea' id='block_1_107' title="bbox 2063 4764 3652 4848">
    <p class='ocr_par' dir='ltr' id='par_1_107' title="bbox 2063 4764 3652 4848">
     <span class='ocr_line' id='line_1_107' title="bbox 2063 4764 3652 4848; baseline 0.008 -31"><span class='ocrx_word' id='word_1_751' title='bbox 2063 4764 2240 4836; x_wconf 76' lang='grc' dir='ltr'>δήπου</span> <span class='ocrx_word' id='word_1_752' title='bbox 2270 4767 2470 4839; x_wconf 80' lang='grc' dir='ltr'>μᾶλλον</span> <span class='ocrx_word' id='word_1_753' title='bbox 2518 4769 2612 4824; x_wconf 75' lang='grc' dir='ltr'>ἐπὶ</span> <span class='ocrx_word' id='word_1_754' title='bbox 2652 4770 2762 4822; x_wconf 86' lang='grc' dir='ltr'><strong>τῶν</strong></span> <span class='ocrx_word' id='word_1_755' title='bbox 2794 4773 3178 4842; x_wconf 78' lang='grc' dir='ltr'>πνευματικῶν</span> <span class='ocrx_word' id='word_1_756' title='bbox 3209 4777 3304 4829; x_wconf 79' lang='grc' dir='ltr'>καὶ</span> <span class='ocrx_word' id='word_1_757' title='bbox 3331 4774 3520 4844; x_wconf 83' lang='grc' dir='ltr'>δεξιῶν</span> <span class='ocrx_word' id='word_1_758' title='bbox 3550 4778 3652 4848; x_wconf 74' lang='grc' dir='ltr'>τῆς</span> 
     </span>
    </p>
   </div>
   <div class='ocr_carea' id='block_1_108' title="bbox 2063 4853 3651 4936">
    <p class='ocr_par' dir='ltr' id='par_1_108' title="bbox 2063 4853 3651 4936">
     <span class='ocr_line' id='line_1_108' title="bbox 2063 4853 3651 4936; baseline 0.008 -26"><span class='ocrx_word' id='word_1_759' title='bbox 2063 4853 2266 4930; x_wconf 83' lang='grc' dir='ltr'>ἀρετῆς</span> <span class='ocrx_word' id='word_1_760' title='bbox 2295 4857 2474 4928; x_wconf 75' lang='grc' dir='ltr'>ἔργων</span> <span class='ocrx_word' id='word_1_761' title='bbox 2503 4861 2536 4928; x_wconf 78' lang='grc' dir='ltr'>ἡ</span> <span class='ocrx_word' id='word_1_762' title='bbox 2567 4859 2724 4923; x_wconf 74' lang='grc' dir='ltr'>ἐλπὶς</span> <span class='ocrx_word' id='word_1_763' title='bbox 2752 4861 2960 4931; x_wconf 73' lang='grc' dir='ltr'>ὀφείλει</span> <span class='ocrx_word' id='word_1_764' title='bbox 2997 4867 3341 4936; x_wconf 77' lang='grc' dir='ltr'>προκεῖσθαι,</span> <span class='ocrx_word' id='word_1_765' title='bbox 3370 4870 3464 4924; x_wconf 79' lang='grc' dir='ltr'>καὶ</span> <span class='ocrx_word' id='word_1_766' title='bbox 3489 4872 3519 4924; x_wconf 86' lang='grc' dir='ltr'>ὁ</span> <span class='ocrx_word' id='word_1_767' title='bbox 3542 4869 3651 4922; x_wconf 83' lang='grc' dir='ltr'><strong>τῶν</strong></span> 
     </span>
    </p>
   </div>
   <div class='ocr_carea' id='block_1_109' title="bbox 2065 4948 3650 5031">
    <p class='ocr_par' dir='ltr' id='par_1_109' title="bbox 2065 4948 3650 5031">
     <span class='ocr_line' id='line_1_109' title="bbox 2065 4948 3650 5031; baseline 0.008 -29"><span class='ocrx_word' id='word_1_768' title='bbox 2065 4948 2412 5019; x_wconf 85' lang='grc' dir='ltr'>πονουμένων</span> <span class='ocrx_word' id='word_1_769' title='bbox 2475 4950 2677 5017; x_wconf 80' lang='grc' dir='ltr'>σκοπὸς</span> <span class='ocrx_word' id='word_1_770' title='bbox 2750 4954 3182 5027; x_wconf 86' lang='grc' dir='ltr'>προθεωρεῖσθαι</span> <span class='ocrx_word' id='word_1_771' title='bbox 3207 4997 3223 5024; x_wconf 94' lang='grc'><strong>,</strong></span> <span class='ocrx_word' id='word_1_772' title='bbox 3269 4959 3407 5031; x_wconf 76' lang='grc' dir='ltr'>πρὸς</span> <span class='ocrx_word' id='word_1_773' title='bbox 3448 4961 3508 5014; x_wconf 87' lang='grc' dir='ltr'>ὂν</span> <span class='ocrx_word' id='word_1_774' title='bbox 3557 4959 3650 5013; x_wconf 78' lang='grc' dir='ltr'>τὸν</span> 
     </span>
    </p>
   </div>
   <div class='ocr_carea' id='block_1_110' title="bbox 2063 5040 3651 5118">
    <p class='ocr_par' dir='ltr' id='par_1_110' title="bbox 2063 5040 3651 5118">
     <span class='ocr_line' id='line_1_110' title="bbox 2063 5040 3651 5118; baseline 0.008 -24"><span class='ocrx_word' id='word_1_775' title='bbox 2063 5041 2303 5111; x_wconf 80' lang='grc' dir='ltr'>ἐργάτην</span> <span class='ocrx_word' id='word_1_776' title='bbox 2346 5040 2765 5098; x_wconf 79' lang='grc' dir='ltr'>ἀποσκοποῦντα</span> <span class='ocrx_word' id='word_1_777' title='bbox 2805 5047 3252 5104; x_wconf 81' lang='grc' dir='ltr'>κατευθύνεσθαι.</span> <span class='ocrx_word' id='word_1_778' title='bbox 3297 5051 3480 5118; x_wconf 76' lang='grc' dir='ltr'>Οὕτως</span> <span class='ocrx_word' id='word_1_779' title='bbox 3511 5052 3651 5106; x_wconf 85' lang='grc' dir='ltr'>ἀπό-</span> 
     </span>
    </p>
   </div>
   <div class='ocr_carea' id='block_1_111' title="bbox 2063 5133 3646 5215">
    <p class='ocr_par' dir='ltr' id='par_1_111' title="bbox 2063 5133 3646 5215">
     <span class='ocr_line' id='line_1_111' title="bbox 2063 5133 3646 5215; baseline 0.007 -27"><span class='ocrx_word' id='word_1_780' title='bbox 2063 5134 2239 5188; x_wconf 83' lang='grc' dir='ltr'>στολοι</span> <span class='ocrx_word' id='word_1_781' title='bbox 2265 5133 2360 5187; x_wconf 76' lang='grc' dir='ltr'>τοῦ</span> <span class='ocrx_word' id='word_1_782' title='bbox 2395 5139 2515 5189; x_wconf 80' lang='grc' dir='ltr'>κατ’</span> <span class='ocrx_word' id='word_1_783' title='bbox 2545 5137 2742 5215; x_wconf 78' lang='grc' dir='ltr'>αὐτοὺς</span> <span class='ocrx_word' id='word_1_784' title='bbox 2771 5138 2977 5210; x_wconf 82' lang='grc' dir='ltr'>δρόμου</span> <span class='ocrx_word' id='word_1_785' title='bbox 3006 5141 3068 5194; x_wconf 86' lang='grc' dir='ltr'>τὸ</span> <span class='ocrx_word' id='word_1_786' title='bbox 3095 5142 3248 5208; x_wconf 86' lang='grc' dir='ltr'>τέλος</span> <span class='ocrx_word' id='word_1_787' title='bbox 3281 5144 3646 5214; x_wconf 83' lang='grc' dir='ltr'>προορῶντες,</span> 
     </span>
    </p>
   </div>
   <div class='ocr_carea' id='block_1_112' title="bbox 2060 5223 3651 5304">
    <p class='ocr_par' dir='ltr' id='par_1_112' title="bbox 2060 5223 3651 5304">
     <span class='ocr_line' id='line_1_112' title="bbox 2060 5223 3651 5304; baseline 0.007 -29"><span class='ocrx_word' id='word_1_788' title='bbox 2060 5223 2120 5278; x_wconf 63' lang='lat' dir='ltr'><strong>ei:</strong></span> <span class='ocrx_word' id='word_1_789' title='bbox 2145 5225 2200 5276; x_wconf 83' lang='grc' dir='ltr'><strong>ἐν</strong></span> <span class='ocrx_word' id='word_1_790' title='bbox 2228 5227 2339 5287; x_wconf 81' lang='grc' dir='ltr'>τοῖς</span> <span class='ocrx_word' id='word_1_791' title='bbox 2363 5225 2540 5279; x_wconf 82' lang='grc' dir='ltr'>ἔθνεσι</span> <span class='ocrx_word' id='word_1_792' title='bbox 2567 5227 2866 5301; x_wconf 80' lang='grc' dir='ltr'>μεγαλῦναι</span> <span class='ocrx_word' id='word_1_793' title='bbox 2899 5229 2990 5284; x_wconf 80' lang='grc' dir='ltr'>τὸν</span> <span class='ocrx_word' id='word_1_794' title='bbox 3023 5231 3521 5304; x_wconf 76' lang='grc' dir='ltr'>Χριστὺν,ἕδραμον</span> <span class='ocrx_word' id='word_1_795' title='bbox 3555 5235 3651 5287; x_wconf 83' lang='grc' dir='ltr'>καὶ</span> 
     </span>
    </p>
   </div>
   <div class='ocr_carea' id='block_1_113' title="bbox 2061 5314 3646 5396">
    <p class='ocr_par' dir='ltr' id='par_1_113' title="bbox 2061 5314 3646 5396">
     <span class='ocr_line' id='line_1_113' title="bbox 2061 5314 3646 5396; baseline 0.008 -28"><span class='ocrx_word' id='word_1_796' title='bbox 2061 5314 2451 5384; x_wconf 77' lang='grc' dir='ltr'>κατηύθυνανο</span> <span class='ocrx_word' id='word_1_797' title='bbox 2498 5317 2672 5380; x_wconf 77' lang='grc' dir='ltr'>οὕτως</span> <span class='ocrx_word' id='word_1_798' title='bbox 2733 5319 2784 5372; x_wconf 78' lang='grc' dir='ltr'>οἱ</span> <span class='ocrx_word' id='word_1_799' title='bbox 2836 5320 3124 5392; x_wconf 80' lang='grc' dir='ltr'>ἀθλοφόροι</span> <span class='ocrx_word' id='word_1_800' title='bbox 3177 5325 3525 5395; x_wconf 83' lang='grc' dir='ltr'>μαρτυρῆσαι</span> <span class='ocrx_word' id='word_1_801' title='bbox 3577 5329 3646 5396; x_wconf 83' lang='grc' dir='ltr'>τῇ</span> 
     </span>
    </p>
   </div>
   <div class='ocr_carea' id='block_1_114' title="bbox 2061 5407 3652 5482">
    <p class='ocr_par' dir='ltr' id='par_1_114' title="bbox 2061 5407 3652 5482">
     <span class='ocr_line' id='line_1_114' title="bbox 2061 5407 3652 5482; baseline 0.006 -21"><span class='ocrx_word' id='word_1_802' title='bbox 2061 5407 2286 5479; x_wconf 81' lang='grc' dir='ltr'>ἀληθείᾳ</span> <span class='ocrx_word' id='word_1_803' title='bbox 2342 5409 2516 5480; x_wconf 80' lang='grc' dir='ltr'>Ἰησοῦ</span> <span class='ocrx_word' id='word_1_804' title='bbox 2562 5411 2655 5464; x_wconf 81' lang='grc' dir='ltr'>καὶ</span> <span class='ocrx_word' id='word_1_805' title='bbox 2711 5410 2850 5481; x_wconf 83' lang='grc' dir='ltr'>ὑπὲρ</span> <span class='ocrx_word' id='word_1_806' title='bbox 2903 5413 3075 5482; x_wconf 76' lang='grc' dir='ltr'>αὐτῆς</span> <span class='ocrx_word' id='word_1_807' title='bbox 3119 5415 3410 5470; x_wconf 84' lang='grc' dir='ltr'>ἀποθανεῖν</span> <span class='ocrx_word' id='word_1_808' title='bbox 3448 5417 3652 5472; x_wconf 71' lang='grc' dir='ltr'>σκοπὸν</span> 
     </span>
    </p>
   </div>
   <div class='ocr_carea' id='block_1_115' title="bbox 2063 5496 3650 5570">
    <p class='ocr_par' dir='ltr' id='par_1_115' title="bbox 2063 5496 3650 5570">
     <span class='ocr_line' id='line_1_115' title="bbox 2063 5496 3650 5570; baseline 0.008 -24"><span class='ocrx_word' id='word_1_809' title='bbox 2063 5496 2465 5566; x_wconf 79' lang='grc' dir='ltr'>προτιθέμενοι,</span> <span class='ocrx_word' id='word_1_810' title='bbox 2497 5498 2592 5552; x_wconf 74' lang='grc' dir='ltr'>καὶ</span> <span class='ocrx_word' id='word_1_811' title='bbox 2627 5497 2907 5566; x_wconf 83' lang='grc' dir='ltr'>νικῶντες,</span> <span class='ocrx_word' id='word_1_812' title='bbox 2943 5503 3361 5569; x_wconf 77' lang='grc' dir='ltr'>στεφανοῦνται·</span> <span class='ocrx_word' id='word_1_813' title='bbox 3383 5503 3650 5570; x_wconf 78' lang='grc' dir='ltr'>ὡσαύτως</span> 
     </span>
    </p>
   </div>
   <div class='ocr_carea' id='block_1_116' title="bbox 2062 5583 3650 5662">
    <p class='ocr_par' dir='ltr' id='par_1_116' title="bbox 2062 5583 3650 5662">
     <span class='ocr_line' id='line_1_116' title="bbox 2062 5583 3650 5662; baseline 0.008 -27"><span class='ocrx_word' id='word_1_814' title='bbox 2062 5583 2158 5636; x_wconf 78' lang='grc' dir='ltr'><strong>καὶ</strong></span> <span class='ocrx_word' id='word_1_815' title='bbox 2201 5585 2456 5656; x_wconf 86' lang='grc' dir='ltr'>ἀσκητῶν</span> <span class='ocrx_word' id='word_1_816' title='bbox 2496 5587 2648 5657; x_wconf 71' lang='grc' dir='ltr'>χοροὶ</span> <span class='ocrx_word' id='word_1_817' title='bbox 2687 5587 2908 5655; x_wconf 77' lang='grc' dir='ltr'>πάντες,</span> <span class='ocrx_word' id='word_1_818' title='bbox 2943 5591 3057 5643; x_wconf 85' lang='grc' dir='ltr'>ὅσοι</span> <span class='ocrx_word' id='word_1_819' title='bbox 3102 5593 3336 5662; x_wconf 80' lang='grc' dir='ltr'>γνησίως</span> <span class='ocrx_word' id='word_1_820' title='bbox 3368 5594 3650 5662; x_wconf 81' lang='grc' dir='ltr'>ἐπόθησαν</span> 
     </span>
    </p>
   </div>
   <div class='ocr_carea' id='block_1_117' title="bbox 2060 5673 3650 5754">
    <p class='ocr_par' dir='ltr' id='par_1_117' title="bbox 2060 5673 3650 5754">
     <span class='ocr_line' id='line_1_117' title="bbox 2060 5673 3650 5754; baseline 0.008 -28"><span class='ocrx_word' id='word_1_821' title='bbox 2060 5673 2315 5744; x_wconf 77' lang='grc' dir='ltr'>Χριστὸν,</span> <span class='ocrx_word' id='word_1_822' title='bbox 2345 5676 2433 5733; x_wconf 83' lang='grc' dir='ltr'><strong>διὰ</strong></span> <span class='ocrx_word' id='word_1_823' title='bbox 2455 5678 2553 5749; x_wconf 83' lang='grc' dir='ltr'>τῆς</span> <span class='ocrx_word' id='word_1_824' title='bbox 2581 5681 2971 5751; x_wconf 83' lang='grc' dir='ltr'>ταπεινοτέρας</span> <span class='ocrx_word' id='word_1_825' title='bbox 3007 5682 3228 5754; x_wconf 68' lang='grc' dir='ltr'>ἀγωγῆς</span> <span class='ocrx_word' id='word_1_826' title='bbox 3253 5684 3352 5754; x_wconf 85' lang='grc' dir='ltr'>τῆς</span> <span class='ocrx_word' id='word_1_827' title='bbox 3380 5685 3650 5749; x_wconf 84' lang='grc' dir='ltr'>ἀπαθείας</span> 
     </span>
    </p>
   </div>
   <div class='ocr_carea' id='block_1_118' title="bbox 379 5741 1959 5852">
    <p class='ocr_par' dir='ltr' id='par_1_118' title="bbox 379 5741 1948 5852">
     <span class='ocr_line' id='line_1_118' title="bbox 379 5741 1948 5852; baseline 0.013 -56"><span class='ocrx_word' id='word_1_828' title='bbox 379 5741 560 5811; x_wconf 76' lang='lat' dir='ltr'><strong>fmcm,</strong></span> <span class='ocrx_word' id='word_1_829' title='bbox 589 5749 734 5805; x_wconf 87' lang='lat' dir='ltr'><strong>sitim</strong></span> <span class='ocrx_word' id='word_1_830' title='bbox 763 5754 968 5824; x_wconf 83' lang='lat' dir='ltr'><strong>sperati</strong></span> <span class='ocrx_word' id='word_1_831' title='bbox 1008 5755 1437 5818; x_wconf 82' lang='lat' dir='ltr'><strong>contendebant.</strong></span> <span class='ocrx_word' id='word_1_832' title='bbox 1482 5757 1538 5814; x_wconf 92' lang='lat' dir='ltr'><strong>Si</strong></span> <span class='ocrx_word' id='word_1_833' title='bbox 1570 5759 1713 5852; x_wconf 70' lang='lat' dir='ltr'><strong>enim</strong></span> <span class='ocrx_word' id='word_1_834' title='bbox 1756 5775 1948 5816; x_wconf 85' lang='lat' dir='ltr'><strong>carna-</strong></span> 
     </span>
    </p>
   </div>
   <div class='ocr_carea' id='block_1_119' title="bbox 2063 5741 3648 5852">
    <p class='ocr_par' dir='ltr' id='par_1_119' title="bbox 2063 5741 3648 5844">
     <span class='ocr_line' id='line_1_119' title="bbox 2063 5741 3648 5844; baseline 0.009 -28"><span class='ocrx_word' id='word_1_835' title='bbox 2063 5741 2322 5838; x_wconf 74' lang='grc' dir='ltr'>ἐρῶντες,</span> <span class='ocrx_word' id='word_1_836' title='bbox 2355 5767 2451 5822; x_wconf 76' lang='grc' dir='ltr'>καὶ</span> <span class='ocrx_word' id='word_1_837' title='bbox 2498 5741 2633 5844; x_wconf 71' lang='grc' dir='ltr'>πρὸς</span> <span class='ocrx_word' id='word_1_838' title='bbox 2676 5769 2845 5844; x_wconf 78' lang='grc' dir='ltr'>αὐτὴν</span> <span class='ocrx_word' id='word_1_839' title='bbox 2870 5741 3168 5844; x_wconf 73' lang='grc' dir='ltr'>δραμόντες</span> <span class='ocrx_word' id='word_1_840' title='bbox 3186 5741 3257 5829; x_wconf 55' lang='grc' dir='ltr'>’ἐν</span> <span class='ocrx_word' id='word_1_841' title='bbox 3298 5741 3455 5844; x_wconf 70' lang='grc' dir='ltr'>δίψει,</span> <span class='ocrx_word' id='word_1_842' title='bbox 3511 5741 3648 5830; x_wconf 61' lang='lat' dir='ltr'><strong>me:</strong></span> 
     </span>
    </p>
   </div>
  </div>
