2041 3207
183 163 236 191 859

181 221 296 250 stiarum
305 217 445 255 proprium
452 219 496 244 est
506 215 649 248 occidere;
666 213 724 241 raia
736 217 869 240 venenata
886 212 972 239 maris

181 272 209 295 et
226 265 370 301 scorpione
379 264 449 292 clam
464 263 540 290 virus
554 260 755 298 evomentibus,
777 258 857 286 facile
871 257 970 285 mersis

183 312 273 339 adstat
288 311 384 337 fatum.

181 356 236 383 225
256 355 342 388 Turpe
352 359 390 381 est
402 354 522 388 juvenem
540 361 599 379 sane
615 352 787 388 inﬁrmiorem

182 391 235 418 236
257 387 332 421 Esse,
350 387 486 423 terrenique
498 387 825 423 juveneinsipientior-em.

217 433 452 468 Quemadmodum
469 433 580 467 juventa
607 436 633 459 et
661 432 750 458 aetatis
771 430 910 457 viriditate
933 428 973 454 vi-

181 485 300 516 gentem,
311 488 376 508 sene
389 479 527 514 decrepito
540 478 699 505 debiliorem
710 485 771 505 esse
783 481 862 511 turpe
871 475 973 503 videre-

184 530 229 553 tur
239 530 264 553 et
281 526 471 560 incongruum,
481 524 532 555 sic,
542 523 640 557 inquit.
653 527 680 550 et
692 524 718 550 in
729 522 821 550 ultima
831 526 973 550 senectute

185 570 388 607 pervenientem
415 570 661 603 imprudentiorem
687 569 799 603 juniore
829 575 972 603 apparere,

185 618 365 652 incongruum
380 623 494 651 prorsus
520 620 547 643 et
571 615 713 642 indeCens.
742 615 874 641 Similiter
889 622 973 641 senex

150 656 155 659 ’
183 664 238 691 vita
255 667 282 690 et
297 666 377 690 aatate
393 666 520 697 provecta
544 661 633 688 factus
651 662 686 688 sit
705 661 780 688 omni
795 660 930 695 sapientia
946 663 973 687 et

184 709 329 745 prudentia
354 709 462 743 plenus,
487 708 621 742 optimum
649 711 677 734 ct
703 706 872 734 conveniens
895 706 972 737 illud,

183 757 321 793 iuniorem
337 762 402 783 vero
426 759 453 782 et
473 759 536 782 ante
556 754 755 785 maturitatem.
772 753 800 779 in
813 752 902 779 aetatis
918 759 972 778 non

185 804 320 837 provecta:
337 800 456 827 decursu
475 799 626 833 sapientem
648 804 677 825 se
698 797 819 831 pnebere
835 799 862 822 et
882 796 974 822 senio-

185 854 245 873 rum
263 844 437 881 prudentiam
453 844 564 874 habere,
580 842 841 870 excellentissimum
857 844 931 869 esset
947 844 974 868 et

185 892 308 919 omnium
328 890 448 917 maxime
460 889 638 916 conveniens.

184 976 239 1004 229
257 975 365 1009 Semper
381 975 484 1010 quidem
507 974 621 1002 salutent
646 981 765 1008 operare.

222 1021 303 1049 Omni
320 1025 443 1055 tempore
459 1025 486 1047 ct
501 1017 575 1047 omni
589 1019 708 1047 hominis
723 1023 802 1046 mtate
815 1019 917 1046 bonum
933 1022 976 1046 est

186 1068 246 1096 viro
260 1067 375 1095 salutem
387 1066 507 1101 operari,
523 1073 583 1101 quae
598 1069 650 1099 est,
672 1072 687 1092 a
708 1065 779 1092 malo
796 1064 934 1092 declinare
949 1068 977 1092 et

187 1114 288 1142 bonum
304 1113 408 1145 facere;
422 1112 572 1147 praesertim
585 1111 823 1146 appropinquante
840 1110 977 1138 solutione

188 1167 203 1186 a
219 1159 283 1186 vita.
309 1157 380 1191 Quid
406 1157 479 1184 aliud
504 1156 603 1191 majori
627 1156 806 1184 sollicitudini
830 1160 904 1184 esset
932 1156 976 1190 pio

188 1205 247 1232 viro
261 1208 288 1231 et
304 1211 415 1232 sensum
432 1195 640 1237 habenthquam
663 1202 816 1237 przeteritas
834 1201 931 1236 culpas
950 1205 977 1228 et

188 1250 310 1277 maculas
327 1249 456 1284 lacrymis
481 1252 508 1276 et
534 1248 755 1276 confessionibus
778 1247 920 1279 mundare,
950 1250 977 1274 et

188 1301 250 1329 quae
268 1301 302 1321 ex
329 1293 464 1328 iniustitia
489 1293 664 1328 proveniunt,
685 1293 719 1320 iis
739 1292 785 1327 qui
812 1291 976 1326 injustitiam

189 1338 263 1373 passi
278 1343 353 1370 sunt,
367 1346 427 1373 qua:
445 1345 509 1365 vero
524 1345 539 1364 a
555 1338 632 1372 justo
649 1338 725 1364 lucro
747 1344 810 1364 cum
828 1340 902 1363 recta
917 1344 978 1363 mo-

189 1383 332 1410 deralione
346 1381 456 1410 Christo
472 1383 550 1416 prius
561 1382 679 1413 mittere.
696 1385 723 1408 et
739 1381 779 1409 sic
794 1381 934 1408 fructuosa
951 1384 978 1408 et

190 1427 308 1456 sollicita
321 1427 482 1462 paenitentia
497 1427 618 1462 judicem
633 1427 754 1462 placare.
774 1426 878 1454 Merces
892 1434 977 1461 appa-

190 1476 241 1504 ret.
257 1479 347 1507 praeco
362 1475 460 1499 metam
482 1472 581 1499 clamat
594 1480 600 1498 :
619 1471 742 1506 Apostoli
756 1474 783 1498 et
800 1471 939 1506 propheta:
952 1474 979 1498 et

189 1517 279 1545 omnis
294 1517 402 1545 divinus
412 1517 542 1552 magister
552 1535 559 1549 ,
579 1517 769 1551 paenitentiam
783 1517 866 1552 agite,
879 1522 977 1551 magna

190 1563 319 1597 praedicat
339 1568 415 1590 voce.
433 1562 595 1597 Quicunque
619 1570 702 1590 aures
725 1562 854 1589 audiendi
880 1563 976 1595 habes,

189 1616 254 1643 para
266 1609 300 1635 ad
317 1613 414 1635 metam
430 1616 513 1643 opera
536 1614 599 1642 tua;
624 1607 758 1643 judicium
785 1616 870 1644 prope
889 1612 931 1636 est
950 1612 979 1636 et

190 1654 220 1682 in
236 1650 342 1683 foribus
356 1655 434 1682 adest
445 1653 542 1689 judex;

192 1745 247 1773 235
267 1742 344 1771 Finis
359 1744 499 1771 sermonis.

203 1779 210 1788 “
226 1789 319 1817 Multis
330 1790 410 1818 bonis
422 1794 450 1817 et
471 1784 640 1825 sapientibus
656 1790 747 1818 verbis
768 1790 795 1817 in
812 1789 901 1816 anima
910 1789 979 1817 sedi-

192 1835 346 1862 licationcm
362 1839 390 1861 et
403 1828 521 1862 salutem
535 1842 551 1861 a
564 1839 659 1862 saneta
676 1839 703 1862 et
718 1835 871 1870 theologica
887 1836 979 1870 lingua

193 1880 318 1916 prolatis,
336 1880 409 1907 hunc
427 1879 555 1915 loquendi
581 1880 659 1907 linem
686 1881 843 1907 summatim
876 1885 979 1907 rectum

192 1931 219 1954 et
232 1926 374 1953 concisum
394 1926 537 1953 sententiis
550 1930 577 1953 et
588 1927 753 1954 testimoniis
769 1927 827 1954 suis
841 1926 979 1961 apposuit,

191 1971 297 2002 dicens,
310 1970 445 2005 duplicem
462 1977 524 1998 esse
541 1970 715 2005 apostatandi
740 1978 755 1997 a
782 1970 838 1998 Deo
866 1978 979 2003 morem,

193 2016 309 2042 alterum
321 2022 412 2049 opere,
427 2015 541 2042 alterum
557 2016 652 2044 verbo.
666 2015 754 2052 Opere
769 2017 880 2051 quidem
896 2017 980 2051 igitur

193 2063 418 2094 apostalantur‘a
441 2059 544 2087 divinis
565 2060 612 2094 qui
637 2061 790 2088 secundum
805 2061 980 2095 insipientem

192 2106 275 2133 istum
302 2105 460 2140 hypocrita,
478 2105 506 2132 in
530 2105 612 2133 corde
637 2114 688 2134 suo
713 2107 736 2134 si
756 2114 810 2134 non
836 2107 928 2142 lingua
941 2106 982 2134 di-

193 2154 260 2177 cunt
278 2149 357 2177 :Non
369 2154 412 2177 est
426 2149 515 2184 Deus;
527 2155 670 2185 propterea
684 2152 807 2186 corrupti
825 2155 900 2185 sunt,
917 2153 980 2179 etin

194 2194 386 2230 iniquitatibus
394 2194 594 2223 abominabiles
605 2195 670 2223 facti
681 2201 746 2224 sunt
758 2205 766 2224 :
778 2197 831 2224 hoc
841 2201 884 2225 est
897 2205 981 2232 opere

194 2243 352 2275 apostatare
372 2246 388 2266 a
414 2239 479 2267 Deo.
497 2239 588 2268 Verbo
609 2246 699 2269 autem
726 2241 905 2276 postolicam
931 2242 982 2269 do-

193 2286 312 2312 ctrinam
321 2288 348 2311 et
356 2279 634 2312 divinorum'Patrum
644 2285 807 2320 theologiam
816 2291 915 2321 negant
923 2288 982 2315 sive

194 2330 241 2366 qui
253 2328 394 2356 Iudaicam
411 2329 440 2356 in
463 2329 682 2358 incredulitatem
704 2330 841 2365 feruntur,
860 2333 918 2360 sive
932 2334 979 2368 qui

195 2374 227 2403 ad
242 2374 368 2410 gentilem
382 2374 594 2410 polytlieismum
607 2380 634 2403 et
653 2376 816 2412 impietatem
835 2378 978 2413 inclinant,

194 2421 252 2448 sive
266 2420 313 2456 qui
335 2421 368 2448 ad
390 2420 544 2448 luereticam
557 2421 705 2456 perniciem
721 2422 886 2458 impiumque
900 2425 980 2453 aber-

193 2466 327 2494 rationem
354 2466 488 2494 incidunt.
503 2465 544 2493 Tu
569 2474 633 2503 ergo
658 2468 838 2504 undequaque
855 2471 977 2499 cireum-

194 2512 314 2547 spiciens
330 2509 475 2547 de'teipso,
493 2520 526 2539 ne
540 2513 685 2548 decipiaris
705 2513 741 2541 ab
758 2514 836 2543 hoste
854 2516 977 2546 invisibi-

195 2557 371 2590 literastanti
386 2561 413 2585 et
426 2558 528 2593 jugiter
543 2559 651 2588 furtivis
674 2561 781 2590 insidiis
798 2563 935 2591 obsidenti
953 2568 980 2592 et

193 2602 366 2637 persequenti
400 2606 427 2629 et
455 2603 482 2629 in
516 2606 717 2638 apostasiarum
756 2609 979 2644 supradictarum

193 2645 354 2673 barathrum
372 2648 465 2674 venari
479 2652 505 2675 te
521 2653 548 2676 et
571 2651 684 2683 perdere
698 2652 772 2680 omni
787 2661 840 2688 ope
854 2659 880 2681 et
897 2662 980 2689 opera

192 2691 303 2719 conanti
317 2701 325 2718 :
340 2691 398 2719 haec
421 2698 511 2721 monet
532 2695 651 2730 optimus
667 2697 757 2725 Pater.
781 2698 853 2726 Cave
867 2708 932 2735 ergo
947 2709 980 2730 ne

193 2738 248 2764 ullo
259 2736 339 2765 modo
353 2737 381 2765 in
403 2739 535 2768 ambabus
545 2742 692 2775 apostasiis
709 2743 867 2773 distinearis
885 2750 912 2773 et
928 2747 980 2774 im-

193 2782 313 2818 plicet-is,
331 2791 380 2812 nec
406 2784 555 2815 immundis
579 2791 605 2815 te
628 2787 791 2823 immisceas,
810 2796 845 2817 ne
862 2791 930 2821 forte
945 2801 980 2821 ex

226 2867 286 2903 (15)
303 2867 412 2899 Littera:
422 2876 541 2907 quatuor
551 2876 598 2901 aut
610 2873 729 2910 quinque
741 2874 942 2905 desiderantur.

815 153 964 183 NICETAS
984 152 1086 181 DAl‘lD

1763 154 1832 184 840

1025 209 1165 238 κτιννύναι
1176 216 1183 224 ’
1200 208 1248 243 τῆς
1261 216 1290 235 τε
1307 207 1452 240 θαλαττίας
1465 208 1594 243 τρυγόνος
1608 208 1656 235 καὶ
1665 209 1712 236 τοῦ
1724 218 1829 249 ,σκορ-

1023 256 1085 282 πίου
1109 254 1247 289 λαθραίως
1273 253 1320 280 τὸν
1347 253 1386 280 ίδν
1412 253 1631 289 ὲναπεμοῢντος,
1646 255 1732 291 ῥᾷστα
1743 258 1832 293 πείρ-

1025 301 1092 335 έστη
1103 301 1160 331 τοῖς
1174 299 1310 335 δηχθείσιν
1326 299 1340 325 ὁ
1360 299 1451 334 μόρος.

1022 346 1077 372 235
1104 344 1237 380 Λζσχρὸν
1249 345 1321 371 νέον
1337 344 1477 380 γέροντος
1488 344 1710 380 ἀσθενέστερον
1748 336 1762 350 ³⁷

1022 380 1076 407 2'26
1103 378 1197 410 Εἶναι,
1216 380 1341 414 γέροντα
1355 379 1382 404 δ’
1397 379 1619 413 ἀφρονέστερον
1636 378 1719 408 νῖέου.

1062 426 1166 461 Ὥσπερ
1180 425 1226 452 τὸν
1244 424 1350 460 νεότητι
1364 425 1410 451 καὶ
1429 425 1505 460 ἀκμῇ
1521 425 1680 461 σφριγῶντα
1695 427 1830 463 ἡλικίας,

1024 470 1130 506 σαπροῦ
1155 470 1282 505 γέροντος
1309 469 1506 506 ἀδρανέστερον
1532 469 1623 504 εἶναι,
1647 472 1762 508 αἰσχρὸν
1790 473 1831 501 ἂν

1024 516 1113 552 ὁρῷτο
1123 517 1170 542 καὶ
1179 516 1312 542 ἀνοίκειον
1323 524 1330 530 ·
1348 515 1429 547 οὕτω,
1441 516 1518 551 φησὶ,
1534 517 1582 542 καὶ
1593 517 1639 543 τὸν
1653 518 1692 549 εἰς
1703 518 1832 554 ἔσχατον

1024 561 1174 597 ὲληλακότα
1200 561 1322 597 γήρους,
1346 561 1545 596 ἀφρονέστερον
1566 562 1614 589 τοῦ
1627 564 1765 599 νεωτέρου
1784 564 1833 601 τῷ

1024 608 1112 643 χρόνῳ
1127 607 1363 640 χαταδείχνυσθαι,
1380 608 1514 635 ἀνοίκειον
1529 609 1626 644 πάντη.
1637 610 1684 636 καὶ
1700 611 1834 647 ἀνάρμο-

1025 661 1098 679 στον.
1117 652 1211 687 Ὅμως
1232 652 1246 678 ὁ
1265 652 1355 688 γέρων
1373 653 1423 687 μὲν
1438 653 1499 679 καθ’
1518 654 1593 690 ὥραν
1609 656 1657 682 καὶ
1672 656 1744 684 κατὰ
1773 657 1833 694 τὴν

1025 698 1208 734 πρεσόυτικὴν
1223 698 1298 733 ἥκων
1313 698 1433 733 ἡλικίαν.
1447 698 1517 725 ἔστω
1533 700 1671 734 πάνσοςος
1689 701 1738 729 καὶ
1757 710 1833 730 συν-

1026 744 1109 774 έσεως
1122 743 1239 779 πλήρης·
1259 744 1305 770 καὶ
1315 743 1393 770 τοῦτο
1402 744 1503 778 ἀγαθόν
1517 753 1545 771 τε
1554 746 1600 772 καὶ
1610 746 1761 782 εὐπρεπές·
1778 748 1833 776 τὸν

1028 788 1161 824 νεώτερον
1187 789 1216 815 δὲ
1243 789 1282 824 τῷ
1306 789 1393 825 χρόνῳ
1415 791 1462 816 καὶ
1485 791 1537 826 πρὸ
1559 790 1634 827 ὥρας
1654 793 1684 819 ὲν
1707 793 1748 828 τῷ
1774 795 1832 831 τῆς

1027 834 1135 870 ἡλικίας
1158 834 1250 862 ἀτελεῖ
1267 837 1417 870 σωφρονεῖν
1432 836 1479 862 καὶ
1504 837 1689 874 πρεσΰυτικὴν
1711 838 1834 868 σύνεσιν

1027 880 1217 916 ἀνειληφέναι,
1242 880 1322 907 τοῦτο
1345 882 1490 917 κράτιστον
1513 882 1547 909 ἂν
1572 882 1615 918 εἴη
1642 884 1689 910 καὶ
1710 886 1832 914 πάντων

1026 927 1257 962 εὐπρεπέστατον.

1026 972 1079 999 299
1111 973 1170 999 Ἀεὶ
1178 973 1237 1006 μὲν
1246 972 1376 1008 ἐργάζοιο
1391 972 1448 1007 τὴν
1461 975 1622 1009 σωτηρίαν.

1063 1018 1141 1044 Κατὰ
1157 1018 1247 1045 πάντα
1263 1019 1311 1053 μὲν
1328 1019 1423 1053 χρόνον
1439 1020 1485 1045 καὶ
1500 1021 1589 1046 πᾶσαν
1606 1020 1753 1056 ἀνθρώπου
1765 1023 1832 1058 ἠλι-

1027 1063 1099 1095 κίαν,
1116 1063 1219 1098 ἀγαθὸν
1243 1065 1321 1100 ἀνδρὶ
1341 1064 1389 1100 τὴν
1412 1065 1494 1092 αὑτοῦ
1523 1066 1659 1102 σωτηρίαν
1684 1069 1833 1104 κατεργά-

1028 1112 1132 1145 ζεσθαι,
1147 1113 1208 1148 ἥτις
1224 1113 1308 1146 ἐστὶν,
1330 1113 1465 1139 ἐκκλίνειν
1484 1114 1533 1149 μὲν
1555 1115 1610 1142 ἀπὸ
1622 1116 1718 1146 κακοῦ,
1733 1118 1830 1144 ποιεῖν

1027 1157 1055 1184 δὲ
1078 1158 1108 1184 τὸ
1130 1158 1242 1192 ἀγαθὸν,
1262 1158 1378 1193 μάλιστα
1400 1158 1428 1185 δὲ
1450 1159 1481 1194 δὴ
1497 1159 1547 1195 τῆς
1570 1158 1617 1186 τοῦ
1641 1160 1700 1195 βίου
1717 1161 1830 1194 λύσεως

1028 1204 1256 1239 προσηγγικυίας.
1278 1204 1311 1230 Τί
1332 1204 1366 1231 ἂν
1378 1204 1442 1230 ἄλλο
1458 1204 1501 1240 εἴη
1523 1206 1830 1243 περισπουδαστὸτερον

1027 1250 1066 1285 τῷ
1082 1251 1190 1277 εὐσεόεῖ
1214 1251 1262 1277 καὶ
1288 1250 1352 1278 νοῦν
1366 1251 1475 1286 ἔχοντι,
1502 1252 1518 1287 ἢ
1543 1252 1577 1279 τὰ
1600 1253 1830 1289 προῦπηργμένα

1030 1296 1103 1331 ρὑη
1128 1297 1175 1323 καὶ
1201 1296 1363 1332 μολύσματα
1386 1297 1503 1332 δάκρυσι
1524 1298 1573 1324 xa‘t
1596 1290 1829 1334 ὲξομολογήσεσιν

1029 1341 1236 1376 ἀνακαθαίρειν,
1253 1342 1302 1368 καὶ
1315 1343 1348 1368 τὰ
1365 1342 1394 1375 ὲξ
1411 1342 1520 1375 ἀδικίας
1545 1344 1595 1378 μὲν
1614 1345 1671 1376 τοῖς
1688 1344 1829 1380 ἠδικημέ-

1028 1395 1094 1419 νοις,
1107 1387 1142 1413 τὰ
1157 1388 1190 1413 ὲκ
1207 1387 1319 1414 δικαίων
1331 1387 1361 1414 δὲ
1381 1388 1473 1423 πόρων
1490 1389 1693 1425 προσγινόμενα
1709 1390 1756 1418 διὰ
1770 1390 1829 1419 τῶν

1031 1432 1148 1467 μετρίων
1163 1432 1325 1468 προπέμψαι
1341 1433 1380 1468 τῷ
1393 1435 1415 1460 Χ
1420 1433 1513 1470 ριστῷ,
1530 1435 1577 1461 καὶ
1589 1434 1677 1467 οὕτως
1690 1436 1828 1473 hostime

1029 1478 1076 1505 καὶ
1091 1479 1320 1515 μεμεριμνημένῃ
1336 1479 1465 1515 μετανοίᾳ
1476 1479 1643 1512 ὲξιλεοῦσθαι
1656 1480 1703 1507 τὸν
1712 1482 1825 1517 κριτήν.

1031 1523 1069 1550 Τὸ
1095 1523 1183 1558 γῆρας
1201 1523 1351 1559 πάρεστιν,
1378 1524 1392 1550 ὁ
1416 1524 1504 1559 κήρυξ
1520 1524 1569 1561 τὴν
1592 1525 1681 1558 ἔξοδον
1706 1525 1826 1562 ἑπισοᾷο

1039 1568 1193 1595 Ἀπόστολοι
1211 1569 1257 1595 καὶ
1281 1570 1420 1604 προφῆται
1440 1570 1487 1595 καὶ
1501 1570 1555 1601 πᾶς
1568 1569 1640 1601 θεῖος
1653 1569 1825 1603 διδάσκαλος.

1033 1615 1200 1649 μετανοεῖτε,
1217 1615 1323 1651 μεγάλῃ
1339 1615 1524 1650 παραγγέλλει
1542 1616 1630 1651 φωνῇ.
1649 1616 1708 1649 Πᾶς
1725 1617 1740 1643 ὁ
1754 1617 1827 1653 ἔχων

1029 1659 1077 1692 οὖς
1088 1660 1209 1693 ἀκούειν,
1220 1660 1365 1696 εὐτρέπιζε
1377 1660 1444 1696 πρὸς
1461 1661 1510 1696 τὴν
1525 1661 1614 1695 ἔξοδον
1626 1661 1661 1688 τὰ
1672 1662 1741 1698 ἔργα
1757 1671 1825 1689 σοιν

1030 1706 1047 1740 ἡ
1064 1706 1118 1741 γὰρ
1135 1707 1226 1741 κρίσις
1239 1706 1323 1740 ἐγγὺς
1333 1707 1382 1733 καὶ
1396 1706 1442 1733 ἐπὶ
1458 1706 1554 1742 θύραις
1571 1707 1625 1734 ἰδοὺ
1639 1708 1654 1734 ὁ
1668 1707 1777 1743 κριτής.

1029 1751 1083 1777 255
1119 1751 1217 1784 Πέρας
1233 1752 1336 1786 λόγου.

1067 1796 1176 1823 Πολλῶν
1193 1797 1240 1823 καὶ
1254 1797 1365 1831 ἀγαθῶν
1381 1798 1428 1824 καὶ
1447 1798 1538 1833 σοφῶν
1551 1797 1638 1833 λόγων
1651 1799 1706 1827 τῶν
1728 1800 1770 1832 εἰς
1787 1799 1827 1827 ol-

1031 1843 1147 1878 κοδομὴν
1162 1843 1252 1879 ψυχῆς
1267 1844 1315 1870 καὶ
1331 1844 1469 1880 σωτηρίαν
1482 1845 1535 1871 ὑπὸ
1550 1845 1598 1881 τῆς
1613 1846 1690 1881 ἱερᾶς
1702 1847 1749 1875 καὶ
1764 1847 1825 1874 θεο-

1031 1889 1112 1923 λόγον
1124 1889 1250 1924 γλώσσης
1267 1889 1430 1924 εἰρημένων,
1448 1889 1528 1916 τοῦτο
1548 1889 1637 1925 πέρας
1658 1891 1739 1925 λόγου
1759 1899 1826 1926 ουτ-

1032 1933 1264 1969 κεφαλαιούμενκ
1289 1935 1350 1966 ταῖς
1366 1934 1448 1967 αὑτοῦ
1465 1934 1588 1970 γνώμαις
1604 1936 1652 1962 καὶ
1671 1936 1824 1973 διαμαρτυ-

1034 1979 1105 2015 ρίαις
1120 1978 1205 2011 δεξιὸν
1221 1979 1268 2005 καὶ
1282 1979 1414 2014 σύντομον
1430 1980 1559 2016 ἐπέθηκε,
1581 1981 1673 2017 διττὴν
1690 1979 1760 2008 εἶναι
1780 1981 1826 2008 λέ-

1031 2033 1088 2059 γων
1103 2025 1152 2060 τὴν
1173 2025 1287 2061 ἄρνησιν
1302 2025 1381 2059 Θεοῦ,
1397 2026 1453 2061 Ϊτὴν
1469 2026 1518 2062 μὲν
1539 2027 1568 2053 ὲν
1588 2027 1670 2062 ἔργῳ,
1687 2028 1737 2063 τὴν
1750 2028 1782 2055 δὲ
1796 2028 1826 2054 ἐν

1031 2070 1113 2105 λόγῳ.
1132 2071 1226 2106 Ἐργῳ
1247 2070 1297 2106 μὲν
1318 2068 1364 2098 οὖν
1379 2071 1525 2107 ἐξήρνηται
1545 2072 1575 2099 τὸ
1596 2072 1785 2109 Θείοννῶσπερ
1799 2074 1825 2100 οἱ

1032 2115 1103 2142 κατὰ
1115 2115 1160 2142 τὸν
1174 2115 1279 2151 ἄφρονα
1293 2117 1396 2144 ἐκεῖνον
1418 2118 1573 2153 ὑποκριταὶ,
1592 2119 1691 2151 οἵτινες
1705 2116 1782 2147 εἷπον
1796 2120 1825 2146 ὲν

1032 2160 1143 2196 καρδίᾳ,
1157 2161 1182 2187 εἰ
1195 2162 1240 2188 καὶ
1258 2161 1296 2197 μὴ
1310 2163 1342 2198 τῇ
1361 2161 1472 2199 γλώσσῃ
1486 2164 1602 2196 ἑαυτῶν,
1616 2165 1654 2200 μὴ
1667 2163 1736 2192 εἶναι
1745 2156 1824 2197 Θεὸν,

1034 2205 1095 2239 δι’,ὃ
1109 2206 1156 2233 καὶ
1168 2207 1353 2243 διεφθάρησαν
1366 2209 1414 2235 καὶ
1426 2210 1456 2236 ὲν
1467 2210 1593 2246 ἀνομίαις
1606 2210 1805 2247 ἐϐδελύχθησαν
1815 2218 1823 2226 ⁸

1034 2251 1107 2287 ἔργῳ
1134 2252 1183 2287 μὲν
1207 2252 1293 2285 οὕτως
1319 2255 1336 2289 ἡ
1362 2254 1476 2290 ἄρνησις
1497 2256 1672 2283 ἐπιτελεῖται.
1699 2256 1778 2291 Λόγῳ
1797 2255 1825 2282 δὲ

1035 2296 1117 2325 πάλιν
1139 2297 1179 2333 τῷ
1200 2299 1250 2334 τὴν
1263 2300 1446 2336 ἀποστολικὴν
1465 2301 1576 2337 διδαχὴν
1601 2302 1648 2328 καὶ
1668 2302 1723 2329 τῶν
1745 2302 1826 2335 θείων

1035 2342 1164 2378 Πατέρων
1185 2343 1235 2379 τὴν
1255 2343 1395 2379 θεολογίαν
1417 2346 1625 2381 ἀπαναίνεσθαι,
1643 2347 1660 2383 ἢ
1676 2347 1744 2382 πρὸς
1762 2347 1826 2374 Ἴου-

1034 2387 1131 2423 δαῖκὴν
1146 2388 1274 2416 ἀπιστίαν
1289 2390 1522 2427 ὑποφερομένους,
1540 2393 1558 2429 ἢ
1579 2394 1648 2430 πρὸς
1665 2392 1823 2429 Ἑλληνικὴν

1035 2432 1216 2466 ἀπονεύοντας
1243 2435 1387 2462 πολυθεΐαν
1409 2438 1457 2463 καὶ
1482 2438 1626 2471 ἀσέβειαν,
1649 2439 1666 2475 ἢ
1689 2438 1758 2474 πρὸς
1781 2437 1824 2465 αῖ-

1036 2478 1148 2514 ρετικὴν
1171 2480 1309 2509 ἀπώλειαν
1328 2483 1376 2509 καὶ
1398 2483 1559 2512 δυσσέϐειαν
1583 2484 1822 2517 sannosum“.

1035 2524 1072 2551 Σὺ
1088 2522 1135 2568 οὖν
1154 2526 1322 2561 πανταχόθεν
1336 2528 1448 2555 σεαυτὸν
1464 2530 1649 2565 περισκοπῶν,
1666 2530 1705 2566 μὴ
1719 2530 1824 2564 κλαπῇς

1035 2567 1097 2595 ὑπο
1115 2569 1163 2596 τοῦ
1189 2571 1343 2606 Δυσμενοῦς
1369 2572 1512 2609 ἀοράτως,
1534 2574 1583 2601 καὶ
1611 2574 1655 2601 ἀεὶ
1680 2573 1824 2610 λαθρυδὶως

1031 2614 1222 2650 παλαίσμασιν
1244 2617 1445 2654 ἐνεδρεύοντας,
1466 2619 1514 2646 καὶ
1537 2619 1688 2652 διώκοντος,
1715 2619 1763 2646 καὶ
1785 2618 1824 2649 εἰς

1035 2660 1146 2695 βόθυνον
1161 2661 1217 2688 τῶν
1236 2663 1389 2698 εἰρημένων
1412 2665 1554 2700 ἀρνήσεων
1575 2664 1706 2701 θηρεῦσαί
1730 2672 1760 2691 σε
1779 2662 1823 2691 καὶ

1034 2706 1088 2732 ἀπο
1111 2704 1227 2742 [λέσαι]
1251 2709 1308 2743 (15)
1333 2709 1408 2744 πάσῃ
1437 2710 1633 2745 μηχανωμένου
1662 2709 1764 2746 σπουδῇ
1777 2729 1784 2742 ,
1807 2708 1822 2734 ό

1033 2752 1208 2786 ἁγαθώτατος
1221 2754 1315 2790 Πατὴρ
1329 2756 1460 2784 νουθετεῖ.
1473 2757 1594 2793 Πρόσεχε
1602 2755 1649 2785 οὖν
1659 2758 1761 2793 ἀμφοῖν
1770 2755 1826 2788 τῶν,

1033 2798 1208 2827 ἁποστασιῶν
1224 2801 1382 2829 παντάπασι
1395 2802 1653 2831 ἁποδιαστέλλεσθαι
1669 2802 1717 2831 καὶ
1728 2800 1820 2840 ἀφορι-
