4082 6394
430 362 540 417 853

1846 364 2253 422 DIADOGUSI.

3595 358 3699 413 δῖλι

430 489 711 561 Δπηδαλίων
759 490 858 560 τὴν
908 490 1110 545 ὁλκάδα
1160 491 1418 556 ἱθύνουσι,
1473 493 1638 546 παντὶ
1681 493 1868 564 τρόπῳ
1913 493 2013 563 τὴν

2150 504 2225 544 ire
2253 505 2314 546 se
2345 502 2511 560 posse
2540 483 2757 549 vident;
2789 481 2935 552 quod
2965 495 3133 535 unum
3179 486 3372 539 restat,
3406 476 3548 532 forte
3573 491 3701 544 prc-

434 580 709 651 σωτηρίαν
746 580 957 644 ἑαυτοῖς
990 583 1525 653 πραγματευόμενοι.
1561 583 1750 653 Ταύτῃ
1790 583 1847 636 δὲ
1880 582 2016 651 πληο

437 671 753 732 σιάσαντες,
799 669 894 722 καὶ
939 670 1045 743 ῥπὺ
1088 669 1187 741 τὴν
1241 671 1452 743 σκέπην
1498 673 1606 725 τῶν
1654 672 2017 744 ἀκρωτηρίων

436 759 811 829 ὑποφυγόντες
856 760 1133 815 ἀπεύκτου
1178 761 1408 819 θανάτου
1446 762 1877 834 περισωθέντες,
1932 763 2020 815 εύ-

437 850 831 923 χαριστηρίους
869 851 1256 922 ἀναπέμπουσι
1294 853 1478 922 φωνάς
1514 853 1594 925 τῷ
1634 854 1839 927 σωτῆρι
1880 855 2019 910 πάν-

442 958 547 995 των
577 939 717 1012 Θεῷ.
750 941 862 994 Καὶ
886 943 1051 1010 ἡμεῖς
1077 941 1275 1008 τοίνυν,
1305 937 1351 996 ὧ
1384 943 1666 1013 φιλότεκνε
1700 945 1902 1016 Πάτερ,
1923 945 2021 1014 τὴν

443 1030 745 1095 πολύζαλον
770 1030 866 1084 τοῦ
915 1030 1032 1101 βίου
1066 1031 1423 1098 διαπλέοντες
1451 1031 1747 1096 θάλασσαν.
1775 1036 1870 1090 καὶ
1912 1037 2027 1098 τοῖς

444 1118 654 1190 κύμασι
682 1117 792 1171 τῶν
816 1118 1082 1190 αἱρέσεων
1107 1119 1378 1192 διαφόρως
1407 1122 1907 1193 περιαντλούμενοι,
1933 1124 2029 1179 καὶ

450 1209 703 1282 μηδαμοῦ
732 1209 928 1280 λιμένα
968 1209 1186 1278 λογικὸν
1218 1210 1586 1282 εὑρίσκοντες,
1626 1212 1763 1283 πρὸς
1792 1212 1892 1284 τὴν
1931 1211 2029 1283 σὴν

436 1304 664 1373 ¹ἥκαμεν
692 1301 936 1373 ἀγάπην,
967 1302 1210 1372 δεόμενοι
1249 1304 1319 1356 τά
1349 1304 1477 1375 περὶ
1513 1306 1615 1375 τῆς
1647 1304 2033 1375 προηυνητῆς

452 1394 546 1465 καὶ
582 1392 746 1460 ἀγίας
774 1392 1023 1462 Τριάδος.
1054 1393 1150 1446 καὶ
1176 1392 1378 1464 ἑτέρων
1406 1394 1718 1463 κεφαλαίων
1738 1395 1839 1465 τῆς
1873 1394 2034 1461 ἁγίας

453 1484 683 1555 ι’ραφῆς
729 1482 1127 1555 ἀκοῦσαιὴμᾶ
1144 1501 1158 1516 ’
1180 1485 1332 1549 ὅπως
1357 1486 1432 1557 μὴ
1454 1485 1784 1559 πλανώμεθα
1811 1487 1908 1542 σὺν
1922 1486 2036 1547 τοῖς

459 1574 869 1646 ματαιόφροσιν,
900 1574 1014 1627 ἀλλ’
1033 1574 1405 1645 ἐνισχυόμενοι
1431 1578 1495 1646 τῇ
1526 1574 1681 1645 ὑμῶν
1712 1576 2033 1646 κατηχήσει,

453 1664 549 1719 τοῦ
584 1664 850 1735 κοσμικοῦ
871 1664 1141 1729 κλύδωνος
1169 1667 1310 1719 κατά
1333 1666 1525 1739 μικρὸν
1546 1665 1787 1737 ἀψοφητὶ
1814 1664 2039 1728 ἑαυτοὺς

455 1754 856 1827 ἀπαγάγωμεν,
906 1756 1001 1810 καὶ
1040 1757 1120 1820 είς
1152 1758 1243 1810 τὸν
1273 1758 1522 1826 ἀκύμονα
1565 1756 1801 1828 Χριστοῦ
1835 1755 2033 1825 λιμένα

456 1847 519 1901 τὺ
550 1847 777 1919 ψυχικὸν
828 1848 1034 1918 σκάφος
1081 1850 1243 1920 ἡμῶν
1286 1850 1563 1905 εἰσελάσαι
1619 1848 2032 1919 σπουδάσωμεν,

457 1940 528 2010 τῇ
563 1941 630 2011 σῇ
666 1938 976 2013 μελιρεωτῳ
1012 1940 1265 2014 νουθεσίᾳ
1296 1942 1574 2013 ἑπόμενοι.

1069 2212 1428 2283 Ἀπόκρισις.
1746 2266 1755 2275 ,
1771 2262 1778 2270 .

532 2301 676 2356 Πολὺ
731 2301 831 2375 μὲν
876 2302 1327 2374 ὑπεῳναὸέόηκε
1376 2303 1472 2357 καὶ
1526 2302 1893 2375 ὑπερφέρεται
1940 2302 2041 2374 τὴν

462 2393 604 2466 ἐμὴν
641 2392 909 2465 ἔννοιανή
950 2394 1058 2448 τῶν
1088 2393 1251 2448 θείων
1296 2392 1529 2465 Γραφῶν
1566 2394 1934 2465 ἀκριϐεστάτη
1965 2394 2043 2448 δι-

464 2485 682 2555 ήγησις,
721 2484 888 2554 μήπω
916 2483 1300 2557 καθαρθεῖσαν,
1336 2484 1472 2556 μηδὲ
1508 2483 1571 2537 τὸ
1599 2484 1914 2548 πολυπαθὲς
1941 2484 2043 2555 τῆς

467 2572 601 2645 ὕλης
626 2571 968 2644 ἀποθεμένην
1013 2574 1259 2645 ἱμάτιον·
1293 2573 1419 2628 οὔτε
1451 2573 1562 2646 γάρ
1611 2576 1672 2628 ού
1722 2575 1929 2637 δίκαιος
1965 2574 2045 2628 δι-

467 2663 609 2734 καίῳ
627 2664 921 2734 ἀνάκειμαι
941 2663 1018 2732 τῷ
1038 2664 1175 2736 Θεῷ,
1202 2666 1446 2738 ῥᾳθυμίᾳ
1467 2667 1861 2737 κατακείμενος
1879 2682 1892 2695 ·
1920 2664 2044 2720 οὔτε

430 2764 439 2767 ’
465 2754 543 2819 ὡς
569 2755 895 2827 Δημιουργῷ
920 2756 1017 2810 καὶ
1039 2756 1256 2813 πάντων
1275 2757 1559 2828 καθηγητῇ
1594 2758 1854 2828 πρυτάνει
1877 2755 2046 2829 πρότ-

466 2863 584 2917 ειμι
621 2846 976 2915 παιδευθῆναι
1022 2847 1215 2916 λόγους
1256 2848 1521 2918 σωμάτων
1552 2849 1647 2902 καὶ
1680 2849 1915 2920 κρίσεως
1953 2847 2048 2900 καὶ

468 2936 732 3009 Προνοίας
752 2954 765 2967 ·
794 2936 918 2992 οὔτε
959 2939 1003 2991 δ’
1025 2939 1102 3002 ὡς
1134 2939 1354 2992 Βασιλεῖ
1395 2941 1491 2992 καὶ
1534 2940 1779 3012 Δεσπότῃ
1812 2943 1840 2995 ό
1878 2938 2048 3002 τάλας

471 3027 844 3100 παρίσταμαν
881 3033 1062 3100 γυμνῇ
1098 3028 1215 3100 γάρη
1243 3030 1452 3101 κεφαλῇ
1498 3030 1657 3101 μέχρι
1695 3031 1789 3084 καὶ
1831 3030 1925 3083 νῦν
1955 3031 2051 3082 ὲκ-

472 3117 722 3189 λιπαρεῖν
751 3119 911 3173 αὐτὸν
940 3121 1041 3173 οὐκ
1070 3119 1259 3190 ἰσχύω,
1285 3119 1357 3173 τὰ
1376 3120 1470 3172 τοῦ
1502 3122 1709 3191 κόσμου
1742 3119 2052 3190 περιφέρων

474 3207 686 3273 εἴδωλα,
712 3210 808 3263 καὶ
833 3212 901 3280 τῇ
934 3209 1142 3263 ἐκείνου
1178 3209 1421 3280 σφαλερᾷ
1444 3211 1519 3280 (l)
1548 3207 2052 3280 καρηϐαρούμενος,

472 3299 573 3355 καὶ
619 3300 749 3372 περὶ
795 3301 913 3369 γῆν
947 3298 1332 3371 ἀραττόμενος.
1379 3301 1489 3353 Καὶ
1531 3299 1803 3354 συνελόντι
1851 3299 2052 3367 φάναι,

476 3392 603 3445 ὅταν
636 3391 772 3462 πρὸς
796 3389 895 3462 τὴν
925 3390 1034 3443 τῶν
1066 3390 1228 3445 θείων
1265 3391 1362 3444 ἴδω
1394 3390 1689 3462 ὑπεροχὴν,
1726 3387 1883 3453 αὖθις
1918 3390 2057 3456 ίλιγ-

476 3481 602 3550 γιῶ,
660 3482 755 3535 κα)⁵
797 3480 1175 3551 κραδαίνομαι,
1222 3480 1413 3553 ὥσπερ
1458 3482 1509 3534 οἱ
1553 3481 1616 3533 ἔκ
1659 3497 1805 3545 τινος
1847 3483 2059 3555 ὑψηλῆς

477 3574 791 3643 ἀκρωρείας
830 3575 908 3637 είς
951 3573 1149 3643 ἀχανὲς
1190 3571 1628 3636 κατακόπτοντες
1678 3572 1914 3642 πέλαγος
1933 3614 1948 3636 ,
1998 3576 2055 3647 ἢ,

479 3656 547 3714 αὖ
590 3662 777 3727 πάλιν,
811 3665 858 3715 οἱ
897 3662 993 3726 τὰς
1022 3662 1173 3732 ὄψεις
1207 3660 1569 3731 πεπληγότες,
1599 3661 1655 3712 ὲν
1684 3660 1929 3732 σταθηρᾷ
1965 3679 2063 3732 με·

485 3769 551 3824 ση
562 3752 731 3823 μόρίᾳ
759 3753 852 3807 τοῦ
883 3753 1034 3825 ἡλίου
1072 3754 1163 3809 τὸν
1190 3752 1419 3822 οὐρανὸν
1447 3750 1844 3814 διῖππεύοντος.
1874 3752 2062 3816 ἀτενὲς

485 3842 647 3896 αὑτὸν
684 3843 923 3915 ἀθρῆσαι
972 3843 1341 3915 πειρώμενοι,
1380 3840 1653 3912 ὑπερϐολῇ
1687 3840 1793 3894 τῶν
1837 3860 2060 3913 μαρμα-

489 3932 667 4002 ρυγῶν
694 3934 786 3985 καὶ
809 3935 875 4003 τῇ
906 3931 1113 3986 ἐκεῖθεν
1151 3930 1493 4003 λαμπρότητι
1525 3926 1931 3999 ἀμαυρούμενοι
1963 3929 2062 3999 τὴν

485 4025 697 4093 ὅρασιν.
725 4025 847 4077 Δεῖν
873 4022 1051 4079 τοίνυν
1072 4021 1258 4094 ᾠήθην
1285 4023 1351 4091 τῇ
1376 4023 1506 4090 σιγῇ
1532 4017 1712 4090 βοηθῷ
1733 4017 2059 4089 χρήσασθαι.

501 4116 636 4169 Ἀλλ’
669 4115 756 4168 ἵνα
806 4115 881 4186 μὴ
919 4117 986 4185 τῇ
1031 4112 1287 4169 παντελεῖ
1315 4109 1572 4182 κωφώσει
1601 4110 1898 4180 βασκανίας
1932 4108 2066 4164 ὓπο-

487 4224 618 4271 πτος
643 4208 770 4277 ὑμῖν
792 4207 1017 4270 εἰκότως
1042 4205 1305 4276 γένωμαι,
1329 4205 1392 4257 τὸ
1417 4203 1662 4265 εὐπειθὲς
1692 4202 1786 4256 καὶ
1820 4202 2064 4273 ὑπήκοον

485 4302 550 4371 τῇ
580 4298 761 4369 εἰκαίᾳ
799 4300 974 4368 σιωπῇ
1008 4297 1463 4368 διακρουόμενος*
1490 4324 1560 4333 -—
1598 4293 1693 4346 τοῦ
1727 4293 1827 4363 μὲν
1866 4293 2064 4346 θεσπε-

488 4388 603 4442 σίου
638 4388 801 4442 Δασὶδ
831 4387 1221 4460 μελῳδοῦντοςο
1252 4386 1461 4440 Πολλὰ
1487 4385 1780 4453 ἐποίησας
1815 4383 1918 4450 σὺ,
1950 4384 2067 4449 Κύ-

476 4499 572 4550 ριε
600 4485 634 4536 ό
667 4482 813 4548 Θεός
836 4498 977 4550 μου,
1010 4479 1085 4533 τὰ
1109 4476 1418 4547 θαυμάσιά
1452 4492 1568 4542 σου
1588 4494 1602 4507 ⁶
1649 4476 1749 4531 καὶ
1776 4476 1902 4543 τοῖς
1942 4476 2067 4530 δια-

483 4573 799 4641 λογισμοῖς
829 4586 946 4625 σου
988 4571 1101 4624 οὐκ
1128 4569 1218 4623 ἔτι
1249 4586 1342 4635 τις
1376 4568 1837 4637 ὁμοιωθήσεταιο
1875 4564 2070 4637 ἀπήγ-

488 4667 654 4733 γειλα
674 4663 771 4717 καί
794 4662 1094 4730 ἐλάλησα,
1117 4660 1593 4729 ἐπληθύνθησαν
1608 4649 1767 4726 ’ὑπὲρ
1787 4658 2081 4728 ἀριθμόνν.

490 4752 603 4806 Καὶ
634 4753 830 4805 πάλιν·
870 4750 1376 4822 Εὐηγτελισάμην
1419 4749 1815 4817 δικαιοσύνην
1855 4750 1923 4804 ἐν
1967 4749 2069 4803 ἐκ.

488 4845 717 4910 uincla
758 4843 992 4914 μεγάλῃ
1012 4862 1026 4876 ·
1077 4844 1209 4899 ἰδοὺ
1255 4843 1328 4897 τὰ
1356 4842 1530 4913 χείλη
1558 4859 1685 4912 μου
1721 4842 1795 4894 οὐ
1819 4839 1907 4910 μὴ
1954 4858 2067 4896 κω-

484 4935 659 4988 λύσω
676 4976 691 5001 ,
737 4936 914 5003 Κύριε
930 4952 945 4966 ’
1000 4935 1083 4991 σὺ
1110 4935 1320 5005 ἔγνως.
1363 4934 1484 5002 Τὴν
1511 4933 1907 5003 δικαιοσύνην
1950 4948 2068 4990 σου

483 5027 597 5080 oin
616 5024 856 5095 ἔκρυψα
880 5026 950 5080 ἐν
978 5025 1053 5095 τῇ
1080 5025 1305 5097 καρδίῃ
1316 5041 1436 5094 μου
1454 5041 1470 5057 ο
1498 5024 1612 5093 τὴν
1636 5024 1925 5090 ἀλήθειάν
1950 5025 2069 5080 σὸυ

485 5121 583 5175 καί
619 5121 687 5175 τὸ
715 5121 1016 5190 σωτήριόν
1054 5136 1172 5177 σου
1203 5117 1347 5175 εἶπα
1363 5135 1377 5150 ⁸
1403 5120 1517 5173 οὐκ
1537 5118 1777 5187 ἔκρυψα
1802 5119 1870 5171 τὸ
1895 5118 2069 5185 ἔλεός

486 5227 604 5286 σου
635 5213 734 5267 καὶ
763 5212 879 5281 τὴν
909 5212 1196 5280 ἀλήθειάν
1228 5227 1346 5267 σου
1378 5210 1498 5266 ἀπὸ
1526 5209 1889 5280 συναγωγῆς
1921 5213 2063 5264 πολε

487 5301 606 5372 ⁸ιῑῆς
623 5318 637 5332 °
669 5302 751 5356 σὺ
781 5301 870 5368 δὲ,
893 5305 1092 5372 Κύριε,
1116 5303 1203 5372 μὴ
1225 5303 1541 5373 μακρύνῃς
1568 5301 1709 5367 τοὺς
1733 5299 2070 5369 οὶκτιρμούς

485 5408 607 5447 σου
657 5394 759 5462 ἀφ’
800 5394 997 5465 ἡμῶν.
1023 5395 1132 5450 Τοῦ
1168 5396 1230 5450 δὲ
1274 5393 1572 5468 κορυφαίου
1611 5392 1720 5447 τῶν
1755 5391 2069 5447 ἀποστόλων

486 5482 554 5538 δι’
573 5485 854 5558 ἐγγράφου
878 5488 1176 5560 καθολικῆς
1205 5485 1625 5560 παρεγγυῶντος
1647 5485 1863 5556 ἕτοιμον
1888 5484 2067 5556 ὑπάρ-

568 5646 582 5678 ¹
616 5644 762 5702 Psal.
810 5663 1000 5716 χχιιι,
1034 5649 1088 5703 6.

560 5785 638 5859 tl.)
664 5782 845 5842 Locus
874 5786 1120 5842 mutilus.
1151 5782 1307 5838 Eun.

2116 581 2316 636 ximam
2362 579 2602 646 aliquam
2642 576 2709 632 ad
2753 573 2988 629 insulam
3036 571 3177 626 clavi
3216 569 3532 639 adjumento
3566 564 3703 619 diri-

2116 679 2250 743 gunt
2276 685 2495 732 navem,
2528 682 2592 722 ac
2629 666 2779 721 nulla
2824 678 2935 719 non
2974 662 3192 716 ratione
3222 659 3387 716 saluti
3425 672 3541 713 suae
3571 671 3704 708 con.

2119 764 2330 819 sulunt.
2356 760 2438 815 Ad
2466 774 2586 816 eam
2619 757 2783 814 delati
2809 754 3061 826 propius.
3092 752 3185 807 ubi
3217 747 3493 805 horrendo
3513 746 3707 799 mortis

2119 867 2151 906 e
2190 849 2438 921 periculo
2485 847 2721 911 servati,
2772 861 2833 901 sc
2878 844 2933 897 in
2972 850 3151 899 tutum
3197 839 3304 894 sub
3334 836 3738 908 promontmia,

2122 946 2485 1011 receperunt;
2524 945 2694 993 testes
2734 935 2877 1006 grati
2917 932 3089 987 animi
3136 944 3304 985 voces
3349 927 3419 982 ad
3462 927 3708 981 omnium

2125 1037 2461 1086 servatorem
2502 1027 2672 1082 Deum
2706 1028 2984 1080 emittunt.
3038 1025 3115 1076 Ita
3162 1036 3265 1075 nos
3308 1019 3512 1084 etiam,
3551 1014 3727 1071 Palet‘t

2127 1123 2353 1192 optime,
2370 1123 2464 1191 qui
2494 1118 2861 1188 procellosum
2880 1113 3184 1182 vitaaltujus
3210 1126 3362 1165 mare
3383 1107 3712 1177 trajicimus,

2128 1213 2606 1279 absurdarumque
2659 1208 2983 1278 Opinionqu
3036 1204 3294 1263 ﬂuctibus
3341 1197 3717 1270 multipliciter

2130 1301 2419 1366 exhausti,
2456 1300 2667 1356 nullum
2698 1312 2930 1368 usquam
2968 1296 3204 1352 rationis
3237 1293 3561 1365 participem
3591 1304 3720 1360 por-

2135 1408 2248 1452 tum
2285 1394 2622 1453 invenimus.
2660 1391 2728 1444 ad
2775 1389 3169 1457 benignitatem
3204 1394 3354 1440 tuam
3395 1400 3497 1440 nos
3529 1384 3723 1437 confc-

2136 1489 2332 1552 rimus;
2370 1493 2536 1554 tttque
2566 1497 2668 1538 nos
2695 1497 2819 1536 cum
2847 1480 2913 1537 de
2944 1478 3222 1534 adoranda
3257 1483 3722 1542 sacrosauclaque

2140 1578 2410 1632 Trinitate
2432 1616 2448 1641 ,
2477 1584 2593 1628 tum
2628 1573 2752 1627 aliis
2789 1585 3070 1627 sacrarum
3107 1570 3413 1625 litterarum
3447 1565 3722 1634 capitibus

2142 1670 2355 1730 audias.
2389 1667 2787 1722 obsecramus:
2816 1678 2885 1716 ne
2917 1677 3041 1716 cum
3070 1659 3456 1730 insipientibus
3487 1657 3725 1711 circum-

2139 1761 2459 1822 veniantur,
2490 1757 2584 1811 sed
2626 1754 2937 1810 conﬁrmati
2968 1752 3251 1813 doctrina,
3283 1758 3337 1804 ct
3363 1745 3723 1802 admonitioni

2139 1847 2484 1907 suavissimae
2523 1856 2628 1899 tua:
2664 1843 2945 1907 obsecuti,
2982 1858 3015 1897 e
3077 1839 3269 1897 mundi
3308 1837 3475 1907 hujus
3523 1847 3727 1906 tempe-

2139 1950 2281 1997 state
2323 1939 2582 2010 paulatim
2635 1944 2850 1993 nostnet
2900 1934 3177 2003 taciteque
3229 1930 3634 1993 subducamus,
3674 1935 3729 1981 et

2143 2031 2463 2100 participem
2498 2026 2667 2083 animi
2718 2025 3026 2080 naviculam
3066 2030 3313 2077 nostram
3360 2021 3414 2074 in
3457 2027 3727 2073 secretum

2142 2122 2213 2176 ab
2241 2120 2392 2175 omni
2422 2119 2589 2174 ﬂuctu
2619 2117 2828 2174 Christi
2863 2124 3084 2186 portum
3117 2128 3280 2183 agere
3312 2111 3653 2168 Studeamus.

2787 2232 2796 2242 ε
2819 2206 3132 2275 Responsio.

2214 2302 2389 2358 Meam
2417 2300 2976 2371 verointelligentiam
3003 2303 3258 2351 accurata
3281 2307 3562 2348 sacrarum
3591 2291 3734 2346 litte-

2142 2410 2330 2451 rarum
2352 2394 2648 2464 explicatio
2686 2394 2847 2463 longe
2876 2389 3093 2445 excedit
3129 2402 3194 2440 ac
3230 2391 3489 2455 superat:
3528 2383 3735 2453 quippe

2145 2503 2266 2558 quae
2283 2495 2510 2557 purgata
2534 2485 2767 2541 necdum
2788 2484 2881 2551 sit,
2901 2495 3212 2549 crasszeque
3231 2479 3285 2532 in
3303 2477 3465 2532 nobis
3485 2472 3735 2530 materiai

2147 2579 2337 2635 multis
2355 2577 2563 2632 morbis
2584 2574 2881 2630 obnoxiam
2907 2584 3114 2629 vestem
3136 2571 3375 2626 nondum
3398 2566 3737 2637 deposuerit;
3836 2596 3839 2601 -

2148 2686 2274 2727 nam
2316 2668 2572 2727 socordia
2606 2668 2903 2737 tit-pressus
2926 2704 2946 2732 ,
2974 2664 3042 2718 ad
3085 2661 3254 2716 Deum
3292 2659 3382 2729 qui
3413 2659 3599 2728 justus
3629 2664 3738 2716 est;

2150 2767 2270 2835 ipse
2320 2778 2429 2817 non
2474 2746 2662 2832 just'us
2700 2758 2839 2827 erigi
2878 2771 3136 2828 nequeo:
3189 2770 3300 2809 non
3358 2753 3537 2821 ipsum
3585 2765 3742 2805 accc-

2151 2858 2285 2913 dere
2315 2855 2448 2909 mihi
2478 2855 2563 2910 fas
2605 2861 2725 2919 est,
2767 2861 2830 2906 ut
2865 2851 2936 2907 de
2968 2863 3364 2919 corporearum
3402 2855 3457 2902 ct
3491 2848 3742 2915 corporis

2154 2945 2494 3015 expertium,
2525 2942 2595 2997 de
2625 2941 2848 3011 judicti,
2894 2940 2964 2995 de
3009 2936 3379 2992 Providentiae
3431 2933 3745 2989 rationibus

2154 3037 2416 3091 erudiar:
2450 3049 2578 3088 cum
2616 3042 2673 3087 ct
2716 3030 2929 3100 opifex,
2963 3035 3017 3083 et
3053 3028 3187 3088 dux,
3225 3038 3278 3081 et
3307 3026 3645 3095 gubernator
3674 3025 3747 3078 sit

2155 3126 2425 3192 omnium,
2465 3139 2575 3178 non
2612 3130 2670 3176 ut
2702 3136 2828 3175 cum
2868 3118 3015 3189 Rege
3056 3134 3120 3172 ac
3154 3117 3387 3173 Domino
3428 3116 3598 3169 miser
3629 3114 3747 3183 ipse

2154 3217 2363 3271 versari
2392 3229 2654 3286 possum:
2699 3212 2904 3282 quippe
2937 3210 3031 3279 qui
3076 3209 3257 3279 capite
3297 3206 3447 3262 nudo
3474 3205 3779 3258 hactenus

2155 3323 2279 3362 eum
2307 3307 2639 3375 compellare
2654 3306 2917 3359 audacter
2940 3316 3175 3371 nequeo,
3195 3316 3321 3355 cum
3349 3297 3542 3353 mundi
3566 3297 3748 3351 adhuc

2158 3397 2456 3453 simulacra
2485 3395 2898 3457 circumferam,
2931 3400 2986 3447 et
3018 3398 3279 3461 corrupta
3316 3389 3556 3459 imagine
3588 3387 3749 3457 quasi

2158 3491 2384 3560 crapula
2417 3497 2696 3560 gravatus,
2740 3488 2808 3542 ad
2840 3496 3049 3543 terram
3077 3483 3300 3538 allidar.
3338 3481 3422 3535 Ad
3450 3495 3745 3541 summam,

2160 3586 2379 3657 quoties
2422 3585 2735 3640 divinarum
2794 3596 2979 3637 rerum
3032 3579 3430 3636 sublimitatem
3494 3579 3746 3637 intueor,

2161 3694 2291 3733 mox
2320 3676 2584 3746 vertigine
2611 3683 2902 3745 correptus
2937 3682 3111 3727 tremo
3132 3710 3148 3736 ,
3188 3671 3409 3724 illorum
3452 3667 3627 3721 instar
3655 3667 3746 3735 qui

2161 3769 2230 3824 de
2259 3768 2481 3824 excelso
2517 3767 2720 3821 montis
2747 3764 2953 3821 vertice
2988 3764 3041 3818 in
3076 3763 3405 3817 immensum
3435 3775 3589 3814 mare
3622 3776 3749 3828 pro-

2162 3867 2434 3929 spectant;
2459 3857 2544 3912 vel
2566 3858 2707 3912 idem
2734 3856 2939 3911 accidit
2974 3854 3129 3918 mihi,
3158 3852 3302 3922 quod
3333 3851 3400 3905 iis
3423 3852 3517 3921 qui
3545 3850 3672 3904 dum
3698 3857 3781 3903 et;

2163 3951 2311 4006 laesis
2339 3951 2600 4006 oculiset
2644 3963 2781 4018 puro
2825 3947 3076 4006 meridie.
3110 3946 3227 4000 sole
3259 3943 3461 3998 cmlum
3501 3943 3753 4012 perequi-

2162 4049 2334 4106 tante,
2365 4040 2594 4095 immoto
2629 4039 2779 4092 hunc
2810 4037 2968 4090 vultu
3000 4034 3201 4089 intueri
3231 4038 3528 4097 conantur,
3560 4033 3686 4085 victi
3721 4046 3753 4084 a

2164 4132 2335 4188 nimia
2374 4131 2655 4186 radiorum
2695 4128 2856 4199 copia
2897 4134 2954 4182 et
2999 4132 3123 4182 orto
3183 4126 3277 4179 ab.
3305 4125 3393 4177 iis,
3434 4122 3751 4192 Splendorc.

2166 4223 2388 4279 videndi
2431 4220 2749 4275 facultatem
2784 4217 3063 4272 amittunt.
3117 4216 3460 4287 Quapropter
3498 4214 3761 4282 equidem.

2166 4310 2706 4370 existimavirsilentii
2728 4324 2833 4379 ope
2854 4309 2986 4362 mibi
3005 4308 3267 4364 utendum
3281 4321 3422 4361 esse.
3438 4303 3639 4359 Verum
3660 4318 3755 4364 ne,-

2168 4407 2215 4461 si
2245 4420 2475 4476 prorsus
2502 4404 2607 4459 sim
2639 4410 2848 4466 mutus,
2882 4399 3102 4455 invidiae
3133 4398 3330 4454 merito
3351 4411 3473 4450 meo
3501 4410 3588 4450 me
3619 4395 3756 4449 insi-

2167 4496 2413 4564 muletis,
2467 4493 2626 4565 quasi
2679 4494 2773 4564 qui
2824 4490 3147 4547 facilitatem
3210 4487 3548 4559 obsequendi
3611 4491 3753 4539 vana

2166 4586 2546 4643 taciturnitate
2579 4584 2874 4653 repellam,
2900 4610 2976 4623 —-
3015 4595 3149 4636 cum,
3178 4580 3397 4634 divinus
3446 4578 3536 4633 ille
3590 4576 3753 4630 Davi-

2166 4680 2264 4736 des
2296 4684 2493 4732 canat:
2528 4674 2707 4730 Multa
2727 4685 2808 4740 tu,
2839 4673 3086 4736 Domine,
3115 4673 3204 4743 qui
3225 4672 3367 4726 Deus
3386 4687 3439 4725 es
3462 4687 3627 4733 meus,
3655 4669 3753 4722 ad-

2168 4767 2421 4823 miranda
2447 4766 2620 4836 fecisti
2642 4782 2661 4830 ;
2684 4781 2835 4819 nemo
2876 4764 2970 4818 tibi
2991 4779 3090 4833 par
3108 4780 3222 4818 esse
3252 4761 3535 4832 cogitando
3561 4769 3753 4829 potest;

2166 4854 2408 4925 equidem
2447 4852 2558 4908 hac
2608 4852 2920 4907 annuntiaui
2956 4869 3019 4906 ac
3055 4852 3288 4921 protuli,
3337 4866 3504 4918 supra
3548 4866 3754 4903 onmem

2166 4960 2444 5000 numerum
2488 4944 2822 5014 ampliﬁcata
2870 4953 2992 4998 sunt
3017 4945 3056 4998 ⁸.
3086 4942 3239 5010 Item,
3277 4943 3473 5013 Magno
3518 4944 3570 4995 in
3618 4952 3772 4996 ειιειιιΔ

2159 5034 2436 5104 justitiam
2473 5032 2823 5096 auuuntiaci;
2849 5046 2965 5085 ecce
3004 5030 3150 5085 labia
3179 5047 3294 5084 mea
3316 5071 3331 5095 ,
3375 5028 3619 5093 Domine,
3649 5045 3756 5082 non

2168 5123 2538 5192 comprimam,
2573 5122 2716 5175 sicut
2745 5122 2858 5189 ipse
2889 5122 3053 5175 nosti.
3073 5118 3527 5175 Justitiamtuam
3560 5135 3672 5172 meo
3700 5118 3755 5171 iu

2167 5216 2325 5271 corde
2354 5232 2455 5271 non
2483 5215 2767 5275 occultavi;
2798 5214 3074 5269 veritatem
3104 5231 3166 5268 ac
3208 5215 3518 5284 beneﬁcium
3556 5215 3611 5266 in
3639 5213 3755 5267 sal-

2168 5309 2339 5363 uando
2367 5322 2449 5362 me
2487 5316 2635 5360 tuum
2658 5309 2902 5377 exposui;
2940 5306 3365 5362 misericordiam
3399 5317 3450 5361 et
3481 5309 3755 5360 veritatem

2169 5408 2316 5454 luant
2362 5398 2628 5470 frequente
2662 5400 2719 5453 in
2751 5398 2977 5454 concilio
3016 5414 3120 5453 nou
3163 5399 3329 5452 celavi
3353 5413 3372 5449 :
3417 5407 3474 5450 tu
3517 5394 3749 5465 quidem,

2169 5485 2415 5554 Domine,
2458 5485 2852 5541 miseratione»:
2894 5493 3044 5540 tuam
3089 5485 3437 5553 multiplicem
3477 5481 3627 5535 nobis
3657 5479 3779 5535 diu.
