4082 6394
404 346 516 407 857

409 484 599 541 ματος,
623 467 782 538 λόγον
812 467 958 539 ζωῆς
997 468 1314 540 ἐπέχοντες·
1359 462 1435 526 ὧν
1473 471 1729 526 οὐδέποτε
1769 476 1803 544 ὴ
1852 475 1984 544 θρυ-

406 561 558 625 αλλὶς
600 560 811 627 πίπτει,
862 560 986 614 οὐδὲ
1020 564 1048 615 6
1088 561 1279 632 λύχνος
1312 564 1681 635 συντρίϐεται.
1719 566 1781 618 οὐ
1823 567 1996 621 δαπα-

411 652 566 705 νᾶταί
612 649 673 703 τὺ
706 649 907 714 ἔλαιον,
941 652 976 720 ἠ
1022 650 1216 721 λυχνία
1270 653 1329 715 οὐ
1365 654 1588 720 σείεται,
1629 655 1658 706 6
1692 658 1900 727 πυρσὸς
1931 658 1992 710 οὐ

410 742 769 815 μαραίνεται·
818 742 1014 813 ῥάϐδον
1058 743 1115 795 δὲ
1162 743 1396 815 σταυρὸν
1442 746 1837 816 περιφέρουσι,
1898 748 1994 801 καὶ

406 818 591 904 πήραν
612 832 683 887 τά
712 832 1042 902 Εὑαγγέλια,
1081 835 1176 887 καὶ
1204 836 1304 906 τὴν
1333 835 1555 905 ἀγάπην
1578 835 1902 908 καλαύροπά
1934 854 1994 890 τε

405 925 501 979 καὶ
532 924 786 996 σύριγγα,
819 925 879 978 ὲν
905 926 1089 989 αὐτοῖς
1113 926 1174 979 τὸ
1201 926 1416 996 λογικὸν
1449 928 1696 999 ποίμνιον
1719 928 1815 982 τοῦ
1850 930 1990 1002 Χρι-

406 1016 536 1077 στοῦ
588 1017 864 1087 νέμοντες.
917 1016 1163 1073 Πύθεσθε
1209 1014 1325 1083 οὖν,
1367 1018 1709 1090 ἀξιάγαστοι,
1746 1024 1875 1094 περὶ
1920 1016 2003 1077 ὧν.

403 1108 600 1180 ἧκατε,
641 1107 711 1162 τά
754 1107 876 1162 θεῖα
912 1109 1139 1163 ἐκείνων
1173 1110 1465 1182 σπέρματα
1516 1112 1667 1184 παρά
1708 1114 1807 1185 τῆς
1856 1115 1996 1186 ἐμῆς

403 1200 691 1264 ἀσθενείας
718 1200 1030 1272 ἀμώμενοι.

1811 353 2160 417 DIALOGUS
2188 361 2229 415 ἰ.

3576 353 3683 424 858

2095 478 2289 547 teram,
2317 481 2412 538 sed
2436 497 2779 554 quaecunque
2805 483 3081 540 clarorum
3099 481 3322 542 Patrum
3344 493 3500 557 prata
3522 502 3684 559 pera-

2092 589 2279 643 grans,
2314 575 2383 631 de
2403 576 2621 631 illorum
2649 584 2833 651 roscto
2856 576 3050 647 collegi
3075 596 3090 631 :
3119 593 3349 647 quorum
3376 594 3515 634 rosa:
3537 595 3679 649 aqua

2093 664 2261 720 latere
2284 664 2375 721 Dei
2404 681 2471 722 ae
2495 666 2678 734 Verbi,
2710 668 2802 737 qui
2833 683 3052 723 carnem
3083 669 3400 739 assumpsit,
3425 680 3682 727 manante

2090 755 2340 825 rigantur
2385 762 2440 809 et
2493 756 2562 811 ab
2599 755 2716 826 jugi
2771 758 3058 827 sanguinis
3101 757 3341 813 indidem
3379 759 3491 813 orti
3540 760 3679 822 rivo,

2093 845 2264 899 rubro
2304 845 2488 900 colore
2528 845 2834 916 tinguntur,
2883 855 3168 917 totumque
3211 849 3472 901 mundmn
3524 851 3680 914 suavi

2092 935 2278 991 odoris
2310 934 2608 1008 fragrantia
2639 939 2887 1008 replent:
2917 940 3010 1008 qui
3039 946 3093 994 et
3124 940 3416 1009 splendore
3448 957 3550 996 suo
3586 941 3681 994 llr-

2093 1026 2352 1081 mamenti
2382 1026 2672 1081 luminaria
2706 1027 2952 1091 vincunt,
2983 1036 3038 1083 et
3058 1028 3180 1083 vita:
3207 1044 3515 1085 sermonem
3548 1047 3683 1093 con-

2094 1113 2304 1179 tinent,
2347 1128 2583 1183 quorum
2627 1115 2961 1185 ellychnium
3007 1132 3291 1187 nunquam
3347 1118 3586 1186 decidit,
3627 1127 3683 1175 et

2096 1205 2323 1261 lucerna
2351 1221 2462 1261 non
2490 1207 2906 1274 comminuitur,
2933 1217 2988 1263 et
3012 1209 3192 1264 oleum
3215 1225 3323 1265 non
3351 1212 3679 1277 absumitur,

403 1301 458 1346 ct
489 1293 698 1363 lampas
739 1308 849 1347 non
895 1302 1227 1362 quassatur,
1293 1303 1349 1350 et
1390 1296 1607 1351 ﬂamma
1657 1311 1767 1351 non
1820 1296 2227 1367 exstinguitur;
2272 1312 2401 1353 nam
2464 1312 2684 1353 crucem
2754 1305 2971 1367 gestant
3018 1315 3118 1371 pro
3155 1301 3327 1372 virga,
3386 1300 3682 1373 Evangelia

405 1401 504 1468 pro
536 1401 684 1456 pera,
737 1385 1060 1453 cbaritatem
1112 1403 1211 1458 pro
1266 1390 1407 1463 pedo
1458 1406 1523 1445 ac
1574 1390 1789 1454 ﬁstula,
1821 1391 2021 1461 quibus
2052 1390 2308 1453 omnibus
2337 1391 2543 1449 Christi
2574 1408 2794 1465 gregem
2821 1392 3054 1448 rationis
3074 1393 3394 1463 participem
3426 1388 3687 1464 pascuut.‘

404 1478 798 1556 Quamobrem,
838 1480 939 1534 viri
975 1482 1193 1551 optimi,
1228 1484 1311 1541 sic
1340 1500 1404 1540 ea
1438 1486 1755 1561 proponite,
1788 1486 1856 1540 de
1884 1487 2088 1557 quibus
2134 1497 2553 1558 percunctatum
2584 1488 2929 1552 accessistis,
2987 1497 3049 1550 ut
3092 1489 3188 1560 qui
3234 1488 3420 1551 divina
3482 1490 3677 1552 horum

405 1572 614 1629 semina
644 1572 881 1628 messuri
909 1586 977 1626 ex
1006 1588 1125 1636 me,
1175 1575 1398 1630 homine
1438 1579 1731 1648 caateroqui
1769 1579 1885 1643 vili,
1918 1580 2061 1634 sitis.

1013 1690 1264 1753 ΠΕΥΣΙΣ
1302 1693 1377 1746 B'.

488 1778 643 1835 Ἐπεὶ
673 1777 738 1848 δή
791 1797 946 1845 τινας
990 1782 1219 1851 ἀλόγους
1267 1784 1363 1841 καὶ
1413 1784 1770 1857 βλασφήμους
1800 1787 1988 1857 φωνὰς

405 1873 539 1943 παρ’
571 1871 727 1925 ἐνίων
753 1871 1024 1943 ἀκούομεν
1043 1915 1061 1942 ,
1097 1875 1224 1946 περὶ
1257 1873 1352 1928 τοῦ
1379 1876 1698 1947 μονογενοῦς
1731 1877 1863 1932 Υίοῦ
1891 1878 1986 1932 τοῦ

405 1960 544 2017 Θεοῦ
598 1963 694 2015 καὶ
745 1963 840 2017 τοῦ
873 1965 1192 2036 Πνεύματος
1218 2007 1232 2029 ,
1288 1967 1589 2035 λεγόντων,
1626 1971 1851 2025 κτιστὸν
1887 1972 1988 2042 μὲν

406 2048 546 2108 εἷναι
578 2054 671 2109 τὸν
701 2055 829 2111 Υίὸν
859 2057 954 2111 καὶ
971 2058 1050 2129 τῷ
1077 2059 1252 2131 Πατρὶ
1280 2060 1534 2132 ἀνόμοιον
1558 2077 1572 2090 '
1593 2061 1656 2115 τὸ
1682 2062 1738 2116 δὲ
1761 2063 1988 2135 Πνεῦμα

404 2142 464 2195 ὲν
494 2143 770 2215 ὑπηρέτου
804 2147 905 2215 καὶ,
929 2148 1226 2203 ἀποστόλου
1262 2149 1411 2217 τάξει
1443 2150 1734 2221 τετάχθαι,
1777 2154 1872 2207 καὶ
1906 2155 1987 2210 ἔτι

404 2231 753 2304 ἀλογωτέρας
781 2235 876 2288 καὶ
906 2237 1296 2308 ταπεινοτέρας
1332 2238 1431 2302 τάς
1464 2241 1591 2312 περὶ
1617 2240 1798 2294 αὐτῶν
1828 2242 1988 2309 δόξας

402 2323 911 2397 διαλαμόανόντωνν
947 2328 1208 2400 ἀξιοῦμέν
1248 2347 1341 2383 σου
1372 2332 1472 2403 τὴν
1505 2332 1818 2401 φιλότεκνον
1849 2334 1989 2403 ἀγάσ-

405 2433 515 2487 πην
542 2417 608 2469 δι’
641 2418 904 2490 ὲπιτόμου
935 2406 1164 2491 ῥηθῆναι
1198 2423 1333 2499 ἡμῖν
1365 2422 1439 2487 ὡς
1472 2422 1589 2493 ἔχει
1618 2424 1688 2478 τὰ
1719 2427 1848 2497 περὶ
1887 2427 1987 2498 τῆς

407 2504 555 2574 θείας
583 2509 676 2563 καὶ
697 2511 1078 2591 προσκυνητῆς
1110 2512 1360 2585 Τριάὁος.

1009 2692 1370 2765 Ἀπόκρισις.

478 2776 655 2833 Πᾶσα
683 2779 857 2846 δόσις
902 2782 1095 2852 ἀγαθὴ
1116 2825 1130 2846 .
1160 2785 1259 2839 καὶ
1308 2785 1433 2841 πᾶν
1479 2787 1724 2859 δώρημα
1756 2789 1991 2850 τέλειον

407 2870 637 2932 ἄνωθέν
674 2873 804 2927 ἐστι
825 2915 839 2939 ,
882 2877 1244 2939 καταϐαῖνον
1291 2879 1409 2935 ἀπὸ
1456 2881 1563 2935 τοῦ
1603 2883 1834 2951 Πατρός
1870 2882 1992 2937 τῶν

407 2959 648 3029 φώτων,
698 2965 865 3033 φησὶν
907 2965 935 3017 6
982 2963 1123 3030 θεῖος
1163 2967 1443 3033 Ἰάκωϐος.
1482 2970 1625 3025 Ἀλλ’
1657 2974 1802 3041 ἐρεῖς
1848 2974 1993 3027 εἰκό-

405 3069 548 3116 τως.
602 3053 778 3107 Ποίων
823 3055 930 3126 ἄρα
976 3055 1206 3126 φώτων;
1240 3060 1461 3129 Κυρίως
1503 3061 1603 3133 μὲν
1635 3063 1731 3118 καὶ
1762 3064 1994 3135 πρώτως

407 3143 658 3213 ᾀληθινὸν
705 3145 822 3213 φῶς
868 3149 898 3200 6
929 3148 1121 3219 Πατὴρ
1151 3188 1166 3213 ,
1220 3150 1402 3215 καθώς
1450 3170 1615 3225 φησιν
1682 3156 1934 3229 Ἰωάννης
1965 3159 1994 3211 6

408 3233 687 3302 Θεολόγος·
717 3235 825 3289 Καὶ
851 3237 1004 3299 αὕτη
1032 3239 1207 3293 ἐστίν
1246 3242 1285 3310 ἡ
1324 3241 1655 3312 ἐπαγγελία
1690 3243 1774 3312 ἣν
1808 3246 1994 3313 ἠκού-

408 3339 605 3393 σαμεν
627 3325 728 3379 ἀπ’
755 3327 962 3391 αὑτοῦ,
1011 3327 1254 3399 δηλονότι
1283 3329 1377 3383 τοῦ
1400 3330 1555 3397 Υἱοῦ,
1581 3334 1680 3388 καὶ
1701 3335 1994 3406 ἀναγγέλ-

406 3421 597 3485 λομεν
620 3417 795 3489 ὑμῖν,
833 3418 922 3473 ὅτι
958 3423 993 3485 ό
1036 3421 1181 3487 Θεὸς
1209 3421 1337 3491 φῶς
1390 3423 1598 3491 ἐστιν,
1633 3426 1732 3481 καὶ
1774 3429 1990 3482 σκοτία

407 3509 520 3562 οὐκ
559 3509 732 3563 ἐστιν
762 3509 833 3563 ἐν
870 3509 1033 3576 αὐτῷ
1070 3510 1338 3582 οὐδεμία.
1374 3513 1493 3578 Φῶς
1530 3513 1589 3568 δὲ
1629 3516 1723 3569 καὶ⁵
1767 3518 1796 3570 6
1835 3517 1993 3584 Υἱὸς,

408 3597 592 3664 καθὼς
621 3602 650 3653 6
677 3600 837 3665 αὐτός
862 3616 1029 3673 φησιν
1046 3618 1060 3632 ’
1090 3597 1203 3657 Ἦν
1230 3602 1341 3674 γὰρ
1368 3604 1436 3659 τὸ
1464 3603 1591 3674 ςρῶς
1615 3606 1680 3660 τὸ
1703 3608 1996 3677 ἀληθινὸν

411 3690 444 3757 6
483 3682 713 3759 φωέίζὲι
766 3691 965 3746 πάντα
1014 3692 1329 3762 ἄνθρωπον
1371 3696 1704 3771 ἐρχόμενον
1754 3701 1843 3765 εἰς
1889 3700 1997 3755 τὸν

413 3782 669 3851 κόσμον.
696 3782 837 3848 Αὐτὸ
887 3784 944 3849 δὲ
990 3783 1052 3836 τὺ
1081 3784 1244 3839 ἀΰ).ον
1282 3786 1377 3849 καὶ
1405 3786 1699 3859 ἀνύκτερον
1748 3788 1894 3858 φῶς,
1933 3791 1996 3851 τὸ

322 3856 331 3867 χ
415 3872 597 3944 πάτης
627 3875 820 3945 νοερᾶς
845 3892 905 3927 τε
934 3877 1031 3929 καὶ
1067 3876 1291 3948 λογικῆς
1329 3876 1543 3946 quidam;
1576 3856 1906 3948 φ-ωτιστικὺν
1938 3882 1995 3934 ἐν

416 3964 769 4033 Εὖαγγελίοις
798 3967 992 4036 φησίν·
1035 3966 1177 4036 Ἐγώ
1197 3971 1312 4038 ειμι
1340 3968 1408 4027 τὸ
1437 3967 1564 4038 φῶς
1594 3970 1703 4025 τοῦ
1737 3973 1993 4041 κόσμου.

413 4054 533 4119 Φῶς
563 4056 608 4109 δ’
632 4056 895 4128 ὑπάρχειν
928 4057 1023 4112 καὶ
1046 4058 1107 4112 τὸ
1129 4059 1274 4113 θεῖον
1301 4059 1442 4113 Πνεῦ
1452 4062 1528 4132 μά
1559 4079 1722 4133 φημι,
1757 4063 1997 4134 συνᾴδων

413 4146 493 4217 τῷ
530 4146 802 4220 θεσπεσίῳ
852 4149 1054 4203 Δαϐίδ’
1112 4151 1211 4202 Ἐν
1255 4149 1335 4217 τῷ
1373 4153 1524 4223 φωτί
1565 4168 1682 4207 σου
1728 4155 1998 4223 ὀψόμεθα

413 4239 560 4317 φῶς.
618 4241 707 4293 Ἐν
737 4239 846 4311 γὰρ
872 4240 949 4311 τῷ
979 4240 1099 4313 Θεῷ
1128 4243 1222 4297 καὶ
1250 4245 1426 4316 Πατρὶ
1486 4244 1704 4317 ὁρῶμεν
1744 4246 1836 4300 τὸν
1870 4246 1999 4300 Υίὸν

414 4316 506 4395 καὶ
543 4333 710 4386 Θεόν·
748 4333 807 4386 ὲν
848 4333 903 4386 δὲ
941 4333 1021 4404 τῷ
1078 4327 1186 4406 Ῡίῷ
1212 4374 1227 4399 ,
1260 4336 1352 4390 τὸν
1391 4338 1640 4409 Πατέραο
1688 4340 1746 4391 ἐν
1793 4339 1998 4410 ἀμφοῖν

412 4424 503 4487 δὲ,
540 4423 603 4477 τὸ
633 4423 858 4495 Πνεῦμα
880 4465 894 4487 ,
924 4423 1108 4489 καθώς
1140 4443 1305 4497 φησιν
1331 4429 1360 4481 ό
1391 4427 1518 4491 Υἱὸς
1544 4467 1559 4490 ,
1601 4428 1664 4481 '0
1697 4429 1900 4497 Πατὴρ
1927 4429 1997 4482 ἐν

411 4516 572 4585 ἐμοὶ,
599 4515 760 4585 κάγὼ
781 4516 854 4570 ἐν
885 4515 965 4582 τῷ
991 4519 1177 4586 Harp!
1199 4533 1212 4546 ·
1259 4519 1355 4573 καὶ
1380 4559 1394 4584 ,
1449 4520 1503 4572 '0
1550 4521 1823 4589 ἑωρακὼς
1869 4522 1995 4589 ἐμὲ,

413 4608 634 4677 ἑώρακε
660 4608 769 4662 τὸν
806 4611 1058 4679 Πατέρα.
1101 4609 1237 4681 Περὶ
1277 4610 1336 4665 δὲ
1365 4610 1459 4666 τοῦ
1494 4612 1811 4682 Πνεύματός
1841 4630 1995 4682 φησι,

421 4701 492 4767 T6
521 4699 764 4768 Πνεῦμα
801 4700 915 4770 τῆς
953 4701 1274 4768 ἀληθείας.
1314 4701 1381 4756 τὸ
1429 4703 1498 4756 ἐκ
1545 4704 1775 4771 Πατριὲς
1814 4702 1998 4755 ἐκπο-

409 4793 761 4860 ρευόμενον.
806 4792 894 4844 Ἐν
925 4793 1065 4864 φωτὶ
1084 4789 1178 4847 οῦν
1210 4792 1286 4873 τῷ
1319 4794 1495 4865 Πατρὶ
1519 4834 1534 4857 ,
1566 4794 1681 4862 φῶς
1709 4794 1801 4845 τὸν
1828 4791 1996 4846 αὐτοῦ

416 4881 589 4935 Παῖδα
618 4881 712 4935 καὶ
745 4882 916 4951 Λόγον
930 4873 1159 4956 ⁸ὁρῶμεν
1178 4901 1192 4915 ’
1221 4886 1314 4950 καὶ
1338 4886 1396 4937 ὲν
1430 4885 1569 4954 φωτὶ
1596 4884 1673 4955 τῷ
1703 4884 1818 4955 Υἱῷ
1837 4923 1851 4945 ,
1882 4884 2000 4953 φῶς

413 4971 476 5035 τὸ
522 4969 746 5043 Πνεῦμα
790 4971 1028 5044 ὁρῶμεν.
1072 4974 1315 5037 Εἰκότως
1362 4969 1455 5027 οὖν
1487 4975 1713 5028 νοείσθω
1738 5016 1753 5041 ,
1781 4975 1907 5045 τρία
1942 4976 2000 5027 ἐν

416 5062 669 5134 ἀλλήλοις
709 5063 865 5133 φῶτα
886 5106 901 5131 ,
932 5065 1346 5128 ἀσυναλείπτως
1376 5066 1471 5118 καὶ
1501 5065 1820 5137 ἀχωρίστως
1860 5067 2003 5137 ἡνω-

420 5155 576 5235 μένα.
624 5155 763 5209 Ἀλλ’
812 5158 841 5209 6
875 5157 976 5227 μὲν
1019 5138 1112 5211 ἐπὶ
1150 5157 1368 5211 πάντων
1403 5155 1571 5222 Θεὸς,
1611 5155 1706 5221 καὶ
1754 5156 1945 5226 Πατὴρ
1972 5159 2001 5211 6

417 5247 815 5318 παντοκράτωρ
846 5246 907 5300 οὐ
941 5248 1202 5318 γεννητὸς
1224 5289 1238 5313 ,
1288 5245 1390 5299 οὐκ
1443 5245 1683 5307 αἰτιατὸς
1720 5244 1957 5317 ὑπάρχει
1983 5260 1996 5276 ⁸

417 5336 697 5408 γεννήτωρ
731 5337 789 5391 δὲ
843 5339 938 5392 καὶ
965 5340 1137 5403 αἴτιος
1173 5339 1268 5393 τοῦ
1318 5336 1448 5392 Υίοῦ
1483 5336 1677 5401 αὑτοῦ,
1721 5337 1796 5401 ὠς
1850 5336 2000 5407 πηγὴ

420 5427 703 5496 ποταμοῦ,
758 5430 835 5493 ὡς
881 5432 1098 5497 ἀκτῖνος
1139 5433 1291 5503 ἥλιος
1320 5472 1335 5494 ,
1384 5433 1458 5497 ὡς
1505 5431 1701 5502 φλογὸς
1737 5431 1798 5483 τὸ
1849 5429 1959 5502 πῦρ
1982 5447 1996 5461 ⁶

416 5516 570 5571 αἰτία
594 5517 725 5587 μὲν,
761 5521 823 5574 οὐ
861 5524 1268 5594 προγενεστέρα
1304 5523 1379 5578 δέ.
1433 5523 1663 5595 Ὁμοίως
1711 5521 1805 5576 καὶ
1827 5520 1895 5575 τὰ
1942 5520 2003 5586 ἐξ

418 5608 602 5663 αὐτῶν
629 5609 777 5665 αἴτια
813 5613 933 5684 μὲν,
972 5615 1034 5668 οὐ
1079 5614 1516 5685 μεταγενέστερα
1553 5614 1611 5668 δέ
1632 5633 1645 5646 ο
1704 5611 1878 5677 οὕτως
1908 5611 2003 5666 καὶ

2579 1689 3101 1749 INTERROGATIO
3136 1691 3204 1749 ll.

2164 1780 2394 1848 Quando
2425 1781 2592 1853 igitur
2630 1798 2699 1838 ex
2740 1784 3023 1843 nonnullis
3063 1799 3231 1840 voces
3265 1784 3537 1855 quasdam
3580 1786 3678 1839 ab-

2094 1870 2383 1931 horrentes
2435 1887 2464 1925 a
2505 1872 2715 1928 ratione
2757 1880 2813 1928 et
2852 1875 3221 1932 exsecrandas
3265 1875 3539 1942 audimus,
3585 1878 3674 1945 (μιί

2093 1967 2147 2013 et
2167 1958 2236 2014 de
2258 1959 2490 2029 unigena
2514 1958 2607 2015 Dei
2629 1957 2769 2015 Filio
2789 1969 2843 2017 et
2859 1961 2925 2016 de
2942 1960 3159 2032 'Spit‘ilu
3186 1973 3380 2019 sancto
3403 1973 3679 2033 asserunt,

2094 2050 2247 2105 illum
2282 2050 2499 2119 quidem
2541 2059 2810 2119 creatum,
2842 2052 3100 2124 Patrique
3135 2055 3487 2111 dissimilem:
3532 2057 3680 2111 hunc

2094 2156 2223 2195 vero
2269 2140 2507 2197 ministri
2560 2142 2681 2197 loco
2732 2158 2798 2198 ac
2845 2144 3162 2201 conditione
3191 2161 3348 2211 esse,
3384 2148 3677 2205 nonnullas

2093 2232 2259 2301 etiam
2310 2232 2397 2287 bis
2442 2232 2797 2290 absurdiores
2846 2235 3281 2306 abjectioresque
3323 2239 3391 2294 de
3442 2247 3679 2313 utroque

2094 2324 2391 2377 commenti
2433 2324 2762 2395 opiniones:
2796 2342 2889 2396 per
2918 2342 3037 2383 eam
3072 2337 3124 2384 te
3153 2330 3478 2385 charitatem
3527 2332 3680 2385 obse-

2095 2428 2334 2479 cranms,
2371 2430 2478 2485 qua
2524 2430 2627 2471 nos
2665 2425 2726 2471 ut
2772 2418 2978 2474 liberos
3023 2430 3145 2476 tuos
3178 2423 3582 2492 complecteris.
3619 2430 3680 2476 ut

2094 2506 2225 2583 quid
2274 2508 2343 2561 de
2389 2508 2575 2562 divina
2607 2516 2663 2563 et
2703 2510 2979 2565 adoranda
3012 2511 3279 2569 Trinitate
3322 2515 3394 2570 sit
3433 2523 3685 2583 statueu:

2095 2596 2250 2663 dum,
2284 2597 2523 2654 breviter
2554 2598 2716 2654 nobis
2746 2615 3014 2670 exponas.

2735 2692 3044 2762 Responsio.

2169 2778 2337 2836 Omne
2383 2783 2574 2836 bonum
2613 2783 2832 2850 donum,
2864 2800 3054 2837 munus
3099 2799 3249 2837 omne
3288 2783 3571 2853 perfectum
3616 2784 3680 2838 de

2095 2873 2337 2941 supernis
2369 2874 2561 2938 oritur,
2583 2884 2632 2928 et
2663 2891 2695 2927 a
2720 2875 2978 2928 luminum
2997 2872 3162 2941 Patre
3176 2875 3463 2940 descendit,
3488 2892 3681 2946 quent-

2097 2961 2389 3019 admodum
2443 2965 2662 3022 divinus
2711 2967 2793 3021 vir
2834 2965 3075 3021 Jacobus
3133 2968 3311 3038 inquit
3342 2967 3406 3021 ¹⁶.
3438 2969 3504 3023 At
3543 2984 3668 3038 qua-

2097 3051 2403 3117 liumnam,
2466 3070 2572 3109 non
2633 3055 2905 3110 immerito
2959 3057 3315 3127 (tutaesiveris,
3379 3058 3683 3113 luminum?

2093 3142 2365 3199 Nimirum
2398 3154 2453 3201 et
2480 3148 2779 3216 proprium,
2814 3155 2867 3202 ct
2893 3151 3166 3218 princeps.
3194 3158 3248 3203 et
3274 3166 3459 3205 verum
3496 3153 3676 3205 lmueu

2094 3242 2179 3290 est
2214 3236 2329 3306 ipse
2359 3234 2538 3300 Pater,
2563 3238 2705 3292 sicut
2727 3236 2966 3293 .loanues
2997 3238 3086 3293 ille
3108 3249 3471 3309 cognomento
3504 3241 3681 3295 Theo-

2094 3326 2252 3398 logus
2276 3327 2360 3382 his
2381 3328 2558 3383 verbis
2586 3328 2838 3398 scripsit:
2882 3328 3011 3382 11ηό
3043 3340 3121 3383 est
3168 3331 3266 3384 illa
3301 3334 3677 3397 ammutiatio,

2095 3436 2257 3489 quam
2275 3430 2476 3477 nosmet
2500 3436 2564 3473 ea:
2587 3421 2723 3490 ipso,
2755 3419 2892 3475 Filio
2917 3421 3148 3485 scilicet,
3168 3423 3486 3489 audivimus,
3511 3424 3680 3478 Deum

2095 3527 2205 3567 esse
2233 3510 2428 3575 lumen,
2454 3520 2504 3563 et
2520 3511 2800 3581 caliginem
2824 3511 2879 3563 in
2896 3511 3009 3580 ipso
3024 3511 3230 3571 nullam
3259 3513 3442 3567 esse“.
3478 3512 3684 3569 Deinde

2096 3601 2269 3657 Filius
2310 3618 2529 3673 quoque
2572 3602 2759 3663 lumen
2778 3611 2883 3665 est,
2917 3604 3061 3658 sicut
3091 3604 3232 3659 idem
3275 3603 3516 3660 Joannes
3559 3606 3677 3661 ait:

2097 3691 2233 3747 Erat
2260 3694 2305 3747 is
2341 3693 2518 3746 lumen
2548 3709 2748 3758 verum,
2786 3694 2925 3763 quod
2959 3696 3241 3748 venientem
3273 3696 3326 3748 in
3357 3697 3494 3749 hunc
3524 3713 3680 3750 mun-

2096 3780 2224 3837 dum
2245 3799 2449 3836 omnent
2472 3784 2735 3837 hominem
2757 3784 3028 3837 illuminat
3045 3785 3107 3837 ".
3129 3785 3268 3849 Quin
3298 3793 3349 3836 et
3374 3785 3549 3853 ipsum
3579 3786 3682 3840 hoc

2100 3874 2168 3934 ab
2188 3874 2335 3927 omni
2360 3887 2547 3928 crassa
2577 3874 2803 3928 materie
2820 3874 3157 3943 caligineque
3179 3883 3446 3929 sccretmn
3473 3875 3677 3937 lumen,

2098 3963 2241 4032 quod
2299 3979 2514 4017 omnem
2569 3974 2821 4018 naturam
2874 3964 3227 4034 intelligentia
3287 3965 3567 4034 praeditam
3616 3980 3681 4025 ac

2097 4057 2328 4111 rationis
2350 4056 2667 4126 participem
2693 4058 2991 4123 illuminat,
3037 4058 3092 4111 in
3117 4057 3422 4127 Evangeliis
3472 4059 3675 4128 inquit:

2101 4145 2211 4217 Ego
2251 4163 2368 4201 sum
2405 4148 2588 4199 mundi
2626 4147 2875 4202 lumen".
2908 4146 3169 4201 Sanctum
3198 4149 3360 4203 etiam
3417 4147 3679 4219 Spiritum

2104 4239 2286 4292 lumen
2336 4253 2490 4301 esse,
2549 4238 2738 4292 divino
2788 4237 2975 4293 Davidi
3026 4240 3333 4295 assenticns
3397 4241 3486 4309 ajo
3533 4257 3546 4293 :
3612 4239 3681 4294 In

2100 4330 2315 4393 lumine,
2342 4330 2441 4393 ait,
2487 4342 2576 4383 tuo
2602 4330 2777 4385 lumen
2811 4331 3177 4386 videbimus”.
3226 4331 3360 4385 Nam
3393 4335 3445 4385 in
3485 4331 3591 4387 Deo
3617 4347 3682 4387 at:

2099 4419 2259 4474 Patre
2283 4419 2478 4475 Filium
2512 4429 2567 4476 et
2600 4421 2776 4492 ipsum
2798 4425 2988 4489 Deum,
3013 4436 3173 4492 atque
3203 4425 3255 4479 in
3276 4424 3413 4479 Filio
3438 4424 3678 4491 Patrem,

2100 4513 2362 4583 Spiritum
2420 4524 2601 4567 autem
2657 4514 2712 4568 in
2778 4526 3012 4585 utroque
3070 4517 3365 4581 cernimus,
3419 4516 3682 4586 quemad-

2101 4605 2317 4658 modum
2342 4604 2514 4661 Filius
2540 4607 2616 4658 ait
2640 4623 2653 4658 :
2689 4605 2851 4659 Pater
2874 4607 2926 4658 in
2947 4623 3024 4660 me
3046 4617 3143 4669 est,
3165 4617 3213 4659 et
3236 4623 3327 4676 ego
3354 4608 3405 4661 in
3432 4607 3591 4660 Patre
3612 4607 3679 4659 ιδ.

2101 4696 2206 4761 Qui
2269 4697 2397 4750 vidit
2444 4714 2558 4763 me,
2594 4696 2812 4753 Patrem
2838 4697 2987 4752 vidit.
3042 4697 3117 4750 De
3184 4700 3388 4768 Spiritu
3430 4715 3559 4751 vero
3605 4699 3685 4751 in-

2098 4790 2218 4858 quit
2253 4788 2527 4858 :Spiritns
2583 4791 2841 4856 veritatis,
2888 4791 2978 4859 qui
3028 4791 3092 4844 de
3141 4790 3301 4846 Patre
3351 4791 3581 4860 procedit
3616 4791 3680 4845 ³⁸.

2099 4880 2287 4949 Itaque
2349 4880 2402 4933 in
2451 4881 2672 4943 Imniue,
2724 4880 2869 4949 quod
2920 4889 3004 4935 est
3041 4879 3218 4945 Pater,
3276 4882 3460 4934 lu'mcn
3509 4882 3681 4943 aliud.

2101 4969 2361 5024 nimirum
2390 4971 2559 5039 ipsius
2595 4968 2831 5024 Verbum
2876 4986 2939 5025 ac
2969 4971 3165 5026 Filium
3199 4974 3501 5033 cernimus.
3528 4981 3581 5029 ct
3626 4975 3681 5028 in

2102 5061 2308 5115 lumine
2339 5060 2484 5131 quod
2524 5070 2607 5115 cst
2637 5060 2829 5127 Filius,
2866 5063 3047 5118 lumen
3098 5065 3361 5135 Spiritutn
3411 5064 3711 5120 videmusﬂ

2101 5154 2466 5219 Quamobrem
2541 5155 2753 5210 ratione
2798 5165 3167 5212 consentanea
3227 5159 3329 5212 tria
3382 5158 3437 5213 in
3486 5159 3683 5228 scipsis
3742 5192 3745 5197 ›

2102 5246 2309 5301 lumina
2364 5245 2759 5316 intelligantur,
2823 5248 2972 5303 omni
3025 5248 3146 5304 sine
3196 5259 3307 5303 tant
3362 5251 3686 5311 confusione

2102 5352 2265 5409 quam
2309 5338 2653 5408 separatione
2682 5339 2856 5392 unita.
2914 5338 3077 5394 Extra
3106 5334 3283 5411 quam
3324 5342 3466 5411 quod
3504 5342 3685 5395 omni~

2104 5435 2299 5499 potens
2328 5428 2416 5482 ille
2460 5425 2602 5483 Deus
2638 5442 2701 5482 ac
2731 5425 2911 5494 Pater,
2946 5431 3038 5499 qui
3087 5448 3253 5501 supra
3290 5432 3544 5487 universa
3575 5440 3682 5494 est,

2104 5536 2213 5574 non
2241 5527 2326 5574 est
2351 5518 2587 5589 genitus,
2612 5534 2720 5574 non
2745 5528 2901 5575 ortus
2925 5522 2992 5576 ab
3018 5523 3145 5585 alio,
3180 5533 3437 5592 tauquam
3467 5537 3633 5576 causa
3664 5539 3679 5577 :

2111 5610 2325 5681 genitor
2358 5617 2537 5664 autem
2570 5617 2625 5665 et
2659 5625 2827 5665 causa
2853 5610 3029 5683 ipsius
3063 5612 3185 5668 Filii
3225 5613 3368 5668 sicut
3415 5611 3537 5668 lotis
3586 5612 3684 5669 llu-

491 5739 534 5813 ξ’
565 5738 682 5794 Jac.
714 5757 751 5803 ι⁹
781 5742 871 5796 17.
949 5745 991 5777 ¹¹
1027 5746 1044 5799 1
1076 5742 1232 5800 Joan.
1266 5762 1305 5813 ι,
1332 5747 1384 5801 5.
1467 5747 1509 5778 ⁸³
1543 5743 1702 5800 Joan.
1732 5761 1769 5808 ι,
1802 5744 1854 5800 9.
1938 5743 1978 5775 ’³

2097 5758 2159 5796 ιιι.
2190 5754 2307 5807 vm,
2348 5740 2429 5793 l2.
2512 5739 2553 5771 "
2586 5738 2732 5796 Psal.
2762 5757 2927 5808 xxxv,
2964 5741 3028 5796 10
3131 5742 3171 5773 ⁸⁸
3200 5739 3353 5794 Joan.
3390 5753 3500 5806 xtv,
3527 5738 3678 5806 9.,i0.

418 5807 466 5847 ι·
488 5806 651 5871 loan.
684 5826 773 5879 xv,
805 5812 898 5867 26.
