4082 6438
452 372 561 429 859

1489 374 1549 430 S.
1579 373 1883 430 CESARII
1918 374 2259 435 GREGORII
2295 374 2601 432 FRATRiS

3638 378 3751 437 880

456 491 645 554 minis,
667 470 813 548 sicut
838 493 920 548 sol
968 492 1132 558 radii,
1163 491 1316 549 sicut
1360 492 1503 563 ignis
1541 490 1797 547 ﬂammae.
1829 491 2038 548 ilorum

2175 528 2176 533 η
2208 492 2366 557 Υἱόςι
2394 491 2456 557 ἐξ
2484 492 2660 545 αἰτίου
2692 491 2787 544 καὶ
2814 492 3139 563 τεννήτορος
3170 489 3268 545 τοῦ
3303 491 3519 563 Πατρός
3551 491 3753 556 ἀΰίως

454 597 589 651 ergo
614 581 758 636 sicut
786 590 920 637 sunt
945 583 1038 637 illa
1063 582 1281 653 quidem
1317 597 1521 645 causa,
1561 597 1670 635 non
1708 589 1890 637 tamen
1925 582 2043 639 hac

455 680 581 727 ortu
611 672 929 742 praecedunt
957 692 971 727 :
1000 673 1083 728 sic
1112 672 1285 727 Filius
1321 679 1407 728 est
1448 670 1672 743 quidem
1714 672 1763 726 is
1792 687 1823 725 a
1856 671 2041 739 Patre,

458 774 721 834 tanquam
761 779 792 817 a
833 779 1003 819 causa
1035 772 1090 819 et
1126 764 1397 834 genitore,
1438 763 1510 816 ab
1553 770 1763 829 aeterno
1797 760 2048 817 iueﬂ’abi-

461 856 585 909 liter
616 857 879 925 genitus:
921 871 1032 911 non
1076 864 1258 910 tamen
1317 864 1563 926 tempore
1603 855 1899 926 posterior,
1937 871 2048 911 non

462 944 695 999 inferior
726 953 1017 1014 potestate,
1057 960 1168 998 non
1214 944 1503 1015 inaequalis
1539 944 1846 1014 majestate.
1878 942 2051 1001 Nimi-

2145 585 2440 655 ἀφράστως
2472 583 2755 653 γεννηθεὶς
2771 626 2788 649 ,
2827 583 2890 636 οὑ
2929 581 3389 654 μεταγενέστερος
3435 582 3494 636 δὲ
3531 583 3752 654 χρόνῳ,

2145 677 2250 729 οὐκ
2278 676 2526 729 ἐλάσσων
2550 675 2800 746 δυνάμει,
2838 676 2941 728 οὐκ
2972 676 3223 746 ἀνόμοιος
3253 675 3382 748 δόξῃ
3406 691 3421 705 ο
3443 676 3536 729 ἀεὶ
3570 677 3641 728 ὲν
3668 675 3755 745 τῷ

2149 768 2365 839 Πατρὶ.
2413 767 2507 821 καὶ
2546 768 2614 820 ὲκ
2654 766 2751 820 τοῦ
2770 768 3031 838 πατρὸς,
3065 768 3162 821 καὶ
3190 767 3290 820 σὺν
3322 767 3403 838 τῷ
3435 766 3627 838 Πατρῐ
3650 765 3757 829 Eu,

2155 858 2572 923 άσυναλείπτως
2594 897 2610 923 ,
2646 859 2998 930 ἀχωρίστως,
3027 858 3423 931 ἀμεταϐλήτους
3462 857 3652 922 ξυνὼν
3674 856 3761 927 τῷ

2156 952 2465 1023 γεννήτοριο

464 1052 588 1092 rutu
621 1054 836 1108 semper
866 1048 921 1095 et
954 1038 1009 1093 in
1034 1037 1219 1105 Patre,
1247 1048 1304 1095 et
1344 1055 1413 1094 ex
1442 1037 1628 1105 Patre,
1662 1046 1720 1095 et
1745 1054 1874 1095 cum
1896 1038 2060 1098 Patre
2084 1046 2322 1111 exsistit,
2371 1047 2535 1119 eique
2550 1047 2671 1103 sine
2701 1045 3049 1111 confusione,
3073 1046 3193 1101 sine
3225 1044 3602 1116 separatione,
3634 1042 3767 1098 sine

468 1129 854 1187 immutatione
882 1129 1060 1187 adest.

940 1241 1465 1300 INTERROGATIO
1503 1242 1591 1298 ιη.

539 1356 608 1413 Et
656 1358 752 1427 qui
792 1363 975 1429 potest
1020 1358 1068 1413 is
1115 1359 1211 1430 qui
1254 1374 1320 1413 ex
1366 1357 1529 1414 Patre
1570 1358 1791 1431 genitus
1829 1367 1953 1426 est,
2003 1368 2059 1415 et

466 1449 623 1515 exiit,
652 1464 782 1504 cum
810 1448 975 1506 Patre
1010 1458 1070 1506 et
1112 1451 1170 1505 in
1218 1449 1381 1505 Patre
1412 1451 1713 1506 exsistere!
1746 1449 1883 1505 Nam
1911 1451 2057 1521 quod

434 1544 437 1545 ⁷
466 1540 641 1598 semel
664 1547 754 1596 est
776 1541 1049 1611 genitum,
1093 1549 1261 1612 atque
1302 1540 1376 1595 ab
1404 1556 1472 1597 eo
1503 1557 1617 1612 quo
1648 1540 2059 1608 continebatur,

466 1634 627 1700 esiit,
650 1648 765 1706 quo
785 1641 949 1704 pacto
981 1645 1204 1687 rursum
1227 1631 1335 1687 erit
1365 1631 1423 1686 in
1457 1631 1752 1704 gignente?

1114 1722 1431 1792 Responsio.

544 1814 816 1871 Nimirum
843 1813 1021 1870 Filius
1059 1829 1126 1870 ac
1175 1811 1416 1884 Spiritus
1448 1829 1561 1870 non
1594 1814 1881 1869 hominum
1908 1829 2065 1871 more

472 1922 574 1977 per
612 1906 912 1962 ilusiouem
956 1905 1350 1971 sectionemve,
1397 1913 1495 1960 aut
1548 1907 1951 1962 dimensionem
1994 1920 2063 1961 es

474 1998 637 2054 Patre
664 1996 1004 2068 prodierunt,
1029 1997 1126 2053 sed
1150 2005 1210 2051 ut
1238 2012 1305 2052 es
1330 1997 1479 2053 fonte
1504 1997 1751 2062 ﬂumina,
1783 2002 1915 2068 qiue
1934 1997 2065 2068 qui-

472 2091 598 2145 dem
630 2106 697 2145 es
723 2105 793 2145 eo
823 2098 879 2145 et
900 2090 955 2144 in
980 2102 1049 2144 eo
1076 2100 1133 2146 et
1171 2104 1297 2144 cum
1328 2105 1398 2144 eo
1440 2099 1607 2146 sunt:
1647 2099 1702 2145 ut
1731 2105 1797 2146 ex
1836 2089 1951 2145 sole
1978 2104 2067 2143 ra-

470 2181 550 2237 dii
577 2181 674 2252 qui
699 2181 755 2235 in
782 2170 871 2244 eo,
895 2188 952 2237 et
974 2196 1101 2236 eum
1134 2197 1223 2245 eo,
1265 2190 1320 2237 et
1348 2198 1412 2237 ex
1448 2198 1515 2237 eo
1546 2189 1677 2238 sunt
1714 2203 1728 2238 :
1758 2191 1819 2237 ut
1845 2181 2067 2237 ﬂamma

472 2282 530 2329 et
559 2275 655 2329 lux
696 2274 766 2329 de
811 2273 957 2345 igne,
1000 2289 1127 2329 cum
1186 2274 1334 2345 igne,
1383 2274 1440 2329 in
1489 2275 1615 2345 igne
1636 2277 1932 2333 exsistunt.
1969 2271 2067 2329 His

474 2366 622 2420 enim
661 2365 827 2420 rebus
859 2364 1115 2435 equidem
1150 2379 1290 2421 usus
1334 2365 1450 2420 hac
1497 2365 2070 2431 deelaravi,‘obscure

477 2472 613 2513 sane
640 2474 756 2513 rem
785 2458 1213 2527 explicantibus.
1245 2459 1343 2513 sed
1377 2460 1446 2513 ab
1475 2458 1713 2529 imagine
1732 2466 1917 2514 tamen
1956 2474 2069 2514 non

478 2565 712 2620 prorsus
735 2549 1188 2607 abhorrentibus.
1213 2547 1389 2604 Filius
1418 2565 1552 2621 ergo
1577 2550 1667 2619 qui
1699 2548 1863 2604 estin
1885 2547 2070 2614 Patre,

477 2643 548 2697 de
578 2641 771 2697 eodem
810 2639 1036 2711 prodiit,
1058 2648 1116 2696 et
1136 2654 1263 2695 cum
1292 2638 1456 2695 Patre
1491 2641 1731 2704 exsistit,
1759 2647 1816 2695 et
1843 2637 2072 2693 inﬁnitis

481 2732 702 2788 saeculis
737 2732 865 2797 erit,
900 2730 1364 2801 quemadmodum
1410 2732 1526 2800 ipse
1570 2731 1747 2801 inquit
1785 2750 1801 2786 :
1854 2730 1968 2801 Ego
2015 2730 2074 2784 in

480 2823 649 2879 Patre
672 2838 814 2887 nm,
844 2831 895 2876 et
933 2816 1098 2876 Pater
1123 2830 1205 2875 est
1238 2823 1297 2874 in
1334 2837 1416 2876 me
1457 2823 1524 2877 η.
1556 2822 1771 2887 Quibus
1806 2822 1993 2877 verbis
2018 2829 2074 2876 et

477 2917 733 2974 eamdem
755 2915 1049 2986 utriusque
1069 2923 1325 2970 naturam
1353 2916 1470 2971 sive
1491 2915 1817 2980 essentiam,
1845 2926 1901 2971 et
1920 2915 2074 2970 nulla

476 3023 547 3065 ex
583 3016 740 3080 parte
766 3007 1040 3063 diversam
1072 3007 1363 3078 utriusque
1403 3007 1765 3075 divinitatem,
1799 3015 1853 3063 et
1885 3023 2073 3079 parem

481 3102 720 3172 denique
734 3109 1056 3171 potestatem
1071 3115 1195 3156 esse
1217 3100 1508 3173 significat.
1531 3099 1748 3156 Rursus
1792 3116 1917 3155 cum
1951 3100 2030 3154 ait
2056 3118 2071 3154 :

485 3191 595 3261 Ego
625 3194 691 3246 de
720 3190 883 3245 Patre
907 3207 1025 3245 sum
1046 3206 1309 3261 egressus,
1331 3201 1488 3262 atque
1516 3192 1571 3245 in
1600 3192 1855 3244 mundum
1878 3192 1993 3245 veni
2007 3191 2072 3246 ¹³ε

481 3284 857 3338 diversitatem
888 3283 1396 3353 proprietatemque
1427 3297 1678 3352 personae
1710 3282 2072 3337 demonstrat.

480 3373 655 3429 Porro
702 3376 925 3431 divinus
974 3373 1473 3445 sanctissimusque
1523 3373 1766 3446 Spiritus
1812 3390 1923 3429 non
1986 3375 2077 3430 ille

484 3465 709 3534 quidem
762 3476 849 3519 est
894 3466 1136 3535 genitus,
1185 3464 1284 3520 sed
1318 3464 1581 3535 procedit,
1632 3473 1798 3536 atque
1839 3481 1907 3522 eo
1954 3465 2077 3536 ipso

454 3556 639 3628 quod
671 3557 740 3611 de
784 3555 951 3611 Patre
995 3557 1267 3627 procedit,
1313 3572 1344 3611 a
1392 3558 1555 3612 Patre
1593 3565 1854 3627 tanquam
1907 3574 2077 3615 causa

485 3646 688 3703 oritur.
753 3644 990 3702 Davides
1048 3646 1295 3717 quidem,
1355 3656 1727 3703 sacrosancta:
1788 3647 2077 3705 Trinitatis

485 3752 797 3805 enarrator,
850 3738 1020 3795 Verbo
1065 3740 1305 3803 Dontini,
1342 3740 1544 3811 inquit,
1599 3741 1928 3795 conslabiliti
1951 3751 2075 3796 sunt

485 3835 628 3898 cwli,
648 3842 701 3888 et
725 3832 932 3904 Spiritu
959 3838 1068 3887 oris
1091 3832 1258 3902 ipsius
1279 3834 1453 3888 omnis
1480 3832 1705 3888 ca'lestis
1724 3835 1989 3889 eaercilus
2007 3834 2072 3890 ".

484 3925 703 3992 Quibus
725 3935 780 3982 et
815 3926 911 3981 illa
946 3924 1232 3980 Zachariae
1268 3925 1431 3980 verba
1480 3934 1612 3981 sunt
1655 3936 2024 3982 consentanea
2058 3944 2071 3980 :

488 4016 743 4073 Robusti:
780 4018 889 4072 sint
933 4015 1256 4073 Zorobabeli
1292 4027 1343 4072 et
1386 4015 1631 4073 losedeci
1680 4019 1996 4086 sacerdotis,
2025 4029 2077 4073 et

489 4112 671 4182 populi
696 4127 924 4176 manus;
952 4112 1205 4182 quoniam
1254 4126 1347 4181 ego
1391 4109 1661 4164 vobiscum
1690 4126 1829 4174 sum,
1858 4119 1908 4163 et
1952 4107 2078 4163 Ver-

488 4204 614 4258 bum
649 4220 845 4271 meum,
884 4213 935 4258 et
976 4202 1213 4273 Spiritus
1258 4219 1425 4257 meus.
1483 4200 1616 4256 Hart:
1650 4201 1864 4256 Domini
1901 4202 2076 4255 omni—

488 4283 718 4366 potentis
742 4297 900 4353 verba
921 4305 1047 4352 sunt
1072 4297 1144 4351 ”.
1178 4295 1342 4352 Pater
1380 4296 1549 4365 igitur
1583 4311 1693 4349 non
1721 4304 1807 4351 est
1832 4294 2075 4364 genitus,

488 4384 665 4442 Filius
704 4388 946 4458 genitus,
1000 4383 1242 4455 Spiritus
1291 4384 1571 4454 procedit;
1625 4399 1750 4453 quae
1797 4385 1903 4437 tria
1948 4393 2079 4438 sunt

491 4481 546 4535 in
597 4481 800 4551 seipsis
856 4477 1100 4543 lumina;
1134 4492 1246 4532 non
1290 4474 1727 4540 confunduntur,
1766 4476 1952 4529 lucent
1985 4489 2080 4529 eo-

490 4569 615 4625 dem
650 4570 879 4632 lumine,
910 4568 1100 4623 lucent
1151 4575 1441 4633 attemum,
1490 4565 1727 4620 indivise
1773 4581 1869 4634 per
1913 4565 2083 4635 hypo-

493 4671 673 4717 stases
721 4662 836 4717 sive
886 4674 1151 4732 personas
1192 4659 1630 4729 distinguuntur,
1677 4668 1733 4712 et
1785 4660 1903 4713 sine
1941 4675 2077 4713 con-

493 4750 713 4805 fusione
786 4756 918 4805 sunt
975 4764 1147 4802 unum
1229 4748 1467 4803 essentia
1538 4748 1964 4817 supernaturali,
2026 4759 2081 4805 et

492 4843 887 4913 conjunctione
936 4840 1140 4897 mentis
1180 4840 1292 4895 vim
1343 4850 1660 4910 superante,
1711 4850 1766 4896 ct
1814 4843 2079 4898 distantia

493 4936 700 4992 nullam
726 4935 1129 4991 dimensionem
1169 4933 1513 4989 admittente.
1551 4935 1731 5005 Atque
1766 4943 1880 4992 tres
1911 4937 2081 5008 hypo-

494 5037 672 5082 stases
701 5024 924 5081 deitatis
956 5039 1121 5080 unam
1162 5024 1463 5081 essentiam
1506 5024 1562 5079 in
1592 5022 1818 5082 totidem
1855 5038 2082 5083 naturas

494 5130 605 5170 non
634 5114 890 5171 dividunt
916 5135 933 5171 :
964 5117 1041 5171 ita
1069 5116 1256 5172 unitas
1284 5117 1537 5173 essentia:
1555 5116 1764 5174 fontem
1790 5118 1945 5174 illum
1967 5118 2085 5174 dei-

494 5206 628 5262 tatis
653 5206 831 5263 tribus
863 5207 1027 5265 ostiis
1059 5214 1327 5265 aeternum
1350 5208 1637 5273 ﬂuentem,
1671 5211 1728 5265 in
1769 5225 1935 5265 unam
1969 5209 2086 5267 sive

494 5313 789 5370 personam
821 5299 939 5356 sive
964 5300 1287 5373 bypostasin
1336 5317 1515 5373 neque
1554 5301 1878 5358 commiscet
1905 5317 2085 5372 neque

492 5389 796 5447 contrahit.
853 5390 1001 5464 Ergo
1061 5399 1119 5448 et
1180 5391 1346 5449 Pater
1402 5394 1586 5449 lumen
1642 5400 1749 5453 est.
1792 5401 1848 5447 ct
1911 5390 2085 5449 Filius

496 5490 581 5539 est
615 5483 823 5549 lumen,
869 5493 923 5540 et
971 5483 1214 5556 Spiritus
1254 5486 1445 5543 itidem
1495 5498 1768 5542 sanctus:
1814 5494 1869 5540 et
1912 5485 2088 5540 nihilo

498 5581 683 5631 tamen
713 5576 897 5635 minus
941 5576 997 5631 hi
1034 5585 1150 5633 tres
1178 5593 1349 5633 unum
1387 5577 1575 5631 lumen
1607 5576 1906 5640 exsistunt,
1937 5575 2082 5646 quod

499 5677 581 5721 est
615 5682 782 5739 supra
828 5685 990 5726 omne
1039 5678 1276 5740 tempus,
1323 5677 1379 5724 et
1429 5676 1557 5722 ante
1615 5668 1832 5727 saecula,
1882 5679 1935 5724 et
1988 5683 2082 5723 ex-

582 5828 621 5858 "
657 5826 811 5882 Joan.
852 5846 941 5899 xv,
984 5832 1067 5884 ιο,
1150 5830 1190 5862 ⁸⁸
1218 5828 1375 5882 Joan.
1413 5829 1621 5887 “1,28

2776 1245 3028 1300 ΠΕΥΣΙΣ
3057 1245 3133 1301 1‘.

2232 1361 2349 1415 Καὶ
2394 1361 2515 1427 πῶς
2563 1361 2630 1415 ὲκ
2659 1361 2754 1415 τοῦ
2783 1363 2998 1435 Πατρὺς
3026 1360 3306 1435 γεννηθεὶς
3347 1365 3445 1419 καὶ
3489 1365 3771 1432 ἐξελθὼν,

2164 1454 2265 1508 σὺν
2300 1454 2383 1525 τῷ
2411 1455 2590 1525 Πατρὶ
2631 1454 2727 1508 καὶ
2767 1455 2828 1508 ὲν
2867 1454 2946 1526 τῷ
2991 1456 3166 1529 Πατρὶ
3204 1456 3428 1511 δύναται
3466 1453 3660 1524 dvas;
3694 1458 3775 1510 To

2166 1540 2315 1607 ἅπαξ
2340 1541 2600 1615 γεννηθὲν
2624 1543 2720 1596 καὶ
2750 1543 3014 1615 προελθὸν
3036 1544 3130 1598 τοῦ
3160 1545 3405 1617 ἔχοντος,
3438 1546 3558 1611 πῶς
3592 1545 3775 1602 πάλιν

2163 1635 2226 1687 ὲν
2254 1634 2334 1706 τῷ
2355 1635 2677 1707 γεννήσαντι
2710 1635 2895 1703 Eat-at;

2777 1708 3143 1798 'Aadxpfmc.

2255 1818 2398 1872 Ἀλλ’
2428 1821 2532 1874 οὑκ
2560 1815 2658 1873 ἶσα
2703 1818 2913 1891 βροτοῖς
2958 1820 3101 1875 κατὰ
3153 1820 3339 1893 ῥεῦσιν
3390 1821 3426 1893 ἢ
3479 1819 3702 1892 τομὴν,
3732 1821 3770 1891 ἢ

2130 1908 2492 1977 ,διάστασιη
2550 1913 2581 1965 6
2617 1911 2746 1975 Υἱὸς
2799 1912 2894 1965 καὶ
2940 1911 3003 1964 τδ
3029 1911 3256 1982 Πνεῦμα
3304 1913 3370 1966 ἐκ
3412 1911 3506 1965 τοῦ
3537 1913 3778 1982 Πατρός

2166 2000 2443 2073 προῆλθον
2462 2042 2478 2065 ,
2511 2001 2627 2055 ἀλλ’
2660 2000 2738 2065 ὠς
2762 2002 2827 2055 ὲκ
2852 2002 3060 2073 κρήνης
3086 2002 3343 2072 ποταμοὶ,
3382 2002 3441 2069 ἐξ
3463 2002 3645 2073 αὐτῆς
3674 2001 3780 2056 καὶ

2168 2093 2228 2145 ἐν
2272 2093 2411 2164 αὐτῇ
2473 2093 2569 2147 καὶ
2603 2092 2701 2147 σῦν
2730 2094 2868 2164 αὐτῇ
2900 2094 3084 2158 ὅντεςο
3120 2094 3214 2147 καὶ
3251 2093 3327 2157 ὡς
3370 2094 3436 2146 ὲκ
3461 2092 3558 2146 τοῦ
3608 2092 3779 2164 ἡλίου

2166 2185 2224 2237 αἱ
2274 2184 2677 2256 μαρμαρυγαὶ,
2708 2186 2768 2239 ὲν
2796 2184 2947 2256 αὑτῷ
2989 2186 3086 2239 καὶ
3118 2187 3214 2239 etv
3244 2183 3393 2257 αὐτῷ
3431 2184 3524 2239 καὶ
3568 2184 3634 2250 ἐξ
3671 2183 3781 2237 αὑ-

2165 2274 2263 2328 τοῦ
2284 2293 2298 2305 ·
2327 2276 2424 2329 καὶ⁵
2463 2276 2542 2339 ὡς
2569 2278 2603 2347 ἡ
2650 2276 2783 2346 φλὸξ
2807 2275 2902 2329 καὶ
2932 2276 2994 2330 τὸ
3028 2275 3145 2345 et};
3169 2316 3184 2339 ,
3211 2277 3276 2328 ὲκ
3317 2273 3412 2327 τοῦ
3457 2274 3636 2348 πυρὸς
3678 2274 3781 2327 καὶ

2171 2367 2270 2420 σὺν
2304 2366 2454 2438 αὑτῷ
2486 2367 2584 2420 καὶ
2615 2366 2675 2434 ἐξ
2704 2365 2893 2419 αὑτοῦ.
2939 2364 3225 2437 Ἀμυδροῖς
3265 2364 3401 2435 μὲν,
3447 2363 3661 2417 ἐοικόσι
3688 2362 3777 2425 δὲ,

2169 2461 2238 2530 τῇ
2270 2460 2440 2513 εἰκόνι
2478 2459 2829 2530 χρησάμενος
2857 2458 3014 2530 ἔφην.
3050 2457 3245 2510 Τοίνυν
3285 2458 3344 2510 ὲν
3365 2454 3443 2528 τῷ
3475 2455 3662 2528 Πατρὶ
3692 2453 3778 2508 ὣν

2171 2550 2433 2621 ἐξῆλθεν,
2466 2552 2560 2605 καὶ
2591 2551 2690 2604 σὺν
2724 2549 2803 2622 τῷ
2832 2550 3008 2621 Πατρὶ
3042 2549 3278 2620 ὑπάρχει
3297 2590 3314 2611 ,
3360 2548 3457 2602 καὶ
3486 2546 3648 2601 ἔσται
3688 2547 3777 2607 εις

2170 2642 2301 2708 τοὺς
2321 2642 2525 2706 αἰῶνας
2550 2658 2567 2672 ’
2608 2640 2793 2706 καθὼς
2820 2641 2983 2705 αὑτός
3008 2657 3174 2713 φησιν
3192 2658 3209 2672 ·
3255 2640 3406 2709 ἐγὼ
3431 2640 3502 2693 ἐν
3533 2637 3616 2705 τῷ
3646 2641 3779 2693 Πα-

2171 2733 2301 2800 τρὶ,
2326 2732 2426 2786 καὶ
2465 2734 2499 2786 ὁ
2523 2731 2731 2800 Πατὴρ
2756 2732 2827 2786 ἐν
2874 2731 3046 2802 ἐμοί·
3086 2731 3150 2784 τὸ
3194 2730 3393 2785 ταύτὸν
3426 2729 3527 2801 τῆς
3573 2727 3777 2788 οὐσίας

2173 2826 2268 2877 καὶ
2289 2823 2354 2877 τὸ
2384 2823 2805 2896 ἀπαράλλακτον
2837 2826 2937 2894 τῆς
2964 2822 3217 2892 θεότητος
3244 2822 3341 2875 καὶ
3390 2820 3665 2883 ἱσοσθενὲς
3707 2818 3777 2869 ἐκ

2172 2915 2382 2968 τούτων
2414 2912 2614 2987 δηλῶν.
2654 2913 2767 2968 Καὶ
2816 2914 3014 2968 πάλινο
3079 2913 3232 2983 Ἐγὼ
3281 2913 3353 2967 ἐκ
3397 2908 3777 2981 τοῦ.Πατρὸς

2174 3005 2443 3075 ἐξῆλθον
2473 3005 2572 3061 καὶ
2590 3004 2868 3071 ἐλήλυθα
2893 3008 2982 3074 εις
2998 3006 3107 3060 τὸν
3135 3007 3403 3075 κόσμον
3433 3003 3499 3058 τὸ
3527 3004 3777 3075 ἑτεροῖον

2174 3101 2273 3153 καὶ
2310 3100 2514 3165 ἰδιάζον
2537 3099 2634 3153 τοῦ
2667 3100 2964 3173 προσώπου
2991 3098 3294 3170 πτερωτῶν,
3320 3097 3395 3150 Τὸ
3414 3097 3471 3150 δὲ
3502 3095 3647 3149 θεῖον
3675 3095 3774 3150 καὶ

2177 3190 2444 3258 πανάγιον
2468 3189 2695 3261 Πνεῦμα
2713 3229 2729 3255 ,
2767 3191 2830 3243 οὑ
2856 3189 3117 3259 γεννητὸν
3152 3188 3254 3259 μὲν
3275 3230 3291 3255 ,
3322 3189 3657 3260 ὲκπορευτδν
3687 3186 3770 3249 δὲ,

2175 3282 2271 3334 καὶ
2302 3281 2547 3334 αἱτιατδν
2589 3281 2649 3348 ἐξ
2697 3280 2872 3334 αἰτίου
2905 3279 3000 3333 τοῦ
3043 3280 3255 3351 Πατρός
3308 3279 3771 3350 ἐκπορευόμενον.

2189 3372 2352 3426 Ἀλλὰ
2389 3373 2484 3426 καὶ
2532 3373 2733 3439 Δαόὶδ,
2774 3375 2804 3426 6
2855 3372 2955 3443 τῆς
3005 3371 3155 3435 θείας
3189 3371 3419 3443 Τριάδος
3471 3368 3772 3440 ἐξηγητὴς.

2182 3462 2266 3530 Τῷ
2296 3464 2466 3533 Λόγῳ
2499 3464 2723 3534 Κιιρίου
2742 3505 2758 3529 ,
2792 3464 2959 3534 φησὶν
2984 3502 3000 3527 ,
3031 3464 3087 3516 οι
3127 3460 3373 3530 οἰιρανοὶ
3404 3458 3771 3528 ἐστερεώθηο

2176 3572 2321 3620 σαν,
2352 3557 2450 3609 καὶ
2478 3554 2560 3621 τῷ
2587 3555 2887 3625 Πνεύματι
2914 3555 3023 3609 τοῦ
3049 3557 3350 3626 στόματος
3383 3552 3569 3608 αὐτοῦ
3597 3551 3772 3608 πᾶσα

2181 3650 2215 3717 ἡ
2264 3648 2522 3719 δύναμις
2542 3647 2766 3703 αὐτῶν.
2794 3649 3069 3720 Ζαχαρίας
3095 3648 3153 3702 δὲ
3183 3646 3392 3710 τούτοις
3426 3644 3732 3716 συμφωνῶν
3752 3660 3768 3673 °

2191 3741 2591 3810 Ἰσχυέτωσαν
2615 3784 2631 3808 ,
2670 3742 2836 3811 φησὶν
2857 3780 2872 3805 ,
2905 3744 2967 3794 al
3004 3740 3203 3811 xsr’pec
3242 3738 3574 3807 Ζοροϐάϐελ
3597 3776 3616 3803 ,
3669 3734 3772 3789 καὶ

2176 3830 2237 3880 αἱ
2262 3826 2461 3896 χεῖρες
2500 3826 2775 3882 Ἰωσεδὲκ
2802 3827 2910 3882 τοῦ
2938 3826 3139 3896 ἱερέως
3158 3867 3172 3890 ,
3205 3827 3304 3880 καὶ
3341 3830 3402 3881 αι
3424 3826 3619 3897 18798;-
3661 3823 3773 3878 τοῦ

2176 3915 2334 3971 λαοῦ
2355 3933 2371 3950 ο
2401 3916 2549 3971 διότι
2704 3918 2835 3986 μεθ’
2862 3915 3033 3987 ὑμῶν
3058 3920 3198 3986 εἰμι,
3229 3918 3328 3970 καὶ
3352 3919 3383 3970 ὁ
3417 3917 3611 3986 A6709
3623 3934 3771 3985 μου,

2136 4057 2145 4063 .
2177 4006 2278 4060 καὶ
2304 4007 2371 4060 τὸ
2397 4006 2640 4077 Πνεῦμά
2663 4025 2814 4076 μου,
2853 4008 3015 4078 λέγει
3062 4009 3278 4079 Κύριος
3322 4005 3766 4075 παντοκράτωρ.

2192 4100 2513 4171 ’Λγέννητος
2544 4096 2638 4155 οὖν
2666 4102 2695 4154 ό
2722 4100 2914 4172 Πατὴρ
2935 4142 2953 4167 ,
2977 4102 3235 4174 γεννητὸς
3266 4104 3295 4155 ὁ
3311 4101 3436 4163 Υἱὸς
3455 4139 3471 4164 ,
3502 4102 3773 4172 ἐκπορευ-

2177 4190 2270 4244 τδν
2297 4192 2359 4244 τὸ
2397 4190 2626 4263 Πνεῦμα
2648 4230 2665 4255 ,
2696 4193 2754 4245 ὲν
2784 4191 3036 4265 ἀλλήλοις
3096 4193 3283 4263 φῶτα·
3322 4194 3459 4264 μήτε
3514 4191 3772 4245 συναλει-

2178 4282 2406 4352 φόμενοι
2431 4324 2447 4348 ,
2468 4283 2743 4354 όμόερωτοι
2773 4324 2788 4347 ,
2835 4285 3096 4353 ἀείφωτοι
3116 4327 3131 4353 ,
3165 4284 3487 4356 ἁδιαιρέτως
3537 4284 3771 4354 χωριζό·

2183 4391 2336 4444 μενοι
2364 4378 2486 4440 ταῖς
2514 4375 2878 4430 ὑποστάσεσιν
2909 4377 3004 4448 ἦτε
3058 4377 3376 4449 προσώποις
3400 4413 3417 4443 ,
3469 4377 3566 4433 καὶ
3608 4377 3771 4429 ἀσυν-

2180 4465 2455 4532 αλείπτως
2487 4468 2766 4540 ἑνούμενοι
2793 4472 2860 4541 τῇ
2898 4469 3210 4543 ὑπερουσίῳ
3240 4470 3428 4539 οὐσίᾳ,
3486 4470 3582 4523 καὶ
3631 4466 3771 4535 ὑπὲρ

2180 4557 2309 4611 νοῦν
2370 4560 2635 4631 συναφεῖς.
2668 4601 2684 4626 ,
2751 4562 2851 4615 καὶ
2908 4561 3185 4615 διαστάσει
3243 4560 3603 4624 ἀδιαστάτως.
3661 4557 3770 4611 Καὶ

2179 4648 2307 4703 οὔτε
2355 4651 2414 4705 αἱ
2461 4654 2611 4724 τρεῖς
2644 4652 2974 4717 ὑποστάσεις
3025 4656 3106 4717 εἰς
3146 4655 3415 4717 τοσαύτας
3447 4654 3638 4722 φύσεις
3665 4649 3769 4703 τέ·-

2185 4759 2376 4814 μνουσι
2407 4745 2508 4816 τὴν
2544 4744 2671 4815 μίαν
2718 4745 2820 4816 τῆς
2874 4745 3128 4816 θεότητος
3170 4746 3393 4808 οὐσίαν,
3438 4745 3561 4798 οὔτε
3608 4747 3642 4816 ἡ
3673 4743 3770 4815 μία

2181 4835 2341 4889 οὐσία
2374 4839 2456 4902 εἰς
2498 4835 2559 4889 ἒν
2606 4837 2901 4908 πρόσωπον
2951 4838 3045 4891 καὶ
3099 4836 3230 4909 μίαν
3297 4836 3596 4891 ὑπόστασιν
3652 4853 3774 4888 συν-

2182 4930 2441 5001 ελείφθη,
2469 4930 2565 4985 καὶ
2595 4932 2933 5003 συναιρεῖται
2962 4930 3063 5002 τὴν
3079 4930 3369 5001 τρίπομον
3408 4930 3503 4983 καὶ
3527 4927 3775 5000 τρισαένο

2186 5038 2319 5075 ναον
2347 5023 2557 5093 κρήνην
2574 5022 2674 5095 τῆς
2702 5021 2976 5093 θεότητος.
3008 5021 3129 5085 Φῶς
3154 5021 3333 5076 τοίνυν
3360 5022 3390 5075 6
3417 5021 3645 5091 Πατὴρ,
3662 5018 3777 5088 φῶς

2189 5113 2220 5166 ό
2263 5110 2423 5177 Υίδς,
2461 5111 2580 5181 φῶς
2620 5112 2685 5165 τὸ
2737 5111 2882 5166 θεῖον
2925 5109 3154 5184 Πνεῦμα
3178 5126 3192 5140 ·
3234 5109 3350 5164 ἀλλ’
3398 5112 3449 5164 οἱ
3495 5112 3684 5181 τρεῖς,
3717 5107 3777 5161 ἓν

2190 5202 2536 5275 ὑπάρχουσιν
2585 5202 2739 5274 φῶς,
2786 5204 2928 5275 ὑπὲρ
2972 5202 3165 5276 χρόνον
3208 5199 3569 5276 προαιώνιον,
3613 5200 3779 5271 ἄναρ-

2187 5318 2308 5373 χον,
2347 5301 2755 5374 τριπρόσωπον,
2786 5300 3240 5370 τρισυπόστατον,
3269 5298 3641 5372 τριδέσποτον,
3660 5291 3776 5367 τρῖ-

2189 5398 2380 5468 θρονον
2404 5434 2422 5463 ,
2482 5394 2828 5466 τριλαμπὲς,
2883 5392 3186 5467 τριαυγὲς,
3239 5391 3577 5463 ίσολαμπὲς,
3618 5387 3778 5444 ἀναλ-

2186 5487 2448 5551 λοίωτον,
2500 5486 2776 5557 ἀμείωτον
2798 5526 2815 5552 ,
2860 5486 3169 5557 ἁνὺκτερονν
3196 5526 3213 5551 ,
3251 5484 3587 5556 ἅχείρωτον,
3631 5479 3776 5533 ἁλῶ-

2189 5578 2354 5649 6ητον
2392 5617 2409 5641 ,
2451 5575 2550 5647 μία
2596 5577 2759 5630 οὐσία
2785 5618 2800 5640 ,
2851 5579 2949 5649 μία
3006 5576 3296 5631 συσθὲνεια
3326 5615 3345 5643 ,
3391 5574 3494 5647 μία
3535 5572 3776 5636 εὔκλεια,

2193 5670 2290 5738 μία
2354 5668 2646 5739 βασιλεία,
2707 5670 2805 5740 μία
2870 5669 3061 5742 θεότης
3091 5710 3106 5736 ,
3166 5669 3224 5723 ἓν
3284 5667 3496 5740 θέλημα
3528 5708 3543 5734 ,
3595 5666 3772 5736 δρᾶμα

1727 5832 1764 5859 ⁸·
1794 5828 1932 5882 Psul.
1971 5846 2138 5895 χχιιι,
2170 5829 2226 5883 6.
2302 5826 2345 5860 ’⁸
2375 5826 2541 5882 Zaclt.
2581 5846 2652 5899 Iv,
2680 5830 2733 5896 ϐ,
2762 5830 2814 5885 9.
