2041 3198
199 182 249 211 861

198 238 248 266 καὶ
277 237 443 273 πρόσταγμα
457 245 465 253 ·
506 237 582 264 πᾶσα
612 237 707 273 ἑνότης
744 238 793 265 καὶ
827 238 918 273 ισότης
947 238 994 264 καὶ

198 282 333 317 ταὺτότης
347 282 376 309 ἐν
390 281 501 317 Τριάδι,
517 282 588 317 πλὴν
600 282 766 317 ἀγεννησίας
776 283 823 309 καὶ
837 284 993 318 γεννήσεως

200 329 248 357 καὶ
257 328 457 364 ἑκπορεύσεως,
469 328 587 364 ἑκάστης
595 329 770 361 ὑποστάσεως
783 329 937 362 ἰδιαζόντως
948 330 994 357 οὗ·

200 384 252 411 σης
266 375 314 402 καὶ
329 375 472 410 ἐσομένης,
495 375 545 401 οὑκ
563 373 731 410 ἀρξαμένης,
755 375 786 401 οὑ
801 376 992 412 παυσαμένης,

198 420 256 448 ἀλλ’
265 420 308 447 ἀεὶ
319 419 450 451 ὡσαύτως
460 419 576 455 ἐχούσης
588 420 634 446 καὶ
645 420 837 456 ἀμεταϐλήτου
845 421 991 457 μενούσης.

205 465 263 492 Ἀεὶ
276 465 330 502 γὰρ
350 465 473 500 ὑπῆρχεν
487 465 501 491 ό
514 465 580 497 Θεὸς
594 465 641 491 καὶ
656 466 765 501 Πατήρ·
786 466 830 493 ἀεὶ
844 466 883 493 ὣν
898 466 988 501 [latin

198 511 298 543 Παιδδς
319 510 491 546 μνογενοῦς,
511 510 595 546 αὐδῆς
611 510 806 544 ὲνυποστάτου,
819 512 908 539 πάντα
920 512 991 548 δράτ-

198 566 260 593 σης,
280 558 323 584 ἀεὶ
343 557 469 590 ξυνόντος
497 558 589 589 αὐτοῖς
603 557 651 584 τοῦ
667 556 739 584 θείου
759 557 928 593 Πνεύματος,
944 558 991 585 καὶ

199 603 495 639 συμπροσκυνουμένου
514 602 589 639 παρὰ
606 603 696 639 πάσης
715 604 812 639 νοερᾶς
833 612 862 631 τε
885 605 933 631 καὶ
947 604 992 631 λο-

198 652 279 685 γικῆς
295 650 412 684 φύσεως.
440 650 477 676 Οὑ
498 650 628 685 πρόγονός
642 659 683 682 τις
700 651 728 683 ἐξ
751 652 840 677 αὐτῶν
859 652 913 677 οὐδ’
928 652 989 678 ἐπί-

198 704 287 729 γονος⁹
307 696 357 721 οὐκ
375 695 473 727 αῦξων,
496 696 525 722 οὐ
540 696 632 730 λήγων
649 697 718 722 κατὰ
732 697 761 723 τὸ
779 697 907 732 αἰσθητὸν
921 697 988 731 φῶς,

198 741 214 776 ἢ
230 741 279 771 τὰς
290 741 491 777 ὑπερκοσμίους
510 742 637 776 δυνάμεις
647 749 654 757 ·

199 787 244 823 σία
264 788 348 813 πᾶσαι
371 787 542 822 ὑπάρχουσαι
560 787 670 822 (ὁμοίως
692 788 739 815 καὶ
760 789 786 814 αί
800 789 907 822 λογικαὶ
928 790 990 824 βρο-

675 743 703 767 αί
721 743 815 768 ταυτὸν
834 743 881 778 μὲν
894 744 926 778 τῇ
942 744 990 769 οὑ-

198 834 251 860 τῶν
265 834 359 868 ψυχαὶ,
384 834 482 859 ταύτὸν
503 833 673 868 ὑπάρχουσαι
690 836 722 869 τῇ
739 835 817 870 οὐσίᾳ
833 836 940 870 πᾶσαι),
961 836 988 861 αἱ

200 878 250 913 μὲν
266 878 430 912 τυγχάνουσι
441 877 526 910 τάξει,
545 879 572 904 αἱ
590 879 617 905 δὲ
634 879 738 910 στάσει,
753 879 845 914 ἕτεραι
858 880 885 906 δὲ
900 889 990 915 παρα-

199 924 293 950 στάσει
321 925 368 950 καὶ
391 923 546 959 λειτουργίᾳ
560 944 567 955 ,
593 924 733 956 ἐπιϐολαῖς
755 925 803 951 καὶ
828 926 990 959 μεταϐολαῖς

198 971 246 997 καὶ
259 971 451 1006 μετατροπαῖς,
469 970 638 1005 αὐθαιρέτως
651 971 718 1007 πρὸς
729 971 758 997 τὸ
768 973 858 1006 χεῖρον
872 972 887 1007 ἦ
904 974 992 1007 κρεῖτ-

198 1024 245 1042 τον
269 1016 409 1051 ρἐουσαι,
429 1016 479 1042 οὐκ
500 1016 608 1052 ἀνάγκῃ
629 1016 657 1042 δὲ
680 1018 782 1051 φυσικῇ
808 1017 990 1044 ἐκπίπτουσαι

199 1062 269 1088 κατὰ
288 1061 318 1088 τὸ
342 1061 434 1096 μεῖζον
453 1063 499 1088 καὶ
515 1060 612 1098 ἥττον’
632 1063 660 1088 ὲν
680 1062 785 1094 τούτοις
810 1063 839 1089 τὸ
862 1063 990 1099 διάφορον

197 1106 306 1140 ἔχουσαι
323 1106 373 1141 τῆς
404 1106 551 1142 ὑπεροχῆς.
584 1107 642 1138 Φῶς
662 1107 689 1133 δὲ
713 1108 758 1133 καὶ
770 1109 783 1134 ὁ
796 1108 890 1143 βροτὸς
908 1117 991 1143 προσ-

197 1152 356 1186 αγορεύεται
366 1172 373 1185 ,
398 1153 455 1187 φῶς
470 1153 515 1179 καί
528 1154 541 1178 ὁ
553 1153 627 1188 ἥλιος
641 1154 687 1179 καὶ
702 1155 717 1189 ἡ
735 1154 832 1189 σελήνη
851 1155 987 1181 καλεῖται·

198 1198 256 1232 φῶς
279 1199 326 1225 καὶ
346 1200 363 1233 ἠ
385 1199 494 1234 ποικίλη
520 1199 575 1225 τῶν
589 1200 696 1233 ἄστρων
716 1200 810 1235 χορεία
828 1202 990 1236 κατωνόμα-

199 1251 270 1269 σται.
295 1243 375 1269 Ἀλλὰ
384 1243 438 1269 τῶν
450 1244 601 1279 εἰρημένων
614 1245 746 1271 πλείστων
759 1245 857 1271 ὑλικῶν
874 1246 918 1271 καὶ
933 1246 990 1272 δια-

198 1288 289 1323 φόρων
306 1288 411 1322 φώτων,
435 1290 597 1325 πολυμερῶς
620 1292 666 1317 καὶ
681 1291 857 1325 πολυτρὺπως
876 1292 989 1326 ποιητὴς

197 1335 244 1361 καὶ
258 1334 424 1369 δημιουργὸς
443 1336 560 1371 ὑπάρχει
577 1336 607 1362 τὺ
625 1337 750 1371 ἀληθινὸν
765 1338 810 1362 καὶ
825 1337 905 1363 ἄῦλον
922 1337 988 1370 ιρῶς,

195 1380 211 1406 ὁ
234 1381 281 1407 ἐπὶ
304 1381 413 1407 πάντων
431 1381 498 1412 Θεὸς
519 1382 566 1407 καὶ
588 1382 694 1417 Πατὴρ,
719 1383 769 1408 σὺν
789 1382 827 1417 τῷ
850 1383 990 1417 μονογενεῖ

197 1426 279 1453 αὑτοῦ
294 1427 371 1453 Παιὸὶ
383 1427 428 1453 καὶ
442 1426 506 1462 θείῳ
519 1427 669 1462 Πνεύματι·
684 1428 698 1453 ὁ
710 1427 865 1462 ἀσώματος,
881 1429 895 1454 ὁ
905 1428 989 1463 ἀόρα-

196 1481 251 1504 τος,
272 1473 286 1499 ὁ
300 1471 462 1507 ὑπερούσιος
475 1472 522 1499 καὶ
534 1472 754 1507 ὑπεράγνωστος,
771 1474 785 1499 ὀ
798 1472 844 1498 τοῦ
861 1473 910 1508 μὲν
923 1472 987 1499 Υἱοῦ

196 1519 346 1554 γεννήτωρ,
365 1518 411 1545 τοῦ
427 1518 456 1544 δὲ
467 1518 625 1552 Πνεύματος
641 1519 800 1554 προϐολεὺς,
821 1519 892 1545 κατά
909 1519 989 1553 φύσιν

196 1563 318 1597 ἀφάτως,
331 1563 464 1599 ἀχρόνως,
480 1563 533 1598 πρὸ
546 1564 599 1589 τῶν
612 1563 717 1591 αἰώνων
726 1573 733 1580 υ
749 1564 778 1590 οὐ
790 1564 845 1599 γὰρ
857 1564 988 1599 πρόγονον

196 1609 213 1644 ἢ
237 1609 372 1643 ὲπίγονον,
390 1610 421 1636 οὑ
445 1611 623 1645 προϋπάρχον
644 1610 660 1645 ἣ
682 1610 844 1636 ἐπείσακτόν
866 1619 891 1636 τι
915 1611 943 1636 ἐν
956 1611 987 1645 τῇ

196 1654 257 1690 θείᾳ
271 1654 376 1690 Τριάδι,
394 1655 424 1681 οὑ
447 1655 620 1690 προαιώνιον,
642 1656 672 1681 οὑ
690 1655 827 1688 τήμερον,
851 1656 900 1681 οὑκ
922 1655 989 1682 ἑπέ-

195 1710 292 1727 κεινα.
315 1701 384 1735 Τρία
404 1701 458 1736 γὰρ
478 1701 595 1735 ὑπάρχει
616 1701 669 1731 ἀεὶ,
693 1701 756 1736 τρία
777 1700 901 1734 συνάγια,
926 1701 989 1735 τρία

194 1746 362 1782 ξυνάναρχα,
384 1746 447 1781 τρία
467 1746 624 1781 ἓμπρακτα,
647 1746 710 1781 τρία
726 1746 903 1781 σύμπρακτα,
926 1746 989 1782 τρία

194 1793 336 1828 ἐμμορφα,
345 1792 410 1828 τρια
421 1792 652 1828 σύμμορφι,,τρία
664 1793 771 1828 ἐνεργὰ,
783 1793 845 1828 τρία
860 1794 987 1828 συνεργὰ,

194 1836 258 1871 τρία
276 1837 457 1869 ἐνυπόστατα,
477 1837 541 1872 τρία
562 1837 761 1870 οηδνυ-πόστατα,
774 1838 804 1863 οὐ
822 1838 988 1872 μεταϐαλλό-

198 1891 268 1918 μενα
291 1884 339 1910 καὶ
358 1883 578 1919 μεταχωροῦντα,
603 1884 619 1918 ἢ
644 1884 796 1919 μιγνύμενα
815 1885 854 1915 εὶς
875 1884 986 1919 ἄλληλα.

203 1930 259 1956 Ἀεὶ
275 1930 329 1965 γὰρ
343 1932 357 1957 ὁ
370 1931 475 1966 Πατὴρ,
494 1931 540 1958 καὶ
555 1931 634 1966 μόνον
647 1931 752 1966 Πατὴρ,
767 1932 825 1966 οὐχὶ
843 1932 889 1957 καὶ
904 1932 967 1963 Υἱός
979 1939 987 1947 ⁸

196 1976 239 2002 ἀεὶ
252 1976 316 2007 Tib;
327 1977 340 2003 ὁ
350 1976 424 2009 Υἱὸς,
439 1978 485 2003 καὶ
498 1977 578 2012 μόνον
587 1977 650 2008 Υίός
660 1986 666 1992 ·
680 1977 739 2012 οὐχὶ
752 1977 779 2002 δὲ
795 1978 841 2003 καὶ
856 1978 869 2003 ὁ
881 1979 986 2012 Πατήρ.

202 2021 318 2057 Ὁμοίως
331 2022 361 2049 δὲ
382 2022 471 2049 καὶτὸ
486 2022 556 2049 θεῖον
572 2023 694 2058 Πνεῦμα,
715 2022 776 2048 οὔτε
791 2024 886 2058 Πατήρ
903 2024 987 2055 ἐστιν,

196 2067 258 2094 οὔτε
274 2067 354 2099 Υἱός·
381 2068 438 2094 ἀλλ’
463 2069 627 2104 ὲκπορευτὸν
650 2068 846 2100 ἁναλλοιώτως.
878 2070 989 2103 Ἀμετα-

196 2115 302 2151 ϐλήτως
320 2115 426 2151 ἔχουσιν
448 2115 491 2141 ἀεὶ
507 2115 537 2141 τὸ
554 2115 640 2146 ἑστὼς
664 2116 710 2141 καὶ
725 2114 824 2146 ἰδιάζον
848 2116 894 2141 καὶ
910 2116 989 2150 ὑπερ⁴

195 2161 306 2191 τέλειον,
322 2161 392 2187 κατὰ
408 2161 456 2196 τὴν
468 2161 571 2187 οἰκείαν
586 2161 700 2192 ἕκαστος
718 2161 874 2187 ὑπόστασιν·
891 2161 986 2197 Πατὴρ

195 2206 241 2232 καὶ
259 2206 322 2237 Υἱὸς
336 2206 383 2232 καὶ
399 2205 476 2239 ἆγιον
490 2205 614 2240 Πνεῦμα,
630 2205 715 2240 Τριὰς
735 2207 762 2231 ἐν
782 2206 875 2240 μονάδι
889 2206 945 2231 ἔστι
957 2215 986 2231 τε

194 2252 242 2278 καὶ
256 2253 367 2283 νοεῖται,
386 2251 432 2277 καὶ
448 2250 618 2285 ὁμολογεῖται
631 2252 677 2277 καὶ
691 2253 894 2286 προσκυνεῖται.
911 2251 988 2286 παρὰ

194 2298 248 2324 τῶν
261 2298 290 2325 ἐν
305 2296 420 2338 ἀληθείᾳ
430 2297 479 2323 καὶ
493 2297 524 2322 οὑ
537 2297 656 2331 σχήματι
670 2297 715 2324 καὶ
732 2297 890 2333 βλασφημίᾳ
902 2306 986 2332 προσ-

195 2344 348 2371 κυνούντων
362 2351 368 2357 ·
393 2344 432 2374 ὡς
452 2344 571 2377 Ἄρειος,
594 2343 705 2378 διαιρῶν
731 2343 778 2369 καὶ
801 2343 985 2377 ζυγοστατῶν,

197 2389 290 2425 μεῖξον
310 2389 358 2415 καὶ
373 2387 453 2425 ἦττον
477 2390 506 2416 ὲν
523 2390 557 2424 τῇ
581 2388 641 2425 Θείᾳ
654 2389 749 2424 Τριάδι
767 2389 985 2424 φανταζόμενος

192 2436 210 2471 ἢ
223 2435 261 2467 ὠς
269 2434 412 2466 Σαϐέλλιος
424 2434 590 2468 συναλειφων
603 2435 648 2461 καὶ
664 2434 796 2470 συγχέων,
809 2434 987 2468 υἱοπατορίαν

195 2482 357 2518 μεμηνότως
368 2480 514 2508 παιδεύων.
532 2481 683 2517 Ἶσοσθενὴς
693 2481 783 2508 τοίνυν
795 2482 810 2516 ἡ
822 2481 883 2507 Θεία
889 2481 986 2517 Τριὰς,

197 2528 334 2562 ῐσοκλεὴς,
356 2527 531 2562 ῑωμεγέθης,
550 2527 650 2563 μᾶλλον
669 2527 697 2553 δὲ
713 2527 875 2563 ὑπερκλεὴς,
898 2527 987 2562 ὑπερ-

195 2574 324 2609 μεγέθης,
345 2575 393 2600 καὶ
406 2575 497 2610 πάσης
518 2573 698 2609 καταλήψεως
716 2573 865 2608 ὑπερτέρα,
885 2574 914 2599 ὲν
937 2574 986 2608 μιᾷ

195 2620 302 2655 θεότητι
315 2621 362 2647 καὶ
380 2620 513 2657 βασιλείᾳ,
531 2621 578 2648 καὶ
593 2619 672 2656 ῥώμῃ
687 2620 734 2646 κα)⁵
747 2619 885 2655 αὑῦεντίᾳ,
899 2620 987 2646 πάντα

193 2667 227 2692 ὲκ
247 2666 359 2702 μηδενὸς
378 2666 560 2702 ὑποκειμένου
578 2666 812 2702 φυσιουργήσασα,
827 2666 856 2692 τὸ
868 2666 890 2692 δ’
902 2666 987 2698 ὅπως,

194 2711 302 2745 ἐκείνην
323 2712 373 2746 τὴν
392 2712 536 2747 ἀκρίϐειαν
561 2711 786 2747 καταλείψωμενν
805 2711 911 2744 Οὐδεὶς
936 2711 990 2745 γὰρ

194 2756 256 2785 οἶδε
269 2758 323 2784 τὸν
339 2758 464 2792 Πατέρα,
482 2760 508 2786 εὶ
521 2759 563 2794 μὴ
581 2760 597 2786 ό
619 2759 696 2793 Υἱὸς,
708 2759 780 2786 οὐδὲ
794 2759 847 2785 τὸν
864 2759 933 2786 Υἰόν
943 2767 987 2791 τις

192 2803 364 2835 ἐπίσταται,
379 2806 403 2831 el
413 2804 456 2839 μὴ
467 2807 484 2832 o’
497 2805 609 2839 Πατήρ.
633 2805 833 2832 ’Δποκαλύπτει
843 2805 871 2831 δὲ
882 2800 988 2840 βροτοῖς

194 2850 315 2882 ἐκείνους
335 2850 365 2877 τὸ
382 2851 453 2877 θεῖον
473 2851 593 2886 Πνεῦμα.
615 2850 720 2878 Οὑκοῦν
734 2851 822 2878 ταῦτα
832 2851 894 2886 τρία
910 2851 985 2882 ὄντα,

194 2895 243 2921 οὐκ
257 2895 384 2929 αὔξοντα,
397 2896 426 2922 οὐ
438 2895 565 2932 λήγοντα,
581 2897 610 2923 οὗ
621 2897 821 2933 κορυφουμενα,
834 2898 863 2924 οὐ
877 2897 988 2932 συναγό-

905 179 1079 208 DlALOGCS
1100 180 1117 208 I.

1785 182 1840 210 862

1046 245 1108 271 pers
1138 237 1278 272 principii,
1302 241 1330 264 ct
1353 245 1486 273 personas
1515 242 1572 265 tres
1601 239 1692 272 habet,
1726 242 1753 265 et
1783 242 1842 268 tres

1045 284 1220 319 hypostases,
1249 289 1275 312 et
1305 288 1361 311 tres
1385 283 1535 317 Dominus,
1564 289 1592 312 et
1622 284 1736 311 thronos
1764 288 1841 317 tres,

1044 334 1072 357 et
1110 334 1209 357 trinam
1243 330 1352 362 luccm,
1390 334 1418 358 et
1454 331 1556 357 trimun
1595 330 1765 365 splendorem
1808 336 1836 358 et

1045 376 1115 404 lucis
1145 378 1346 412 aequalitatem;
1379 377 1560 408 immutabile,
1591 377 1659 404 nulli
1688 377 1838 404 obnoxium

1046 422 1217 451 diminutioni
1233 442 1242 456 ,
1279 423 1405 459 caliginis
1428 431 1528 457 expers
1543 443 1551 455 ,
1579 423 1710 451 invictum
1727 443 1734 455 ,
1758 423 1842 450 inter-

1047 470 1094 497 itui
1125 470 1239 498 minime
1269 471 1447 506 subjectum;
1479 478 1534 498 una
1560 471 1693 502 essentia,
1719 475 1841 506 potestas

1042 524 1110 547 una,
1122 524 1175 543 una
1202 516 1301 551 gloria,
1314 524 1398 543 unum
1415 524 1542 551 regnum,
1556 524 1611 543 una
1630 516 1771 548 divinitas,
1786 525 1842 543 una

1041 556 1181 595 voluntas,
1197 568 1288 594 actus,
1307 563 1464 597 imperium.
1494 562 1618 597 Denique
1636 563 1746 590 nonnisi
1775 563 1840 589 uni-

1042 612 1095 640 tas,
1110 609 1263 643 aequalitas,
1280 609 1411 636 identitas
1419 612 1462 636 est
1476 609 1504 635 in
1523 607 1669 640 Trinitate,
1681 613 1758 636 extra
1769 616 1834 643 pra-

1042 654 1186 689 prietatem
1202 654 1328 690 ingeniti,
1353 658 1380 682 et
1394 654 1492 689 geniti,
1511 658 1539 681 et
1550 653 1727 688 procedentis
1746 662 1753 681 :
1769 660 1839 680 una-

1043 708 1154 735 quaque
1166 700 1307 734 hypostasi
1321 700 1480 735 singillatim
1492 703 1521 727 et
1536 699 1699 730 exsistente,
1714 703 1742 726 et
1753 699 1841 726 exsti-

1041 749 1121 778 tura;
1140 753 1194 773 non
1213 746 1363 781 aliquando
1376 750 1446 778 orta,
1475 753 1531 773 non
1547 745 1702 778 desinente,
1728 745 1775 773 sed
1797 752 1845 772 eo-

1040 791 1102 818 dem
1124 798 1154 818 se
1183 791 1265 818 modo
1280 799 1389 826 semper
1413 791 1542 824 habente,
1565 799 1598 818 ac
1622 795 1750 819 manente
1768 791 1840 818 citra

1041 836 1218 864 mutationem
1241 844 1361 865 omnem.
1386 835 1499 872 Semper
1513 836 1586 863 enim
1601 837 1707 864 exstitit
1717 836 1788 863 Deus
1805 844 1839 863 ac

1042 881 1133 914 Pater,
1146 883 1193 918 qui
1209 882 1319 917 quidem
1333 889 1441 917 semper
1455 887 1498 910 est
1512 881 1592 909 Pater
1612 882 1737 916 unigeme
1761 881 1835 913 Filii,

1041 926 1124 955 Verbi
1139 927 1329 959 subsistentis,
1345 934 1360 953 a
1375 935 1429 962 quo
1449 927 1521 954 facta
1539 932 1609 955 sunt
1625 926 1839 961 universa,qui-

1041 972 1094 1000 bus
1117 977 1145 999 et
1169 972 1250 999 divus
1273 972 1319 999 ille
1336 972 1459 1006 Spiritus
1479 978 1588 1006 semper
1614 971 1703 1004 adest,
1729 978 1839 1005 unaque

1040 1025 1102 1045 cum
1116 1018 1184 1052 ipsis
1196 1018 1230 1045 ab
1245 1017 1373 1044 omnibus
1397 1017 1575 1052 intelligentia
1594 1017 1756 1051 rationeque
1773 1023 1841 1051 pra:—

1040 1063 1106 1090 ditis
1122 1063 1225 1091 creatis
1237 1062 1378 1090 adoratur.
1405 1062 1491 1090 Nemo
1515 1062 1543 1089 in
1568 1062 1610 1089 his
1635 1062 1676 1089 vel
1701 1062 1777 1096 prior
1796 1066 1839 1089 est

1039 1114 1114 1141 natu,
1130 1109 1172 1135 vel
1190 1108 1343 1143 posterior;
1362 1115 1416 1134 non
1440 1107 1587 1139 accrescit,
1615 1113 1670 1134 non
1695 1106 1839 1133 imminui-

1039 1159 1085 1181 tur
1100 1155 1187 1181 instar
1205 1154 1329 1185 luminis,
1347 1153 1419 1189 quod
1431 1153 1483 1180 suh
1497 1160 1611 1180 sensum
1623 1152 1707 1185 cadit,
1730 1153 1771 1179 vel
1792 1153 1832 1179 in-

1038 1204 1099 1227 star
1114 1208 1207 1228 earum
1231 1209 1292 1235 qua:
1315 1208 1399 1235 supra
1419 1200 1552 1227 mundum
1578 1203 1643 1226 sunt
1669 1199 1810 1233 copiarum
1829 1207 1836 1226 :

1038 1254 1101 1280 quze
1113 1254 1175 1273 eum
1188 1246 1322 1273 universae
1334 1249 1431 1272 natura
1441 1253 1490 1273 sua
1501 1246 1571 1273 idem
1581 1246 1719 1273 exsistant.
1731 1245 1841 1280 (quem-

1040 1291 1188 1319 admodum
1217 1296 1244 1319 et.
1269 1292 1354 1319 animi
1385 1292 1527 1319 hominum
1556 1293 1672 1319 rationis
1693 1292 1839 1327 participes

1041 1337 1112 1365 idem
1130 1343 1227 1365 natura
1255 1346 1304 1366 sua
1324 1342 1388 1366 sunt
1405 1339 1525 1370 omnes),
1553 1339 1653 1373 partim
1684 1342 1775 1365 tamen
1789 1345 1836 1365 or-

1040 1383 1115 1415 dine,
1128 1384 1226 1418 partim
1247 1384 1376 1415 statione,
1396 1383 1494 1419 partim
1515 1383 1662 1410 assistendi
1680 1383 1840 1410 ministran-

1039 1428 1124 1463 dique
1140 1436 1253 1455 munere
1267 1427 1408 1460 diil‘erunt,
1429 1436 1461 1455 ac
1481 1436 1530 1464 per
1546 1429 1715 1455 incrementa
1732 1431 1760 1455 et
1773 1435 1836 1455 tuu-

1040 1474 1158 1501 tationes
1170 1477 1197 1500 et
1213 1474 1420 1505 conversiones,
1449 1474 1536 1501 libero
1553 1475 1637 1501 animi
1657 1474 1776 1502 consilio
1793 1474 1837 1502 vel

1043 1519 1070 1546 in
1084 1519 1179 1547 melius
1195 1520 1235 1546 vel
1249 1519 1369 1547 deterius
1384 1519 1596 1555 propendentes,
1616 1527 1670 1546 non
1686 1520 1778 1554 aliqua
1789 1526 1836 1546 na-

1043 1566 1124 1593 turali
1142 1566 1309 1594 necessitate
1322 1565 1410 1601 magis
1433 1566 1560 1593 minusve
1587 1566 1766 1600 degenerant,
1787 1572 1837 1591 ex-

1043 1613 1204 1641 cellentibus
1222 1612 1284 1640 aliis
1305 1612 1373 1639 alias
1389 1612 1541 1639 secundum
1564 1619 1606 1643 ca,
1627 1619 1688 1646 qua:
1703 1611 1839 1638 indicari-

1042 1668 1115 1691 mus,
1132 1659 1303 1686 discrimina.
1322 1658 1393 1691 Quin
1406 1661 1433 1685 et
1443 1657 1548 1685 homini
1564 1657 1675 1684 luminis
1689 1657 1836 1692 appellatio

1043 1705 1182 1737 tribuitur,
1203 1709 1231 1731 et
1244 1704 1305 1735 soli,
1323 1708 1350 1730 et
1365 1703 1447 1734 lunae,
1476 1707 1503 1729 et
1521 1703 1596 1729 vario
1610 1703 1778 1737 reliquorum
1796 1702 1837 1730 si-

1043 1752 1138 1780 dcrmn
1155 1751 1241 1778 choro
1257 1760 1264 1778 :
1283 1758 1400 1785 quorum
1415 1755 1506 1776 tamen
1527 1749 1646 1775 maximo
1663 1756 1777 1776 numero
1793 1748 1837 1775 lu-

1043 1798 1159 1830 minimi,
1188 1797 1223 1824 de
1241 1796 1356 1824 materie
1373 1795 1571 1827 constantiam,
1585 1794 1733 1829 multisque
1749 1794 1837 1828 parti-

1044 1844 1095 1872 bus
1118 1851 1150 1871 ac
1168 1843 1256 1870 modis
1281 1843 1355 1869 inter
1381 1849 1411 1869 se
1435 1842 1608 1869 diversorum
1635 1845 1732 1867 auctor
1748 1843 1790 1866 est
1809 1844 1837 1866 et

1042 1889 1133 1924 opifex
1154 1897 1248 1916 verum
1268 1888 1334 1915 illud
1351 1893 1378 1916 ct
1400 1895 1499 1922 expers
1515 1887 1637 1913 materiei
1666 1886 1768 1916 lumen,
1793 1885 1836 1911 ni-

1043 1934 1142 1960 mirum
1162 1933 1233 1960 Deus
1246 1937 1273 1960 ct
1289 1932 1381 1964 Pater,
1411 1933 1457 1967 qui
1473 1935 1516 1959 cst
1538 1938 1622 1964 supra
1638 1930 1742 1961 omnia,
1770 1937 1834 1956 cum

1043 1979 1160 2013 unigena
1177 1977 1246 2005 Filio
1260 1985 1322 2010 suo,
1335 1977 1485 2011 divinoque
1499 1976 1615 2011 Spiritu,
1643 1975 1834 2009 incorporeus,

1042 2024 1094 2051 sub
1122 2028 1265 2058 aspectum
1278 2030 1333 2050 non
1348 2023 1462 2053 cadens,
1483 2021 1559 2049 omni
1579 2025 1606 2048 et
1627 2025 1725 2047 natura
1746 2025 1772 2047 et
1787 2028 1836 2047 co-

1041 2070 1164 2105 gnitione
1179 2069 1303 2104 superior
1318 2077 1324 2095 :
1345 2068 1393 2103 qui
1410 2067 1507 2094 Filium
1530 2067 1635 2102 genuit,
1653 2070 1679 2093 ct
1695 2066 1831 2100 Spiritum

1042 2114 1172 2149 produxit
1190 2114 1296 2141 ratione
1311 2112 1463 2140 secundum
1478 2115 1602 2138 naturam
1619 2110 1761 2141 iuell'abili,
1774 2110 1834 2137 sine

1042 2161 1097 2188 ullo
1110 2165 1242 2196 temporc.
1255 2164 1319 2188 ante
1335 2160 1435 2188 saecula
1454 2168 1460 2185 :
1478 2166 1531 2186 non
1543 2158 1615 2185 enim
1628 2157 1777 2193 quidquam
1790 2156 1834 2184 vel

1041 2207 1130 2242 majus
1147 2207 1188 2233 Vel
1206 2207 1297 2234 minus
1310 2210 1385 2239 natu,
1411 2212 1465 2232 non
1481 2204 1631 2238 quidquam
1656 2203 1733 2237 prius
1755 2202 1829 2229 exsi-

1039 2258 1115 2281 steus
1131 2253 1343 2280 adventitiumve
1360 2252 1452 2279 divina
1483 2251 1510 2278 in
1532 2250 1668 2281 Trinitate
1691 2249 1732 2275 vel
1756 2253 1833 2275 aute-

1039 2301 1094 2326 rius
1117 2303 1170 2332 est,
1185 2299 1225 2326 vel
1242 2302 1285 2327 est
1308 2298 1394 2331 hodie,
1413 2297 1453 2325 vel
1469 2296 1590 2330 deinceps
1609 2295 1671 2323 erit.
1695 2294 1831 2321 Nimirum

1037 2345 1093 2373 tria
1106 2353 1213 2380 semper
1225 2347 1373 2375 exsistunt.
1397 2344 1447 2371 tria
1467 2347 1532 2370 sunt
1548 2341 1673 2375 ejusdem
1699 2340 1835 2368 sanctita-

1041 2392 1087 2423 tis,
1102 2392 1153 2419 tria
1169 2392 1251 2419 simul
1263 2391 1386 2425 expcrtia
1396 2390 1534 2424 principii,
1563 2390 1615 2415 tria
1631 2387 1750 2423 agentia.
1779 2386 1833 2412 tria

1040 2437 1123 2465 simul
1150 2436 1270 2472 agentia,
1302 2436 1328 2463 in
1347 2435 1443 2463 eadem
1467 2435 1565 2466 ferula,
1591 2434 1642 2461 tria
1664 2431 1832 2462 cont'ormia,

1039 2484 1092 2511 tria
1109 2483 1240 2515 edicacia,
1258 2482 1311 2509 tria
1328 2481 1517 2509 cﬂectionibus
1534 2480 1694 2515 conjuncta,
1704 2477 1756 2504 tria
1766 2477 1833 2505 sub—

1039 2529 1176 2561 sistentia,
1198 2529 1251 2555 tria
1273 2528 1358 2555 simul
1382 2527 1574 2559 subsistentia,
1597 2533 1658 2560 quae
1682 2532 1736 2552 non
1768 2530 1832 2550 mu-

1040 2580 1144 2607 tantur,
1175 2582 1265 2610 neque
1289 2578 1447 2605 transeunt,
1478 2581 1566 2608 neque
1587 2573 1739 2599 miscentur
1762 2569 1832 2596 inter

1039 2629 1079 2649 se.
1099 2620 1166 2648 Nam
1188 2628 1296 2655 semper
1326 2619 1436 2647 exsistit
1469 2618 1561 2650 Pater,
1588 2623 1615 2645 et
1638 2617 1747 2651 quidem
1783 2623 1829 2643 so-

1042 2666 1181 2694 lummodo
1222 2666 1302 2692 Pater
1333 2669 1385 2696 est,
1417 2672 1472 2691 non
1508 2665 1590 2691 etiam
1620 2662 1717 2695 Filius;
1755 2669 1830 2688 sem-

1039 2720 1088 2749 per
1114 2711 1224 2740 cxsistit
1252 2710 1348 2742 Filius,
1384 2715 1411 2737 et
1440 2709 1551 2744 quidem
1580 2706 1754 2736 solummodo
1786 2703 1831 2731 Fi-

1042 2759 1095 2786 lius
1132 2762 1185 2790 est,
1225 2765 1279 2784 non
1308 2757 1390 2783 etiam
1423 2755 1520 2788 Pater;
1546 2753 1730 2786 similiterque
1761 2749 1831 2776 divi-

1041 2813 1094 2833 nus
1121 2805 1166 2832 ille
1180 2803 1298 2839 Spiritus
1323 2810 1372 2830 nec
1388 2802 1468 2828 Pater
1488 2804 1541 2832 est,
1568 2807 1619 2826 nec
1652 2798 1755 2828 Filius;
1781 2795 1828 2821 sed

1040 2849 1113 2877 (‘llllli
1128 2850 1187 2877 sine
1205 2848 1357 2876 mutatione
1386 2845 1507 2881 procedit
1525 2854 1531 2871 ί
1551 2850 1661 2877 semper
1682 2841 1782 2868 habent
1804 2840 1830 2867 id

1042 2894 1114 2931 quod
1135 2893 1252 2930 singulis
1280 2897 1321 2921 cst
1341 2892 1488 2928 peculiare,
1517 2889 1685 2925 perfectione
1709 2892 1829 2919 summa,
