4082 6450
475 373 576 433 867

478 487 726 544 minibus
755 483 991 540 Unctum
1031 495 1197 538 suum
1226 522 1245 549 ,
1272 481 1388 544 sed,
1420 478 1524 546 Qui
1551 480 1852 535 annuntiat
1892 479 2067 534 bomio

473 581 641 636 nibus
676 575 919 631 tinctum
966 589 1154 640 suum,
1210 569 1380 627 Deum
1417 570 1634 627 scilicet
1659 571 1813 626 illum
1851 585 2066 636 verum,

471 666 892 730 immutabilem,
949 680 1059 720 non
1103 671 1375 727 creatum,
1409 668 1743 717 coaeternum
1794 660 1965 726 Patri,
2014 668 2072 719 et

471 774 598 815 cum
641 773 710 815 eo
739 756 1137 814 subsistentem
1188 761 1321 810 ante
1359 753 1560 808 saecula
1594 770 1607 807 :
1636 752 1707 808 de
1758 767 1870 824 quo
1897 751 2071 807 Joan-

474 865 573 905 nes
611 848 835 910 clamat,
860 836 971 913 Qui
996 852 1078 901 est
1102 845 1159 899 in
1190 843 1313 899 simt
1339 841 1523 900 Patris
1539 841 1586 875 ³⁸
1611 859 1628 906 ;
1659 851 1715 897 et
1739 841 1835 913 qui
1866 839 2069 897 Mosem

475 936 751 993 Pharaoni
805 934 994 990 dicere
1021 932 1180 1004 jubet
1213 949 1229 988 :
1264 947 1396 1000 non,
1440 929 1493 987 Is
1531 930 1628 1001 qui
1667 929 1932 987 conditus
1965 930 2072 986 ali-

475 1029 702 1101 quando
734 1034 821 1085 est
851 1025 871 1097 (
898 1025 969 1082 de
1012 1024 1287 1083 sententia
1339 1023 1670 1079 stolidorum
1704 1020 2072 1097 quorumdam

474 1130 533 1179 et
558 1118 983 1193 insipientium),
1005 1117 1125 1183 sed,
1159 1116 1266 1184 Qui
1296 1125 1396 1180 est,
1425 1115 1495 1168 ad
1528 1123 1576 1168 te
1608 1129 1689 1167 me
1720 1112 1984 1185 ablegavit
2005 1112 2052 1145 ³³

474 1212 600 1283 Ipse
645 1209 882 1281 denique
927 1208 998 1264 de
1036 1223 1098 1263 se
1140 1222 1239 1280 per
1274 1204 1503 1262 Paulum
1542 1202 1620 1258 ait
1651 1221 1665 1259 :
1698 1200 1946 1259 Christus
1977 1204 2071 1275 qui

472 1314 556 1359 est
578 1302 721 1358 Deus
756 1317 914 1373 super
939 1301 1186 1355 universa
1200 1298 1268 1357 ".

960 1411 1489 1473 INTERROGA'I‘IO
1531 1412 1599 1473 Χ.

555 1530 670 1586 lmo
696 1528 766 1584 de
793 1527 958 1585 Patre
987 1525 1218 1596 scripsit
1258 1525 1365 1579 hoc
1403 1524 1608 1590 loses,
1649 1526 1755 1593 Qui
1791 1535 1896 1592 est,
1935 1522 2007 1578 ad
2031 1533 2078 1579 te

484 1640 569 1678 me
595 1622 878 1692 ablegavit,
914 1634 1026 1674 non
1057 1618 1126 1673 de
1167 1617 1416 1674 Christo.
1516 1652 1531 1662 -

1114 1725 1432 1795 Responsio.

556 1841 824 1913 Equidem
863 1846 1097 1893 avestra
1129 1838 1405 1894 cbaritate
1460 1846 1609 1909 peto,
1656 1852 1728 1894 ne
1778 1853 2066 1897 sacrorum

484 1928 905 2001 Erangeliorum
951 1927 1164 1984 falsarii
1205 1928 1351 1992 sitis,
1383 1929 1437 1983 in
1479 1928 1684 2000 quibus
1723 1930 1840 2001 ipse
1890 1928 2078 1985 Domi-

481 2042 595 2082 nus
633 2025 738 2081 hoc
783 2023 1054 2080 divinitus
1095 2023 1326 2094 protulit
1362 2020 1579 2079 :Hoses
1608 2024 1672 2081 de
1715 2041 1797 2080 me
1840 2026 2075 2096 scripsit,

478 2128 535 2174 et
567 2116 696 2172 mihi
732 2116 1036 2170 testimonio
1061 2124 1145 2170 est
1183 2116 1252 2170 ⁸⁸.
1290 2115 1462 2186 Igitur
1489 2124 1544 2172 et
1591 2113 1756 2173 Pater
1810 2125 1897 2174 est
1938 2120 2079 2175 exsi-

485 2221 641 2268 slcns
689 2208 804 2273 Ille,
858 2201 918 2262 et
942 2206 1115 2263 Filius
1154 2207 1375 2263 exsistit
1423 2223 1549 2262 cum
1587 2206 1770 2272 Patre,
1814 2208 1883 2265 de
1916 2208 2079 2268 Patre

480 2298 727 2372 genitus,
760 2315 871 2354 non
920 2298 1188 2355 confusus
1238 2313 1364 2353 cum
1400 2296 1585 2366 Patre,
1621 2315 1731 2359 non
1772 2301 2076 2359 exsistendi

486 2393 817 2463 principium
846 2392 1081 2453 habens,
1121 2389 1221 2445 sed
1252 2393 1532 2447 exsislens
1566 2406 1694 2448 cum
1737 2389 1923 2459 Patre,
1955 2400 2079 2449 tan-

481 2501 654 2557 quam
687 2486 906 2540 nativus
935 2482 1132 2538 Filius.
1151 2481 1266 2538 Nec
1304 2482 1453 2537 enim
1487 2499 1730 2554 unquam
1762 2500 1939 2540 aevum
1972 2485 2079 2539 ali-

486 2578 633 2647 quod
670 2579 754 2632 vcl
792 2584 1012 2646 tempus
1039 2574 1123 2631 vel
1162 2575 1432 2645 temporis
1477 2576 1749 2635 articulus
1799 2575 1923 2641 fuit,
1968 2593 2079 2649 quo

486 2665 660 2723 Filius
689 2683 798 2721 non
828 2666 1145 2721 exsisteret.
1195 2663 1508 2739 Caeteroqui
1547 2680 1681 2719 num
1735 2672 1790 2722 et
1825 2665 1942 2736 ipse
1973 2666 2079 2720 Pa-

490 2765 575 2811 ter
607 2766 726 2811 erat
755 2755 984 2811 alterius
1010 2770 1073 2809 se
1105 2754 1310 2824 prioris
1335 2753 1564 2811 Patris?
1593 2754 1948 2827 Quapropter
2000 2757 2081 2812 si-

493 2848 608 2904 mul
635 2846 855 2901 Patrem
891 2844 1261 2916 proﬁteberis,
1319 2852 1376 2900 et
1421 2860 1548 2900 mox
1582 2861 1707 2901 cum
1740 2845 1906 2904 Patre
1955 2850 2078 2907 nui-

440 2976 447 2984 -
491 2954 686 3013 genam
721 2937 1255 3007 dilectissimumque
1287 2935 1516 2992 Filium.
1579 2936 1718 2992 Nam
1750 2939 1846 3010 qui
1879 2954 1943 2996 se
1972 2939 2079 2996 Pa-

495 3043 636 3089 trem
666 3032 876 3087 bonore
921 3036 1119 3102 putant
1166 3027 1405 3094 allicere,
1453 3028 1500 3085 si
1525 3029 1724 3085 dicant
1763 3046 1889 3087 eum
1928 3033 2086 3105 prius

493 3123 795 3185 exstitisse.
820 3137 1051 3193 prorsus
1083 3120 1238 3192 impii
1260 3129 1553 3195 propterea
1588 3129 1738 3186 sunt,
1769 3122 1915 3195 quod
1944 3132 2086 3180 tem-

497 3232 601 3289 pus
628 3223 757 3272 ante
798 3213 1130 3270 sarculorum
1181 3212 1435 3284 opiﬁcem
1483 3210 1770 3270 Christum
1809 3222 2084 3273 statuunt.

497 3308 711 3365 Etenim
744 3306 887 3378 apud
924 3304 1096 3361 Deum
1121 3319 1224 3363 nec
1249 3319 1368 3360 aevo
1390 3304 1547 3361 locus
1569 3298 1677 3371 est,
1697 3319 1799 3361 nec
1825 3305 2086 3377 tempori,

500 3414 604 3458 nec
626 3400 841 3455 dierum
866 3396 1355 3461 conversionibus,
1380 3411 1482 3453 nec
1513 3405 1744 3469 puncto,
1776 3411 1881 3452 nec
1914 3397 2090 3459 minue

501 3492 596 3554 tis,
620 3505 724 3546 nec
761 3471 914 3542 oculi
945 3495 1252 3553 momento,
1306 3487 1473 3544 sicuti
1518 3492 1621 3541 nec
1656 3486 1962 3543 informare
2002 3502 2090 3544 se-

502 3595 628 3635 cum
676 3592 835 3635 mens
869 3576 979 3630 ulla
1036 3575 1330 3633 Trinitatis
1383 3575 1681 3632 inetiabilis
1722 3578 2089 3634 aeternitatem

503 3678 684 3741 potest
712 3687 725 3723 :
757 3667 959 3739 quippe
988 3668 1036 3724 si
1098 3667 1278 3733 dicas,
1322 3666 1496 3725 fuisse
1518 3665 1741 3723 Patrem
1767 3667 2088 3740 aliquando,

502 3777 629 3818 cum
652 3760 826 3816 Filius
855 3775 964 3814 non
994 3757 1494 3827 exsisterencujus
1528 3766 1672 3823 erat,
1701 3758 1962 3827 obsecro,
1982 3757 2090 3816 Pa-

502 3865 610 3919 ter,
637 3870 763 3910 cum
784 3853 983 3909 Filium
1012 3868 1122 3908 non
1156 3849 1434 3908 haberet?
1461 3848 1620 3917 Quod
1669 3851 1716 3907 si
1754 3865 1926 3922 negas
1962 3866 2089 3908 eum

502 3947 720 4004 Patrem
751 3962 896 4012 esse,
928 3947 1092 4002 simul
1125 3946 1301 4017 ipsam
1329 3943 1452 4015 ejus
1484 3952 1741 4003 naturam
1774 3944 1830 4000 in
1872 3943 2092 4001 univer-

502 4056 628 4097 sum
686 4039 888 4099 tollito.
925 4038 1281 4110 Quapropter
1317 4035 1676 4105 credendum,
1724 4051 1851 4093 esse
1886 4034 2087 4093 Filium

501 4132 747 4201 ejusdem
779 4131 1035 4186 essentia:
1062 4145 1188 4185 cum
1221 4127 1405 4195 Patre,
1429 4143 1540 4184 non
1574 4142 1702 4183 eum
1725 4128 1966 4185 essentia
1990 4128 2092 4185 Pa-

501 4225 607 4278 tris
629 4223 946 4287 confusum,
975 4221 1446 4294 quemadmodum
1493 4219 1775 4281 Sabellius
1796 4221 2090 4280 delirabat.

1572 360 1630 418 S.
1672 358 1971 419 CAESAR"
1999 357 2333 419 GBEGORII
2358 356 2660 415 FBATIIIS

2182 478 2571 551 Ἀπαγγέλλων
2603 478 2684 543 εἰς
2709 474 3031 551 ἀνθρώπους
3059 473 3153 531 τδν
3185 475 3418 549 Χριστὸν
3444 474 3653 543 αὑτοῦ.
3674 478 3772 534 τὸν

2169 570 2423 644 ἀληθινὸν
2467 571 2565 626 καὶ
2619 569 2891 642 ἄτρεπτον
2924 567 3081 638 θεὸν,
3122 566 3215 623 τδν
3246 567 3636 635 ἀναλλοίωτον.
3677 569 3770 625 ubi

2171 661 2425 718 ᾶκτιστόν
2478 679 2540 717 τε
2593 662 2688 717 καὶ
2728 660 2998 716 συναῖδιον
3041 659 3119 733 τῷ
3162 658 3362 732 Πατρὶ,
3402 660 3508 734 πρὸ
3539 659 3771 721 αἰώνων

2174 754 2586 825 ξυνυπάρχοντα
2607 766 2622 782 ·
2678 753 2924 808 Ἰωάννου
2975 751 3076 824 μὲν
3123 750 3374 823 βοῶντος,
3431 753 3487 809 '0
3540 752 3643 814 ὢν
3699 752 3775 813 ἐν

2172 844 2300 914 τοῖς
2328 847 2582 913 κόλποις
2607 844 2719 901 τοῦ
2735 845 2965 914 Πατρός
2990 859 3005 875 ⁸
3036 843 3200 910 αὐτὸς
3230 845 3423 899 Menesi
3447 843 3775 899 ἐντέλλεται

2174 936 2319 1011 ἐρεῖν
2339 935 2420 1009 τῷ
2471 934 2693 1010 Φαραὼ,
2725 934 2849 1008 οὑχ,
2888 935 2957 991 Ὅ
2989 950 3122 991 ποτε
3156 933 3398 998 κτισθιὶς
3432 934 3610 1009 (κατὰ
3638 933 3778 998 τοὺς

2172 1027 2579 1093 εἱκαιοὸούλους
2593 1028 2690 1085 καὶ
2701 1026 3154 1099 μταιόφρονας),
3176 1025 3317 1092 ἀλλ’.
3331 1025 3546 1096 Ἐρεῖς,
3570 1025 3775 1097 φησὶν.

2183 1134 2203 1169 ι
2247 1116 2302 1170 '0
2337 1115 2425 1172 ὢν
2451 1114 2801 1171 ἁπέσταλκέ
2821 1131 2923 1185 με.
2954 1133 2975 1168 ι
3024 1113 3198 1178 Αὐτὸς
3226 1113 3286 1168 δὲ
3321 1116 3451 1185 περὶ
3470 1109 3683 1166 ἑαυτοῦ
3709 1110 3773 1164 ὲν

2177 1205 2376 1279 Παύλῳ
2403 1206 2564 1279 φησὶ,
2589 1203 2845 1276 Χριστὸς
2870 1206 2906 1259 ό
2929 1204 3015 1261 ὢν
3048 1202 3148 1258 ἐπὶ
3176 1201 3420 1258 πάντων
3442 1202 3620 1268 Θεός.

2796 1409 3048 1465 ΠΕΥΣΙΣ
3074 1406 3132 1463 I'.

2259 1526 2425 1582 Ἀλλὰ
2445 1526 2687 1598 Μωῦσῆς
2714 1525 2845 1597 περὶ
2879 1522 2974 1579 τοῦ
3005 1522 3219 1595 Πατρδς
3240 1519 3444 1592 ἔγραψε
3476 1518 3564 1586 τὸ,
3608 1517 3672 1573 Ὁ
3694 1515 3787 1574 ὢν

2172 1619 2532 1676 ἀπέσταλκά
2554 1635 2652 1690 με,
2683 1617 2745 1671 οὑ
2767 1616 2878 1687 γὰρ
2911 1615 3040 1688 περὶ
3074 1612 3335 1686 Χριστοῦ.

2797 1729 3157 1805 Ἀπόκρισις.

2264 1843 2424 1910 aeta
2469 1843 2626 1914 ὑμῶν
2669 1842 2772 1914 τὴν
2811 1843 3057 1914 ἀγάπην,
3088 1841 3165 1916 μὴ
3209 1840 3673 1914 παραχαράττειν
3708 1840 3789 1897 τὰ

2181 1936 2508 2007 Εὑαγγέλια,
2530 1935 2625 1991 τοῦ
2652 1935 2859 2007 Κυρίου
2893 1936 2952 1989 ὲν
2984 1934 3165 2000 αὐτοῖς
3201 1934 3618 2007 θεηγοροῦντος,
3643 1932 3788 1988 ιιω-

2181 2027 2303 2097 σῆς
2320 2030 2548 2098 ἔγραψε
2573 2026 2709 2096 περὶ
2757 2025 2926 2096 ἐμοῦ,
2954 2026 3054 2083 καὶ
3086 2024 3271 2094 αὐτὸς
3291 2025 3593 2097 μαρτυρεῖ
3638 2027 3787 2096 περὶ

2179 2115 2350 2187 ἐμοῦ.
2385 2118 2481 2169 Ὧν
2524 2115 2705 2170 τοίνυν
2736 2117 2767 2169 ὁ
2806 2115 3018 2186 Πατὴρ.
3047 2116 3140 2172 καὶ
3166 2114 3243 2173 ὢν
3277 2116 3308 2168 ὁ
3336 2114 3464 2179 Υἱὸς
3494 2114 3645 2187 πρὸς
3687 2114 3789 2169 τδν

2184 2210 2426 2281 Πατέρα,
2469 2210 2564 2263 καὶ
2616 2207 2676 2275 ἐξ
2708 2206 2876 2262 αὑτοῦ
2922 2207 3221 2279 γεννηθεὶς,
3267 2207 3328 2262 οὑ
3366 2206 3675 2280 συναλοιφή
3705 2206 3790 2261 ὢν

2181 2297 2261 2370 τῷ
2292 2299 2487 2372 lla-rp},
2535 2299 2639 2352 οὑκ
2687 2297 2997 2370 ἀρξάμενος
3031 2298 3095 2355 τὸ
3118 2292 3281 2361 εἶναι,
3318 2295 3458 2355 ἀλλὰ
3487 2296 3676 2351 συνὼν
3701 2296 3787 2367 τῷ

2185 2390 2363 2461 Πατρὶ
2389 2389 2467 2454 ὡς
2497 2390 2720 2461 γνήσιος
2770 2388 2918 2454 Υἱός.
2964 2388 3081 2444 Οὐκ
3105 2384 3173 2461 ἦν
3206 2388 3316 2461 γάρ
3355 2404 3486 2447 ποτε
3526 2388 3695 2454 αἰὼν,
3746 2388 3786 2459 ἢ

2183 2480 2397 2556 χρόνος,
2450 2482 2484 2554 ἦ
2525 2480 2749 2554 καιρὸς,
2783 2481 2874 2535 ὅτε
2926 2481 3026 2536 οὐκ
3084 2476 3154 2552 ἦν
3202 2481 3233 2540 ὁ
3285 2480 3433 2546 Υἱός.
3479 2476 3635 2554 ’Δρα
3683 2482 3785 2537 καὶ

2184 2571 2349 2636 αὑτὸς
2385 2573 2414 2625 ὁ
2447 2571 2639 2644 Πατὴρ
2668 2567 2737 2644 ἧν
2768 2572 2958 2644 ἑτέρου
3010 2571 3227 2645 [ἰατρὸς
3271 2572 3364 2627 τοῦ
3409 2573 3517 2646 πρὸ
3563 2575 3781 2642 αὑτοδῖ

2188 2665 2342 2738 Ἅμα
2394 2660 2489 2721 οὖν
2543 2665 2770 2738 Πατέρα
2825 2664 3179 2737 ὁμολογήσεις
3201 2704 3218 2728 ,
3269 2665 3650 2738 ξυνομολογεϊς
3674 2665 3781 2725 αὖ·

2188 2756 2276 2821 θις
2398 2757 2490 2814 τὸν
2532 2758 2802 2830 μονογενῆ
2856 2758 2953 2812 καὶ
3012 2757 3266 2827 φίλτατον
3316 2759 3511 2815 Παῖδα.
3557 2759 3626 2814 Οἱ
3666 2758 3783 2831 γὰρ

2185 2846 2470 2913 δοκοῦντες
2511 2848 2603 2903 διὰ
2653 2850 2753 2921 τῆς
2811 2849 3208 2924 προῦπάρξεως
3262 2850 3356 2906 τὸν
3416 2850 3634 2922 Πατέρα
3696 2868 3785 2906 τι-

2189 2941 2320 3013 μᾷν,
2340 2938 2524 2994 τέλεον
2546 2939 2807 2995 ἀσεϐοῦσι
2824 2983 2841 3007 ,
2870 2939 3061 3013 χρόνον
3091 2940 3126 3011 ἢ
3157 2941 3350 3013 καιρὸν
3378 2943 3782 3014 προτάττοντες

2186 3031 2285 3087 τοῦ
2313 3031 2541 3105 ποιητοῦ
2570 3032 2679 3087 τῶν
2711 3031 2924 3090 αἰώνων
2968 3031 3229 3106 Χριστοῦ.
3280 3034 3441 3106 Παρὰ
3495 3034 3620 3107 Θεῷ
3665 3035 3782 3108 τὰρ

2187 3127 2289 3182 οὑκ
2301 3126 2457 3193 αἰὼν,
2474 3127 2535 3182 οὑ
2562 3127 2774 3200 χρόνος,
2798 3128 2899 3199 οὐχ
2914 3125 3138 3200 ἡμερῶν
3155 3126 3417 3199 περίοδοι,
3439 3128 3503 3183 οὐ
3523 3130 3776 3202 στιγμαὶ,

2187 3220 2290 3274 οὑκ
2340 3220 2556 3292 ἄτομοι,
2601 3220 2664 3274 οὑ
2712 3219 2848 3299 ῥιπὴ
2894 3217 3199 3297 ὀφθαλμοῦ,
3232 3219 3296 3273 οὑ
3327 3220 3537 3292 διανοίᾳ
3572 3236 3783 3291 φαντα-

2191 3312 2384 3383 σθῆναι
2415 3307 2528 3365 οἶόν
2560 3329 2620 3366 τε
2642 3312 2742 3383 τῆς
2766 3311 3045 3385 ἀφράστου
3077 3311 3309 3384 Τριάδος
3336 3311 3399 3367 τὸ
3427 3313 3681 3384 ἄχρονον.
3713 3313 3780 3366 Et

2190 3404 2300 3477 γὰρ
2330 3405 2439 3477 φῂς
2482 3405 2566 3461 ὅτι
2585 3397 2656 3476 ἦν
2677 3405 2869 3479 Πατήρ
2890 3421 3043 3476 ποτε,
3066 3404 3157 3459 ὅτε
3176 3404 3278 3459 οὑκ
3300 3399 3370 3476 ἦν
3384 3406 3428 3460 ’ὁ
3456 3406 3607 3470 Υἱὸς,
3627 3405 3781 3468 τινος

2192 3495 2302 3566 ἄρα
2342 3495 2560 3568 ὑπῆρχε
2608 3496 2799 3569 Πατὴρ
2841 3496 2917 3569 μὴ
2953 3498 3107 3561 δντος
3136 3495 3310 3560 nos;
3343 3497 3411 3551 Et
3438 3491 3569 3552 δἀὗ
3611 3496 3780 3551 πάλιν

2191 3587 2283 3642 τὸν
2308 3588 2531 3661 Πατέρα
2555 3588 2717 3645 αὑτὸν
2747 3590 2824 3662 μὴ
2856 3589 3123 3661 ὑπάρχειν
3146 3588 3387 3652 ὑποστὰς
3424 3582 3506 3654 εἷ,
3541 3586 3781 3658 {wast-

2192 3679 2286 3734 λου
2308 3680 2471 3737 αὑτὸν
2496 3679 2725 3741 καθόλου
2746 3681 2810 3736 τὸ
2834 3677 2998 3737 εἶναι.
3019 3681 3252 3737 Πίστευε
3272 3676 3370 3735 οὖν
3391 3680 3674 3752 ὁμοούσιον
3697 3676 3780 3749 τῷ

2193 3771 2371 3842 Πατρὶ
2396 3770 2490 3826 τὸν
2535 3772 2684 3839 Υἰὸν,
2739 3774 2814 3845 μὴ
2852 3754 3213 3837 συνούσιδν,
3241 3772 3383 3827 κατὰ
3417 3772 3517 3843 τὴν
3544 3771 3641 3826 τοῦ
3673 3771 3781 3825 Σαο

2194 3861 2404 3922 ϐελλίου
2446 3864 2757 3936 παροινίαν.
2786 3865 2860 3919 Τὸ
2896 3865 2998 3936 μὲν
3023 3863 3131 3936 γὰρ
3156 3863 3391 3935 ὑπάρχει
3427 3862 3777 3924 ὑποστάσεως

2192 3952 2508 4024 δηλωτικὸν,
2550 3957 2613 4013 τὸ
2636 3955 2717 4021 δὲ,
2750 3955 3101 4029 βλασφημίας
3141 3956 3222 4020 εις
3262 3955 3480 4025 Πατέρα
3512 3953 3612 4011 τοῦ
3643 3951 3777 4008 Υἱοῦ

2194 4044 2289 4097 καὶ
2314 4044 2407 4098 τοῦ
2440 4047 2758 4116 Πνεῦματος
2802 4046 3271 4119 ἁνακιρναμένων,
3315 4044 3409 4101 καὶ
3448 4046 3529 4108 εἰς
3568 4043 3778 4115 μονάδα

2194 4134 2293 4206 τὴν
2357 4137 2401 4190 Τ
2404 4137 2564 4209 ριᾴδα
2613 4138 2974 4210 ἀναλυούσης,
3008 4140 3147 4210 ὅπερ
3180 4138 3455 4208 ἀλλότριον
3490 4133 3777 4196 παντελῶς

2193 4228 2306 4283 τῶν
2332 4229 2496 4285 θείων
2528 4232 2765 4305 ὑπάρχει
2791 4233 2994 4305 νόμων.
3192 4222 3199 4237 ¹

501 4315 640 4373 Nam
670 4316 867 4370 borum
898 4315 1129 4370 alterum
1152 4311 1614 4383 signiﬁcationem
1654 4325 1908 4381 personae
1930 4326 1998 4367 ac
2027 4314 2354 4377 substantiae
2382 4320 2569 4387 habet,
2588 4324 2825 4380 alterum
2855 4323 3018 4394 plane
3038 4320 3418 4393 blasphemuim
3446 4328 3534 4377 est
3558 4338 3573 4375 :
3597 4334 3775 4390 quan-

502 4410 579 4467 do
596 4425 661 4466 ea
685 4409 897 4463 ratione
918 4404 1090 4462 Filius
1116 4415 1173 4461 et
1189 4403 1429 4474 Spiritus
1462 4417 1592 4458 cum
1610 4400 1774 4459 Patre
1797 4405 2255 4477 commiscentur,
2284 4427 2351 4468 ac
2380 4410 2625 4472 Trinitas
2655 4415 2711 4471 in
2744 4416 3009 4472 unitatem
3033 4415 3324 4471 resolvitur
3351 4414 3529 4484 :quod
3550 4415 3774 4469 omnino

503 4503 711 4560 divinis
734 4515 768 4555 α
795 4498 1006 4570 legibus
1035 4505 1124 4555 est
1152 4497 1414 4556 alicnum.

969 4607 1488 4669 INTEBBDGATIO
1534 4605 1628 4662 XI.

579 4730 861 4797 Quantum
913 4739 1014 4781 nos
1068 4720 1292 4794 quidem
1344 4716 1834 4791 deprehendimus,
1869 4733 2098 4775 venera-

2752 4604 3037 4670 ἠΕΥΣιΣ
3071 4617 3174 4672 IA'.

2279 4728 2371 4796 Ἐξ
2401 4722 2478 4785 ὧν
2519 4731 2869 4804 εὑρίσκομεν,
2913 4731 3154 4813 τριθεῖαν
3199 4732 3438 4801 φρονεῖς,
3482 4731 3778 4802 τιμιώτατε

511 4820 663 4876 tione
685 4815 1009 4888 dignissime
1024 4814 1212 4880 Pater,
1241 4818 1359 4867 tres
1399 4824 1523 4866 esse
1557 4808 1693 4864 deos
1712 4808 1912 4865 statuis
1939 4826 1952 4865 :
1989 4825 2081 4881 qm

2196 4819 2384 4894 Πάτερ
2409 4836 2424 4851 ο
2459 4823 2540 4887 εἰς
2561 4823 2629 4895 ἥν
2655 4823 3033 4896 ἐκφερόμενοι,
3055 4808 3135 4890 sic
3160 4820 3332 4876 πολλὰ
3373 4823 3776 4895 ἐκπεσοὺμεθα,

512 4913 560 4965 si
597 4907 1050 4970 exorbitabimus,
1087 4906 1142 4958 in
1170 4900 1587 4958 multitudinem
1624 4897 1956 4958 incidemus.
1992 4899 2103 4958 Ea-

513 5021 622 5074 que
647 5002 858 5058 ratione
876 4999 987 5060 tiet,
1005 5006 1059 5053 ut
1078 5011 1179 5053 nos
1199 4994 1398 5051 doceas
1417 4995 1596 5052 colere
1619 5010 1729 5050 non
1754 5010 1922 5050 unum
1942 4995 2098 5066 prin-

514 5097 691 5164 cipem
725 5093 917 5155 Deum,
945 5088 1042 5146 sed
1079 5088 1305 5144 muttos.

1161 5201 1463 5272 Responsio.

591 5318 702 5391 Ego
735 5333 864 5373 vero
889 5333 1013 5373 cum
1046 5326 1158 5373 tres
1188 5331 1459 5388 personas
1482 5313 1690 5377 statuo,
1717 5327 1826 5367 non
1851 5310 2094 5366 divinam

518 5420 772 5467 natm-ann
802 5408 1009 5474 divido,
1034 5408 1129 5466 sed
1168 5408 1430 5463 unitatem
1463 5406 1584 5479 ejus
1622 5399 2097 5468 conﬁtendo,’l‘ri-

518 5505 742 5561 nitatem
767 5502 994 5574 supplex
1026 5501 1281 5574 imploro.

2199 4913 2297 4968 καὶ
2316 4912 2377 4966 οὑ
2398 4912 2689 4994 μοναρχίᾳ,
2703 4912 2842 4968 ἀλλὰ
2863 4910 3122 4987 mlum-:19
3135 4911 3421 4984 λατρεύειν
3438 4913 3781 4985 παρασκευάς

2200 5000 2315 5068 ζεις
2339 5003 2510 5076 ἡμᾶς.

2832 5183 3193 5250 Ἀπόκρισις.

2269 5298 2347 5355 Οὑ
2377 5299 2475 5372 τὴν
2500 5298 2650 5354 θείαν
2696 5297 2858 5369 φύσιν
2884 5295 3130 5369 διαιρῶν,
3157 5296 3306 5368 τρεῖς
3336 5294 3506 5364 αὐτῆς
3532 5294 3782 5372 ὑποστά-

2206 5409 2320 5456 σεις
2350 5368 2512 5463 φημὶ,
2534 5390 2651 5445 ἀλλ’
2672 5368 2890 5462 ὲιιείνης
2915 5368 3013 5460 τὴν
3046 5387 3238 5441 ἕνωσιν
3260 5368 3560 5457 ὁμολογῶνξ
3578 5387 3783 5459 Τριὰδα

2206 5481 2510 5554 ποτνιῶμαι
2525 5481 2799 5553 δεόμενος.

592 5662 636 5695 ³³
673 5662 826 5716 Joan.
860 5676 897 5728 ι,
935 5661 1020 5715 I8.
1101 5659 1146 5694 ³³
1176 5654 1346 5711 Exod.
1380 5653 1581 5741 nni-It.
1660 5651 1705 5681 3"
1737 5648 1894 5705 Rom.
1931 5664 2005 5713 ις,
2042 5646 2081 5700 5

2185 5645 2216 5677 "
2255 5644 2411 5699 Joan.
2446 5658 2497 5709 ν,
2525 5640 2595 5694 4ο
