4082 6400
550 349 643 407 871

548 466 692 518 tates
726 461 816 517 Dei
855 467 1190 524 scrutentur,
1219 460 1288 516 de
1337 458 1582 515 faciliore
1629 475 1695 515 ac
1739 461 1900 517 obvia
1950 461 2128 517 cuivis

552 554 881 608 Litterarum
917 538 1199 606 sacrarum
1240 537 1589 619 indagatione
1618 551 1929 604 subvelieus
1978 550 2129 619 ipsos

549 644 876 697 adsensum
927 640 1219 709 quemdam
1273 638 1687 702 sublimiorem,
1735 639 1864 692 dum
1914 638 1967 690 iu
2015 651 2137 707 per-

536 722 893 792 scrutatione
948 745 1132 785 rerum
1153 730 1505 785 'diviniorum
1571 729 1729 799 quasi
1787 729 1853 784 ad
1908 729 2137 783 fundum

551 843 706 882 mens
754 832 1036 896 penetrat,
1073 838 1278 893 perque
1322 823 1552 893 spiritus
1601 823 1821 877 hamum
1870 822 1941 877 de
1975 823 2137 891 hujus

554 918 677 971 vita:
724 914 935 987 gurgite
974 951 990 975 ,
1037 914 1243 983 piscem
1290 911 1461 965 animi
1501 912 1716 977 educit,
1762 911 2137 966 continentem

552 1024 647 1062 ore
684 1014 940 1061 staterem
980 1004 1396 1059 illummaximi
1435 1004 1634 1074 pretii,
1684 1006 1931 1074 adeoque
1979 1005 2138 1059 Chri-

548 1107 697 1153 stum
735 1078 1080 1153 Ser‘i'atorem
1111 1095 1377 1149 Omnium.
1429 1094 1521 1149 Sic
1565 1096 1710 1150 enim
1758 1103 1813 1150 et
1858 1095 2138 1165 apostolus

548 1191 642 1244 ille
677 1189 932 1259 princeps
968 1201 1067 1256 pro
1097 1186 1281 1256 seipso
1320 1188 1374 1240 et
1417 1185 1639 1240 Christo
1686 1188 1883 1240 animai
1931 1189 2145 1272 piscem,

554 1278 623 1334 iis
663 1277 757 1347 qui
799 1275 1126 1345 exigebant,
1170 1276 1304 1329 dare
1343 1274 1571 1345 jubetur
1602 1268 1668 1342 ⁸⁵,
1703 1276 1988 1331 habentem
2025 1268 2140 1330 sta-4

557 1377 729 1423 terem
762 1366 1048 1422 Christum
1074 1373 1138 1419 ‘et
1170 1366 1296 1420 ﬁdei
1333 1366 1643 1421 doctrinam
1679 1366 1733 1420 in
1768 1372 1899 1430 ore,
1949 1365 2137 1436 profeo

551 1470 803 1528 eramque
851 1460 918 1514 de
969 1456 1340 1528 prot’anditate
1383 1458 1574 1513 cordis
1627 1458 2038 1514 subvectionem
2085 1464 2141 1513 et

552 1550 788 1605 laudem.
848 1549 930 1603 Ex
978 1548 1262 1619 profundis
1313 1550 1496 1615 enim,
1549 1550 1760 1619 inquit,
1798 1548 2024 1602 clamavi
2070 1548 2140 1602 ad

554 1653 633 1709 te,
671 1641 923 1703 Domine;
979 1639 1234 1705 Domine,
1264 1639 1461 1692 exaitdi
1500 1648 1679 1693 uocem
1724 1656 1893 1692 meam
1927 1638 1993 1693 “.
2032 1637 2140 1693 Sed

553 1740 607 1785 et
657 1730 890 1784 eximius
940 1729 1031 1784 ille
1085 1729 1421 1798 Apostolus:
1456 1726 1608 1797 Nos,
1655 1731 1860 1800 inquit,
1891 1729 2140 1798 spiritum

558 1821 655 1874 Del
685 1821 981 1887 accepimus
1002 1858 1017 1882 ,
1060 1830 1116 1873 ut
1147 1821 1380 1874 sciamus
1426 1836 1544 1890 qua:
1586 1837 1618 1874 a
1663 1820 1772 1875 Deo
1802 1820 2006 1874 donata
2031 1820 2140 1874 sint

555 1912 705 1965 nobis
724 1910 790 1964 “.
839 1911 1018 1979 Atque
1050 1911 1250 1963 iterum
1301 1912 1479 1981 inquit
1523 1912 1713 1968 idem:
1756 1906 1926 1968 Nobis
1959 1923 2135 1968 autem

554 2004 697 2057 Dens
737 1994 988 2056 reuelauit
1030 2017 1122 2070 per
1147 2001 1410 2071 Spiritum
1457 2008 1611 2059 suum
1633 2002 1697 2060 ⁸³.
1733 2004 1801 2059 Et
1833 2010 2026 2062 rursus
2054 2006 2143 2061 di-

553 2097 806 2149 vinorum
854 2096 1163 2149 carminum
1223 2106 1417 2152 auctor
1479 2096 1707 2152 Davides
1746 2116 1759 2151 :
1810 2097 1884 2154 Os
1931 2114 2139 2164 meum,

1648 346 1704 400 S.
1738 343 2038 401 CxESARII
2071 342 2400 401 GREGOBII
2433 345 2738 401 FRATRlS

3723 352 3815 409 8τί

2246 478 2402 525 σεως,
2421 463 2514 515 ἐπὶ
2539 461 2637 534 τὴν
2664 462 3004 534 ὑψηλοτέραν
3030 464 3228 530 αὐτοὺς
3251 466 3443 535 ἁνάγει
3474 468 3740 533 διάνοιαν,
3756 476 3815 543 τῇ

2243 550 2438 622 ἐρεύνῃ
2464 550 2572 604 τῶν
2601 550 2908 623 θειοτέρων,
2932 552 3122 625 ὥσπερ
3157 555 3218 608 ὲν
3257 555 3404 627 βυθῷ
3446 574 3556 611 τινι
3600 563 3817 631 γενομέ-

2242 657 2340 710 νης
2362 639 2462 711 τῆς
2488 638 2743 704 διανοίας,
2781 643 2874 695 καὶ
2923 641 3002 713 τῷ
3045 644 3326 716 ἀγκίστρῳ
3371 644 3465 699 τοῦ
3524 648 3819 719 πνεύματος

2242 732 2308 784 ὲκ
2338 726 2431 785 τοῦ
2462 731 2713 800 βιωτικοῦ
2760 731 2924 802 βυθοῦ
2961 733 3052 787 τὸν
3084 734 3236 805 ἰχθὺν
3260 736 3359 806 τῆς
3383 735 3564 807 ψυχῆς
3604 739 3820 809 ἀνάγον-

2242 839 2353 886 τος,
2383 822 2574 893 ἔχοντα
2601 825 2659 878 ὲν
2683 823 2762 892 τῷ
2794 824 3023 894 στόματι
3050 826 3145 878 τὸν
3177 826 3542 899 πολυτίμητον
3569 832 3818 902 στατῆρα,

2244 912 2339 964 καὶ
2378 910 2473 965 τοῦ
2513 912 2715 977 παντὸς
2763 913 2991 983 Σωτῆρα
3030 914 3285 984 Χριστόν.
3318 915 3507 981 Οὕτως
3543 918 3653 988 γὰρ
3678 921 3766 973 καὶ
3794 923 3822 974 6

2242 1003 2351 1057 τῶν
2379 1004 2693 1059 ἀποστόλων
2722 1008 3054 1075 κορυφαῖος,
3098 1005 3215 1060 ἀνθ’
3242 1008 3436 1062 ἑαυτοῦ
3469 1009 3567 1062 καὶ
3597 1012 3821 1083 Χριστοῦ

2242 1095 2336 1150 τὸν
2381 1097 2481 1168 τῆς
2527 1097 2705 1168 ψυχῆς
2754 1096 2905 1168 ίχθὺν
2961 1098 3145 1153 δοῦναι
3190 1102 3303 1163 τοῖς
3340 1100 3634 1156 ἀπαιτοῦσι
3664 1121 3823 1161 ποοσ-

2243 1188 2519 1254 τάττεται,
2551 1188 2743 1259 ἔχοντα
2781 1173 2873 1242 τὶν
2913 1190 3158 1261 στατῆρα
3185 1189 3440 1262 Χριστὸν,
3466 1194 3566 1247 καὶ
3605 1193 3703 1263 τῆς
3740 1195 3825 1248 πί-

2247 1294 2418 1344 στεως
2459 1280 2550 1334 τὸν
2596 1280 2752 1350 λόγον
2781 1284 2840 1334 ἐν
2877 1281 2956 1352 τῷ
2983 1283 3231 1353 στόματι,
3260 1284 3355 1336 καὶ
3391 1285 3494 1354 τὴν
3536 1285 3605 1337 ὲκ
3640 1284 3827 1354 βάθους

2246 1372 2475 1444 καρδίας
2505 1373 2798 1445 ἀναγωγὴν
2837 1374 2933 1428 καὶ
2974 1375 3199 1428 αίνεσιν.
3242 1374 3403 1428 Ἀλλὰ
3435 1376 3533 1429 καὶ
3570 1377 3601 1428 6
3635 1376 3826 1445 ὑψηλὸς

2260 1463 2601 1528 ’Δπόστολος,
2644 1463 2843 1533 Ἡμεῖς
2866 1462 2956 1527 δὲ,
2988 1465 3143 1534 φησὶ,
3176 1464 3245 1518 τὸ
3274 1465 3522 1535 Πνεῦμα
3555 1466 3664 1520 τοῦ
3687 1468 3826 1522 Θεοῦ

2245 1554 2560 1624 ἐλάϐομεν,
2603 1556 2704 1609 ἵνα
2748 1555 2966 1625 ίδωμεν
3015 1557 3090 1611 τὰ
3135 1557 3255 1611 ὑπὸ
3306 1557 3416 1611 τοῦ
3478 1559 3630 1613 Θεοῦ
3679 1554 3828 1628 χαρι-

2247 1644 2472 1700 σθέντα
2503 1645 2669 1715 ἡμῖν.
2708 1646 2811 1700 Καὶ
2839 1646 3002 1700 πάλιν
3031 1647 3060 1699 6
3086 1646 3246 1710 αὑτός
3283 1663 3468 1717 φησιν·
3508 1647 3681 1717 Ἡμῖν
3705 1649 3770 1702 δὲ
3795 1652 3826 1704 ὁ

2247 1735 2395 1802 Θεὸς
2420 1736 2780 1805 ἀπεκάλυψε
2811 1735 2909 1790 διὰ
2944 1736 3050 1791 τοῦ
3094 1738 3441 1819 Πνεύματρς
3472 1739 3685 1794 αὐτοῦ.
3723 1741 3826 1794 Καὶ

2245 1827 2407 1881 πάλιν
2435 1826 2603 1882 Δαόὶδ
2629 1829 2658 1881 6
2683 1826 2793 1880 τῶν
2823 1825 2983 1880 θείων
3021 1826 3287 1898 μελῳδὸς·
3325 1828 3398 1881 Τὸ
3448 1829 3650 1899 στόμα
3688 1846 3825 1899 μου,

2241 1919 2426 1990 φησιν,
2466 1904 2713 1987 ἦνοιξα,
2754 1917 2857 1972 καί
2899 1919 3160 1972 εἶλκυσα
3201 1919 3467 1988 πνεῦμα·
3507 1924 3612 1974 οὐκ
3653 1921 3827 1991 ἀέριον

2238 2010 2318 2075 δὲ,
2359 2009 2497 2065 ἀλλὰ
2524 2011 2587 2064 τὸ
2613 2010 2773 2077 θεῖοή
2816 2011 2883 2064 δι’
2926 2004 2987 2064 οὗ
3035 2010 3105 2064 τὰ
3127 2012 3425 2083 ἀπόκρυφα
3453 2012 3559 2083 τῆς
3591 2011 3827 2081 θεανδρι-

2242 2101 2347 2173 κῆς
2382 2099 2476 2155 τοῦ
2505 2100 2642 2154 Θεοῦ
2670 2102 2996 2173 παρουσίας,
3035 2102 3145 2172 πρὸ
3171 2102 3501 2174 χιλίων¹ήδη
3532 2101 3669 2157 ἐτῶν
3698 2119 3824 2173 προ-

550 2189 763 2258 lnquit,
800 2190 1013 2258 aperui,
1042 2199 1089 2243 et
1114 2191 1361 2258 spiritum
1390 2192 1591 2245 attraxi
1611 2190 1675 2250 “.
1698 2208 1893 2262 nempe
1913 2210 2022 2245 non
2053 2206 2136 2246 ac-

2242 2194 2582 2264 απεφήνατο,
2607 2192 2903 2264 διαρρήδην
2928 2193 3226 2264 τραγῳδῶν
3250 2192 3329 2263 τῷ
3355 2192 3498 2263 Θεῷ·
3531 2193 3610 2247 Τὰ
3638 2191 3839 2275 ἄδηλα-

554 2281 698 2334 rium
726 2320 741 2345 ,
775 2282 866 2336 sed
899 2281 1178 2345 divinum,
1215 2298 1310 2352 per
1347 2297 1508 2352 quem
1563 2283 1885 2338 abscondita
1932 2284 2001 2339 de
2048 2282 2147 2338 ad-

2244 2281 2347 2338 καί
2374 2281 2447 2335 τὰ
2483 2282 2705 2351 κρύφια
2732 2280 2845 2350 τῆς
2873 2282 3096 2350 σοφίας
3126 2296 3244 2336 σου
3268 2280 3592 2350 ἐδήλωσας
3629 2299 3750 2352 μοι.

554 2381 718 2427 ventu
753 2374 888 2428 uniti
916 2390 1042 2429 eum
1065 2374 1174 2430 Deo
1203 2376 1443 2431 hominis
1466 2377 1614 2432 mille
1638 2379 1753 2449 jam
1776 2388 1902 2435 ante
1935 2394 2113 2436 annos
2146 2379 2425 2434 luculente
2456 2377 2724 2442 declarat,
2754 2391 2959 2433 canens
2989 2376 3101 2433 Deo
3128 2400 3141 2436 :
3175 2378 3417 2435 Obscura
3442 2387 3496 2434 et
3523 2376 3824 2434 abscondita

555 2466 831 2533 sapientia:
862 2475 968 2520 tua:
995 2476 1123 2521 nota
1153 2467 1326 2536 feciin
1357 2470 1486 2521 mihi
1504 2468 1569 2522 “.

1006 2574 1530 2639 INTERROGATIO
1572 2574 1687 2641 XV.

626 2683 686 2745 Si
714 2681 908 2757 ,Fillus
950 2701 1035 2748 est
1084 2693 1228 2749 Deus
1266 2706 1320 2750 et
1367 2697 1596 2765 aequalis
1643 2698 1817 2763 Patri,
1863 2699 2140 2769 quomodo

557 2781 773 2849 ignorat
819 2798 881 2836 ea
926 2800 1050 2854 qua:
1079 2784 1229 2840 novit
1258 2784 1452 2841 Pater?
1471 2789 1545 2843 At
1566 2805 1696 2846 vero
1722 2788 1840 2859 ipse
1862 2789 1918 2844 in
1963 2790 2139 2846 Evan-

557 2874 697 2941 gelio
747 2873 972 2944 inquit:
1034 2874 1206 2929 Nemo
1269 2878 1414 2931 novit
1483 2878 1652 2941 diem,
1723 2895 1885 2951 neque
1950 2881 2139 2937 horam

555 2969 1064 3036 consummationis,
1111 2984 1274 3039 neque
1314 2968 1488 3040 angeli
1526 2971 1761 3026 caelestes
1784 3011 1799 3036 ,
1838 2989 2002 3043 neque
2041 2973 2141 3029 Fi-

557 3055 693 3122 lius,
730 3047 833 3113 nisi
861 3058 1006 3114 solus
1036 3058 1201 3115 Pater
1222 3060 1287 3114 “.

1189 3170 1504 3243 Responsio.

627 3274 780 3333 Solet
809 3278 1063 3337 humanis
1092 3282 1173 3337 uti
1203 3284 1660 3343 similitudinibus
1693 3304 1857 3345 sacra
1891 3286 2142 3359 Scriptuo

553 3380 654 3430 ra,
693 3375 748 3420 et
781 3366 848 3421 de
888 3371 1052 3425 rebus
1091 3374 1438 3430 naturalibus
1476 3393 1852 3447 saepenumero
1889 3381 2138 3450 qmedam

558 3459 722 3526 petit,
758 3466 817 3511 ut
834 3472 969 3543 eum
1003 3461 1056 3514 in
1088 3461 1380 3534 Evangelio
1411 3468 1587 3537 inquit
1615 3468 1877 3525 Dominus
1904 3490 1916 3527 :
1952 3468 2142 3528 Simile

554 3557 632 3600 est
662 3563 877 3623 regnum
905 3551 1155 3605 cazlorum
1183 3555 1441 3623 fermento
1468 3558 1536 3621 ⁸⁷,
1563 3570 1615 3613 et
1641 3577 1812 3630 grano
1842 3563 2045 3631 sinapis
2071 3564 2136 3618 ⁸⁸.

556 3635 761 3694 Paulus
795 3640 921 3695 item
959 3644 1051 3698 ille
1111 3646 1404 3711 sublimis,
1443 3649 1720 3719 Corpora,
1764 3653 1940 3722 inquit
1972 3697 1985 3719 ,
2037 3668 2140 3709 cce-

557 3732 711 3784 leslia
742 3742 866 3785 sunt
892 3768 906 3797 ,
946 3739 995 3787 et
1017 3751 1241 3802 corpora
1273 3740 1619 3795 terrestria“.
1650 3741 1715 3795 Et
1742 3744 1809 3798 de
1843 3746 2006 3801 rebus
2040 3763 2140 3801 na-

558 3821 828 3876 turalibus
875 3836 1152 3894 sumptum
1199 3828 1362 3882 etiam
1410 3830 1582 3896 illud,
1637 3834 1781 3903 quod
1824 3835 1890 3889 ad
1934 3834 2134 3891 Corin-

555 3915 703 3968 thios
750 3915 1035 3979 scribens,
1087 3918 1233 3974 tihia:
1270 3923 1603 3993 citharaeque
1652 3925 1900 3980 meminit
1938 3920 2006 3982 ⁸⁸.
2052 3927 2139 3984 ld-

553 4006 707 4059 circo
759 4012 815 4061 et
868 4006 982 4077 ipse
1035 4025 1179 4065 llllllc
1225 4026 1255 4064 a
1309 4013 1475 4067 rebus
1527 4016 1736 4071 nostris
1790 4018 1959 4087 petita
2005 4020 2135 4075 exili

554 4094 793 4162 quadam
859 4097 1220 4155 similitudine
1266 4109 1414 4157 utar.
1477 4100 1620 4158 Num
1681 4105 1955 4175 ignoraret
2015 4125 2137 4164 mea

554 4187 696 4240 ratio
746 4189 976 4242 consilia
1038 4192 1201 4246 mea?
1252 4194 1437 4250 nullus
1483 4195 1584 4250 hoc
1632 4212 1861 4262 eorum,
1910 4200 2004 4270 qui
2053 4202 2133 4255 vel

553 4278 993 4347 qualemcunque
1028 4280 1373 4353 disciplinam
1421 4287 1702 4341 consecuti
1746 4298 1912 4355 sunt,
1967 4290 2131 4345 dicet.

555 4365 843 4430 Quomodo
890 4369 1057 4437 igitur
1104 4369 1201 4426 Dei
1245 4382 1300 4427 et
1350 4373 1526 4429 Patris
1572 4374 1813 4432 Verbum
1861 4374 2134 4450 ignorabit

554 4453 675 4522 ejus
724 4457 1000 4511 consilia?
1051 4474 1175 4513 eum
1224 4460 1372 4515 dicat
1417 4465 1553 4532 ipse,
1589 4465 1788 4521 Omnia
1813 4480 2132 4541 quacunque

555 4544 709 4597 habet
741 4544 922 4610 Pater,
958 4563 1071 4600 mea
1101 4561 1221 4604 sunt
1243 4552 1287 4583 “
1315 4568 1542 4622 :nempe
1566 4557 1709 4623 quod
1737 4555 1879 4612 Deus
1896 4570 1978 4614 est
1998 4561 2127 4625 vita,

555 4633 701 4700 quod
748 4644 832 4688 est
875 4635 999 4699 lux,
1048 4639 1192 4706 quod
1246 4653 1331 4695 est
1381 4643 1800 4713 immortalitas,
1850 4650 1995 4719 quod
2045 4660 2131 4706 est

554 4723 1148 4793 incomprehensibilis.
1186 4731 1252 4783 Et
1294 4733 1423 4787 alibi
1479 4735 1555 4788 ait
1592 4754 1606 4789 :
1663 4736 1861 4795 Omnia
1890 4759 2004 4796 mea
2035 4753 2129 4798 tua

554 4825 697 4878 sunt,
732 4815 913 4881 Pater,
931 4827 981 4872 et
1011 4828 1103 4873 tua
1137 4838 1252 4876 mea
1282 4822 1486 4879 sunt”.
1516 4825 1570 4881 Si
1594 4828 1757 4899 igitur
1792 4835 1977 4889 omnia
2006 4844 2128 4906 qua!

554 4904 731 4964 Patris
767 4917 932 4971 sunt,
969 4910 1143 4979 ipsius
1183 4922 1348 4968 sunt:
1387 4917 1550 4971 etiam
1591 4921 1831 4991 cognitio
1869 4940 1990 4995 qua:
2023 4904 2129 4980 Ρο-

552 4998 652 5053 tris
683 5010 761 5053 esl
783 5037 797 5061 ,
833 5001 1058 5053 omnino
1089 5003 1263 5071 ipsius
1300 5014 1383 5061 est
1412 5023 1426 5073 ;
1470 5008 1709 5080 itemque
1747 5010 1986 5083 Spiritus
2009 5056 2025 5081 ,
2068 5024 2128 5071 ut

552 5088 715 5158 paulo
743 5096 867 5158 post
897 5089 1058 5145 latius
1085 5093 1318 5149 dicetur.

991 5202 1508 5267 INTERROGATIO
1542 5212 1682 5271 XVI.

622 5289 759 5345 Nunt
795 5292 980 5362 igitur,
1018 5297 1063 5350 si
1094 5297 1316 5364 dixero,
1356 5301 1550 5358 Omnia
1597 5325 1918 5381 quwcunque
1965 5309 2122 5367 habet

551 5383 733 5451 Pater,
767 5401 880 5438 mea
908 5398 1057 5449 sunt,
1093 5391 1254 5443 etiam
1290 5398 1655 5465 cognitionem
1692 5400 1867 5456 habeo
1900 5402 2079 5460 Patris
2104 5448 2118 5472 ,

546 5486 601 5532 et
631 5476 919 5530 consiliqu
954 5478 1071 5547 ejus
1103 5482 1226 5534 nuvi
1256 5483 1278 5535 ?

624 5649 668 5681 ⁸ο
699 5651 884 5709 Matth.
934 5666 1067 5719 xm,
1106 5657 1196 5712 9.6.

1309 5659 1528 5733 "'_Psal.
1565 5679 1750 5727 cum,
1787 5668 1833 5720 Ι.
1912 5669 1957 5701 ἰ’
2008 5669 2133 5725 lCn

2240 5686 2273 5733 I,
2314 5672 2400 5727 i2.
2481 5674 2528 5706 ⁸³
2558 5674 2667 5729 ibid
2700 5713 2714 5731 .
2752 5672 2837 5727 10.
2916 5671 2959 5702 ⁸⁸
2987 5669 3134 5732 Psal.
3164 5686 3353 5732 cxvm,
3388 5670 3510 5723 l5i.

2846 2590 3094 2657 iterm
3122 2603 3220 2659 ιε’.

2317 2706 2431 2769 Καὶ
2454 2716 2502 2768 εί
2534 2714 2667 2778 Θεὸς
2695 2717 2724 2768 6
2751 2705 2879 2778 Υἱὸς
2908 2715 3002 2769 καὶ
3033 2714 3145 2779 ἴσος
3169 2714 3247 2786 τῷ
3274 2702 3472 2787 Πατρῖ,
3507 2714 3628 2779 πῶς
3652 2701 3823 2785 ἀγνοεῗ

2241 2804 2278 2860 ἃ
2304 2808 2333 2858 6
2363 2805 2553 2878 Πατὴρ
2585 2805 2874 2875 γινώσκεις
2914 2804 3085 2870 Αὐτὸς
3124 2807 3231 2877 γὰρ
3259 2807 3317 2861 ὲν
3363 2800 3717 2876 Εὐαγγελίοις
3740 2806 3819 2860 λέ-

2242 2912 2350 2964 γει,
2392 2896 2474 2949 ὅτι
2519 2896 2730 2962 θὺδεὶς
2774 2891 2898 2950 οἶδε
2935 2896 3051 2964 τὴν
3078 2897 3307 2966 ἡμέραν
3342 2898 3488 2952 οὐδὲ
3524 2899 3641 2968 τὴν
3670 2897 3820 2967 ὧραι·

2240 2984 2352 3054 τῆς
2406 2987 2782 3055 συντελείας,
2831 2988 2970 3041 οὔτε
3006 2993 3058 3042 οί
3096 2987 3338 3058 ἄγγελοι
3380 2988 3499 3043 τῶν
3538 2989 3815 3059 οὐρανῶν,

2243 3081 2383 3134 οὔτε
2415 3081 2450 3133 ὁ
2488 3079 2644 3145 Υἱὸς,
2683 3081 2734 3134 εί
2762 3079 2848 3149 μὴ
2880 3082 2914 3133 ὀ
2941 3080 3152 3150 Πατὴρ
3175 3083 3384 3150 μόνος.

2886 3193 3242 3261 Ἀπόκρισις.

2323 3296 2479 3362 Ἐπεὶ
2505 3303 2601 3363 οὖν
2633 3307 3040 3380 παραδείγμασι
3076 3308 3283 3381 βροτῶν
3317 3309 3620 3379 κεχρῆσθαι
3652 3308 3817 3379 πέφυει

2240 3402 2393 3471 κενή
2432 3399 2553 3454 θεία
2591 3400 2805 3472 Γραφὴ,
2841 3400 2936 3455 καὶ
2980 3399 3349 3470 φυσιολογίαις
3396 3399 3677 3463 πολλάκις,
3720 3416 3816 3453 κα·

2242 3487 2370 3553 θὼς,
2422 3490 2480 3542 ὲν
2536 3476 2893 3559 Εὐαγγελίοις
2944 3488 3252 3561 θεηγορῶν,
3305 3489 3470 3560 φησὶν
3515 3491 3546 3543 ὁ
3601 3488 3815 3560 Κύριοςι

2252 3579 2456 3648 Ὀμοία
2479 3580 2655 3633 ἐστίν
2679 3581 2718 3648 ἡ
2745 3580 3038 3645 ,βασιλεία
3069 3580 3189 3634 τῶν
3217 3576 3492 3649 οἰψαπῖιν
3527 3579 3698 3650 ζύμῃ,
3730 3579 3819 3632 καὶ

2240 3672 2437 3734 κόκκῳ
2476 3669 2777 3737 σινάπεως
2794 3687 2808 3701 ·
2842 3672 2937 3725 καὶ
2970 3670 3179 3735 Παῦλος
3207 3671 3263 3724 δὲ
3294 3671 3322 3722 6
3348 3670 3549 3742 ὑψηλὸς
3577 3670 3679 3739 τὴν
3705 3669 3816 3723 διὰ-

2241 3778 2409 3823 νοιαν,
2455 3762 2733 3831 Σώματα,
2787 3763 2950 3833 φησὶν
2969 3801 2984 3825 ,
3030 3760 3378 3831 ἐπουράνια,
3431 3761 3529 3815 καί
3581 3760 3820 3830 σώματα

2238 3852 2499 3921 ἐπίγειαο
2534 3854 2843 3923 φυσιολογεῖ
2888 3855 2947 3909 δὲ
2990 3854 3084 3908 καὶ
3135 3853 3440 3924 Κορινθίοις
3471 3852 3814 3914 ἐπιστέλλων,

2238 3943 2347 3995 ἀπὸ
2375 3943 2883 4013 σάλπιγγος,αὑλοῦ
2907 3949 3002 4001 καὶ
3042 3943 3296 4016 κιθάρας·
3346 3942 3503 4013 κάγὼ
3544 3942 3726 3997 τοίνυν
3755 3942 3831 3995 ἐκ.

2235 4032 2346 4086 τῶν
2393 4034 2515 4087 καθ’
2556 4035 2704 4105 ἡμᾶς
2749 4034 2967 4105 ἀμυδρᾷ
3001 4034 3172 4088 είκόνι
3219 4036 3511 4107 χρήσομαι.
3562 4031 3693 4106 Ἆρ’
3724 4030 3814 4088 οῦν

2236 4127 2421 4194 ἀγνοεῖ
2444 4129 2474 4179 6
2512 4126 2642 4196 ἐμὸς
2663 4125 2820 4193 λόγος
2846 4123 2916 4178 τὰ
2936 4124 3047 4194 ὲμὰ
3069 4123 3445 4195 βουλεύματας
3473 4124 3612 4177 Ἀλλ’
3643 4124 3814 4186 οὐδεὶς

2235 4217 2343 4271 τῶν
2373 4215 2619 4270 ὁπωσοῦν
2644 4212 2891 4279 παιδείας
2920 4214 3321 4286 μετειληφότων
3345 4214 3515 4269 ταῦτα
3534 4216 3665 4286 ἐρεῖ.
3692 4214 3813 4277 Πῶς

2233 4303 2326 4362 οὖν
2354 4309 2382 4359 6
2404 4306 2495 4361 τοῦ
2524 4307 2658 4359 Θεοῦ
2684 4306 2779 4360 καὶ
2800 4306 3013 4378 Πατρδς
3059 4306 3232 4375 Λόγος
3262 4306 3517 4376 ἀγνοήσει
3548 4305 3649 4369 τὰς
3673 4304 3813 4358 ὲκεί-

2232 4414 2325 4449 νου
2359 4397 2587 4467 βουλὰς,
2631 4397 2891 4466 φάσκων,
2937 4396 3141 4450 Πάντα
3179 4395 3298 4450 ὅσα
3340 4397 3466 4465 ἔχει
3509 4398 3543 4449 ό
3590 4395 3811 4463 (latim;

2231 4486 2346 4555 ἐμά
2375 4488 2505 4542 ἐστι
2522 4504 2543 4553 ;
2578 4488 2660 4554 τὸ,
2684 4488 2817 4553 Θεὸς
2837 4492 2870 4560 ἡ
2901 4488 3036 4559 ζωὴ,
3072 4488 3132 4541 τὸ
3180 4488 3315 4558 φῶς,
3339 4487 3400 4540 τὺ
3433 4488 3722 4551 ἀθάνατον,
3754 4487 3812 4538 τὸ

2232 4578 2635 4650 ἀκατάληπτον.
2678 4580 2788 4634 Καὶ
2833 4580 3016 4641 πάλιντ
3071 4580 3184 4634 Καὶ
3222 4580 3419 4649 πάντα
3458 4579 3534 4632 τὰ
3578 4579 3690 4648 ἐμὰ
3730 4575 3813 4631 σά

2232 4671 2382 4734 ἐστι,
2410 4673 2613 4743 Πάτερ,
2664 4672 2763 4725 καί
2799 4673 2871 4726 τὰ
2900 4673 2985 4727 σὰ
3013 4671 3151 4741 ἐμά.
3193 4673 3255 4725 Εί
3298 4671 3478 4724 τοίνυν
3519 4672 3694 4725 πάντα
3720 4668 3811 4722 τοῦ

2239 4763 2453 4834 Πατρὺς
2481 4762 2645 4817 αὐτοῦ
2666 4765 2802 4825 ἐστι,
2832 4764 2978 4832 καὶὴ
3013 4762 3212 4831 γνῶσις
3237 4763 3270 4833 ἡ
3300 4763 3395 4815 τοῦ
3424 4761 3655 4833 Πατρὸς,
3681 4759 3811 4813 πάνδ

2231 4870 2340 4918 τως
2369 4854 2533 4909 αὑτοῦ
2578 4856 2694 4908 ἐστι
2734 4855 2831 4907 καὶ
2873 4853 2967 4908 τοῦ
3000 4854 3336 4925 Πνεῦμα-τος,
3368 4853 3445 4916 ὡς
3489 4854 3607 4923 μετ’
3638 4850 3811 4920 ὀλίγον

2233 4945 2468 4998 πλατυτέ
2474 4961 2583 5016 ρως
2614 4943 2928 5016 ῥηθήσεται.

2818 5208 3065 5270 nam:
3116 5210 3231 5283 ις’.

2304 5311 2369 5364 Τί
2401 5296 2514 5369 οῦν,
2544 5308 2729 5379 ἐπειδὴ
2757 5292 2862 5376 ἐγὼ
2888 5309 3052 5376 λέγω,
3083 5307 3286 5362 Πάντα
3325 5308 3441 5361 ὅσα
3473 5305 3599 5375 ἔχει
3632 5308 3665 5358 δ
3696 5307 3810 5357 Πα-

2229 5403 2365 5473 τὴρ,
2394 5401 2508 5472 ἐμά
2555 5402 2746 5462 ἐστιν,
2782 5396 2892 5469 ἆρα
2933 5399 3026 5453 καὶ
3067 5400 3166 5469 τὴν
3194 5398 3393 5467 γνῶσιν
3434 5398 3544 5469 ἔχω
3578 5396 3670 5450 τοῦ
3697 5396 3807 5447 Πα-

2228 5496 2376 5567 τρὸς,
2403 5493 2497 5548 καὶ
2523 5493 2620 5563 τὴν
2653 5492 2847 5562 βουλὴν
2876 5490 3041 5546 αὑτοῦ
3071 5487 3224 5555 οἶδα;

3589 5668 3630 5699 ⁸⁸
3662 5665 3805 5719 Psztl.

547 5732 601 5810 ε..
630 5720 807 5810 3.”M
841 5722 1008 5810 ηενρ.
1047 5743 1164 5785 xw.
1195 5727 1405 5810 sam"
1446 5732 1632 5786 Matii).
1670 5720 1786 5803 xui,
1823 5739 1910 5794 53.
1992 5720 2034 5772 δὲ
2066 5720 2130 5793 ib

2240 5720 2400 5795 iii.“
2432 5743 2476 5776 κθ
2508 5745 2527 5798 t
2558 5720 2946 5810 ἶὶὄτᾘέξιο.
2987 5720 3286 5793 Villier;
3314 5720 3509 5804 ῐιῦζῆζ
3573 5738 3614 5770 ἰ
3641 5723 3800 5792 Ιυιω.
3842 5802 3847 5806 ι

550 5799 659 5841 xVI.
701 5790 789 5847 15.
861 5794 907 5825 ⁸²
937 5793 1073 5848 Jean
1122 5810 1253 5860 ινιι,
1288 5798 1372 5853 10.
