4082 6462
408 367 517 425 επ

1039 480 1405 548 Ἀπόκρισις.

489 576 711 649 Ἔροιμι
761 571 918 641 κὰγὼ
966 572 1131 643 ὑμᾶς,
1171 570 1511 638 ἀξιὰγαστοι,
1558 568 1654 633 Τίς
1704 568 1926 640 μείζων,
1967 570 2001 640 ὴ

420 669 600 742 ἠμέρα
633 666 729 721 καὶ
751 669 785 736 ἡ
814 664 932 736 ὥρα
959 665 1164 736 ἐκείνη,
1198 665 1232 735 ἦ
1267 665 1296 716 6
1324 662 1545 733 Πατήρ;

1029 756 1279 809 ΠΕΥΣΙΣ
1315 757 1415 809 lZ'.

501 829 560 883 '0
582 828 774 901 Πατὴρ
795 827 1058 899 δηλονότι,
1085 826 1160 901 ὡς
1190 825 1425 896 ἄναρχος
1447 825 1541 877 καὶ
1566 823 1889 899 προαιώνιος
1911 823 2006 876 καὶ

419 921 802 993 ἁκατάληπτός
829 937 890 974 τε
923 919 1019 973 καῒ⁷
1053 917 1270 972 πάντων
1302 917 1547 989 ποιητής.

1020 1102 1023 1109 .
1051 1053 1412 1120 ’Δπόκρρσιᾳ

492 1150 557 1203 Εἰ
579 1146 760 1202 τοίνυν
792 1143 992 1216 μείζων
1019 1144 1054 1197 6
1095 1143 1285 1214 Πατὴρ
1314 1142 1415 1213 τῆς
1441 1141 1589 1214 ὥρας
1617 1141 1710 1195 καὶ
1741 1140 1840 1213 τῆς
1867 1140 2008 1213 ὴμέ-

428 1259 525 1315 ρας
561 1241 657 1295 καὶ
678 1240 916 1302 πάντων,
957 1237 1095 1302 πῶς,
1127 1237 1190 1290 τὸ
1213 1235 1396 1307 μεῖξον
1426 1235 1785 1304 ἐπιστάμενος
1807 1236 1836 1288 6
1857 1233 2007 1297 Υἰὺς,

424 1334 488 1388 τὸ
520 1332 743 1386 ἔλασσον
774 1331 992 1399 ἀγνοεῖς
1042 1328 1138 1382 καὶ
1182 1327 1273 1380 τὸν
1319 1327 1550 1399 ποιητὴν
1572 1325 1876 1395 γινώσκων,
1915 1326 2010 1379 καὶ

428 1421 704 1497 συνεργῶν
728 1419 877 1491 αὐτῷ
914 1421 971 1472 ὲν
999 1420 1154 1485 πᾶσι,
1182 1416 1298 1481 πῶς
1321 1418 1577 1488 ἀγνοήσει
1617 1416 1686 1470 τὰ
1728 1417 1819 1470 ὑπ’
1843 1415 2010 1469 αὐτοῦ

429 1513 761 1585 mmor-ivra;
794 1510 998 1577 Καθὼς
1050 1509 1180 1581 γὰρ,
1216 1509 1370 1581 φησὶ,
1408 1507 1687 1579 γινώσκει
1712 1524 1786 1577 με
1828 1511 1860 1562 ό
1896 1511 2012 1561 Πα-

427 1606 561 1674 τὴρ,
586 1603 750 1674 κάγὼ
775 1601 1045 1672 γινώσκω
1083 1600 1192 1654 τὸν
1234 1600 1486 1668 Πατέρα.
1524 1598 1650 1664 Πῶς
1678 1595 1772 1653 οὖν
1817 1598 2013 1671 ἀγνοή-

430 1713 513 1750 σει
538 1695 598 1749 τὸ
627 1690 808 1768 ἧττον,
839 1695 868 1746 6
896 1693 956 1746 τὸ
983 1693 1167 1764 μεῖζον
1196 1693 1588 1764 ὲπιστάμενος;

1027 1864 1278 1919 ΠΕΥΣΙΣ
1313 1866 1422 1920 III’.

517 1977 653 2032 Ἀλλ’
684 1978 843 2049 ἡμεῖς
882 1976 1199 2048 νομίζομεν,
1227 1978 1323 2031 καὶ
1348 1975 1442 2030 τοῦ
1478 1975 1610 2030 Υἱοῦ
1649 1975 1851 2048 μείζον’
1876 1972 2016 2030 εἶναι

431 2071 523 2126 τὸν
573 2070 820 2142 Πατέρα,
873 2069 1057 2135 καθὼς
1112 2070 1275 2135 αὐτὸς
1312 2086 1507 2142 φησιν·
1552 2071 1606 2123 '0
1656 2068 1861 2139 Πατήρ
1921 2084 2027 2136 μου

426 2163 642 2235 μείζων
662 2163 782 2234 μού
814 2163 1005 2217 ἐστιν.

432 2288 437 2291 -
1052 2255 1407 2325 Ἀπόκρισις.

501 2347 615 2417 οὐχ
648 2346 792 2400 ὅσιον
820 2344 1018 2408 οἴεσθε,
1053 2343 1278 2413 μείζονα
1322 2345 1588 2416 ὑπάρχειν
1622 2344 1718 2399 τοῦ
1745 2342 1886 2422 ,Υίοῦ
1926 2344 2019 2397 τὸν

433 2437 731 2509 Πατέρα,ῆ
778 2436 1125 2509 περιφερείᾳ,
1168 2437 1202 2508 ἢ
1247 2435 1473 2506 ὅγκῳ,ἢ
1504 2435 1703 2506 χρόνῳ,
1739 2435 1771 2505 ἢ
1819 2433 2018 2505 καιρῷ,

432 2529 468 2600 ἢ
503 2527 651 2602 ἀξίᾳ,
680 2529 713 2600 ἢ
738 2528 916 2600 ῥώμῃ,
949 2528 982 2599 ἢ
1031 2527 1264 2599 θεότητι,
1304 2527 1337 2599 ἢ
1386 2527 1626 2598 μεγέθει,
1664 2527 1698 2598 ἢ
1739 2527 1879 2596 ὄψει.
1919 2527 2022 2579 Οὐ-

433 2622 524 2675 δὲν
552 2622 657 2695 γὰρ
685 2622 890 2675 τούτων
928 2622 986 2676 ἐν
1021 2624 1087 2692 τῇ
1137 2620 1258 2694 θείᾳ
1289 2621 1498 2692 Τριάδι.
1540 2620 1703 2674 Ἀλλὰ
1742 2620 1881 2675 καθὸ
1905 2623 2023 2676 Πα-

433 2711 538 2785 τὴρ
573 2715 600 2767 6
623 2713 813 2784 Πατήρ
837 2715 1008 2771 ἐστιν.
1051 2711 1193 2766 οὕτω
1231 2713 1545 2784 γνησιότητι
1569 2713 1598 2765 6
1639 2712 1763 2776 Υἱὸς
1786 2712 1877 2766 τὸν
1906 2712 2021 2766 Πα-

434 2804 571 2877 τέρα
592 2806 746 2875 τιμᾷ.
773 2804 848 2857 υὺ
878 2804 985 2876 γὰρ
1014 2802 1167 2874 ὄγκῳ
1204 2802 1427 2876 φέρεται
1455 2802 1515 2856 τὸ
1534 2803 1707 2867 Θεῖον,
1733 2803 1842 2857 οὐδ’
1862 2803 2028 2875 ὑπέρ-

435 2912 596 2965 ογκος
618 2891 754 2966 εἶ(6)
797 2892 892 2948 τοῦ
913 2894 1109 2959 Παιδὸς
1125 2897 1153 2948 6
1170 2896 1378 2969 Πατήρ·
1396 2895 1458 2949 οὐ
1483 2895 1696 2966 χρόνοις
1714 2896 2021 2960 ὑπόκειται,

438 2986 527 3040 ἴνα
564 2981 955 3059 ὁπέρχρονοςῇ
1003 2986 1032 3039 6
1068 2987 1348 3057 γεννήτωρ
1380 2984 1474 3040 τοῦ
1502 2984 1886 3057 γεννηθέντος·
1917 2985 2025 3039 οὐδ’

365 3127 375 3137 ,
439 3073 507 3133 αὖ
533 3078 693 3131 πάλιν
715 3077 792 3149 τῷ
819 3077 945 3149 ὕψει
973 3077 1216 3150 μερικῶς
1239 3077 1495 3132 τάττεται
1541 3078 1569 3130 6
1594 3078 1808 3150 Πατὴρ,
1850 3077 2029 3131 πάντα

441 3171 731 3244 περιέχων,
784 3171 877 3224 ὑπ’
916 3170 1129 3233 οὐδενὸς
1179 3169 1234 3223 δὲ
1287 3170 1706 3243 περιεχόμενος,
1751 3169 2029 3242 ἀμεγέθης

442 3262 702 3337 ὑπάρχων
735 3262 831 3316 καὶ
853 3262 1076 3326 ἄποσος.

1063 3534 1311 3591 [ΙΕΥΣΞΣ
1334 3532 1435 3588 ιΘι.

513 3634 578 3689 Εἰ
608 3628 703 3687 οὖν
726 3625 844 3693 Iac;
870 3627 950 3699 τῷ
978 3627 1098 3698 Θεῷ
1119 3625 1215 3680 καὶ
1241 3624 1417 3697 Πατρὶ
1441 3626 1470 3677 6
1499 3624 1650 3689 Υἱὸς,
1679 3625 1774 3679 καὶ
1796 3624 1871 3688 ὼς
1892 3625 2036 3677 ἐκεῖ·

444 3744 534 3789 νος
566 3723 792 3794 ἀγαθὸς.
826 3720 945 3785 πῶς
977 3720 1140 3783 αὐτὸς
1171 3718 1343 3788 λέγει,
1378 3717 1592 3784 Οὐδεὶς
1619 3718 1842 3789 ἀγαθὸς
1872 3718 1925 3770 ει
1947 3714 2035 3785 μὴ

446 3812 541 3885 εἷς
563 3838 591 3873 ὗ
628 3815 808 3881 ead“
1060 3880 1422 3949 Ἀπόκρισις.

533 3978 672 4032 Ἀλλ’
706 3978 807 4031 οὐκ
836 3973 1167 4047 ἀρνούμενος
1201 3972 1392 4026 ἑαυτὸν
1420 3971 1515 4043 τῆς
1541 3969 1898 4043 ἀγαθότητος,
1929 3970 2038 4024 οὐδ’

451 4068 894 4140 ὐπεκφερὸμενος
944 4065 1045 4134 τῆς
1098 4065 1350 4135 θεότητος
1400 4061 1562 4133 μόνον
1614 4060 1779 4131 φησὶν
1838 4060 2041 4129 ἀγαθὸν

451 4144 719 4232 ὖπάρχειν
751 4156 842 4211 τὸν
867 4155 999 4209 Θεὸν
1027 4156 1122 4208 καὶ
1154 4154 1398 4225 Πατέρα.
1440 4151 1774 4221 Ἀκροτάτης
1804 4150 1861 4202 δὲ
1886 4167 2043 4222 στορ-

454 4251 560 4322 γῆς
601 4252 694 4304 καὶ
712 4248 1047 4318 ἀγαθότητος
1069 4245 1300 4317 ἐναργὴς
1331 4242 1627 4309 ἀπόδειξις,
1653 4241 1714 4294 τὸ
1744 4242 1819 4312 μὴ
1841 4240 2040 4310 ἐαυτῷ,

452 4342 590 4398 ἀλλὰ
626 4341 705 4414 τῷ
741 4340 920 4412 Πατρὶ
959 4338 1254 4410 ἀναφέρειν
1296 4331 1394 4408 τὴν
1436 4335 1622 4405 τιμὴν,
1674 4334 2044 4404 φιλοπάτορας

451 4435 602 4507 ἡμᾶς
627 4430 897 4487 παιδεύων
925 4428 1210 4499 ὑπάρχειν.
1242 4423 1588 4497 Αὐθαιρέτως
1613 4422 1720 4495 γὰρ
1739 4419 2045 4494 μετριάζων

456 4528 516 4581 οὐ
567 4521 850 4594 φιλοδοξεῖ,
903 4519 1027 4573 οὐδὲ
1077 4516 1157 4588 τῷ
1210 4515 1486 4587 ἀξιώματι
1527 4511 1859 4585 κορυφοῦται
1907 4510 2048 4565 κατὰ

453 4618 580 4681 τοὺς
609 4613 877 4685 σοϐαροὺς
905 4610 1002 4665 καὶ
1022 4608 1288 4674 ἀλαζόνας
1307 4605 1556 4678 ἀμυδρᾶς
1578 4604 2047 4676 ὲπιλελημμένους

406 4758 411 4773 ,
455 4708 653 4780 ἀρχῆς,
692 4706 783 4759 διὰ
819 4704 920 4774 τῆς
950 4702 1087 4776 πρὸς
1118 4701 1180 4755 τὸ
1212 4699 1433 4770 ἀμειδὲς
1456 4697 1549 4752 καὶ
1588 4695 1946 4766 δυσπρόσιτον
1977 4695 2044 4765 τῇ

454 4796 552 4852 τοῦ
585 4799 827 4868 κήρυκος
848 4796 999 4866 φωνῇ
1031 4790 1437 4862 ὲξογκούμενοι,
1476 4786 1728 4859 καὶπρὸς
1759 4784 2048 4839 ἁτίθασσον

460 4889 602 4963 θῆρα
641 4887 1103 4960 μετατυπούμενοι
1126 4904 1138 4916 ο
1175 4885 1274 4953 οὐχ
1301 4881 1601 4953 ἡμερότητι
1629 4880 1722 4932 καὶ
1748 4871 2045 4949 φιλανθρω·

459 4980 560 5053 πίει
576 4978 674 5051 τὴν
701 4976 949 5043 ἐξουσίαν
968 4976 1244 5049 κρίνοντες
1260 4973 1359 5043 τῆς
1379 4971 1612 5042 ἀλήκτου
1634 4967 1810 5038 δόξης,
1827 4966 2053 5027 εἰκότως

460 5072 886 5144 ὲπαχθήσονται.
935 5070 998 5122 El
1045 5068 1103 5121 δὲ
1142 5064 1452 5139 προχείρως
1505 5062 1612 5115 πᾶν
1663 5060 1866 5129 ἀγαθὸν
1919 5057 2054 5133 Cmo-

460 5165 666 5217 ποιεῖτε
687 5201 702 5227 ,
733 5160 1021 5223 πλείστους
1043 5161 1101 5213 ὲν
1125 5158 1205 5229 τῷ
1235 5156 1393 5228 μέρει
1421 5152 1596 5224 τούτῳ
1620 5151 1775 5214 θεοὺς
1822 5149 2016 5220 ἕξομεν
2035 5188 2050 5210 ,
2132 5158 2135 5161 ‘

464 5255 733 5326 πολλαχοῦ
768 5254 869 5323 τῆς
893 5253 1044 5317 θείας
1059 5250 1286 5323 Γραφῆς
1319 5247 1458 5320 μετὰ
1488 5244 1620 5300 Θεὸν
1648 5243 1858 5315 βοώσης
1879 5242 2054 5312 ὑπάρ-

464 5364 578 5417 χειν
624 5347 720 5399 καὶ
759 5345 925 5414 ἔτερα
973 5344 1191 5413 ἀγαθάο
1248 5340 1326 5413 πὴ
1380 5340 1478 5412 μὲν
1522 5339 1808 5409 φάσκουσα
1852 5334 2055 5405 ἀγαθὸν

436 5437 632 5492 -παίδα
663 5436 991 5508 πτωχὸν.καὶ
1014 5435 1176 5504 σοφὸν
1207 5434 1298 5488 τὸν
1336 5431 1610 5503 Σαμουὴλ,
1637 5428 1714 5500 πὴ
1741 5429 1818 5492 δὲ,
1859 5425 2059 5495 ἀγαθὸς

465 5526 644 5582 Σαοὺλ
675 5527 791 5589 υίὸς
813 5526 1004 5591 Κίσου,
1029 5527 1059 5578 6
1089 5523 1307 5596 πρῶτος
1326 5521 1421 5576 τοῦ
1451 5519 1668 5593 Ἰσραὴλ
1694 5518 1849 5583 ἄναξ.
1870 5516 1979 5569 Καὶ
1995 5516 2060 5584 τῇ

471 5620 638 5694 Ἀννῃ
654 5619 879 5689 ἀπαιδία
899 5619 994 5673 καὶ
1008 5616 1294 5689 στειρώσει
1313 5613 1655 5687 ποτνιωμένη
1669 5612 1832 5683 φησὶν
1846 5611 1874 5662 6
1890 5609 2013 5663 Ἑλκ
2021 5624 2072 5663 α·

1761 357 2115 417 DIALOGUS
2150 358 2191 415 1.

3588 353 3689 407 δτι

2741 469 3051 537 Responsio.

2177 565 2371 623 Merito
2402 566 2733 636 interrogem
2776 571 2828 618 et
2867 575 2968 632 ego
3008 574 3107 615 vos
3131 600 3146 625 ,
3181 575 3216 613 ο
3240 558 3483 632 praeclari
3506 601 3520 624 ,
3552 557 3692 627 Quis

2105 660 2329 731 major?
2353 674 2484 714 num
2516 657 2635 712 dies
2664 663 2717 711 et
2745 654 2880 708 hora
2912 654 3035 716 illa,
3070 668 3139 707 an
3165 650 3328 707 Pater
3352 651 3376 703 ?

2543 743 3067 804 INTERROGATIO
3103 743 3269 799 XVII.

2176 821 2342 877 Pater
2380 820 2601 891 utique,
2642 818 2735 886 qui
2775 825 2861 873 est
2901 817 3109 886 absque
3152 813 3457 884 principio,
3499 817 3555 869 et
3590 826 3697 870 ste-

2108 912 2248 967 culis
2305 909 2563 964 omnibus
2619 908 2793 979 prior,
2853 911 2909 962 et
2968 901 3577 975 incomprehensibilis,
3641 910 3701 958 et

2109 1002 2354 1058 omnium
2390 999 2663 1055 conditor.

2747 1067 3057 1139 Responsio.

2178 1160 2239 1216 Si
2268 1176 2399 1232 ergo
2445 1158 2621 1230 major
2664 1157 2846 1222 Pater,
2891 1172 3056 1228 quam
3087 1156 3223 1210 hora
3253 1162 3309 1212 et
3337 1154 3458 1211 dies
3488 1154 3580 1209 ille
3599 1194 3613 1217 ,
3646 1162 3701 1209 et

2109 1254 2328 1324 quidem
2370 1250 2541 1319 major
2585 1249 2887 1305 omnibus:
2940 1248 3217 1318 quomodo
3264 1246 3447 1317 majus
3494 1260 3701 1318 cogno-

2112 1356 2273 1401 scens
2306 1343 2512 1410 Filius,
2546 1340 2822 1415 ignorabit
2863 1338 3091 1393 minus?
3126 1338 3220 1405 qui
3259 1345 3314 1393 et
3353 1337 3701 1394 conditorem

2112 1435 2436 1506 cognoscit,
2497 1441 2553 1489 et
2608 1440 2870 1502 operatur
2925 1445 3050 1485 cum
3109 1429 3230 1500 ipso
3284 1430 3341 1484 in
3395 1430 3698 1495 omnibus,

2112 1525 2388 1598 quomodo
2441 1523 2721 1596 ignorabit
2777 1537 2810 1576 a
2859 1536 2919 1577 se
2963 1520 3153 1575 facta?
3206 1519 3700 1588 Quemadmodum,

2114 1620 2312 1689 inquit,
2343 1618 2483 1671 novit
2522 1632 2602 1670 me
2644 1614 2830 1679 Pater,
2871 1614 3035 1667 etiam
3076 1613 3186 1681 ipse
3224 1613 3344 1666 novi
3377 1611 3598 1666 Patrem
3628 1610 3698 1663 ⁸³.

2112 1709 2403 1776 Quomodo
2463 1707 2632 1778 igitur
2687 1704 2962 1776 ignorabit
3014 1704 3234 1769 minus,
3286 1704 3382 1774 qui
3442 1704 3594 1759 novit
3644 1702 3701 1756 id

2115 1798 2264 1871 quod
2315 1798 2500 1869 majus
2555 1797 2688 1853 est?

2539 1885 3063 1944 INTERROGATIO
3100 1884 3290 1940 XVIII.

2188 1982 2351 2055 Atqui
2384 1997 2488 2040 nos
2518 1983 2858 2038 arbitramur
2885 1981 3052 2037 etiam
3094 1979 3234 2034 Filio
3275 1979 3542 2049 majorem
3583 1993 3707 2035 esse

2117 2073 2369 2138 Patrem,
2404 2070 2868 2143 quemadmodum
2927 2069 3109 2140 inquit
3161 2069 3279 2139 ipse
3308 2086 3324 2122 :
3356 2067 3521 2122 Pater
3551 2082 3707 2124 meus

2090 2226 2093 2229 λ
2120 2165 2296 2236 major
2331 2181 2410 2220 me
2439 2172 2520 2219 est
2550 2163 2617 2220 ".

2759 2254 3064 2324 Responsio.

2190 2337 2312 2403 Non
2358 2348 2495 2403 satis
2543 2348 2633 2418 pie
2680 2347 2887 2417 putatis
2934 2346 3200 2416 majorem
3250 2362 3376 2403 esse
3420 2346 3558 2402 Filio
3602 2346 3709 2402 Pa-

2124 2454 2274 2503 rem,
2326 2439 2412 2495 vel
2462 2438 2705 2494 ambitus
2754 2439 3002 2503 ratione,
3054 2438 3143 2493 vel
3187 2439 3388 2503 molis,
3436 2440 3522 2494 vel
3570 2447 3709 2495 tem-

2123 2531 2312 2601 poris,
2342 2531 2426 2587 vel
2474 2529 2761 2602 dignitatis
2782 2571 2797 2597 ,
2836 2530 3213 2600 vel‘roboris,
3244 2531 3330 2585 vel
3369 2531 3709 2592 divinitatis.

2124 2623 2210 2677 vel
2269 2620 2673 2694 magnitudinis
2705 2660 2721 2685 ,
2785 2621 2870 2675 vel
2926 2620 3284 2677 excellentia.
3353 2620 3500 2675 Nihil
3563 2621 3711 2676 enim

2125 2711 2399 2782 ejusmodi
2447 2711 2505 2766 in
2555 2718 2749 2766 sancta
2795 2709 3067 2765 Trinitate
3123 2710 3305 2764 locum
3359 2710 3542 2765 habet.
3604 2708 3713 2765 Sed

2128 2810 2401 2873 quatenus
2440 2801 2627 2867 Pater,
2678 2800 2842 2857 Pater
2887 2809 3004 2865 est,
3042 2800 3287 2870 legitimo
3330 2801 3568 2871 quodam
3616 2800 3717 2854 ho-

2131 2910 2271 2952 nore
2319 2894 2495 2951 Filius
2545 2894 2765 2950 Patrem
2811 2893 3002 2948 allicit.
3045 2890 3167 2947 Non
3214 2892 3360 2947 enim
3399 2892 3543 2949 mole
3583 2907 3717 2963 qua-

2130 2985 2257 3040 dam
2294 2990 2544 3054 gestator
2582 2981 2888 3063 Divinitas,
2946 2990 3005 3036 ut
3054 2981 3200 3037 mole
3249 2989 3473 3051 superet
3519 2981 3718 3038 Filium

2132 3074 2338 3131 Pater:
2372 3089 2553 3142 neque
2578 3071 2811 3143 tempori
2847 3071 3131 3142 subjacet,
3179 3078 3241 3126 ut
3281 3072 3434 3142 prior
3477 3082 3722 3144 tempore

2134 3163 2208 3219 sit
2236 3163 2455 3233 genitor
2483 3160 2711 3233 genito:
2749 3175 2931 3231 neque
2962 3161 3094 3215 item
3131 3159 3494 3215 sublimitatis
3534 3161 3721 3217 habita

2130 3252 2348 3307 ratione
2379 3251 2678 3322 separatim
2714 3250 2941 3321 ponitur
2973 3247 3157 3317 Pater,
3200 3249 3295 3319 qui
3338 3251 3526 3306 omnia
3564 3267 3722 3308 com-

2133 3345 2441 3414 plectatur,
2505 3343 2623 3415 ipse
2680 3357 2710 3398 a
2765 3344 2921 3398 nullo
2986 3343 3467 3413 comprehensus,
3522 3360 3724 3416 expers

2064 3440 2069 3443 ⁷
2135 3428 2532 3509 magnitudinis
2562 3441 2617 3490 et
2653 3434 3011 3506 quantitatis.

2575 3522 3107 3582 INTERROGATIO
3147 3526 3289 3582 XIX.

2211 3617 2269 3672 Si
2304 3617 2474 3689 igitur
2501 3617 2733 3687 aequalis
2761 3616 2876 3673 Dco
2903 3632 2970 3673 ac
2992 3616 3147 3673 Patri
3179 3608 3356 3674 Filius
3390 3629 3497 3683 est,
3534 3627 3587 3675 et
3628 3620 3727 3674 bo.

2139 3721 2244 3762 nus
2304 3705 2772 3775 quemadmodum
2846 3706 2959 3772 ille,
3036 3708 3318 3777 quomodo
3373 3708 3557 3779 inquit
3586 3710 3727 3781 ipse,

2139 3795 2501 3852 Nemo.bonus
2534 3805 2633 3864 est,
2656 3805 2850 3866 prwter
2882 3814 3045 3852 anno:
3067 3798 3237 3852 Deum
3254 3797 3347 3851 5'?

2778 3886 3087 3956 Responsio.

2212 3980 2329 4037 Non
2365 3980 2509 4050 quod
2538 3988 2700 4051 neget
2735 3980 2792 4033 in
2823 3981 3126 4052 semetipso
3172 3981 3507 4050 bonitatem,
3555 4000 3731 4056 neque

2143 4071 2213 4127 de
2244 4070 2535 4126 divinitate
2566 4085 2627 4125 se
2661 4071 2932 4135 eximcns,
2959 4072 3143 4145 solum
3174 4073 3356 4146 inquit
3377 4075 3582 4129 bonum
3609 4091 3736 4131 esse

2145 4161 2316 4218 Deum
2351 4169 2406 4217 et
2434 4159 2678 4217 Patrem.
2705 4160 2919 4215 Summi
2952 4162 3217 4217 nimirum
3240 4164 3446 4220 amoris
3478 4175 3532 4221 et
3565 4166 3732 4221 boni-

2149 4252 2282 4307 tatis
2328 4251 2556 4307 evidens
2591 4259 2980 4323 argumentum
3016 4262 3123 4318 est,
3158 4268 3269 4309 non
3308 4254 3437 4324 sibi,
3463 4255 3559 4311 sed
3585 4255 3736 4312 Patri

2151 4343 2368 4400 deferre
2386 4343 2674 4409 honorem,
2696 4358 2809 4414 quo
2837 4342 2958 4413 ipso
2981 4359 3084 4400 nos
3107 4359 3296 4400 amore
3321 4355 3581 4414 parentes
3608 4363 3740 4418 pro-

2154 4436 2311 4506 sequi
2360 4435 2561 4491 debere
2612 4435 2792 4491 docet.
2836 4434 2977 4490 Nam
3019 4443 3221 4507 sponte
3262 4435 3332 4492 de
3383 4452 3444 4494 se
3490 4438 3740 4494 modeste

2154 4531 2410 4600 loquens,
2443 4544 2551 4584 non
2585 4528 2805 4584 inanem
2836 4537 3023 4600 captat
3045 4529 3297 4600 gloriam,
3331 4546 3510 4601 neque
3555 4530 3739 4603 digni-

2153 4621 2286 4676 tatis
2331 4618 2746 4675 existimatione
2789 4616 3037 4685 eﬂ'ertur,
3089 4627 3150 4673 ut
3200 4620 3380 4675 solent
3419 4623 3646 4691 superbi
3687 4631 3743 4678 et

2155 4719 2505 4782 arrogantes,
2537 4709 2629 4780 qui
2661 4717 2826 4765 tenue
2844 4724 2907 4764 ac
2932 4709 3234 4765 obscurum
3273 4710 3564 4780 imperium
3595 4712 3742 4766 nacti

2157 4818 2223 4858 eo
2253 4803 2374 4872 ipso
2409 4800 2477 4855 ad
2514 4801 2849 4856 inamabiles
2886 4815 3096 4864 mores.
3141 4810 3197 4856 et
3220 4801 3372 4857 omni
3415 4818 3444 4855 a
3485 4802 3748 4857 comitate

2160 4894 2215 4948 in
2247 4893 2644 4963 congressibus
2679 4892 2890 4948 alienos
2914 4909 3011 4964 per
3048 4908 3238 4949 vocem
3279 4895 3551 4963 praeconis
3588 4894 3743 4958 elati,

2160 4986 2458 5057 immanem
2507 4983 2802 5055 quamdam
2844 4984 2900 5039 in
2950 4985 3120 5040 feram
3165 4991 3474 5051 mutantur,
3513 4984 3749 5055 ideoque

2160 5091 2270 5131 non
2287 5092 2353 5131 ex
2373 5073 2802 5132 mansuetudine
2822 5091 2887 5131 ac
2908 5076 3252 5132 humanitate
3271 5087 3547 5148 perpetua:
3562 5077 3748 5148 gloriae

2159 5173 2491 5239 patestatem
2546 5167 2871 5230 metientes,
2915 5168 3101 5222 odium
3150 5168 3205 5223 in
3253 5183 3375 5224 sese
3405 5184 3515 5222 non
3561 5168 3659 5223 abs
3690 5183 3748 5223 ro

2166 5258 2550 5315 concitabunt.
2592 5258 2750 5324 Quod
2786 5257 2834 5313 si
2879 5266 3086 5315 temere
3124 5259 3361 5330 quodvis
3386 5261 3594 5315 bonum
3635 5256 3747 5312 dci-

2166 5350 2423 5417 ﬁcabitis,
2485 5348 2751 5421 plurimos
2784 5351 2837 5406 in
2871 5351 2973 5405 hac
3012 5359 3166 5423 parte
3195 5352 3328 5408 deos
3357 5351 3599 5407 habituri
3650 5364 3745 5403 su-

2169 5460 2315 5507 mus,
2356 5443 2545 5498 multis
2573 5443 2629 5497 in
2660 5444 2801 5498 locis
2831 5444 3107 5498 clamante
3142 5442 3429 5512 Scriptura
3453 5455 3632 5505 sacra,
3660 5454 3744 5493 sed

2174 5537 2415 5591 cundum
2481 5533 2651 5589 Deum
2703 5540 2758 5587 et
2809 5534 2913 5587 alia
2953 5532 3202 5604 quaedam
3236 5549 3359 5588 esse
3390 5533 3551 5595 bona,
3595 5529 3752 5583 verbi
3866 5560 3869 5563 -

2179 5628 2376 5700 gratia,
2404 5642 2569 5698 quum
2610 5626 2847 5698 quodam
2878 5627 2954 5683 ait
2982 5626 3035 5682 in
3073 5625 3195 5680 loco
3227 5624 3294 5692 ",
3344 5624 3544 5679 bonum
3580 5619 3754 5676 fuisse

540 5773 587 5808 ⁸³
617 5772 780 5830 Joan.
817 5791 876 5840 ι,
916 5776 1003 5831 l5.
1085 5774 1131 5807 "
1154 5772 1313 5828 Joan.
1351 5789 1463 5839 xlv,
1492 5773 1583 5828 28.
1662 5771 1706 5805 ⁸³
1736 5769 1901 5827 Marc.
1933 5785 1986 5838 κ,
2024 5769 2038 5822 l

2188 5768 2233 5801 ⁸³
2266 5766 2437 5836 Illeg.
2470 5782 2529 5832 tt,
2556 5765 2647 5825 26.

543 5886 620 5958 {6)
654 5884 743 5944 EI.
780 5886 922 5956 Lege
952 5888 1093 5950 ἐστι,
1121 5886 1226 5951 vel,
1256 5885 1360 5952 εἴη.
1392 5885 1553 5939 Eon.

679 5982 961 6049 l’nnOL.
994 5980 1112 6046 Gn.
1148 5981 1330 6042 XXX
1344 5980 1385 6036 Υ
1399 5980 1506 6040 ιιι.

3372 5961 3447 6022 ‘28
