4082 6406
345 396 451 452 8Π

340 518 453 591 γὰρ
480 512 829 587 παρῳχηκὼς
861 511 1020 584 ἔφην,
1047 512 1095 566 εἰ
1122 511 1322 576 παντὸς
1351 509 1613 584 μεγέθους
1649 510 1742 565 καὶ
1764 529 1932 566 κατα-

341 609 559 682 λήψεως
577 604 879 676 ὑπέρτερον
900 603 1216 676 ὑπάρχοντα
1247 602 1340 657 τὸν
1380 601 1598 674 Πατέρα
1624 601 1930 671 γινώσκων,

341 701 460 766 πῶς
486 700 586 771 τὴν
624 695 840 769 ἡμέραν
869 695 966 749 καὶ
999 694 1099 767 τὴν
1127 693 1275 765 ὥραν
1314 694 1551 766 ἐκείνην,
1581 693 1785 765 ἀτμίδα
1813 694 1931 765 ἦτοι

341 791 492 866 χοῦν,
521 791 616 844 καὶ
658 788 741 842 ἔτι
779 787 985 859 ἀδρανῆ
1012 786 1108 840 καὶ
1138 785 1487 856 ἀμυδρότερα
1518 785 1654 858 πρὸς
1687 785 1748 838 τὸ
1779 784 1932 839 Θεῖον

345 880 768 954 συγκρινόμενα,
804 877 1026 946 ἀγνοεῖς
1056 875 1350 948 διαρρήδην
1392 873 1690 946 θεηγορῶν,
1719 873 1930 941 υὺδεὶς

344 972 620 1045 γινώσκει
636 969 746 1024 τὸν
768 967 1066 1036 Πατέραεὶ
1076 965 1163 1037 μὴ
1180 969 1213 1021 ὁ
1236 965 1389 1033 Υἱὸς,
1402 965 1546 1020 οὐδὲ
1564 964 1672 1020 τὸν
1690 966 1828 1020 Υὶόν
1841 982 1932 1032 τις

339 1064 529 1135 ἐπιγιν
542 1060 740 1120 (bona,
763 1061 815 1114 el
831 1058 917 1129 μὴ
937 1060 968 1113 ὀ
986 1056 1187 1125 Πατήρ
1203 1099 1216 1112 .
1247 1056 1334 1121 Ὠς
1372 1056 1482 1129 γὰρ
1507 1056 1678 1128 μέγας
1699 1059 1726 1111 ὁ
1742 1056 1930 1129 Πατὴρ

343 1151 603 1225 γινώσκει
645 1149 737 1203 τὸν
776 1149 921 1213 Υἱὸν,
956 1146 1033 1211 ὡς
1057 1147 1115 1200 δὲ
1152 1146 1405 1218 μέγιστος
1440 1146 1470 1198 6
1503 1147 1642 1212 Παῖς
1675 1146 1930 1217 γινώσκει

342 1245 433 1298 τὸν
461 1242 790 1313 Γεννήτορα,
814 1239 908 1296 καὶ
930 1238 1247 1311 ἰσομέγεθες
1261 1239 1321 1293 τὺ
1343 1240 1485 1293 θεῖον
1508 1238 1734 1312 Πνεῦμα
1755 1240 1932 1313 ὑπάρ-

343 1353 440 1409 χον
484 1332 744 1404 γινώσκει
784 1332 875 1386 τὸν
919 1331 1171 1403 Πατέρα,
1212 1331 1306 1385 καὶ
1373 1330 1464 1384 τὸν
1503 1331 1651 1395 Υίὺν,
1688 1332 1780 1386 ὑπ’
1824 1334 1930 1405 ἀμ-

344 1429 467 1497 φοῖν
501 1423 924 1494 γινωσκόμενον.
959 1421 1064 1476 Δύο
1090 1422 1149 1477 δὲ
1170 1420 1421 1492 γνώσεις,
1453 1423 1637 1496 διττὴν
1674 1424 1768 1479 καὶ
1789 1423 1933 1495 εἴδη-

345 1534 431 1572 σιν
455 1517 560 1571 ὐπὸ
588 1516 690 1587 τῆς
717 1515 867 1578 Θείας
889 1514 1112 1587 Γραφῆς
1132 1514 1502 1586 παιδευόμεθα
1522 1532 1537 1545 ο
1570 1516 1671 1585 τὴν
1695 1515 1794 1587 μὲν
1810 1517 1930 1571 κατ’

344 1609 647 1681 ἐνέργειαν,
679 1605 777 1679 τὴν
816 1605 873 1660 δὲ
915 1605 1037 1660 κατ’
1073 1605 1217 1675 ὄψιν,
1247 1604 1431 1670 καθὼς
1459 1606 1723 1677 ἀμυδροῖς
1752 1622 1930 1680 παρα-

338 1702 599 1773 δείγμασι
644 1697 986 1771 χρησάμενος
1025 1696 1324 1769 ἀπορρήξω
1365 1696 1457 1750 τὸν
1507 1696 1708 1760 κάλων,
1755 1696 1810 1750 εἴ
1845 1714 1929 1762 τις

346 1794 549 1862 ἀγνοεῖ,
582 1790 692 1844 τῶν
733 1787 1018 1859 αἱρέσεων,
1036 1784 1447 1857 ἀντισπώμενος
1483 1786 1629 1857 ὑμᾶς
1663 1786 1766 1858 τῆς
1798 1785 1927 1857 βλα-

349 1884 568 1954 σφήμθυ
625 1879 918 1951 φάλαγγος·
980 1875 1168 1941 Οὕτως
1226 1876 1336 1949 γὰρ
1398 1877 1932 1948 αἰχμαλωτισθέντας

348 1974 577 2046 βροτοὺς
615 1971 720 2025 ὑπὸ
756 1968 850 2024 τοῦ
898 1968 1144 2023 ποικίλου
1181 1967 1401 2041 Βελιὰρ,
1441 1970 1932 2041 ἀνταιχμαλωτίζει

352 2065 587 2138 Χριστὸς
607 2063 698 2118 ἐπὶ
731 2059 949 2133 σταυρῷ
969 2060 1291 2133 ὑψούμενος,
1322 2061 1464 2115 κατὰ
1489 2061 1655 2115 Δαόὶδ
1677 2063 1770 2116 τὸν
1790 2061 1933 2116 θεῖον

355 2156 609 2229 μελῳδὸν.
643 2153 864 2227 Προείδε
889 2153 998 2223 γὰρ
1027 2155 1056 2207 6
1074 2152 1368 2218 θεσπέσιος
1391 2152 1452 2206 τὸ
1478 2154 1741 2225 σωτήριον
1763 2153 1933 2220 πάθος

348 2250 446 2305 καὶ
486 2251 584 2321 τὴν
622 2249 781 2320 ἡμῶν
820 2247 1216 2320 αἰχμαλωσίαν,
1244 2246 1314 2300 δι’
1340 2240 1415 2299 ὧν
1443 2263 1608 2318 φησιν
1631 2262 1647 2276 ⁸
1693 2247 1936 2314 Ἀναϐὰς

350 2344 437 2409 τις
454 2342 613 2412 ὕψος
657 2340 1131 2411 ᾐχμιλώτευσας
1142 2339 1578 2410 αἰχμαλωσίαν,
1594 2337 1822 2406 ἔδωκας
1834 2338 1936 2393 δό-

350 2450 505 2503 ματα
525 2433 594 2487 ἑν
613 2432 963 2501 ἀνθρώ-τοις.
985 2432 1119 2487 Τίνα
1138 2431 1310 2485 ταῦτα
1330 2447 1347 2497 ;
1371 2431 1484 2502 Τὴν
1513 2432 1593 2497 εἰς
1612 2430 1818 2502 Τριάδα
1848 2430 1936 2485 πί-

355 2540 497 2587 στιν,
530 2524 623 2579 καὶ
652 2523 761 2578 τῶν
779 2522 1059 2596 μυστικῶν
1084 2522 1327 2594 τελετὴν,
1357 2522 1451 2575 καὶ
1473 2522 1661 2576 ἐλπίδα
1688 2523 1787 2594 τῆς
1808 2523 1938 2577 ἁνα-

353 2616 618 2681 στάσεως.
656 2616 882 2685 Ἐπάγει
902 2617 946 2670 δ’
983 2611 1192 2686 αὖθιςὴ
1225 2614 1333 2669 τῶν
1360 2614 1517 2675 θείων
1544 2615 1808 2686 μελῳδία·
1828 2613 1937 2669 Καὶ

351 2705 465 2777 γὰρ
482 2706 879 2773 ἀπειθοῦντας
902 2705 1008 2759 τοῦ
1031 2703 1520 2771 κατασκηνῶσαι.
1551 2704 1685 2759 Τίνα
1707 2707 1815 2776 ἄρα
1840 2704 1938 2760 καὶ

352 2798 488 2865 toﬁ;
531 2797 670 2862 Τοὺς
714 2796 775 2861 ἐξ
827 2795 1096 2850 Ἰουδαίων
1142 2796 1235 2849 καὶ
1288 2795 1556 2867 Ἐλλήνων
1599 2795 1658 2849 ὲν
1703 2797 1767 2867 τῇ
1818 2794 1939 2866 θεία

353 2891 524 2961 σκηνῇ
569 2888 671 2960 τῆς
725 2887 1074 2960 Ἐκκλησίας.
1132 2886 1397 2942 Ἀπειθῶν
1440 2885 1570 2957 γὰρ,
1614 2886 1811 2951 παίων,
1845 2886 1939 2940 καὶ¹

352 2982 679 3054 σπαράττων
720 2979 884 3044 λύκος
929 2978 1320 3052 Χριστιανοὺς,
1359 2978 1596 3044 Παῦλος,
1633 2981 1662 3033 6
1701 2977 1798 3033 νῦν
1837 2977 1939 3048 τῆς

364 3071 694 3142 Ἐκκλησίας
724 3071 934 3135 στύλος,
965 3072 999 3143 η
1024 3070 1375 3141 ὑψηλόφωνος
1407 3069 1508 3141 τῆς
1536 3070 1772 3133 πίστεως
1806 3068 1937 3123 σάλ-

354 3165 507 3233 πιγξ,
538 3165 567 3217 6
604 3162 771 3217 πάλαι
803 3161 1014 3217 διώκων
1048 3161 1254 3227 κακῶς,
1296 3160 1477 3225 καλῶς
1513 3160 1743 3231 τραπεὶς
1780 3160 1939 3214 ἑκουο

357 3253 490 3319 σίως
504 3254 645 3326 ὑπὲρ
665 3253 774 3309 τῶν
785 3253 1127 3325 διωχθέντων
1146 3253 1485 3325 μαστίζεται,
1502 3254 1532 3306 6
1555 3253 1733 3308 παίων
1755 3250 1941 3323 ραδδξ-

356 3340 532 3409 ζεται,
576 3343 606 3397 6
649 3343 887 3415 ἀναιρῶν
931 3343 1075 3415 ὑπὲρ
1105 3342 1215 3396 τῶν
1249 3342 1567 3412 σφαγέντων
1607 3340 1947 3415 αὐθαιρέτως

353 3435 772 3506 καρατομεῖται,
822 3435 889 3505 τῇ
933 3431 1227 3504 οὐρανόθεν
1263 3434 1412 3503 φωνῇ
1468 3431 1564 3485 καὶ
1609 3430 1791 3503 πληγῇ
1835 3430 1945 3485 τῶν

349 3524 534 3595 ὄψεων
579 3524 719 3597 πρὸς
768 3522 941 3578 ταῦτα
969 3522 1317 3595 μεταπεσὼν,
1349 3522 1474 3578 ἀντὶ
1502 3523 1705 3577 Σαύλου
1736 3523 1946 3589 Παῦλος

354 3616 466 3670 ὑπὸ
483 3616 577 3671 τοῦ
602 3614 962 3688 ὠνησαμένου
998 3613 1235 3688 Χριστοῦ
1284 3614 1733 3688 μετονομασθεὶς,
1764 3615 1853 3671 ἵνα
1876 3615 1947 3669 τὰ

356 3709 487 3780 ἔθνη
521 3709 882 3782 Χριστιανοὺς
914 3706 1349 3781 προσαγορεύσει.

1772 388 2120 448 DMMNIL'S
2158 390 2198 444 Ι.

3508 383 3614 442 8Τ8

2036 512 2166 567 illud
2199 520 2451 568 sanctum
2497 521 2551 568 et
2595 528 2688 585 per
2742 528 2805 568 se
2844 509 3159 568 subsistens
3210 507 3473 575 Verbum,
3528 509 3612 565 lo-

2033 618 2210 674 quens
2239 610 2294 659 et
2322 604 2575 670 audiens,
2609 605 2664 659 in
2693 603 2990 675 Evangelia
3026 603 3291 659 divinitus
3329 603 3422 658 illa
3445 602 3613 661 verba

2035 679 2296 767 protulit:
2351 694 2521 751 Nemo
2562 698 2704 752 novit
2745 696 2883 750 diem
2928 705 3024 750 aut
3069 695 3253 750 horam
3302 696 3478 763 illam,
3520 714 3613 753 nec

2032 788 2208 857 angeli
2244 788 2498 853 caelestes,
2531 804 2692 859 neque
2738 772 2915 842 Filius
2937 789 2984 820 "
3020 794 3110 844 :et
3152 787 3371 859 quidem
3405 788 3613 845 ratione

2032 877 2534 935 administrationis
2592 857 2736 943 suae,
2789 893 2853 934 ac
2913 879 3215 935 secundum
3270 880 3608 951 peculiarem

2032 983 2254 1025 sensum
2286 985 2350 1025 ea
2388 970 2641 1042 protulit.
2680 968 2747 1025 Ut
2781 970 2928 1025 enim
2962 971 3219 1041 superius
3246 984 3276 1025 a
3326 971 3489 1027 nobis
3525 970 3614 1026 di-

2031 1070 2179 1118 ctum
2212 1070 2317 1128 est,
2354 1066 2401 1119 si
2436 1065 2589 1118 omni
2622 1063 3000 1135 magnitudine
3028 1071 3082 1119 et
3122 1062 3614 1133 comprehensione

2032 1152 2498 1224 perceptioneque
2528 1153 2871 1222 superiorem
2903 1150 3119 1207 Patrem
3140 1152 3444 1222 cognoscit,
3476 1168 3614 1223 quo-

2031 1243 2195 1298 modo
2221 1243 2363 1298 diem
2397 1252 2451 1299 et
2486 1242 2680 1298 horam
2716 1244 2868 1299 illam
2898 1243 3158 1305 nesciret,
3190 1257 3312 1313 quae
3367 1250 3498 1299 sunt
3526 1243 3614 1298 in.

2031 1342 2146 1390 star
2181 1350 2328 1390 aurze
2356 1335 2705 1406 pulverisque
2726 1335 3039 1404 cujusdam,
3072 1342 3167 1389 aut
3194 1335 3362 1389 etiam
3391 1334 3611 1390 levioris
3648 1324 3652 1329 ⁴

2029 1434 2084 1482 et
2115 1427 2385 1483 tenuioris
2409 1426 2509 1488 rei,
2546 1427 2591 1482 si
2621 1442 2746 1481 cum
2776 1432 2972 1481 natura
3001 1425 3246 1481 numinis
3268 1426 3416 1481 illius
3439 1426 3611 1482 divini

2030 1519 2454 1590 comparentur?
2488 1518 2785 1589 prtesertim
2825 1533 2992 1590 quum
3022 1517 3224 1574 diserte
3271 1517 3419 1574 dicat
3450 1536 3467 1574 :
3502 1516 3615 1574 Ne-

2031 1627 2115 1665 mo
2144 1612 2284 1666 novit
2304 1606 2525 1663 Patrem
2550 1612 2653 1666 nisi
2682 1609 2878 1674 Filius,
2906 1626 3066 1680 neque
3103 1608 3302 1665 Filium
3334 1611 3613 1681 quisquam

2030 1704 2321 1775 cognoscit,
2353 1703 2458 1757 nisi
2488 1701 2740 1756 Pater".
2774 1699 2845 1757 Ut
2871 1701 3018 1757 enim
3058 1716 3288 1773 magnus
3328 1700 3420 1757 ille
3448 1700 3614 1757 Pater

2031 1797 2184 1852 novit
2210 1794 2430 1858 Filium,
2457 1803 2624 1865 utque
2657 1792 2928 1849 maximus
2960 1793 3051 1848 ille
3076 1791 3251 1850 Filius
3276 1790 3427 1848 novit
3441 1788 3613 1849 Geni-

2032 1893 2206 1942 torem
2243 1903 2257 1940 :
2310 1885 2384 1941 ita
2436 1893 2491 1939 et
2536 1882 2764 1954 aequalis
2809 1882 3189 1953 magnitudine
3230 1881 3471 1954 Spiritus
3523 1881 3615 1937 ille

2034 1987 2259 2036 sanctus
2282 1975 2431 2032 novit
2454 1973 2672 2031 Patrem
2703 1982 2758 2031 et
2786 1972 3008 2040 Filium,
3044 1974 3115 2031 ab
3143 1974 3390 2045 utrisque
3419 1975 3614 2045 cogni-

2034 2080 2149 2131 tus.
2178 2069 2255 2126 De
2280 2069 2494 2124 duabus
2521 2074 2701 2123 autem
2728 2065 3136 2138 cognitionibus
3164 2064 3476 2138 duplicique
3508 2080 3613 2121 no-

2035 2163 2154 2219 titia
2211 2160 2388 2217 sacris
2439 2159 2492 2214 in
2548 2157 2772 2214 Litteris
2838 2159 3140 2226 docemur;
3205 2172 3439 2228 quarum
3505 2158 3614 2213 alia

2035 2253 2259 2325 quidem
2316 2248 2620 2308 secundum
2707 2257 2914 2315 actum,
2965 2248 3076 2304 alia
3123 2262 3254 2303 vero
3312 2247 3614 2304 secundum

2037 2344 2238 2400 faciem
2286 2343 2526 2408 exsistit,
2561 2340 3022 2412 quemadmodum
3066 2339 3319 2398 obscuris
3351 2340 3615 2411 exemplis

2035 2444 2202 2493 utens
2243 2433 2430 2490 funem
2482 2432 2846 2505 ignorationis
2873 2431 3218 2503 abrumpam,
3239 2446 3304 2487 ac
3332 2446 3430 2488 vos
3454 2446 3487 2487 a
3525 2447 3614 2488 se-

2037 2532 2250 2582 ctarum
2269 2523 2588 2594 blaspheme
2609 2521 2826 2594 agmine
2839 2522 3127 2578 revocabo.
3148 2520 3240 2577 Sic
3259 2522 3402 2578 enim
3425 2529 3617 2592 captes

2039 2631 2068 2670 a
2111 2626 2340 2673 versuto
2387 2616 2591 2674 Beliale
2625 2617 2907 2683 mortales,
2950 2617 3194 2673 vicissim
3229 2617 3476 2688 captivos
3512 2616 3618 2673 sibi

2042 2708 2220 2765 reddit
2238 2708 2518 2772 Christus,
2537 2709 2810 2765 exaltatus
2837 2709 2892 2763 in
2929 2723 3112 2774 cruce,
3128 2709 3431 2764 secundum
3448 2708 3619 2763 Davi-

2039 2799 2162 2857 dem
2204 2809 2384 2857 vatem
2411 2801 2680 2858 divinum.
2722 2800 3066 2865 Praevidebat
3090 2801 3242 2857 enim
3270 2808 3499 2858 sanctus
3529 2799 3622 2861 ille

2041 2892 2126 2948 vir
2154 2892 2452 2949 salutarem
2493 2893 2808 2965 passionem
2835 2901 2890 2950 et
2924 2894 3301 2965 captivitatem
3335 2900 3620 2950 nostram:

2046 2994 2099 3039 et
2142 2984 2348 3040 idcirco
2378 2984 2558 3055 inquit
2598 3001 2615 3040 :
2657 2981 2959 3038 Ascendisti
3009 2983 3060 3037 in
3104 2981 3309 3048 altum,
3355 2982 3622 3050 captivam

2040 3074 2249 3130 duxisti
2278 3075 2678 3145 captivitatem;
2714 3072 2910 3127 dedisti
2934 3073 3083 3127 dona
3127 3073 3266 3126 inter
3298 3071 3620 3128 homines".

2046 3164 2312 3232 Quanam
2354 3164 2487 3219 illa?
2514 3162 2674 3219 ﬁdem
2699 3163 2753 3218 in
2783 3160 3134 3226 Trinitatem,
3167 3168 3222 3216 et
3254 3176 3438 3217 rerum
3489 3176 3626 3233 my-

2048 3255 2314 3311 sticarum
2344 3269 2560 3310 sacram
2596 3252 3153 3318 administrationem,
3179 3259 3233 3307 et
3260 3266 3410 3321 spem
3434 3266 3625 3307 resur-

2043 3341 2325 3399 rectionis.
2351 3340 2587 3413 Suhjicit
2608 3349 2788 3399 autem
2822 3356 3015 3398 rursus
3044 3341 3318 3395 canticum
3341 3341 3623 3397 divinum:

2039 3433 2153 3490 Sed
2181 3443 2233 3489 et
2268 3433 2619 3491 inobedientes
2649 3434 2717 3488 ad
2752 3433 3104 3488 habitandum
3126 3432 3193 3486 ⁷⁸.
3232 3430 3538 3499 Quemnam
3571 3442 3629 3489 et.

2042 3519 2174 3582 ubi?
2207 3525 2316 3582 Eos
2344 3525 2438 3597 qui
2474 3533 2606 3582 sunt
2631 3539 2697 3581 ex
2725 3523 2933 3580 Jutlaeis
2956 3530 3011 3579 et
3035 3523 3314 3594 gentibus,
3349 3522 3406 3579 in
3431 3531 3629 3579 sancto

2044 3618 2363 3674 habitacqu
2387 3616 2668 3675 Ecclesiae.
2701 3614 3027 3673 lnobediens
3051 3615 3197 3670 enim
3220 3616 3330 3680 ille,
3354 3613 3630 3671 terriﬁcus

2052 3717 2110 3768 et
2160 3711 2481 3778 discerpens
2526 3708 2871 3765 Christianos
2915 3706 3080 3778 lupus
3107 3715 3227 3762 erat
3262 3704 3485 3771 Paulus,
3529 3705 3629 3777 qui

356 3822 510 3864 nilne
550 3805 811 3862 Ecclesia:
858 3806 1119 3861 columna
1167 3811 1274 3870 est,
1324 3803 1562 3859 altisona
1597 3803 1723 3859 ﬁdei
1760 3803 1930 3870 tuba;
1982 3806 2075 3876 qui
2108 3804 2406 3876 aliquando
2444 3804 2589 3859 male
2625 3803 3074 3874 persequebatur,
3127 3808 3275 3856 recte
3303 3815 3627 3867 conversus,

355 3908 664 3971 spontanea
719 3901 1000 3956 voluntate
1064 3911 1164 3969 pro
1223 3895 1293 3951 iis
1347 3893 1441 3966 qui
1496 3895 1931 3965 persecutionem
1986 3895 2287 3964 patiuntur,
2343 3892 2681 3966 ﬂagellatur;
2752 3891 3085 3963 percutiens,
3138 3889 3303 3960 virgis
3364 3889 3628 3957 creditur;

360 3993 721 4060 interfector,
770 4009 871 4065 pro
926 3991 1129 4050 occisis
1185 3989 1382 4045 lubens
1428 3988 1608 4059 capite
1655 3996 1944 4044 truncatur
1983 4006 1997 4044 :

2039 4004 2135 4060 per
2185 3989 2427 4044 auditam
2477 3978 2695 4042 ekelitus
2736 4001 2925 4042 vocem
2977 3992 3033 4042 et
3078 3986 3362 4043 oculorum
3414 3988 3629 4059 plagam

357 4102 688 4153 conversus,
714 4062 816 4159 pro
847 4087 1015 4142 Saulo
1049 4084 1254 4143 Paulus
1321 4099 1351 4140 a
1389 4085 1735 4156 redemptore
1779 4083 2005 4141 Christo
2054 4083 2316 4156 deinceps
2364 4082 2707 4148 nominatur,
2769 4090 2829 4137 ut
2879 4082 3139 4153 gentibus
3187 4062 3630 4139 Christianorum

360 4197 563 4239 nomen
602 4181 835 4239 inderet.

451 4292 592 4346 Ἀλλ’
602 4292 696 4346 ἐπὶ
709 4289 975 4363 τδςπροκεί
979 4306 1139 4361 μενον
1155 4288 1233 4361 τῷ
1244 4288 1388 4361 λόγῳ
1400 4287 1657 4360 παλινδρο
1664 4287 1947 4360 μησωμεν,

362 4380 600 4454 ὀξυτέρα
644 4382 711 4452 τῇ
744 4378 866 4449 ὄψει
913 4379 1012 4450 τῆς
1046 4378 1288 4443 διανοίας
1329 4378 1632 4451 χρώμενοι,
1671 4376 1809 4449 πρὸς
1851 4377 1952 4447 τὴν

362 4472 694 4543 κατανόησιν
722 4471 822 4542 τῆς
857 4470 1043 4541 διττῆς
1085 4469 1341 4539 γνώσεως
1372 4469 1467 4523 καὶ
1508 4469 1785 4541 εἱδήσεως.
1814 4467 1952 4541 Φησὶ¹

360 4566 496 4637 γοῦν
534 4567 568 4637 ἡ
613 4564 733 4618 θεία
766 4562 959 4636 Γραφὴ
1003 4562 1133 4635 περὶ
1173 4562 1269 4616 τοῦ
1312 4561 1484 4634 ’Δδὰμ
1532 4562 1625 4615 καὶ
1653 4561 1755 4632 τῆς
1785 4559 1950 4625 Εὔας,

368 4658 508 4715 μετὰ
549 4656 612 4710 τὸ
658 4655 1048 4728 ὲξορμισθῆναι
1090 4654 1289 4719 αὐτοὺς
1332 4654 1428 4709 τοῦ
1465 4652 1826 4725 παραδείσου,
1862 4652 1943 4704 ai-

362 4745 663 4817 δουμένους
706 4744 800 4799 τοῦ
836 4744 1314 4817 ἀπηγορευμένον,
1348 4745 1538 4814 Ἔγνω
1572 4741 1752 4811 Ἀδὰμ
1788 4740 1953 4794 Εὔαν

364 4836 486 4907 τὴν
515 4835 774 4906 γυναῖκα
808 4836 1029 4902 αὐτοῦ,
1072 4836 1169 4890 καὶ
1212 4833 1616 4895 συλλαϐοῦσα
1651 4830 1838 4885 ἔτεκε.
1885 4829 1952 4882 Τί

360 4926 462 4986 οὖν
492 4927 759 5002 ὲροῦμενς
785 4929 867 4982 ὅτι
904 4929 963 4981 ὲν
1003 4926 1319 5000 παραδείσῳ
1365 4925 1553 4995 ἠγνόει
1587 4924 1756 4996 αὐτὴν
1787 4925 1816 4977 6
1852 4922 1955 4992 φά-

367 5040 515 5078 σκων
552 5021 682 5093 περὶ
707 5020 900 5091 αὐτῆς,
919 5019 1099 5075 Τοῦτο
1124 5013 1244 5074 νῦν
1273 5016 1500 5071 ὀστοῦν
1519 5016 1588 5070 ἐκ
1612 5014 1732 5070 τῶν
1758 5012 1955 5089 ὀστῶν

362 5134 515 5186 μου,
552 5115 651 5167 καὶ
693 5111 853 5182 σὰρξ
879 5113 950 5166 ἐκ
988 5111 1100 5181 τῆς
1135 5112 1370 5180 σαρκός
1398 5125 1554 5180 pou;
1593 5107 1732 5161 ’Δλλ’
1767 5107 1955 5177 ὲγίνωο

372 5222 503 5260 σκεν
534 5205 728 5276 αὐτὴν,
775 5205 895 5258 ἐκεῖ
933 5205 1032 5277 μὲν
1068 5207 1136 5276 τῇ
1178 5203 1301 5273 ὕψει
1333 5202 1491 5276 μόνῃ,
1537 5200 1769 5255 ἐνταῦθα
1795 5199 1853 5252 δὲ
1886 5201 1954 5271 τῇ

368 5297 492 5367 ὕψει
544 5297 639 5350 καὶ
683 5296 940 5367 ἐνεργείᾳ
983 5298 1293 5367 σωματικῇ
1335 5294 1445 5348 Καὶ
1504 5292 1757 5365 Ἀϐραὰμ
1816 5292 1959 5361 ἔγνω

371 5387 590 5459 Σάρραν
616 5387 713 5459 τὴν
741 5388 978 5456 γυναῖκα
1000 5386 1188 5452 αὑτοῦ,
1209 5387 1310 5440 οὐκ
1334 5382 1706 5454 ἀγνοουμένην
1735 5382 1842 5454 πρὸ
1858 5382 1959 5452 τῆς

375 5479 597 5552 μίξεως.
631 5480 743 5533 Καὶ
770 5479 901 5551 περὶ
934 5479 1030 5532 τοῦ
1059 5477 1225 5532 Δαΰὶδ
1254 5478 1420 5549 φησὶν
1465 5478 1498 5548 ἡ
1530 5477 1638 5531 τῶν
1663 5474 1959 5529 Βασιλειῶν

373 5572 572 5635 πυκτίς
592 5588 606 5603 ο
647 5572 936 5642 Ὲγήριισε
963 5570 1160 5637 Δαϐὶδ,
1192 5571 1289 5625 καὶ
1319 5571 1587 5625 ἔσκεπον
1611 5568 1798 5623 αὑτὸν
1822 5571 1954 5637 ίμα-

372 5664 544 5733 τίοις,
571 5664 671 5718 καὶ
700 5664 813 5718 οὐκ
843 5662 1242 5734 ἐθερμαίνετο,
1268 5661 1368 5715 καὶ
1394 5658 1638 5728 ἐζήτουν
1656 5659 1958 5730 παρθένον

451 5860 498 5893 ⁷³
524 5862 692 5917 Marc.
738 5873 860 5925 xm,
893 5858 1011 5915 52..
1062 5856 1109 5889 ⁷⁵
1143 5855 1330 5912 Matth.
1365 5870 1445 5921 xi,
1477 5854 1568 5912 9.7.

2121 4281 2229 4340 Sed
2253 4282 2397 4339 enim
2427 4281 2492 4336 ad
2518 4281 2865 4352 propositum
2907 4297 3214 4337 sermonem
3253 4297 3630 4351 recurremus,

2049 4375 2261 4430 acriore
2289 4373 2493 4429 mentis
2528 4384 2748 4443 aspectu
2783 4380 2999 4429 utentes
3030 4372 3098 4428 ad
3123 4374 3629 4431 considerationem

2049 4466 2287 4537 duplicis
2334 4464 2666 4538 cognitionis
2709 4475 2765 4521 et
2797 4465 3023 4521 notitiaz.
3067 4464 3249 4537 lnquit
3274 4467 3438 4538 igitur
3484 4466 3636 4522 Scri-

2049 4571 2210 4633 ptura
2226 4574 2384 4617 sacra
2414 4558 2483 4615 de
2502 4558 2712 4614 Adamo
2744 4565 2798 4613 et
2834 4557 2966 4625 Eva,
2993 4559 3136 4629 quod
3161 4546 3451 4631 postquam
3474 4560 3636 4630 eiecti

2055 4661 2244 4711 essent
2284 4666 2316 4709 e
2347 4650 2629 4723 paradiso,
2664 4650 2953 4722 degustato
2986 4650 3165 4707 fructu
3199 4652 3513 4718 interdicto,
3543 4669 3638 4708 co-

2049 4741 2301 4815 gnoverit
2349 4742 2596 4798 Adamus
2644 4742 2808 4796 Evam
2858 4734 3082 4797 uxorem
3129 4757 3309 4809 suam,
3347 4758 3489 4814 quae.
3524 4740 3637 4799 fetu

2049 4840 2335 4905 concepto,
2388 4834 2756 4904 pepererit".
2816 4832 2961 4900 Quid
3016 4835 3181 4906 igitur
3224 4836 3513 4890 dicemus?
3564 4852 3633 4891 an

2051 4923 2195 4995 quod
2237 4923 2292 4976 in
2333 4922 2592 4992 paradiso
2622 4936 2732 4976 non
2761 4922 3078 4992 cognoverit
3106 4936 3249 4986 eam,
3281 4925 3376 4994 qui
3417 4922 3486 4978 de
3517 4922 3636 4993 ipsa

2052 5015 2268 5071 dicebat
2296 5012 2446 5070 :Iloc
2490 5031 2626 5069 nunc
2669 5030 2727 5068 os
2761 5028 2828 5068 ea:
2876 5014 3081 5070 ossibus
3126 5015 3290 5078 meis,
3338 5023 3387 5070 et
3428 5032 3554 5069 caro
3573 5015 3640 5071 de

2053 5123 2213 5161 carne
2249 5124 2362 5161 mea
2404 5108 2483 5161 7‘?
2534 5105 2774 5163 Omnino
2805 5109 3063 5180 cognovit
3089 5120 3231 5175 eam,
3274 5108 3386 5164 illic
3417 5108 3635 5178 quidem

2054 5201 2173 5256 solo
2206 5207 2455 5270 aspectu,
2501 5198 2592 5255 hic
2625 5208 2808 5256 autem
2851 5212 2907 5258 et
2948 5210 3173 5272 aspectu
3203 5211 3257 5258 et
3285 5210 3411 5258 actu
3444 5217 3639 5272 corpo-

2056 5292 2178 5346 rali.
2208 5289 2302 5346 Sic
2331 5292 2495 5347 etiam
2531 5290 2879 5348 Abrahamus
2900 5293 3158 5363 cognovit
3190 5292 3378 5348 Saram
3408 5309 3638 5350 uxorem

2057 5397 2239 5445 suam,
2270 5396 2378 5436 non
2413 5382 2746 5454 incognitam
2780 5388 2907 5438 ante
2939 5382 3397 5438 commistionem.
3427 5382 3504 5437 De
3534 5380 3641 5432 Da-

2057 5473 2181 5528 vide
2211 5475 2573 5545 perscriptum
2603 5480 2688 5530 est
2720 5475 2774 5528 in
2805 5474 2949 5528 libro
2979 5474 3048 5529 de
3082 5472 3319 5544 Reginis:
3352 5474 3638 5529 Cousenuit

2063 5565 2312 5629 Davides,
2334 5579 2387 5620 et
2405 5574 2720 5631 operuerunt
2744 5582 2860 5620 eum
2882 5566 3130 5630 vestibus,
3164 5582 3256 5620 nec
3284 5572 3459 5618 tamen
3499 5564 3640 5619 cole-

2064 5654 2243 5726 ﬁebat.
2292 5653 2470 5727 Igitur
2521 5656 2826 5726 qua‘rebant
2883 5657 3154 5728 uirginem,
3207 5672 3323 5726 qua:
3360 5671 3477 5709 cum
3529 5656 3642 5728 ipso

1645 5857 1691 5889 ⁷³
1719 5854 1863 5912 Psal.
1912 5870 1941 5909 ι.

2041 5868 2081 5921 ι,
2129 5853 2212 5910 l9.
2291 5855 2339 5887 ⁷⁸
2369 5855 2503 5913 ibid.
2578 5857 2625 5890 '"
2658 5855 2795 5914 Gen.
2833 5871 2908 5924 tv,
2950 5854 2996 5911 l.
3074 5856 3119 5890 ⁷⁸
3165 5854 3302 5912 Gen.
3343 5869 3405 5923 ιι,
3446 5853 3538 5913 35.
