4082 6404
468 498 743 561 dormiret,
768 503 821 549 et
847 492 1043 563 foveret
1068 504 1206 543 eum.
1243 485 1310 541 Et
1339 486 1547 541 inuenta
1571 493 1652 543 est
1677 483 1845 538 Abisa
1875 481 2051 539 Sima-

469 592 653 655 mitis,
724 600 884 656 quam
946 598 1051 637 non
1112 579 1351 650 cognouit
1415 575 1646 631 Derides
1701 574 2050 630 dormientem

467 680 736 738 secum".
776 676 918 732 Num
966 675 1133 745 igitur
1169 678 1394 743 propter
1438 669 1544 724 hoc
1592 666 1866 731 dicemus,
1903 665 2052 736 quod

470 786 648 843 neque
675 774 901 839 aspectu
931 779 1110 835 neque
1134 760 1524 816 attrectatione
1548 756 1870 829 cognoverit
1889 753 2051 812 eam?

469 866 821 934 Smpeauteni
857 874 957 915 nos
988 871 1207 928 quoque
1245 854 1485 910 dicimus
1521 852 1590 907 ad
1614 865 1745 915 eos,
1773 850 1863 921 qui
1892 847 2053 904 nobis

472 961 694 1027 propter
724 950 980 1005 mulieres
1009 947 1214 1003 crimen
1243 946 1536 1009 intentant,
1565 941 1896 997 devovenles
1918 952 2054 994 nos-

467 1053 603 1107 met,
642 1058 706 1097 ac
731 1037 1095 1111 jurejurando
1140 1042 1467 1107 purgantes,
1514 1046 1624 1087 non
1661 1030 1880 1086 novisse
1923 1042 2047 1093 nos,

470 1134 615 1189 sitne
661 1131 855 1185 mulier
907 1128 1022 1192 illa,
1069 1126 1152 1182 vel
1194 1125 1296 1179 vir.
1345 1123 1405 1179 Id
1449 1120 1597 1194 quod
1631 1127 1789 1176 actus
1833 1115 2050 1188 quidem

472 1228 682 1279 ratione
720 1223 902 1277 dicere
933 1234 1062 1275 vere
1092 1231 1255 1289 posse
1287 1215 1562 1279 videmur,
1595 1227 1665 1267 ex
1700 1224 1836 1267 voce
1865 1214 2051 1263 tamen

465 1325 522 1374 et
556 1321 787 1386 aspectu
835 1310 983 1367 haud
1013 1310 1309 1365 obscuram
1345 1305 1613 1360 habemus
1645 1300 1816 1356 maris
1845 1298 1929 1355 vel
1967 1296 2050 1354 fe-

468 1409 630 1464 mina:
660 1404 1051 1476 cognitionem.
1078 1398 1198 1455 Non
1234 1400 1452 1471 ignorat
1488 1397 1656 1469 igitur
1691 1394 1864 1450 Filius
1901 1392 2049 1447 diem

464 1510 521 1555 et
548 1499 739 1554 horam
775 1495 947 1559 illam,
977 1507 1104 1548 cum
1137 1490 1320 1546 omnia
1353 1489 1475 1559 ejus
1505 1487 1659 1559 signa
1694 1483 2051 1556 prodigiaque

465 1589 730 1647 terribilia
757 1585 1044 1659 praedicat,
1073 1590 1127 1639 et
1149 1582 1310 1653 quasi
1336 1588 1660 1651 praesentem
1688 1577 1808 1634 suis
1833 1577 2050 1632 indiciis

444 1678 777 1740 describat:
830 1693 1025 1735 verum
1078 1677 1255 1731 noluit
1310 1675 1520 1730 clarius
1590 1672 1925 1743 respondere
1980 1670 2047 1725 ad

466 1789 660 1833 vanam
697 1773 847 1827 illam
881 1768 1265 1842 quaestionem,
1305 1766 1555 1837 adeoque
1590 1764 1888 1836 prudenter
1930 1776 2052 1819 om-
2099 1827 2107 1834 _

465 1867 632 1923 nibus
655 1872 716 1919 ut
740 1864 922 1934 ignota
949 1867 1119 1935 esset,
1148 1858 1425 1926 instituit;
1449 1872 1558 1929 quo
1576 1856 1842 1912 nimirum
1863 1858 2055 1926 quam-

466 1958 598 2014 libet
630 1955 775 2012 diem
810 1963 864 2010 et
885 1952 1080 2008 horam
1116 1951 1265 2006 illam
1293 1965 1418 2007 esse
1450 1949 1805 2012 arbitrantes,
1836 1947 1902 2002 ad
1928 1961 2050 2003 eam

467 2061 859 2121 praeparemur,
892 2052 947 2101 et
975 2042 1160 2100 sobrie
1190 2048 1578 2114 exspectemus
1610 2040 1784 2113 ipsam
1817 2038 2049 2095 venien-

464 2150 597 2206 tem,
642 2138 712 2195 ad
764 2137 1270 2209 compensationem
1332 2142 1500 2206 atque
1549 2134 2048 2191 remunerationem

466 2231 829 2289 certaminum
893 2228 1061 2299 hujus
1123 2228 1267 2283 vitai.
1316 2227 1480 2283 Absit
1532 2227 1700 2298 igitur
1746 2224 1936 2297 procul
1970 2238 2047 2308 .ea

461 2323 758 2386 dementia,
801 2336 924 2393 qua:
963 2320 1362 2391 ignorationem
1413 2320 1579 2377 unius
1621 2318 1729 2374 diei
1790 2325 1847 2373 et
1899 2316 2048 2372 hora:

460 2417 700 2488 quodam
749 2430 875 2471 cum
921 2413 1115 2471 delirio
1146 2414 1338 2470 tribuit
1381 2413 1656 2470 conditori
1694 2412 2049 2474 saeculorum,

1558 363 1617 419 S.
1659 358 1959 419 CAESAR“
1999 357 2326 417 CREGORII
2358 358 2660 415 FliATRlS

3634 356 3737 414 830

2159 480 2595 553 συγκαθεύδειν
2618 476 2780 545 αὐτῷ
2803 480 2902 534 καὶ
2931 479 3341 537 συνθάλκειν.
3370 478 3479 535 Kal
3502 479 3735 559 εὑρέθη,

2158 575 2344 647 φησὶν,
2380 571 2630 629 Ἀὄισσὰ
2666 572 2704 639 ἠ
2739 572 3086 641 Σωναμῖτις,
3108 573 3207 628 καὶ
3234 574 3347 628 οὐκ
3373 572 3528 643 ἔγνω
3544 571 3740 640 αὐτὴν

2155 662 2357 727 Δαὸὶδ,
2372 660 2913 733 συγκαθεύδουσαν
2933 661 3116 730 αὐτῷ.
3129 659 3254 736 Ἆρ’
3274 658 3369 718 οὖν
3395 661 3545 734 παρά
3564 661 3741 736 τούτῳ

2156 753 2392 826 ἐροῦμεν
2435 754 2574 827 μηδὲ
2629 756 2697 827 τῇ
2743 753 2867 824 ὄψει
2907 755 3003 808 καὶ
3048 755 3162 827 ἀφῇ
3190 754 3480 825 γινώσκειν
3529 756 3738 829 αὑτήν;

2156 847 2428 911 Πολλάκις
2465 846 2545 915 δὲ,
2580 847 2676 900 καὶ
2717 848 2880 919 ἡμεῖς
2914 846 3096 918 φαμὲν
3136 845 3273 918 πρὸς
3303 847 3431 911 τοὺς
3478 846 3607 917 περὶ
3641 864 3739 917 γυ-

2159 937 2365 993 ναικῶν
2387 937 2778 1007 ἐγκαλοῦντας,
2795 936 3144 1010 ὲπαρώμενοι
3169 938 3375 1004 αὐτοῖς,
3399 939 3496 992 καὶ
3518 937 3741 1010 ἐξομνὺ-

2160 1045 2312 1101 μενοι
2372 1029 2448 1101 μὴ
2520 1029 2822 1098 ἐγνωκέναι
2884 1029 3056 1102 αὐτὴν
3102 1031 3337 1099 γυναῖκα
3383 1030 3646 1102 ὑπάρχειν
3703 1031 3739 1103 ἢ

2155 1119 2347 1192 ἀνδρα.
2378 1119 2560 1191 Ἀπερ
2589 1120 2681 1173 ἐπὶ
2720 1120 2819 1191 μὲν
2854 1120 2954 1193 τῆς
2992 1122 3273 1193 ἐνεργείας
3315 1120 3598 1193 ἀληθεύειν
3633 1140 3739 1193 φα-

2155 1210 2373 1283 νῶμεν,
2398 1213 2464 1266 ὲκ
2513 1210 2569 1265 δὲ
2612 1210 2713 1282 τῆς
2749 1212 2937 1284 φωνῆς
2985 1214 3081 1267 καὶ
3112 1213 3289 1284 ὅψεως
3329 1213 3598 1287 πρόδηλον
3643 1215 3742 1287 τὴν

2155 1303 2360 1374 γνῶσιν
2380 1303 2475 1357 τοῦ
2490 1321 2553 1358 τε
2580 1303 2811 1376 ἄρρενος
2832 1304 2926 1358 καὶ
2954 1303 3141 1377 θήλεος
3167 1306 3398 1376 ἔχοντες.
3419 1306 3533 1360 Οὐκ
3555 1306 3743 1375 ἀγνοεῖ

2155 1395 2336 1450 τοίνυν
2382 1398 2412 1451 6
2463 1396 2593 1461 Υίὸς
2631 1396 2732 1469 τὴν
2779 1395 2994 1469 ἡμέραν
3023 1397 3119 1450 καὶ
3156 1397 3256 1470 τὴν
3301 1396 3453 1469 ὥραν
3503 1398 3739 1469 ἐκείνην,

2156 1487 2334 1547 πάντα
2363 1486 2535 1557 αὐτῆς
2555 1486 2625 1541 τά
2657 1489 2857 1558 σημεῖα
2888 1488 2985 1542 καὶ
3009 1487 3257 1561 φόϐητρα
3279 1488 3614 1561 προφαίνων,
3645 1491 3743 1545 καὶ

2155 1575 2319 1629 οἱονεὶ
2351 1574 2634 1647 παροῦσαν
2672 1574 2841 1648 αὐτὴν
2873 1579 2986 1641 τοῖς
3016 1577 3361 1649 γνωρίσμασι
3386 1578 3702 1652 διαγράφων
3720 1596 3738 1612 ⁵

2155 1666 2271 1721 ἀλλ’
2298 1668 2402 1722 οὐκ
2429 1667 2683 1723 ὲόούλετο
2710 1668 3029 1741 σαφηνίζειν
3068 1670 3167 1742 τὴν
3194 1672 3409 1725 εἰκαίαν
3449 1671 3737 1744 ἐρώτησιν,

2158 1758 2468 1827 ἀγνοεῖσθαι
2525 1759 2572 1814 δ’
2617 1760 2787 1833 αὐτὴν
2829 1763 2997 1817 πᾶσιν
3042 1762 3270 1828 εἰκότως
3310 1764 3738 1836 προμηθεύεται,

2156 1849 2297 1903 ὥστε
2327 1852 2512 1905 πᾶσαν
2549 1852 2765 1925 ἡμέραν
2809 1854 2907 1908 καὶ
2939 1853 3119 1928 ὤραν,
3171 1855 3388 1927 ἐκείνην
3427 1856 3740 1928 οἰομένους,

2157 1943 2678 2014 παρασκευάζεσθαι
2713 1944 2851 2017 πρὸς
2899 1945 3090 2018 αὐτὴν,
3122 1946 3218 2001 καὶ
3260 1946 3539 2019 νηφόντως
3573 1964 3743 2021 καρα-

2153 2034 2330 2089 δοκεῖν
2358 2034 2522 2089 αὑτὸν
2549 2035 2756 2107 ἥκοντα
2779 2038 2919 2110 πρὸς
2944 2038 3151 2093 ἔκτισιν
3173 2038 3283 2093 τῶν
3310 2038 3562 2095 ἐπάθλων
3586 2040 3743 2094 τοῦδε

2153 2124 2248 2179 τοῦ
2299 2126 2438 2198 βίου.
2465 2127 2684 2197 ’Δπαγε
2722 2129 2905 2185 τοίνυν
2953 2130 3054 2203 τῆς
3097 2131 3317 2198 ἀνοίας,
3350 2132 3573 2201 άγνοιαν
3612 2133 3744 2203 μιᾶς

2156 2218 2370 2290 ἡμέρας
2399 2221 2495 2274 καὶ
2533 2220 2685 2292 ὥρας
2717 2221 3044 2296 καταληρῶν
3077 2224 3174 2278 τοῦ
3198 2223 3423 2296 ποιητοῦ
3459 2225 3566 2279 τῶν
3611 2224 3745 2278 αἰώ-

2156 2328 2284 2377 νων,
2315 2311 2387 2367 ἐν
2414 2310 2462 2378 ᾧ
2491 2312 2717 2381 πάντες
2747 2317 2803 2369 οἱ
2833 2316 3125 2386 θησαυροὶ
3166 2316 3278 2387 τῆς
3295 2318 3520 2388 σοφίας
3555 2315 3746 2385 ὑπάρ-

2156 2420 2360 2476 χουσι,
2394 2405 2577 2472 καθὼς
2606 2408 2770 2479 φησὶν
2806 2409 2835 2462 6
2866 2408 3007 2474 ἱερὸς
3048 2408 3394 2474 Ἀπόστολος.

462 2508 517 2561 επ
579 2524 682 2579 quo
726 2513 849 2561 sunt
894 2520 1073 2561 omnes
1118 2504 1356 2561 thesauri
1406 2505 1680 2576 rapientia:
1732 2504 1801 2570 ⁸⁸,
1862 2496 2323 2574 quemadmodum
2389 2506 2616 2556 sanctus
2671 2500 2761 2556 ille
2820 2499 3113 2574 Apostolus
3163 2501 3424 2575 loquitur.

900 2636 1422 2694 INTERROGATIO
1461 2637 1606 2694 XXI.

529 2750 671 2817 Quid
701 2751 902 2822 igitur?
929 2764 1063 2806 num
1092 2750 1257 2806 aliter
1283 2750 1433 2806 illam
1468 2750 1756 2820 cognoscit
1785 2739 1969 2815 Patiar,
1991 2754 2047 2805 et

458 2844 622 2901 aliter
644 2842 861 2898 Filius?

1099 2954 1408 3026 Responsio.

529 3072 648 3131 Non
682 3054 846 3129 aliam
890 3071 1113 3144 quidem
1154 3072 1392 3129 dicimus
1422 3068 1794 3143 cognitionem
1838 3069 2047 3135 Patris,

462 3166 635 3222 aliam
666 3180 798 3221 vero
824 3162 948 3220 Filii
980 3175 1033 3220 et
1062 3162 1326 3235 Spiritus,
1358 3162 1457 3220 sed
1484 3160 1633 3218 aliud
1667 3161 1888 3233 quidem
1917 3172 2045 3219 actu

455 3258 815 3329 praeteritum,
845 3256 994 3313 aliud
1019 3272 1149 3313 vero
1180 3257 1238 3312 in
1263 3256 1512 3312 futurum
1534 3265 1902 3312 reservatum.
1936 3255 2045 3311 Co-

453 3349 670 3421 gnoscil
695 3349 843 3405 enim
874 3348 1049 3404 Pater
1073 3348 1223 3404 illam
1254 3348 1448 3404 horam
1477 3346 1686 3419 duplici
1720 3348 2044 3421 cognitione

452 3451 510 3494 et
533 3445 696 3506 actu;
727 3439 839 3492 alia
868 3439 1093 3509 quidem
1122 3438 1273 3510 quod
1304 3446 1565 3510 tanquam
1600 3436 1787 3509 opifex
1814 3437 2067 3508 crearit,.

455 3530 563 3584 alia
606 3543 732 3584 vero
776 3529 925 3600 quod
958 3528 1269 3584 decreverit
1306 3544 1406 3601 per
1455 3529 1799 3599 unigenitum
1838 3527 2043 3583 Filium

451 3620 708 3692 judicare
741 3637 956 3679 omnes.
990 3621 1294 3692 Cognoscit
1324 3630 1510 3678 autem
1560 3621 1738 3693 ipsam
1769 3629 1826 3677 et
1863 3620 2043 3678 Filius

450 3716 739 3789 aequaliter
784 3731 911 3772 cum
962 3714 1262 3785 Genitore,
1312 3716 1619 3773 secundum
1662 3716 1953 3773 scientiam
1987 3725 2041 3773 et

450 3817 638 3865 actum
669 3807 994 3874 creationis,
1028 3823 1140 3863 non
1163 3816 1346 3864 tamen
1368 3807 1587 3879 judieii.
1612 3806 1867 3864 Nondum
1891 3808 2039 3864 enim

445 3899 716 3971 judicium
767 3899 1038 3966 exercuit,
1079 3901 1311 3957 secretis
1351 3900 1420 3957 iis
1465 3901 1561 3973 qui
1588 3901 1674 3958 vel
1706 3900 2043 3958 inexstincto

450 3991 586 4062 igni,
627 3992 714 4048 vel
748 3991 1015 4063 voluptati
1058 4003 1277 4049 aeternae
1314 3993 1576 4050 destinati
1602 4001 1771 4050 sunt:
1806 3992 1860 4049 id
1890 3991 2039 4065 quod

450 4095 561 4135 non
590 4080 932 4152 ignorantiae,
957 4079 1053 4137 sed
1080 4080 1518 4153 longanimitatis
1541 4092 1649 4149 est,
1675 4083 2039 4139 correctionis

449 4178 667 4243 tempus
700 4173 992 4245 ﬂagitiosis
1026 4173 1342 4243 praebentis.
1381 4172 1502 4241 Quo
1535 4172 1771 4256 quidem.
1793 4164 2039 4244 tempore

446 4267 717 4333 quotquot
745 4274 777 4314 a
806 4258 1148 4331 turpitudine
1185 4275 1296 4315 non
1327 4266 1637 4332 purgantur
1669 4266 1727 4316 et
1748 4260 2034 4330 evigilant,

447 4369 640 4412 eorum
687 4353 966 4410 miseriam
1005 4352 1307 4409 decantans
1354 4361 1408 4408 et
1456 4352 1755 4424 deplorans
1799 4350 2036 4408 Davldes

448 4446 660 4518 inquit:
690 4444 939 4499 Hutuum
954 4446 1144 4515 accipit
1172 4451 1444 4515 peccator,
1465 4456 1512 4497 et
1540 4460 1763 4499 usuram
1789 4461 1892 4498 non
1919 4460 2038 4513 per-

447 4538 695 4593 solvet".
726 4534 968 4606 Tempus
1005 4534 1095 4589 hic
1123 4535 1338 4591 scilicet
1368 4533 1570 4590 divinae
1602 4534 2036 4605 longanimitatis

446 4627 784 4701 signiﬁcans,
820 4640 885 4682 ac
917 4625 1310 4698 persolutionis
1339 4639 1475 4681 voce
1506 4625 1824 4698 intelligens
1858 4626 2031 4698 poeni-

446 4719 698 4776 tentiam.
749 4717 1063 4789 lterumque
1109 4716 1421 4771 divinorum
1475 4715 1783 4772 carminum
1841 4725 2034 4773 auctor

444 4812 731 4885 subjungit
751 4830 764 4867 :
782 4809 973 4867 Justus
1000 4819 1177 4865 autem
1201 4810 1500 4878 miseretur,
1527 4818 1578 4866 et
1610 4810 1704 4866 dat
1722 4811 1790 4869 θ’.
1818 4811 2031 4880 Quibus

444 4907 502 4962 in
537 4905 717 4963 verbis
746 4903 891 4961 Deus
934 4910 1019 4959 est
1061 4903 1157 4974 qui
1189 4905 1320 4970 dat;
1366 4911 1586 4976 tempus
1633 4911 1818 4961 autem
1849 4905 2032 4975 paeni-

445 4995 744 5069 tentiaeest
767 4994 821 5050 id
851 4993 999 5064 quod
1029 4991 1216 5051 datur.
1252 4991 1509 5048 Mutuum
1537 4994 1684 5049 enim
1713 4994 1856 5052 dans
1880 4994 2029 5053 Deus

332 5076 339 5086 ’
445 5086 782 5153 hominibus,
809 5086 895 5142 vel
927 5100 1072 5154 raro,
1105 5085 1191 5141 vel
1230 5084 1343 5152 vix,
1374 5085 1455 5141 vel
1486 5100 1771 5157 nunquam
1803 5087 2025 5158 recipit,

443 5194 619 5250 usque
646 5178 715 5235 ad
740 5178 901 5233 tinem
920 5176 1184 5234 debitoris
1206 5184 1534 5249 exspectans
1562 5178 2028 5249 persolutionem.

443 5272 691 5328 Motuum
720 5277 902 5326 autem
927 5270 1224 5341 accipiens,
1244 5279 1466 5341 propter
1488 5270 1772 5341 proximos
1800 5270 2022 5326 miseri-

440 5365 689 5423 cordiam
744 5379 942 5422 rursus
998 5362 1368 5434 multiplicans
1421 5363 1698 5429 retribuit,
1730 5377 1855 5418 cum
1915 5362 2026 5418 cito

2745 2637 2995 2691 ΠΕΥΣΙΣ
3030 2635 3168 2691 KA'.

2226 2748 2294 2803 Τί
2326 2743 2455 2816 οὗν;
2491 2747 2667 2814 άλλως
2697 2750 2798 2822 μὲν
2824 2750 3087 2821 γινώσκει
3117 2753 3145 2807 6
3169 2752 3362 2826 Πατὴρ
3383 2754 3617 2826 ἐκείνην,
3646 2754 3745 2810 καὶ

2154 2840 2332 2906 ἄλλως
2360 2843 2390 2896 6
2420 2841 2585 2909 Υίός;
2670 2874 2677 2880 -

2771 2954 3137 3026 Ἀπόκρισις.

2223 3069 2336 3141 Οὐχ
2361 3069 2556 3142 ἑτέραν
2586 3070 2790 3139 γνῶσιν
2819 3073 3001 3144 φαμὲν
3032 3071 3130 3127 τοῦ
3158 3071 3394 3146 Πατρὸς,
3424 3070 3656 3144 θατέραν
3681 3071 3744 3126 δὲ

2149 3159 2244 3213 τοῦ
2298 3160 2497 3226 Παιδὸς
2540 3162 2636 3216 καὶ⁵
2670 3160 2768 3216 τοῦ
2818 3162 3137 3234 Πνεύματος
3173 3165 3251 3236 (7)
3271 3204 3288 3231 ,
3334 3162 3475 3219 ἀλλά
3523 3162 3587 3217 τὸ
3639 3162 3745 3234 μὲν

2150 3253 2420 3324 πραχθὲν,
2451 3254 2513 3308 τὸ
2532 3253 2589 3308 δὲ
2615 3255 3034 3327 ταμιευόμενον.
3064 3256 3330 3310 Γινώσκει
3359 3255 3468 3327 γὰρ
3496 3257 3525 3309 6
3551 3254 3742 3326 Πατὴρ

2149 3343 2369 3416 ἐκείνην
2383 3346 2450 3417 τῇ
2482 3343 2634 3417 διττῇ
2668 3345 2871 3414 γνώσει
2901 3348 2997 3401 καὶ
3016 3347 3238 3420 πράξει,
3261 3350 3330 3421 τῇ
3356 3349 3454 3420 μέν
3480 3347 3741 3421 δημιουρ-

2146 3437 2346 3509 γήσας,
2376 3440 2444 3509 τῇ
2476 3437 2533 3491 δὲ
2567 3439 2761 3512 κρίνας
2794 3440 2884 3495 διὰ
2915 3439 3012 3494 τοῦ
3057 3440 3282 3514 γνησίου
3322 3441 3521 3508 Παιδὸς
3555 3445 3739 3515 κρῖναι

2147 3528 2379 3596 πάντας.
2415 3528 2681 3585 Γινώσκει
2708 3532 2754 3586 δ’
2781 3534 2952 3605 αὐτὴν
2978 3534 3073 3588 καὶ
3103 3537 3133 3589 6
3157 3534 3286 3600 Υἱὸς
3307 3529 3403 3589 ἶσα
3431 3535 3512 3609 τῷ
3540 3536 3740 3607 Γεννήο

2143 3635 2265 3690 τορι
2290 3618 2410 3672 κατ’
2434 3618 2641 3691 εἴδησιν
2670 3621 2766 3675 καὶ
2794 3622 2993 3694 πρᾶξιν
3018 3623 3439 3697 δημιουργικὴν,
3460 3625 3523 3678 οὐ
3552 3625 3738 3697 μέντοι

2144 3711 2431 3783 κριτικήνο
2455 3710 2612 3766 οὔπω
2635 3712 2745 3785 γὰρ
2768 3712 3004 3787 ἔκρινεν,
3029 3717 3157 3780 τοὺς
3182 3716 3281 3787 μὲν
3309 3716 3444 3789 πυρὶ
3462 3716 3735 3790 ἀσϐέστῳ,

2141 3803 2271 3867 τοὺς
2311 3802 2371 3857 δὲ
2402 3806 2583 3876 τρυφῇ
2623 3803 2849 3879 ἀλήκτῳ
2882 3807 3209 3880 ἀποκρίνας.
3246 3808 3362 3863 Οὐκ
3407 3809 3634 3878 ἀγνοίας
3676 3810 3737 3864 δὲ

2140 3894 2328 3961 τοῦτο,
2371 3894 2510 3950 ἀλλά
2562 3897 2967 3970 μακροθυμίας,
3003 3900 3203 3974 καιρὸν
3237 3900 3577 3974 διορθώσεως
3614 3904 3736 3966 τοῖς

2145 3989 2442 4062 μοχθηροῖς
2475 3989 2880 4063 παρεχομένης,
2907 3992 2967 4046 έν
2983 3984 3030 4061 ᾧ
3050 3992 3178 4058 τοὺς
3200 3992 3276 4065 μὴ
3306 3993 3737 4065 καθαιρομένους

2138 4081 2201 4135 τὸ
2230 4076 2420 4153 αῐσχος
2448 4081 2545 4137 καὶ
2574 4082 2914 4154 ὲκνήφοντας
2944 4083 3306 4157 ὲκτραγῳδῶν
3341 4084 3679 4151 καταυλίζων
3706 4090 3736 4141 6

2139 4172 2308 4231 Aa6£6
2351 4188 2552 4246 φησιν’
2597 4174 2929 4236 Δανείζεται
2968 4178 3004 4231 ὁ
3052 4176 3422 4247 ἁμαρτωλὸς,
3470 4178 3569 4234 καὶ
3619 4181 3734 4234 οὐκ

2139 4265 2450 4322 ἀποτίσειι
2473 4267 2634 4333 δάνος
2671 4268 2764 4323 τὸν
2793 4269 2986 4343 καιρὸν
3014 4270 3117 4343 τῆς
3159 4270 3311 4336 θείας
3351 4273 3734 4347 μακροθυμίας

2138 4352 2340 4426 δηλῶν,
2365 4354 2575 4413 ἔκτισιν
2607 4357 2665 4412 δὲ
2693 4357 2792 4431 τὴν
2824 4360 3191 4430 μετάγνωσιν.
3224 4362 3337 4415 Καὶ
3357 4358 3513 4429 αὖθις
3536 4366 3564 4419 6
3593 4363 3734 4429 θεῖος

2138 4448 2338 4519 ἐπάγει
2377 4450 2637 4522 μελῳδὸς,
2669 4452 2725 4505 Ὁ
2750 4451 2820 4505 δὲ
2849 4452 3085 4520 δίκαιος
3110 4453 3386 4523 οίκτείρει
3421 4455 3522 4510 καὶ
3556 4455 3733 4511 διδω-

2139 4553 2263 4593 σιν.
2303 4539 2362 4594 ὐ
2386 4539 2562 4605 διδοὺς
2582 4581 2597 4607 ,
2622 4540 2757 4605 Θεὸς
2774 4582 2788 4608 ,
2810 4542 2872 4596 τὸ
2898 4542 3196 4615 διδόμενον,
3224 4543 3585 4617 μεταμελείας
3610 4562 3735 4599 και-

2143 4628 2269 4702 ρός·
2297 4628 2560 4695 δανείζων
2587 4630 2702 4703 γὰρ
2733 4631 2868 4697 Θεὸς
2912 4631 3145 4705 βροτοῖς,
3183 4634 3427 4699 σπανίως
3465 4634 3499 4706 ἢ
3544 4634 3729 4704 μόγις,

2140 4722 2175 4795 ἢ
2209 4722 2317 4777 οὐδ’
2361 4722 2500 4788 ὅλως
2551 4722 2954 4796 ἀπολαμϐάνει,
3000 4727 3165 4799 μέχρι
3197 4727 3386 4792 τέλους
3429 4726 3525 4781 τοῦ
3577 4727 3732 4797 ὀφεί-

2139 4814 2323 4880 λοντος
2370 4816 2658 4888 ἀναμένων
2705 4816 2807 4890 τὴν
2850 4817 3059 4873 ἔκτισιν
3081 4836 3094 4850 ·
3139 4818 3518 4891 δανειζόμενος
3560 4819 3618 4874 δὲ
3645 4818 3735 4873 διὰ

2137 4906 2266 4970 τοὺς
2295 4906 2467 4972 πέλας
2518 4907 2609 4962 τὸν
2658 4907 2839 4975 ἔλεον,
2887 4904 3043 4974 αὖθις
3075 4909 3477 4965 πολλαπλάσιον
3526 4910 3729 4966 ἀντιδί-

2139 4996 2325 5064 δωσιν,
2358 4998 2527 5064 ὀξέως
2566 5000 2899 5073 εὐεργετεῖν,
2945 5001 3187 5074 βραδέως
3218 5003 3470 5069 κολάζειν
3500 5004 3727 5070 εἰωθώς.

2136 5089 2261 5143 Ἐτι
2288 5090 2398 5163 γὰρ
2429 5092 2526 5146 καὶ
2562 5091 2661 5147 νῦν
2701 5093 2920 5159 ἀσεϐεῖς
2955 5093 3329 5164 θεωτυγοῦσι,
3365 5096 3461 5150 καὶ
3508 5096 3727 5150 ἄπιστοι

2131 5183 2251 5247 ταῖς
2281 5181 2594 5256 θεουργίαις
2618 5185 2996 5252 ὲπισκάζουσι,
3023 5187 3132 5241 οὐδ’
3161 5188 3334 5260 ἑτέρῳ
3360 5191 3462 5261 τῆς
3484 5188 3729 5251 διανοίας

2131 5273 2232 5339 τάς
2264 5273 2453 5346 βάσεις
2500 5276 2948 5350 ὲρίζοντεςνκαὶ
2991 5279 3024 5350 ἡ
3074 5279 3259 5334 ἀδικία
3306 5283 3523 5352 κρατεῖ,
3565 5280 3661 5334 καὶ
3698 5282 3729 5334 6

2133 5365 2328 5438 κριτὴς
2373 5366 2748 5440 μακροθυμεῖ,
2796 5368 2901 5435 ἕως
2946 5369 3048 5443 τῆς
3096 5370 3357 5443 δευτέρας
3401 5371 3540 5443 πρὸς
3580 5371 3730 5442 ἡμᾶς

513 5551 559 5583 ’⁵
589 5548 652 5606 ΙΙΙ
687 5548 822 5623 Reg.
851 5566 890 5617 ι,
924 5550 975 5617 l,
1007 5551 1063 5617 5,
1090 5551 1144 5608 ι.
1223 5549 1268 5582 ⁸ο
1299 5548 1512 5605 Coloss.
1550 5564 1614 5614 ιι,
1638 5548 1694 5603 5.
1778 5547 1820 5578 ⁸⁸
1856 5545 2002 5604 Psal.
2038 5563 2043 5603 :

2150 5548 2345 5617 vt,2l.
2426 5549 2472 5581 θ’
2504 5549 2637 5607 ibid.

506 5711 587 5833 (73
620 5714 987 5783 Πνεύματος.
1034 5711 1127 5767 Sic
1190 5711 1579 5782 rescripsimus
1639 5728 1742 5783 pro
1807 5714 2019 5785 Πατρός

506 5796 550 5833 ιθ
624 5782 885 5833 exhibent
919 5784 1074 5833 editi.
1110 5781 1289 5833 Atnue
1338 5784 1413 5833 ita
1467 5784 1679 5833 leaebat
1728 5785 2019 5833 internres.

438 5781 584 5865 quod
611 5781 885 5865 exhibent
919 5784 1074 5865 editi.
1110 5781 1305 5865 A‘tqne‘
1338 5781 1413 5865 ita
1467 5781 1679 5865 legebat
1728 5781 2025 5865 interpres.

441 5847 578 5905 Nam
611 5847 1217 5924 Πνεύματος-Πατρὸς,
1260 5847 1772 5926 Πνεύματῖ-Πατρί
1811 5847 2029 5927 aliaque

2138 5679 2496 5780 hujusmodi,
2536 5715 2679 5771 haud
2731 5696 3113 5789 infrequenter
3139 5717 3348 5774 librarii
3387 5714 3727 5789 confundere

2134 5796 2565 5858 consueverunt,
2600 5796 2659 5841 ut
2704 5803 2817 5858 prae
2860 5786 3076 5845 caeteris
3119 5791 3377 5847 observat
3415 5786 3726 5847 Cotelerius

2135 5851 2376 5909 Monum.
2405 5854 2549 5913 Eccl.
2584 5857 2677 5909 Cr.
2706 5851 2842 5915 tom.
2872 5858 2936 5927 ll,
2956 5860 3155 5929 p.609.
