4082 6394
351 386 461 444 881

354 498 677 569 φοιτήσεως,
708 476 1099 572 ἥτιςῦπάρχει
1131 502 1230 575 τῆς
1260 505 1478 577 ἡμέρας
1511 505 1606 562 καὶ
1651 508 1752 581 τῆς
1791 510 1942 583 ὥρας

349 589 568 661 ἐκείνης
596 589 628 660 ή
666 590 946 664 πρακτικὴ
975 595 1073 664 τῆς
1102 594 1339 666 κρίσεως
1371 597 1573 666 γνῶσις
1605 600 1794 656 αὑτοῦ..

1770 394 2121 457 DlALOGUS
2163 399 2208 456 1.

3528 413 3650 472 εεε

2047 515 2269 585 quidem
2305 516 2648 584 benefacere,
2682 518 2838 576 tarde
2872 534 3002 577 vero
3035 521 3230 592 punire
3259 531 3623 586 consueverit.

2046 606 2204 664 Nune
2233 608 2380 665 enim
2412 609 2595 665 adhuc
2627 610 2779 681 impii
2804 611 3041 667 oderunt
3070 613 3263 684 Deum,
3284 625 3339 672 et
3361 618 3659 678 increduli

349 683 404 735 in
429 682 912 784 divinisoperibus
933 686 1271 754 claudicant,
1292 705 1472 760 neque
1487 693 1596 748 ulla
1629 696 1734 750 alia
1752 712 1812 754 re
1839 700 2037 756 mentis
2056 717 2283 774 gressus
2302 703 2550 773 ﬁrmant;
2571 704 2819 776 adeoque
2843 706 3107 779 iniquitas
3130 682 3370 780 supcrat,
3394 720 3449 769 et
3466 714 3633 784 iudex

348 772 676 876 longanimis
732 781 844 876 est,
877 780 1181 876 usquead
1217 783 1519 840 secundum
1556 787 1624 844 ad
1689 804 1792 847 nos
1827 772 2118 849 adventum
2144 838 2159 865 ,
2212 798 2308 868 qui
2355 804 2441 855 est
2489 796 2597 855 diei
2637 807 2693 855 et
2731 772 2885 855 horae
2928 772 3078 858 illius
3126 772 3385 860 nimirum
3438 772 3634 876 judicii

345 861 643 920 exercendi
683 866 953 937 cognitio.

926 984 1178 1042 ΠΕΥΣΙΣ
1216 990 1346 1046 KB’.

416 1093 527 1146 Καὶ
560 1093 677 1159 πῶς
705 1094 867 1160 αὐτὸς
890 1095 1074 1167 λέγει’
1123 1101 1280 1169 Πρὸς
1321 1104 1428 1158 τὸν
1480 1108 1629 1162 Θεόν
1666 1128 1789 1180 μου
1831 1112 1929 1169 και

348 1186 499 1238 Θεὸν
524 1186 711 1255 ὑμῶν,
728 1191 829 1241 καὶ
855 1190 1087 1259 Πατέρα
1103 1210 1224 1266 μοι)
1250 1195 1349 1250 καὶ
1376 1199 1610 1269 Πατέρα
1638 1202 1838 1273 oper.-
1865 1206 1930 1260 ἐκ

345 1275 536 1330 τούτου
563 1276 780 1342 δεικνὺς
814 1279 889 1351 μὴ
921 1273 1040 1346 ἶσος
1065 1283 1329 1357 ὑπάρχειν
1354 1287 1449 1342 τοῦ
1475 1291 1709 1365 Πατρδς,
1731 1294 1924 1366 λέγων,

345 1365 677 1437 Πορεύομαι
707 1367 861 1437 πρὸς
889 1368 997 1424 τὸν
1022 1372 1168 1426 Θεόν
1189 1392 1344 1443 μου;

963 1461 1330 1533 Ἀπόκρισις.

429 1548 589 1641 Ἀλλὰ
647 1550 724 1621 μὴ
772 1551 910 1623 πρὸς
956 1552 1037 1620 τὸ,
1081 1554 1259 1626 ἥττον’
1289 1558 1556 1633 ὑπάρχειν
1597 1564 1691 1619 τοῦ
1725 1568 1939 1641 [ἰατρὸς

344 1639 437 1693 τὸν
476 1638 684 1708 Παῖδα,
723 1644 1005 1717 καταπέσῃ
1040 1646 1195 1718 ὑμῶν
1241 1650 1276 1722 ἡ
1323 1651 1560 1720 διάνοια,
1596 1656 1675 1728 τῷ
1733 1638 1940 1733 ῥήματι

341 1732 445 1803 τῆς
470 1731 797 1807 θεανδρικῆς
835 1736 1000 1792 αὐτοῦ
1029 1742 1344 1814 οἰκονομίας
1371 1731 1820 1819 προσκόπτουσα,
1854 1757 1931 1809 Οὐ

343 1819 455 1920 γὰρ
471 1825 591 1920 Δπρὸ
619 1824 825 1900 ταύτης
851 1832 1100 1899 φανεῖται
1130 1836 1309 1907 φήσας
1337 1838 1397 1893 ὲν
1416 1842 1483 1912 τῇ
1508 1842 1719 1916 Παλαιᾷ
1743 1847 1926 1920 Πυκτῇ

342 1914 424 1969 ἔτι
457 1916 748 1988 ἀσώματος
786 1920 1069 1995 ὑπάρχων,
1106 1928 1440 1997 Πορεὺομαι
1462 1935 1613 2003 πρὸς
1648 1914 1756 1992 τόν
1782 1914 1930 1995 Θεόῦ

335 2024 493 2103 μουέ
520 2008 613 2103 κα)
646 2010 808 2103 σαρκὶ
833 2010 889 2066 δὲ
923 2014 1165 2084 ὲνωθεὶς,
1197 2018 1296 2092 οὐχ
1323 2014 1485 2094 ἦττον
1518 2024 1624 2081 ὑπὸ
1654 2027 1764 2082 τῶν
1796 2047 1929 2103 προ-

345 2098 533 2170 φητῶν
577 2099 947 2172 θεολογείταν
997 2106 1219 2164 Ἠσαίου
1259 2112 1360 2184 μὲν
1398 2114 1648 2184 βοῶντοςε
1679 2098 1932 2178 Παιδίον

339 2188 633 2282 ἐγεννήθη
660 2193 804 2263 ἡμῖν
826 2195 924 2249 καὶ
944 2196 1141 2268 ἐδόθη,
1168 2196 1240 2257 οὗ
1267 2201 1305 2269 ἡ
1325 2203 1484 2274 ἀρχὴ
1509 2205 1607 2260 ἐπὶ
1638 2209 1744 2264 τοῦ
1765 2210 1927 2282 ὤμου

337 2281 565 2373 αὐτοῦ,
597 2283 695 2338 καὶ
740 2286 1011 2346 κωῑεῖται
1061 2289 1128 2344 τὸ
1170 2291 1359 2364 ὄνομα
1395 2297 1603 2366 αὐτοῦ,
1655 2301 1926 2373 μεγάλης

332 2368 579 2440 βουλῆς
627 2373 935 2445 Ἄγγελος,
978 2381 1336 2451 Θαυμαστὸς
1373 2368 1751 2458 σύμϐουλος,
1783 2368 1926 2461 ea.

335 2461 614 2553 ἰσχυρὸς,
655 2464 1112 2539 Ἐξουσιαστὴς,
1142 2472 1376 2543 ’Ἄρχων
1419 2477 1688 2548 εἰρήνης,
1721 2482 1924 2553 Πατὴρ

336 2552 446 2643 τοῦ
476 2555 815 2643 μέλλοντος
841 2559 1090 2628 αιῶνοςο
1126 2562 1220 2618 τοῦ
1252 2565 1309 2619 δὲ
1355 2567 1521 2622 Δασιδ
1562 2552 1924 2643 μελῳδοῦντός

336 2637 441 2734 τήν
485 2638 744 2713 δευτέραν
807 2646 973 2700 αὐτοῦ
1025 2649 1349 2726 θεανδρικὴν
1405 2637 1784 2734 ἐπιφοίτησιν,
1830 2637 1923 2720 ἐπὶ

337 2732 519 2825 χρίσει
544 2734 638 2825 παὶ
662 2737 988 2825 ἀνταμείψει
1014 2743 1223 2811 πάντας
1255 2732 1700 2822 συναγείρουσαν,
1723 2758 1757 2809 ό
1777 2758 1923 2825 Θεὸς

339 2814 510 2915 micor-
534 2817 813 2890 ἐμφανῶς
858 2825 1012 2896 ἣξει,
1051 2828 1081 2881 ὁ
1124 2829 1255 2896 Θεὸς
1286 2814 1593 2905 ήμῶνξκαὶ
1635 2814 1696 2894 οῦ
1738 2814 1919 2915 παραί-

336 2910 697 3003 σιωπήσεται.
728 2917 854 2984 Πῦρ
886 2918 1167 2977 ἐναντίον
1196 2925 1385 2982 αὐτοῦ
1417 2910 1912 3003 προπορεύσεται,

333 2996 433 3050 καὶ
466 3000 677 3068 κύκλῳ
718 3005 909 3060 αὐτοῦ
946 3012 1218 3081 natatu-lc
1246 2996 1507 3086 σφόδρα,
1544 2996 1671 3086 τοῦς
1706 2996 1918 3089 αἰτίους

332 3092 485 3186 arpis;-
532 3100 798 3186 τιμωρίαν
856 3105 1289 3176 συνελαύνουσα,
1340 3113 1434 3167 καὶ
1503 3115 1584 3184 τῷ
1653 3117 1954 3186 φρικώδει.

335 3176 431 3229 καὶ
461 3177 673 3234 ἀκλινεί
696 3187 1019 3256 παριστῶσα
1051 3191 1256 3264 βήματι
1281 3196 1375 3251 τοῦ
1417 3200 1509 3253 ἐπὶ
1542 3176 1759 3260 πάντων
1785 3206 1922 3262 Θεοῦ

336 3265 432 3359 καὶ
458 3267 711 3341 Σωτῆρος
740 3274 897 3347 ήμῶν
935 3279 1112 3351 Ἰησοῦ
1140 3284 1400 3355 Χριστοῦ.
1428 3289 1671 3359 Εἰκότως
1699 3291 1794 3349 οὖν
1832 3297 1923 3353 διὰ

330 3355 773 3454 τὴν-σωματικὴν
788 3367 1102 3441 οἰκονομίαν
1123 3374 1279 3444 φησὶ,
1299 3379 1631 3451 Πορεύομαι
1650 3355 1801 3454 πρὸς
1815 3388 1923 3443 τὸν

334 3449 499 3542 ΘεόιοοΔ
508 3468 631 3520 μου
653 3470 667 3484 ·
695 3455 784 3512 διὰ
817 3458 875 3513 δὲ
906 3460 1007 3533 τὴν
1037 3463 1180 3519 κατὰ
1213 3466 1375 3536 φύσιν
1396 3470 1499 3542 τῆς
1524 3449 1789 3540 ἡθείαςνὲιι
1823 3479 1917 3534 τοῦ

333 3538 545 3632 Πατρδς
570 3546 901 3618 γεννήσεως,
930 3554 1282 3626 Πορεύομαι,
1309 3538 1466 3632 φησὶ,
1488 3565 1641 3632 πρὸς
1670 3538 1778 3622 τὸν
1799 3572 1919 3624 Πα-

330 3627 634 3732 :épa-yov.
657 3636 808 3732 Θεὸς
823 3641 1002 3698 τοίνυν
1037 3646 1147 3700 τῶν
1182 3627 1459 3722 μαθητιῦν
1482 3627 1577 3709 καὶ
1604 3627 1795 3732 Πατὴρ
1819 3661 1914 3716 τοῦ
1942 3710 1945 3711 ν

334 3719 531 3821 Παιδὸς
557 3727 924 3821 ιιατὰῃφύσιν,
966 3733 1100 3801 Θεὸς
1149 3738 1206 3793 δὲ
1242 3719 1336 3794 τοῦ
1357 3742 1487 3796 Υἰοῦ
1532 3748 1672 3802 κατὰ
1712 3719 1912 3821 culpata,

330 3812 427 3865 καὶ
447 3815 635 3891 Πατήρ
669 3820 776 3874 τῶν
814 3825 1084 3895 φοιτητῶν
1111 3828 1252 3883 κατὰ
1284 3830 1462 3904 χάριν.

914 4027 1162 4083 ΠΕΥΣῙΣ
1200 4033 1327 4087 Kl".

402 4114 513 4167 Καὶ
539 4114 655 4178 πῶς
687 4116 814 4187 περὶ
835 4117 929 4171 τοῦ
965 4120 1179 4193 Πατρὸς
1226 4123 1558 4195 γέγραπται,
1592 4131 1675 4184 Οὐ
1705 4132 1913 4187 πεινὰ-

326 4221 445 4267 σει,
474 4207 546 4258 οὐ
579 4204 848 4273 διψήσει,
882 4209 1026 4264 οὐδέ
1065 4211 1239 4267 ἐστιν
1279 4215 1589 4287 ἐξεύρεσις
1624 4220 1737 4291 τῆς
1768 4242 1911 4293 φρο-

324 4294 562 4387 νήσεως
590 4296 778 4353 αὐτοῦ
800 4314 813 4326 ·
853 4301 981 4372 περὶ
995 4302 1052 4356 δὲ
1080 4304 1175 4359 τοῦ
1204 4306 1354 4375 Υἱοῦ,
1389 4310 1471 4363 ὅτι
1494 4311 1746 4368 ὲπεὶνασε
1770 4317 1909 4387 μετὰ

323 4386 736 4459 τεσσαράκοντα
771 4389 1006 4463 ἡμέρας,
1034 4397 1356 4478 πειρασθεὶς
1387 4401 1447 4454 ὲν
1480 4407 1546 4476 τῇ
1569 4386 1782 4478 ἐρήμῳ,
1815 4410 1909 4464 καὶ

322 4478 556 4551 διψήσας
582 4479 764 4553 ἐζήτει
813 4486 957 4538 πιεῖν
1003 4472 1155 4557 παρᾶ
1184 4489 1284 4561 τῆς
1318 4472 1906 4566 Σαμαριτιδοςξ-πάλιν

327 4573 455 4643 περὶ
480 4572 573 4628 τοῦ
595 4574 834 4648 Πατρὸς,
864 4580 948 4634 Οὐ
984 4581 1287 4648 κοπιάσει,
1312 4586 1385 4641 οὐ
1417 4590 1737 4656 νυστάσει,
1766 4595 1911 4649 οὐδὲ

324 4661 591 4715 ὑπνώσει
625 4666 659 4717 ὀ
688 4664 1032 4732 φυλάσσων
1064 4669 1172 4723 τὸν
1219 4671 1468 4742 Ἰσραήλ
1491 4693 1505 4707 ο
1551 4678 1814 4733 ἐκοπίασε
1855 4680 1911 4735 δὲ

338 4748 544 4819 Ἰησοῦς
569 4751 634 4802 ὲκ
654 4751 751 4820 τῆς
767 4752 1099 4826 ὁδοιπορίας,
1123 4758 1217 4812 καὶ
1239 4759 1509 4817 ὑπνώττει
1534 4764 1594 4818 ὲν
1616 4763 1695 4835 τῷ
1717 4766 1910 4838 πλοίῳ,

323 4840 468 4911 ἅπερ
494 4838 595 4893 οὐκ
632 4839 747 4893 ἔστι
774 4842 911 4896 Θεοῦ
934 4860 952 4908 ;

935 4959 1297 5032 Ἀπόκρισις.

396 5052 616 5119 ’Ἄπαγε
657 5050 857 5106 σαυτὸν
884 5052 986 5124 τῆς
1010 5057 1355 5130 νηπιότητος,
1389 5062 1665 5135 ἄνθρωπε.
1692 5069 1768 5123 Οὐ
1804 5072 1902 5141 μό-

319 5158 408 5195 νον
446 5141 556 5213 γὰρ
601 5143 855 5214 πεινῆσαι
890 5147 1213 5215 κατεδέξατο
1260 5151 1429 5207 ἐλθὼν
1473 5157 1501 5209 ό
1538 5157 1901 5230 ὲνυπόστατος

318 5233 415 5287 καὶ
582 5234 737 5303 ἆγιος
764 5237 956 5307 Λόγος,
988 5240 1124 5295 ἀλλὰ
1155 5242 1516 5323 καὶθπέπονθε
1546 5249 1624 5321 τῷ
1656 5252 1715 5319 ἐξ
1743 5254 1899 5325 ήμῶν

319 5322 729 5416 προσλήμματι,
763 5326 856 5381 καὶ
888 5327 994 5383 ὑπὸ
1036 5330 1214 5404 ταφὴν
1252 5322 1445 5390 τούτου
1483 5339 1693 5409 γέγονε,
1744 5322 1898 5416 πρῶ-

314 5430 407 5466 τον
439 5415 754 5506 μαστιχθεὶς
802 5417 894 5475 τὸν
937 5420 1141 5488 νῶτον,
1192 5425 1289 5479 καὶ
1328 5427 1549 5500 δέσμιος
1591 5435 1657 5506 τῇ
1708 5415 1897 5490 ὲνὼσει

313 5505 694 5598 αναπεμφθεὶς
738 5508 952 5585 Ἡρώδῃ
974 5512 1078 5566 ὑπὸ
1107 5514 1362 5574 Πιλάτου.
1396 5516 1512 5576 Εἶθ’
1533 5505 1705 5589 οὕτως
1736 5526 1897 5598 ῥαπί-

312 5594 470 5689 ζεται
488 5600 743 5689 παρειαῖς
774 5599 871 5653 καὶ
911 5602 1233 5689 ἑμπτύεται.
1272 5609 1433 5666 Ἀλλά
1465 5615 1560 5669 καὶ
1602 5594 1891 5689 ἐδάκρυσε,

2464 997 2995 1057 INTERROGATIO
3048 1000 3216 1058 XXII.

2032 1130 2039 1141 “
2104 1109 2391 1176 Quomodo
2428 1125 2557 1167 vero
2586 1112 2766 1183 inquit
2797 1116 2957 1183 ipse:
2989 1114 3074 1168 Ad
3123 1114 3290 1170 Deum
3347 1132 3522 1172 nicum
3580 1127 3631 1173 et

2031 1197 2203 1253 Deum
2225 1208 2476 1263 vestrum,
2492 1210 2543 1254 et
2562 1199 2778 1254 Patrem
2797 1218 2971 1256 meum
2993 1211 3043 1257 et
3070 1203 3284 1259 Patrem
3307 1215 3537 1260 vestrum
3552 1207 3632 1261 ⁸³ἲ

2026 1305 2138 1361 quo
2164 1289 2408 1345 ostendit
2435 1305 2494 1345 se
2521 1307 2632 1346 non
2671 1293 2939 1362 aequalem
2989 1309 3114 1350 esse
3156 1293 3329 1360 Patri,
3370 1310 3495 1352 cum
3539 1297 3626 1353 in-

2031 1378 2174 1451 quit,
2219 1377 2370 1433 Vado
2404 1378 2474 1432 ad
2502 1377 2670 1433 Deum
2695 1382 2910 1435 meum?

2671 1471 2982 1541 Responsio.

2103 1557 2462 1631 Nequaquam
2496 1559 2707 1615 recidat
2732 1575 2800 1616 eo
2834 1577 2989 1618 mens
3025 1573 3234 1629 nostra,
3270 1569 3331 1618 ut
3365 1571 3626 1634 putemus

2036 1649 2306 1706 minorem
2368 1667 2493 1708 esse
2544 1650 2708 1708 Patre
2760 1650 2982 1720 Filium,
3018 1653 3226 1710 olfensa
3281 1656 3387 1712 hoe
3437 1659 3624 1726 verbo,

2035 1743 2183 1813 quod
2217 1744 2431 1800 ratione
2454 1744 2954 1801 administrationis
2987 1748 3125 1802 uniti
3158 1764 3286 1803 cum
3316 1749 3427 1805 Deo
3449 1750 3624 1805 homi-

2037 1835 2124 1890 nis
2147 1834 2372 1891 dicitur.
2402 1835 2521 1891 Non
2553 1836 2699 1892 enim
2731 1845 2859 1895 ante
2883 1838 2988 1895 hoc
3016 1848 3230 1910 tempus
3253 1855 3379 1895 eum
3405 1850 3625 1898 constat

2037 1925 2118 1981 sic
2159 1926 2403 1980 locutum
2436 1941 2560 1982 esse
2606 1926 2662 1981 in
2705 1927 2991 1998 Scriptura
3025 1926 3232 1995 Veteri,
3283 1944 3409 1983 cum
3443 1930 3622 1986 adhuc

2033 2025 2181 2073 esset
2230 2016 2626 2088 incorporeus:
2690 2017 2842 2073 Vada
2902 2018 2973 2073 ad
3021 2018 3190 2072 Deum
3246 2035 3439 2074 meum.
3505 2020 3622 2076 lino

2033 2110 2198 2165 etiam
2232 2109 2388 2165 carni
2427 2110 2585 2166 unito
2624 2109 2886 2167 divinitas
2921 2110 3283 2166 nihilominus
3323 2125 3355 2165 a
3392 2112 3617 2168 vatibus

2034 2200 2314 2264 tribuitur,
2348 2199 2489 2257 Isaia
2517 2200 2740 2273 quidem
2783 2202 3098 2258 clamante:
3146 2203 3287 2257 Puer
3330 2210 3491 2259 natus
3534 2214 3616 2259 est

2032 2291 2205 2361 nobis,
2234 2301 2286 2347 et
2325 2291 2486 2348 datus
2522 2302 2621 2357 est,
2654 2293 2809 2364 cujus
2844 2294 3123 2363 imperium
3151 2309 3308 2364 super
3340 2294 3614 2349 humerum

2030 2383 2181 2453 ejus;
2201 2393 2251 2440 ct
2272 2385 2546 2453 vocabitur
2565 2403 2752 2441 nomen
2771 2386 2909 2457 ejus,
2938 2390 3120 2459 magni
3129 2389 3336 2444 consilii
3357 2388 3615 2453 Nuntius,

2029 2474 2386 2531 Admirabilis
2413 2477 2782 2544 consiliarius,
2838 2477 2983 2534 Deus
3024 2479 3205 2549 fortis,
3261 2480 3613 2548 Dominator,

2030 2565 2283 2636 Princeps
2312 2569 2481 2639 pacis,
2526 2568 2693 2625 Pater
2733 2570 2902 2639 futuri
2942 2572 3041 2626 (cui
3058 2571 3124 2627 “.
3163 2570 3397 2629 Davides
3430 2583 3611 2629 autem

2029 2658 2332 2715 secundum
2367 2660 2506 2715 uniti
2529 2677 2654 2716 cum
2680 2661 2791 2718 Deo
2825 2663 3066 2741 hominis
3099 2663 3398 2721 adventum
3440 2669 3621 2731 cauit.

2027 2765 2138 2820 quo
2163 2750 2231 2805 ad
2254 2750 2527 2821 judicium
2552 2760 2607 2808 et
2628 2753 3047 2811 retributionem
3071 2771 3265 2812 omnes
3286 2757 3586 2814 excitabun
3602 2789 3616 2800 -

2027 2849 2150 2898 tur:
2178 2841 2320 2897 Deus
2347 2852 2528 2899 noster
2556 2845 2841 2915 manifesto
2869 2847 3121 2914 veniet”;
3156 2847 3327 2927 Deus,
3360 2851 3629 2921 inquam,-

2025 2941 2238 3000 noster,
2291 2951 2395 2995 nec
2426 2936 2596 2993 tacite
2643 2936 2700 2993 id
2739 2937 2870 2994 ﬁet:
2911 2937 3057 3011 Ignis
3090 2941 3349 3010 praecedet
3380 2953 3501 2997 ante
3527 2943 3613 3012 ip-

2025 3041 2167 3090 sum,
2197 3035 2247 3081 et
2273 3026 2328 3081 in
2369 3027 2601 3082 circuitu
2630 3029 2796 3099 ipsius
2837 3030 3109 3086 vehemens
3149 3032 3386 3101 procella
3402 3032 3470 3098 ⁸⁸,
3503 3032 3611 3088 ἰω-

2021 3117 2231 3188 pellens
2264 3118 2333 3173 ad
2362 3121 2691 3191 supplicium
2722 3136 2871 3189 reos,
2898 3138 3037 3194 quos
3067 3122 3302 3179 terribili
3334 3132 3389 3179 et
3420 3125 3609 3180 incor-

2018 3214 2185 3278 rupto
2210 3209 2367 3265 sistet
2392 3210 2653 3266 tribunali
2681 3210 2804 3282 eius
2829 3212 2923 3284 qui
2945 3228 3113 3284 supra
3148 3214 3336 3269 omnia
3361 3215 3607 3280 exsistit,

2015 3293 2110 3350 Dei
2162 3296 2373 3353 scilicet
2421 3312 2487 3352 ac
2545 3296 2856 3356 Servatoris
2937 3301 3111 3357 nostri
3169 3299 3298 3358 Jcsu
3374 3303 3605 3359 Christi.

2016 3383 2213 3442 Merito
2242 3386 2412 3459 igitur
2445 3395 2672 3460 propter
2703 3388 3239 3448 administrationem
3274 3390 3332 3446 in
3372 3406 3609 3463 corpore

2018 3492 2194 3543 suam,
2243 3480 2443 3552 inquit,
2486 3480 2635 3537 Vade
2661 3480 2730 3536 ad
2770 3481 2940 3537 Deum
2986 3500 3181 3539 meum.
3222 3483 3452 3557 Propter
3484 3500 3606 3542 eam

2016 3584 2150 3627 vero
2213 3586 2336 3642 quae
2387 3573 2694 3628 secundum
2754 3582 3009 3629 naturam
3066 3574 3266 3638 divinae
3321 3592 3388 3632 ex
3440 3575 3608 3633 Patre

2020 3661 2393 3728 generationis
2426 3670 2534 3729 est,
2575 3663 2746 3729 Vada,
2782 3665 2980 3737 inquit,
3030 3665 3101 3719 ad
3144 3666 3365 3721 Patrem
3407 3683 3609 3724 meum.

2021 3751 2166 3806 Deus
2215 3751 2382 3823 igitur
2429 3753 2523 3810 ille
2569 3755 2968 3825 discipulorum
3008 3765 3112 3824 est,
3168 3763 3223 3812 et
3267 3756 3431 3812 Pater
3479 3757 3603 3813 Filii

2019 3840 2320 3896 secundum
2358 3850 2634 3911 naturam,
2662 3852 2717 3900 et
2764 3845 2910 3903 Deus
2956 3845 3101 3902 idem
3146 3844 3269 3901 Filii
3300 3846 3600 3905 secundum

2017 3931 2269 3998 gratiam.

2421 4043 2950 4106 INTERROGATIO‘
2988 4049 3179 4105 XXIII.

2081 4132 2148 4187 Et
2180 4134 2273 4205 qui
2310 4134 2397 4202 ﬁt,
2432 4145 2494 4191 ut
2521 4136 2588 4193 de
2614 4137 2776 4194 Patre
2798 4140 2870 4195 sit
2897 4141 3199 4211 scriptum:
3234 4140 3358 4197 Non
3377 4147 3594 4209 esuriet,

2009 4239 2112 4278 non
2141 4226 2301 4292 sitiet,
2317 4242 2478 4297 neque
2498 4237 2574 4281 est
2592 4228 3145 4299 inveniresapientiam
3174 4230 3434 4301 ejus"’;de
3451 4232 3598 4290 Filio

2015 4322 2222 4381 autem,
2253 4318 2400 4388 quod
2448 4319 2708 4375 esurierit
2753 4329 2876 4392 post
2908 4322 3269 4394 quadraginta
3297 4323 3437 4391 dies,
3469 4333 3592 4379 ten-

2016 4412 2165 4462 tatus
2203 4406 2260 4461 in
2303 4406 2541 4475 deserto,
2589 4416 2643 4464 ct
2685 4411 2832 4479 quod
2873 4411 3092 4476 sitierit,
3140 4413 3266 4468 dum
3304 4421 3512 4483 peteret
3563 4430 3595 4469 a

2015 4494 2359 4553 Samaritana
2387 4500 2615 4569 potum?
2650 4499 2958 4571 iterumque
2981 4501 3049 4556 de
3080 4501 3274 4557 Patre:
3316 4502 3441 4557 Non
3484 4505 3596 4559 las-

2008 4588 2239 4656 sabitur,
2263 4606 2368 4643 non
2389 4588 2721 4654 dormitabit,
2750 4606 2911 4660 neque
2932 4589 3157 4646 dormiet
3188 4602 3365 4647 custos
3411 4592 3594 4649 Israe-

2009 4675 2076 4729 lis
2095 4676 2173 4732 In:
2223 4685 2280 4731 at
2322 4676 2483 4735 Jesus
2527 4678 2860 4750 defatigatus
2905 4687 2990 4736 est
3031 4697 3096 4738 ex
3134 4682 3496 4753 proiectione,
3539 4696 3595 4740 et

2011 4768 2274 4827 dormivit
2300 4772 2355 4827 in
2387 4772 2515 4828 navi
2542 4792 2554 4828 :
2589 4789 2713 4845 qua:
2743 4773 2933 4845 utique
2955 4774 3070 4831 Deo
3091 4791 3203 4831 non
3233 4778 3593 4847 competunt?

2640 4976 2951 5048 Responsio.

2080 5067 2264 5139 Apage
2300 5069 2377 5124 sis
2402 5084 2527 5123 cum
2559 5069 2660 5125 hac
2690 5076 2784 5124 tua
2819 5069 3116 5138 dementia,
3148 5074 3221 5127 mi
3249 5073 3429 5128 homo.
3464 5071 3590 5128 Non

2006 5159 2153 5214 enim
2201 5160 2421 5216 esurire
2470 5159 2633 5215 modo
2676 5159 2974 5225 sustinuit,
3026 5178 3123 5234 per
3169 5179 3229 5220 se
3277 5165 3589 5221 subsistens

2006 5249 2139 5305 illud
2171 5250 2353 5307 vivum
2380 5259 2742 5322 sanctumque
2773 5250 3032 5319 Verbum,
3052 5253 3146 5309 sed
3175 5265 3228 5311 et
3255 5271 3479 5326 passum
3501 5270 3597 5314 ess

2005 5352 2291 5415 assumpta
2312 5355 2500 5401 nostra
2516 5354 2734 5412 natura,
2758 5344 2813 5399 in
2830 5359 2937 5414 qua
2958 5356 3011 5403 et
3033 5347 3369 5417 sepulturam
3391 5350 3582 5406 subiit.

2005 5432 2249 5489 Primum
2292 5435 2519 5509 ﬂagellis
2562 5453 2705 5496 caeso
2744 5440 2911 5497 dorso
2952 5439 3313 5496 constrictum
3348 5440 3585 5496 vinculis

2004 5526 2075 5582 ad
2104 5527 2374 5584 Herodem
2404 5533 2633 5587 missum
2669 5540 2755 5588 est
2784 5546 2815 5586 a
2849 5531 3044 5586 Pilato.
3088 5530 3296 5587 Deinde
3334 5529 3579 5601 colaphis

2004 5617 2060 5674 in
2099 5620 2352 5677 maxillas
2391 5622 2640 5688 caeditur,
2682 5631 2739 5679 et
2777 5624 3125 5695 conspuitur.
3161 5621 3269 5677 Sed
3317 5630 3372 5677 et
3411 5620 3581 5687 nevit,

310 5681 404 5735 καὶ
452 5683 512 5737 ὲν
553 5684 765 5758 ἀγωνίᾳ
818 5688 1106 5760 γενόμενος
1158 5693 1351 5766 ἵδρωσε
1374 5715 1386 5729 ·
1432 5703 1532 5757 καὶ
1581 5681 1819 5776 ἐγένετο

2022 5719 2054 5766 :t
2104 5709 2158 5765 in
2208 5725 2414 5784 angore
2464 5713 2823 5797 constitutum
2873 5681 3113 5782 sudavit,
3164 5713 3370 5783 fuitque
3417 5715 3584 5771 sudor

377 5841 424 5874 ⁸⁹
448 5840 611 5909 ,Joan.
648 5860 740 5913 xx,
777 5846 859 5915 il.
938 5848 984 5884 "
1012 5849 1117 5910 lsa.
1162 5867 1237 5919 Ix,
1272 5852 1325 5910 6.
1405 5856 1451 5889 “
1479 5855 1623 5915 Psal.
1660 5876 1807 5932 sua,
1841 5864 1893 5920 5.

2050 5864 2183 5922 ibid.
2258 5868 2302 5900 ⁸⁷
2338 5866 2506 5927 Eccli.
2548 5886 2701 5943 svnt,
2745 5875 2797 5931 5.
2871 5877 2918 5909 ⁸⁸
2947 5874 3093 5945 Psal,
3126 5891 3253 5944 cxx,
3303 5877 3360 5937 ι.
