4082 6406
447 366 557 424 883

441 485 558 553 ejus
593 493 845 556 tanquam
887 493 1052 557 gutta:
1086 486 1382 558 sanguinis.
1427 484 1495 539 Et
1532 485 1781 554 apparuit
1813 484 2033 555 angelus

443 575 534 644 qui
571 576 951 631 corroborabat
977 593 1118 643 eum,
1154 576 1330 648 inquit
1363 576 1584 633 divinus
1628 576 1720 632 ille
1756 577 1932 633 Lucas
1957 578 2026 632 ⁸³.

448 662 591 728 Quin
640 665 805 719 etiam
847 666 995 721 velut
1047 666 1308 737 ignorans
1348 664 1416 721 de
1455 664 1666 720 Lazaro
1717 666 2031 737 quaerebat,

453 753 556 809 ι’ῡὶ
574 757 827 826 posuistis
856 773 974 813 eum
992 758 1078 812 ὀἳ
1102 757 1164 812 Ει
1189 757 1257 813 de
1272 758 1502 815 muliere
1526 757 1794 831 proﬂuvio
1813 759 2035 830 sangui-

446 847 537 903 nis
550 848 859 916 laborante,
879 865 1001 922 quae
1029 850 1170 905 clam
1200 866 1296 923 per
1312 858 1518 906 tactum
1540 850 1766 907 ﬂmbrim
1792 851 2035 907 abstule-

447 948 534 994 rat
578 940 869 997 sanitatem
920 961 934 997 :
986 941 1118 1009 Quis
1163 959 1246 998 me
1292 943 1458 1015 tetigit
1494 942 1587 997 ’ίῖ
1624 942 1839 1014 inquit;
1865 952 1920 999 et
1966 942 2033 996 ad

445 1025 668 1085 Iudaeos
693 1030 784 1100 qui
810 1029 991 1100 ipsum
1022 1030 1672 1102 comprehensurierant,
1692 1034 1862 1098 Quem
1890 1044 2036 1100 qure-

446 1119 567 1173 ritis
582 1119 667 1173 "‘1
689 1120 785 1174 ait.
815 1118 879 1173 Et
907 1118 976 1175 ad
1004 1120 1308 1191 discipulos
1335 1138 1348 1175 :
1385 1120 1555 1187 Quem
1600 1136 1681 1175 me
1721 1121 1905 1174 dicunt
1938 1118 2035 1174 ho-

446 1210 616 1264 mines
643 1226 757 1266 esse
774 1210 822 1243 ⁹⁸
843 1211 873 1266 τ
898 1210 1056 1276 ltem,
1092 1210 1234 1277 Quot
1258 1228 1420 1282 panes
1450 1210 1655 1267 habetis
1673 1213 1763 1267 ’δῖ
1782 1211 1919 1267 Cum
1944 1210 2030 1264 ni-

448 1301 528 1356 hil
569 1303 763 1358 horum
810 1303 1109 1374 ignoraret,
1160 1304 1305 1360 sicut
1333 1303 1513 1360 exitus
1552 1303 1673 1376 ipse
1703 1318 1887 1360 rerum
1938 1302 2036 1358 dc-

449 1392 622 1447 clarat
648 1411 663 1448 :
705 1392 759 1447 in
798 1390 1007 1448 Lazaro
1036 1394 1296 1465 primum,
1328 1394 1475 1465 quod
1494 1394 1618 1465 ejus
1640 1400 1870 1450 mortem
1896 1407 2036 1464 pra:-

448 1481 604 1546 dicit,
657 1482 726 1539 de
754 1497 865 1554 quo
902 1484 1150 1555 apertius
1199 1486 1366 1555 paulo
1414 1493 1542 1556 post
1572 1485 1866 1550 disseram,
1908 1494 2034 1538 cum

449 1570 516 1626 ad
540 1570 701 1627 ﬁnem
735 1573 1005 1629 orationis
1039 1587 1126 1630 me
1158 1580 1376 1644 tempus
1406 1573 1734 1646 compulerit
1761 1590 1778 1641 ;
1826 1572 1882 1627 in
1914 1586 2036 1625 mu—

326 1682 333 1689 ·
447 1661 582 1718 licre
608 1662 896 1734 sanguinis
931 1662 1200 1735 proﬂuvio
1218 1664 1529 1730 laborante,
1587 1662 2038 1720 contreetationis

445 1749 566 1820 ipse
589 1764 807 1815 sensus,
864 1759 919 1806 et
974 1753 1260 1822 copiosum
1313 1751 1512 1809 divina:
1564 1752 1853 1824 potestatis
1887 1750 2036 1805 anxi-

445 1842 623 1911 tium;
677 1842 733 1897 in
766 1844 1346 1916 comprehensoribus,
1385 1845 1624 1916 impetus
1669 1852 1725 1901 et
1775 1828 2035 1900 accessus

447 1950 638 2004 causa,
668 1943 723 1993 et
752 1936 904 1993 hora:
932 1937 1082 1994 illius
1115 1939 1524 2010 propinquitas,
1542 1937 1671 1994 item
1698 1934 1845 2009 quod
1863 1936 2034 1990 inter-

447 2028 751 2087 fectoribus
809 2029 973 2098 dicit,
1029 2034 1143 2102 Ego
1195 2031 1413 2106 smn”:
1439 2030 1495 2085 in
1545 2045 1617 2086 eo
1641 2027 1787 2099 quod
1816 2025 2031 2099 quaerit,

444 2120 573 2193 quis
608 2121 929 2178 hominibus
966 2136 1090 2180 esse
1141 2122 1443 2189 videretur,
1493 2121 1599 2177 hoc
1632 2120 1835 2192 ipsum,
1888 2117 2035 2189 quod

444 2210 670 2269 Petrum
711 2213 785 2269 ob
825 2214 1239 2271 exaetissimam
1281 2212 1766 2283 ﬁrmissimamque
1820 2207 2041 2283 confes-_

446 2303 657 2360 sionem
684 2302 906 2360 beatum
937 2304 1201 2376 praedicat
1222 2305 1308 2371 ;in
1343 2304 1605 2376 panibus,
1634 2301 1704 2358 de
1740 2298 1956 2372 exiguis
1982 2305 2037 2353 et

447 2394 645 2466 paucis
677 2395 877 2469 ingens
931 2396 1228 2454 multitudo
1269 2397 1651 2470 reliquiarum.
1700 2393 1840 2451 Cum
1884 2392 2035 2449 enim

448 2485 694 2556 quinque
725 2492 937 2541 tantum
976 2495 1188 2555 essent,
1242 2487 1540 2559 quinquies
1570 2484 1720 2542 mille
1752 2483 1819 2539 ad
1865 2482 2033 2539 satie-

452 2585 615 2634 tatem
644 2586 936 2649 paverunt,
995 2594 1061 2635 ac
1105 2588 1369 2651 praeterea
1421 2578 1713 2635 duodecim
1766 2575 2037 2646 cophinos

452 2666 775 2739 fragmentis
833 2667 1205 2738 repleverunt,
1255 2676 1548 2739 postquam
1608 2666 1769 2723 turba
1818 2663 2037 2734 epulata

445 2767 587 2827 erat,
613 2765 872 2815 contactu
901 2767 957 2816 et
991 2758 1261 2816 fractione
1290 2760 1446 2816 illius
1467 2760 1636 2825 aucti,
1669 2757 1767 2830 qui
1796 2757 1852 2812 in
1885 2755 2039 2826 prin-

446 2844 595 2916 cipio
625 2852 788 2901 teme
809 2846 1189 2912 mandaverat,
1225 2855 1286 2902 ut
1321 2846 1571 2902 triticum
1598 2845 1947 2917 produceret,
1981 2850 2038 2898 et

446 2937 606 3007 aquis
632 2946 691 2993 ut
716 2937 1084 3009 producerent
1110 2955 1276 2996 omne
1300 2955 1475 3013 genus
1500 2939 1760 3003 uatabile,
1784 2951 1847 2991 ac
1876 2933 2038 3006 quid-

446 3029 590 3101 quid
607 3046 674 3089 ex
705 3034 792 3089 eis
824 3032 1091 3089 nascitur.
1960 3040 1963 3043 ’

864 3166 1387 3226 INTERROGATIO
1423 3167 1615 3224 XXIV.

517 3283 675 3350 Quod
719 3284 766 3341 si
812 3284 1091 3356 perfectus
1130 3285 1276 3343 Deus
1302 3294 1390 3343 est
1430 3285 1712 3349 Christus,
1755 3282 2035 3356 quomodo

446 3376 627 3448 inquit
661 3378 1019 3450 evangelista,
1055 3376 1201 3433 Puer
1236 3377 1395 3434 Iesus
1427 3377 1693 3432 crescebat
1739 3393 1804 3432 ac
1839 3375 2034 3445 spiritu

446 3468 890 3539 ecnﬁrmabatur,
934 3479 985 3524 et
1032 3470 1344 3554 proﬁciebat
1390 3479 1499 3524 tam
1556 3470 1820 3540 sapientia
1873 3485 2062 3539 quam-

447 3575 608 3624 a-tate
628 3564 714 3619 ’⁸1
746 3563 890 3620 Deus
915 3573 1066 3619 certe
1096 3579 1206 3619 non
1236 3564 1459 3626 crescit,
1487 3578 1667 3634 neque
1699 3562 1920 3634 prolicit
1945 3576 2031 3618 sa-

447 3655 680 3729 pientia,
711 3668 894 3727 neque
918 3655 1302 3720 confirmatur,
1345 3664 1407 3710 ut
1438 3661 1598 3710 antea
1634 3655 1907 3709 inﬁrmus.

1091 3745 1401 3817 Responsio.

517 3839 623 3908 Qui
667 3849 751 3896 est
803 3839 1065 3911 sapientia
1110 3848 1162 3893 et
1206 3838 1443 3908 potentia
1494 3838 1589 3894 Dei
1629 3847 1678 3894 et
1720 3835 1923 3908 Patris,
1973 3844 2036 3893 ut

446 3929 631 4001 inquit
657 3937 889 3987 sanctus
914 3929 1008 3984 ille
1035 3928 1334 3999 Apostolus
1352 3929 1424 3995 ’⁷,
1450 3943 1545 3999 per
1566 3927 2034 3999 dispensationem

447 4023 626 4078 nostri
647 4021 849 4078 similis
875 4020 1085 4078 incedit
1107 4021 1418 4077 voluntaria
1441 4020 1795 4088 demissione,
1822 4020 2038 4091 sapien-

445 4116 581 4171 tiam
609 4115 816 4172 docens
849 4114 1134 4183 mortales,
1173 4115 1270 4185 qui
1296 4114 1490 4170 Adami
1530 4113 1795 4185 plantavit
1820 4128 2031 4170 aurem.

445 4205 621 4263 Paulo
652 4214 837 4264 autem
871 4206 1130 4280 superius
1163 4206 1417 4263 oratione
1450 4207 1702 4277 repetita,
1738 4206 2036 4262 dilucidius

446 4301 630 4373 ipsum
655 4300 1052 4358 demonstrabo
1084 4297 1277 4363 Deum,
1313 4300 1409 4370 qui
1443 4300 1583 4354 citra
1615 4299 2036 4355 conversionem
2082 4322 2086 4326 λ

444 4400 502 4447 et
539 4391 984 4447 immutationem
1019 4390 1188 4445 ullam
1219 4398 1590 4461 propter‘nos
1640 4390 1899 4446 mortales
1950 4390 2037 4444 iu-

448 4485 575 4537 fans
601 4481 678 4537 sit
706 4478 910 4541 factus,
940 4487 998 4534 et
1025 4478 1430 4535 incrementum
1460 4478 1736 4548 acceperit
1760 4477 2034 4547 corporis,

449 4588 564 4628 non
608 4568 942 4626 divinitatis.
987 4568 1134 4626 Dicit
1176 4568 1342 4640 igitur
1387 4568 1559 4622 multa
1608 4582 1905 4637 perpessus
1945 4568 2037 4623 ille

447 4672 604 4720 vates
633 4660 975 4718 Hieremias:
1048 4660 1225 4717 Homo
1257 4672 1370 4727 est;
1415 4669 1468 4716 et
1499 4660 1617 4731 quis
1650 4670 1924 4732 cognoscet
1951 4662 2034 4732 ip-

448 4772 570 4811 sam
590 4755 681 4811 ἐἳ
702 4769 813 4827 quo
858 4754 1059 4819 innuit,
1085 4755 1266 4826 ipsum
1315 4753 1489 4811 Deum
1519 4768 1663 4820 esse,
1708 4754 1804 4826 qui
1849 4762 2034 4812 tamen

448 4850 736 4921 ignoretur
777 4848 846 4904 ab
879 4847 949 4904 iis
981 4847 1075 4918 qui
1110 4846 1387 4902 crassiore
1432 4853 1562 4902 sunt
1602 4846 1903 4914 intellectu,
1937 4862 2034 4903 ne-

448 4952 560 5012 que
584 4947 818 5011 possunt
846 4954 943 5010 per
963 4937 1406 4995 incredulitatem
1428 4953 1627 5010 capere
1659 4940 2030 5011 cognitionem

449 5036 612 5102 eius;
648 5031 822 5088 veluti
851 5031 945 5103 qui
990 5031 1168 5089 oculis
1201 5032 1332 5103 aegri
1364 5041 1515 5100 sunt,
1550 5046 1647 5102 per
1691 5032 2039 5089 imbecillita-

448 5131 563 5180 tem
597 5130 884 5194 aspectum
916 5122 1049 5179 solis
1079 5123 1319 5178 tolerare
1347 5130 1648 5194 nequeunt.
1690 5119 1748 5178 Si
1774 5139 1907 5179 vero
1939 5123 2039 5178 lio-

450 5232 545 5275 sno
572 5228 713 5284 erat,
742 5214 1021 5288 quomodo
1054 5230 1167 5271 non
1193 5215 1655 5288 cognoscebatur,
1681 5215 2037 5286 quemadmo-

451 5308 586 5365 dum
632 5308 780 5365 nos?
835 5306 1031 5364 Omnis
1065 5307 1212 5366 enim
1256 5307 1421 5363 homo
1473 5308 1637 5379 plane
1680 5309 2040 5380 cognoscitur

451 5407 550 5457 aut
573 5416 642 5456 ex
695 5400 1039 5472 parentibus,
1084 5407 1180 5455 aut
1227 5414 1295 5455 ex
1328 5399 1582 5471 cognatis
1613 5407 1667 5455 et
1706 5398 2041 5471 consangui-

451 5492 595 5558 neis,
653 5499 750 5547 aut
802 5489 1042 5562 denique
1099 5506 1165 5547 ea
1208 5489 1702 5546 contubernalibus
1743 5497 1801 5546 et
1841 5490 2033 5547 dome-

452 5583 633 5642 sticis.
666 5581 749 5638 Es
797 5585 950 5642 nullo
990 5583 1156 5657 igitur
1185 5597 1380 5641 eorum
1423 5597 1553 5654 quae
1580 5584 1638 5638 in
1678 5584 1838 5641 nobis
1883 5592 2035 5654 sunt,

1549 371 1608 428 S.
1635 368 1931 428 CESARII
1962 367 2293 428 GREGORII
2332 370 2636 427 FliATRiS

3614 370 3719 427 εει

2138 487 2315 557 ἱδρὼς
2350 488 2538 543 αὑτοῦ
2581 485 2726 542 ὡσεί
2768 486 3009 557 θρόμϐοι
3058 485 3307 556 αἵματος
3329 524 3345 551 ,
3398 483 3499 539 καί
3550 484 3721 556 ὤφθη

2136 581 2391 651 ἄγγελος
2409 622 2427 646 ,
2456 581 2760 650 ἐνισχύων
2789 579 3006 646 αὐτὸν,
3050 578 3216 650 φησὶν
3245 578 3276 631 6
3313 576 3454 641 θεῖος
3484 579 3717 642 Λουκᾶς.

2149 672 2288 726 Ἀλλ’
2312 673 2388 736 ὡς
2414 671 2625 742 ἀγνοῶν
2652 671 2780 743 περὶ
2802 670 3053 743 Λαζάρου
3079 669 3263 741 ἤρετο,
3278 667 3403 723 Ποῦ
3424 668 3719 723 τεθείκατε

2135 767 2359 828 αὑτόνς
2392 762 2497 818 Kal.
2528 764 2655 835 negt
2679 762 2780 833 τῆς
2804 762 3071 835 αἱμόρρου
3105 759 3386 828 γυναικὸς,
3411 759 3722 831 συλησάσης

2134 856 2222 911 διά
2256 855 2351 922 τοῦ
2384 855 2694 928 κρασπέδου
2717 855 2818 926 τὴν
2852 854 3017 915 iactv,
3065 852 3157 916 Τίς
3171 868 3251 923 [τε
3285 851 3483 920 ἥψατο
3511 868 3535 917 ;
3564 852 3719 923 φησί.

2135 948 2247 1002 Καὶ
2267 946 2405 1019 πρὸς
2433 946 2561 1010 τοὺς
2590 944 2887 1017 ζητοῦντας
2915 943 3079 998 αὐτὸν
3107 943 3394 1007 Ἰουδαίους
3417 942 3718 1007 συλλαϐεῖν,

2143 1039 2284 1093 Τίνα
2320 1038 2580 1106 (meite;
2612 1037 2766 1108 φησι.
2806 1036 2917 1092 Καὶ
2941 1038 3055 1099 τοῖς
3083 1037 3364 1105 φοιτηταῖς
3395 1034 3549 1105 φησὶ,
3583 1035 3721 1089 Τίνα

2130 1144 2210 1198 με
2234 1126 2528 1199 λέγουσιν
2556 1131 2609 1183 οἱ
2655 1126 2953 1196 ἄνθρωποι
3000 1121 3192 1183 sirm:
3224 1125 3466 1189 Πόσους
3500 1123 3718 1193 ἄρτοις

2134 1222 2343 1291 ἕχετε;
2372 1220 2484 1276 οὗθ’
2509 1221 2597 1275 ἓτε
2608 1238 2697 1293 ρον
2722 1218 2928 1274 τούτων
2954 1217 3183 1287 ἀγνοῶν,
3218 1216 3296 1280 ὡς
3324 1216 3386 1269 τὸ
3419 1215 3590 1287 πέρας
3611 1216 3721 1269 τῶν

2133 1312 2430 1386 δρωμένων
2465 1313 2766 1386 παρίστησι
2790 1330 2803 1341 ·
2838 1310 2934 1365 τοῦ
2985 1311 3084 1382 μὲν
3128 1306 3382 1381 Λαζάρου
3415 1311 3449 1381 ἡ
3489 1308 3719 1363 θανάτου

2135 1404 2464 1478 πρόρρησις,
2502 1404 2631 1475 περὶ
2656 1398 2724 1477 ἧς
2750 1400 3071 1472 λευκότερον
3104 1397 3300 1470 μικρὸν
3339 1395 3565 1469 ὕστερον
3602 1395 3722 1450 δια-

2135 1497 2380 1570 λέξομαι,
2406 1498 2506 1570 τῆς
2546 1496 2697 1568 ὥρας
2738 1496 2833 1549 ἐπὶ
2868 1495 2966 1567 τὴν
3009 1492 3221 1547 παῦλαν
3253 1490 3347 1546 τοῦ
3388 1490 3550 1560 λόγου
3591 1506 3720 1542 συν-

2135 1590 2419 1663 ωθοΰσης’
2470 1588 2599 1662 περὶ
2644 1589 2703 1644 δὲ
2755 1588 2858 1659 τῆς
2906 1588 3218 1659 αἱμόρῤου,
3258 1587 3292 1658 ή
3331 1585 3431 1657 τῆς
3467 1582 3720 1654 ψαύσεως

2135 1683 2409 1754 αἴσθησις,
2434 1682 2528 1737 καὶ
2569 1684 2604 1752 ἡ
2639 1682 2739 1753 τῆς
2777 1680 3060 1752 δυνάμεως
3101 1677 3333 1749 ἄφθονος
3382 1675 3675 1746 ὲπικουρία
3700 1692 3717 1707 ο

2135 1774 2265 1847 περὶ
2308 1775 2367 1828 δὲ
2406 1773 2516 1829 τῶν
2563 1773 2951 1845 συλληπτόρων
2990 1773 3024 1844 ἡ
3058 1772 3156 1843 τῆς
3193 1768 3382 1838 ἐφόδου
3423 1769 3715 1840 πρόφασις,

2136 1869 2232 1921 καὶ
2258 1869 2293 1940 ἡ
2321 1867 2422 1938 τῆς
2456 1866 2605 1939 ὥρας
2630 1866 2847 1938 ἐκείνης
2876 1864 3133 1936 ἐγγύτης.
3169 1863 3263 1916 καὶ
3299 1861 3363 1915 τὸ
3392 1861 3563 1932 φῆσαι
3603 1860 3720 1925 τοῖς

2141 1958 2467 2031 μιαιφόνοις,
2523 1958 2674 2028 Ἐγώ
2724 1959 2877 2028 algu“
2930 1954 3063 2028 περὶ
3112 1953 3168 2007 δὲ
3211 1946 3289 2007 ὧν
3341 1954 3455 2016 τοῖς
3508 1950 3721 2022 βροτοῖς

2136 2050 2294 2121 ᾤετο,
2321 2052 2351 2105 6
2381 2050 2459 2123 τῷ
2494 2049 2690 2122 Πέτρῳ
2728 2049 2820 2102 ἐπὶ
2858 2050 2926 2120 τῇ
2971 2045 3341 2120 ἀκριϐεστάτη
3367 2044 3461 2097 καὶ
3495 2042 3721 2115 ἀραρότι

2136 2142 2397 2215 ὁμολογίᾳ
2424 2140 2683 2212 ἐπαχθεὶς
2711 2137 3092 2211 μακαρισμόςο
3126 2135 3259 2207 περὶ⁸
3291 2135 3350 2189 δὲ
3381 2132 3493 2188 τῶν
3516 2134 3719 2205 ἄρτων,

2137 2236 2172 2307 ἡ
2216 2232 2277 2299 ἐξ
2307 2232 2563 2305 ἀμυδρῶν
2605 2230 2700 2286 ιιια)⁸
2744 2230 2993 2303 βραχέων
3031 2229 3254 2299 ἄπειρος
3293 2222 3554 2297 πληθώρα
3611 2224 3725 2278 τῶν

2135 2326 2438 2397 λειψάνων
2471 2323 2634 2378 πέντε
2669 2322 2779 2395 γάρ
2815 2322 2989 2388 ὄντες,
3020 2317 3490 2391 πεντακισχιλίους
3525 2315 3604 2380 εἰς
3630 2316 3724 2370 κό-

2139 2436 2232 2492 ρον
2282 2416 2594 2490 διέθρεψαν,
2642 2413 2853 2469 δώδεκα
2900 2413 3155 2485 κοφίνους
3206 2410 3539 2484 κλασμάτων
3584 2407 3723 2480 μετά

2134 2513 2237 2586 τὴν
2285 2506 2530 2566 ἑστίασιν
2566 2508 2665 2564 τοῦ
2704 2509 2863 2582 ὄχλου
2900 2507 3311 2582 πληρώσαντες,
3348 2508 3416 2579 τῇ
3466 2506 3576 2575 ἀφῇ
3626 2503 3723 2557 καὶ

2136 2604 2327 2659 κλάσει
2372 2602 2664 2674 αὐξόμενοι
2712 2600 2806 2655 τοῦ
2868 2600 3273 2673 προστάξαντος
3326 2600 3387 2652 ὲν
3446 2598 3590 2670 ἀρχῇ
3651 2600 3717 2669 τῇ

2137 2695 2317 2767 χέρσῳ
2350 2693 2524 2767 πυρὸν
2560 2692 2899 2764 βλαστῆσαι,
2937 2692 3033 2746 nal.
3077 2694 3191 2757 τοῖς
3235 2690 3422 2745 ὕδασιν
3455 2687 3721 2760 ἑκϐράσαι

2139 2787 2249 2840 πᾶν
2291 2785 2450 2856 γένος
2483 2782 2732 2850 πλωτὸν,
2768 2784 2863 2839 καὶ
2896 2784 3005 2839 πᾶν
3044 2782 3224 2838 ὁτιοῦν
3265 2780 3326 2849 ἐξ
3365 2778 3543 2835 αὐτῶν
3592 2777 3729 2850 φύε-

2135 2895 2245 2933 ται.

2717 3174 2969 3228 ΠΕΥΣΙΣ
3009 3174 3135 3229 KA'.

2203 3288 2315 3342 Kal
2340 3288 2389 3342 εί
2413 3286 2616 3351 τέλειός
2638 3289 2755 3341 ἐστι
2785 3285 2917 3350 Θεὸς
2947 3286 2977 3339 6
3014 3284 3270 3358 Χριστὸς,
3295 3281 3409 3348 πῶς
3434 3284 3462 3337 6
3494 3283 3726 3353 εὐαγγε-

2132 3377 2320 3450 λιστὴς
2344 3377 2494 3447 λέγει
2514 3394 2532 3411 ο
2584 3377 2655 3432 Τὸ
2684 3375 2754 3432 δὲ
2808 3376 3053 3434 παιδίον
3086 3372 3321 3444 Ἰησοῦς
3357 3375 3586 3443 ηὔξανε
3622 3372 3729 3428 και

2134 3466 2521 3536 ἐκραταιοῦτο
2550 3468 2865 3538 πνεύματι,
2888 3466 2989 3521 καὶ
3013 3465 3347 3536 «poenas-trs
3380 3465 3566 3534 σοφίᾳ
3615 3462 3720 3518 καὶ

2134 3555 2381 3630 nanda;
2431 3558 2567 3625 Θεὸς
2593 3559 2695 3613 οὐκ
2735 3557 2887 3624 αὔξει
2921 3558 3043 3612 οὐδὲ
3059 3552 3359 3629 προκόπτει
3396 3555 3577 3628 σοφίᾳ,
3603 3554 3728 3609 οὐδὲ

2135 3650 2491 3725 κραταιοῦται
2511 3650 2586 3715 ὡς
2619 3649 2871 3723 ἀσθενής.

2772 3742 3130 3823 Ἀπόκρισις.

2203 3842 2400 3914 Σοφία
2423 3842 2525 3897 καὶ
2544 3841 2799 3909 δύναμις
2826 3834 2933 3890 τοῦ
2954 3836 3103 3893 Θεοῦ
3128 3833 3353 3904 Πατρός

2136 3926 2281 3984 καθά
2334 3928 2500 3999 φησὶν
2544 3928 2574 3983 6
2621 3925 2765 3999 ἱερὸς
2817 3924 3160 3989 Ἀπόστολος,
3200 3923 3559 3997 οἰκονομικῶς
3602 3921 3728 3978 καθ’

2136 4022 2287 4094 ἡμᾶς
2331 4021 2604 4091 διαφοιτᾷ,
2659 4019 2974 4090 αὐθαιρέτῳ
3018 4018 3336 4091 μετριότητι
3371 4017 3563 4085 σοφίαν
3593 4033 3725 4072 παι-

2136 4113 2308 4168 δεύων
2345 4111 2594 4185 βροτοὺς,
2619 4113 2650 4167 6
2671 4110 2767 4167 τοῦ
2811 4110 2984 4182 Ἀδὰμ
3011 4109 3287 4180 φυτεύσας
3309 4108 3371 4164 τὸ
3394 4105 3508 4173 οὖς.
3539 4108 3731 4180 Βραχὺ

2135 4203 2192 4257 δὲ
2214 4202 2500 4259 ἀναλαϐὼν
2527 4203 2597 4258 τά
2625 4203 2914 4277 εἰρημένα,
2947 4201 3281 4274 σαφέστερον
3304 4200 3396 4255 τὸν
3419 4200 3555 4272 ἐμὸν
3585 4201 3727 4254 ἀπο-

2136 4294 2297 4363 δείξω
2330 4295 2485 4361 Θεὸν,
2532 4296 2822 4369 ἀτρέπτως
2850 4295 2945 4349 καὶ
2964 4291 3357 4366 ἀμεταόλήτως
3393 4290 3481 4346 διά
3503 4288 3727 4363 βροτοὺς

2142 4383 2340 4456 βρέφος
2362 4384 2675 4456 γενόμενον,
2702 4383 2799 4439 καὶ
2821 4382 3051 4454 αὔξησιν
3071 4380 3510 4455 προσδεξάμενον
3541 4378 3731 4451 σώμα-

2140 4493 2253 4543 τος,
2308 4476 2369 4529 οὑ
2427 4476 2699 4548 θεότητος.
2756 4478 2898 4549 Φησὶ
2952 4477 3083 4546 γοῦν
3122 4479 3153 4531 6
3198 4473 3579 4536 πολυκίνδυνος
3618 4471 3727 4526 τῶν

2142 4569 2440 4642 προφητῶν
2477 4568 3118 4641 Ἱερεμίας,Ἀνθρωπός
3142 4569 3298 4634 ἐστι,
3336 4567 3445 4621 καί
3467 4566 3559 4630 τίς
3586 4563 3728 4635 γινώ-

2140 4677 2313 4717 σεται
2338 4662 2562 4726 ant-du;
2588 4662 2655 4715 ὲκ
2673 4659 2866 4715 τούτου
2887 4660 3066 4733 δηλῶν
3090 4661 3173 4715 ὅτι
3203 4659 3336 4724 Θεός
3363 4658 3500 4719 ἐστι,
3523 4653 3725 4709 λανθά-

2139 4774 2248 4812 νων
2298 4758 2427 4821 τοὺς
2463 4756 2808 4830 παχυτέρους
2843 4758 2943 4828 τὴν
2986 4757 3231 4813 διάνοιαν
3250 4796 3268 4821 ,
3315 4754 3411 4810 καὶ
3450 4753 3549 4826 οὐχ
3582 4752 3731 4816 οἴους

2136 4866 2199 4903 τε
2222 4848 2384 4914 ὄντας
2405 4849 2472 4902 δι’
2488 4848 2748 4903 ἀπιστίαν
2768 4847 3017 4920 χωρῆσαι
3044 4846 3146 4920 τὴν
3162 4847 3386 4916 γνῶσιν,
3427 4844 3572 4903 καθά
3601 4844 3730 4906 τοὺς

2141 4940 2588 5013 βαρυωποῦντας,
2632 4940 2729 4994 καλ⁸
2753 4939 2820 4994 δι’
2836 4939 3124 4995 ἀσθένειαν
3159 4939 3236 5011 μὴ
3272 4936 3587 5011 χωροῦντας
3631 4932 3733 4987 τοῦ

2133 5034 2297 5106 ἡλίου
2313 5035 2415 5107 τὴν
2439 5034 2581 5105 δψιν.
2600 5033 2665 5088 Ei
2679 5033 2737 5087 δὲ
2751 5031 2848 5088 ἀνθ
2855 5050 3038 5106 ρωπος
3046 5028 3138 5104 ἦν,
3153 5031 3272 5096 πῶς
3283 5030 3386 5085 οὐκ
3400 5027 3733 5100 ἐγινώσκετο

2137 5127 2262 5182 καθ’
2294 5129 2477 5201 inde;
2514 5129 2625 5191 πᾶς
2660 5124 2771 5198 γάρ
2802 5126 3088 5197 ἄνθρωπος
3128 5123 3456 5195 γινώσκεται
3488 5120 3729 5183 πάντως,

2147 5221 2258 5276 εἴτε
2286 5221 2395 5275 ἀπὸ
2408 5218 2770 5291 γεννητόρων,
2787 5216 2899 5271 εἴτε
2923 5217 3032 5271 ἀπὸ
3055 5216 3163 5271 τῶν
3181 5214 3459 5286 συγγενῶν
3472 5214 3568 5269 καὶ
3577 5210 3732 5284 ὁμαὲο

2147 5331 2286 5382 μων,
2305 5312 2414 5367 εἴτε
2429 5311 2652 5367 ἁπὸτῶν
2671 5311 2957 5382 συσκήνων
2973 5310 3069 5365 καὶ
3082 5309 3394 5365 συνεστίων.
3412 5306 3504 5372 Ἐξ
3518 5303 3732 5368 οὐδενὸς

2141 5408 2328 5462 τοίνυν
2364 5406 2473 5462 τῶν
2515 5404 2641 5460 καθ’
2679 5404 2823 5475 ἡμᾶς
2851 5405 2882 5457 6
2912 5403 3200 5484 προφήτης
3229 5402 3393 5457 αὑτὸν
3425 5396 3729 5473 Ιιταριστῶν,

2145 5500 2329 5570 φησιν,
2373 5498 2720 5567 Ἀνθρωπος
2748 5497 2904 5561 ἐστι,
2936 5495 3036 5550 καὶ
3062 5496 3154 5564 τις
3195 5494 3491 5568 γνώσεται
3509 5492 3689 5547 αὐτόν
3706 5503 3732 5554 ;

2143 5590 2386 5654 ὅτιθεὸς
2444 5590 2709 5662 ὑπάρχων
2750 5589 2907 5645 τοῦτο
2951 5588 3202 5661 γενέσθαι
3240 5587 3530 5661 ηὑδόκησε.
3560 5580 3735 5655 Λιμδν

3440 3833 3731 3905 ὑπάρχων,

526 5788 735 5859 "_L_uc.
760 5805 895 5859 un,
919 5787 1012 5853 44,
1042 5788 1135 5843 45.
1200 5786 1255 5859 _’_°
1271 5785 1431 5859 109";
1466 5803 1542 5850 II.
1570 5787 1661 5842 διο
1690 5858 1695 5859 γ
1726 5788 1778 5859 ξ⁹¹
1811 5787 1943 5845 Ῑλυο·
1977 5807 2028 5845 Vl

2137 5792 2219 5848 t5.
2291 5794 2337 5826 “
2364 5792 2523 5848 Joan.
2558 5810 2715 5859 xvm,
2749 5795 2803 5849 ι.
2881 5794 3267 5858 "Matth.xv1.
3306 5794 3369 5850 l3
3455 5791 3502 5827 ”
3531 5788 3723 5847 Matth.

461 5866 556 5924 av,
581 5856 672 5911 34.
745 5859 792 5893 ’³
829 5857 990 5915 toan.
1023 5871 1156 5927 εγω,
1197 5856 1250 5910 5.
1329 5856 1376 5889 ’⁸
1407 5855 1539 5911 Luc.
1587 5872 1648 5925 ιι,
1677 5857 1766 5925 t0,
1807 5859 1894 5913 52.
1971 5863 2015 5894 οτ

2137 5877 2220 5921 or.
2259 5879 2299 5933 ι,
2335 5862 2424 5920 ει.
2504 5865 2547 5899 ⁸⁸
2573 5863 2685 5924 Jer.
2704 5855 2848 5934 ἰνιι,
2877 5868 2911 5923 9
2939 5881 3052 5924 sec.
3081 5864 3253 5921 LXX.

3710 5951 3741 5965 θ
