4082 6398
416 347 528 407 Ῡπὸ

411 465 469 519 δὲ
498 461 591 516 καὶ
619 462 778 535 δίψαν
808 463 1001 532 ὓδατος
1028 469 1332 542 προσίεται,
1355 471 1424 527 τὰ
1450 472 1546 528 τοῦ
1573 473 1825 549 σώματος
1851 480 2002 537 ἀδιά-

410 552 588 620 ϐλητα
617 554 767 629 πάθη
786 572 801 586 ο
844 558 1165 632 Μανιχαίων
1209 560 1355 629 λύων
1383 562 1484 635 τὴν
1526 568 1881 641 ματαιότητα,
1915 572 2003 627 δό-

408 661 574 719 κησιν
604 648 700 702 καὶ
729 650 1034 719 φαντασίαν
1067 654 1424 726 ποιουμένους
1448 656 1549 729 τὴν
1579 661 1915 735 οἰκονομίαν.

1831 364 2189 430 DIALOGUS
2216 372 2262 429 ἰ.

2112 493 2268 544 vates
2298 486 2479 559 ipsum
2510 492 2849 563 exprimens,
2886 493 3105 567 inquit:
3154 497 3326 557 Homo
3357 512 3459 570 est,
3490 515 3542 560 et
3573 480 3692 578 quis

2111 587 2385 647 cognoscet
2406 582 2573 639 eum?
2619 580 2890 648 Quoniam
2925 599 3053 640 cum
3093 585 3235 644 Deus
3269 599 3437 656 esset,
3473 592 3578 649 hoc
3611 604 3693 651 ta-

2110 680 2234 722 men
2285 667 2404 724 fieri
2446 671 2639 737 voluit,
2682 671 2881 729 famem
2926 682 2982 731 et
3025 676 3176 733 sitim
3228 694 3384 747 aeque
3434 683 3690 751 admittit,

2108 772 2233 828 quae
2258 769 2393 817 sunt
2423 763 2673 834 corporis
2702 764 3043 833 affectiones,
3080 777 3337 840 expertes
3363 771 3481 828 vitii
3510 789 3576 830 ac
3603 790 3694 832 re-

411 824 829 931 prehensionis;
878 827 1308 890 Manichaeorum
1366 834 1472 892 hoc
1524 836 1645 908 ipso
1699 840 1996 899 vanitatem
2050 824 2338 919 refutans,
2391 854 2486 925 qui
2521 824 2840 927 opinionem
2887 866 2945 915 et
2985 874 3103 917 rem
3155 824 3533 935 imaginariam
3570 880 3694 924 esse

410 923 659 974 statuunt
683 916 861 991 ipsius
893 921 950 977 in
975 937 1146 981 carne
1184 926 1746 989 administrationem.

996 1058 1247 1117 ΠΕΥΣΙΣ
1288 1050 1419 1122 KE'.

475 1165 671 1257 ἱῐδέυχὴν
721 1167 905 1257 λέγεις
953 1170 1099 1244 ἔχειν
1129 1175 1191 1229 τὸ
1242 1176 1403 1244 σῶμα
1437 1180 1531 1235 τοῦ
1579 1182 1776 1253 Λόγου.
1820 1184 2004 1257 ἤάντὶ

405 1250 586 1323 ψυχῆς
612 1253 712 1327 τὴν
736 1256 966 1329 θεότητα
1016 1261 1294 1336 ἐνεργεῖν;
1331 1267 1525 1323 Πολλοὶ
1561 1250 1678 1344 γὰρ.
1714 1250 1875 1331 τοῦτο
1915 1276 2002 1333 λέ-

409 1358 588 1413 γουσι,
609 1348 705 1402 καὶ
730 1347 958 1404 πιθανὸν
992 1351 1160 1412 δοκεῖ.

1026 1463 1389 1537 Ἀπόκρισις.

478 1558 749 1631 Εὖηθείας
800 1565 897 1619 καὶ
937 1568 1284 1642 νηπιότητος,
1333 1574 1540 1647 ἄψυχον
1574 1577 1783 1635 οἴεσθαι
1818 1582 1880 1635 τὸ
1907 1582 2001 1637 τοῦ

405 1648 711 1749 (Paciscen-
741 1654 919 1725 Λόγου
969 1657 1149 1731 σῶμα.
1200 1663 1558 1740 ’Λμφοτέροις
1602 1670 1713 1743 γὰρ
1753 1672 1813 1739 ἐξ
1851 1666 1927 1730 ὧν
1966 1677 2000 1749 ἠ

407 1739 616 1838 βροτῶν
642 1744 804 1816 φύσις
825 1750 1163 1819 συνίσταται,
1186 1755 1215 1809 6
1240 1757 1412 1827 Λόγος
1428 1739 1749 1834 θπερλόγῶς
1771 1739 1998 1838 ἥνωται.

405 1832 732 1929 φυχῇφημὶ
761 1842 854 1895 καὶ
881 1841 1115 1915 σώματι,
1140 1846 1389 1920 ἑκατέρῳ
1416 1832 1670 1924 τμήματι
1696 1832 2000 1929 εὐρῶστίαν

804 1933 1046 2024 Θατέρου
1099 1937 1209 2010 γὰρ
1247 1940 1413 1996 αὑτοῦ
1459 1926 1774 2017 λείποντοςί
1803 1951 2002 2024 ἀτελὴς

407 2015 566 2111 i1,wa
672 2023 934 2096 σωτηρία,
965 2024 998 2096 ἦ
1024 2024 1119 2079 τοῦ
1149 2026 1403 2100 σώματος
1431 2033 1491 2087 ὲν
1510 2034 1689 2109 φθορᾷ
1719 2015 1997 2111 μένοντος,

404 2106 440 2179 ἢ
470 2108 575 2180 τῆς
599 2110 778 2186 ψυχῆς
815 2117 873 2170 ὲν
903 2115 1004 2191 ᾅδῃ
1039 2120 1438 2194 κατεχομένης.

982 2323 1237 2379 ΠΕΥΣΙΣ
1280 2326 1428 2396 κεῖν.

472 2432 584 2486 Καὶ
609 2431 699 2522 διίι
723 2433 776 2522 τί
803 2436 832 2488 6
877 2435 1130 2510 Ἰωάννης
1156 2438 1217 2493 οὐ
1241 2439 1400 2510 λέγει
1427 2441 1621 2510 τοῦτος
1653 2418 1837 2502 Εἰπὼν
1860 2449 1991 2522 γὰρ,

414 2522 512 2577 Ἐν
540 2521 701 2593 ἀρχῇ
733 2520 860 2595 ἦνό
887 2528 1104 2597 Λόγος,
1123 2531 1241 2600 καὶ,
1258 2532 1316 2587 '0
1334 2532 1527 2604 Λόγος
1545 2535 1705 2605 σάρξ
1732 2520 1993 2609 ἐγένετο,

400 2612 863 2689 οὺπροστίθησιν,
912 2618 997 2674 ὅτι
1035 2620 1310 2694 καὶψυχὴ
1355 2623 1592 2693 ἐγένετο,
1635 2627 1669 2698 ἢ
1712 2629 1794 2684 ὅτι
1832 2630 1996 2687 ἔλασε

398 2702 598 2778 eum.

1012 2825 1381 2896 Ἀπόκρισις.
1478 2817 1483 2821 ’

468 2935 535 2990 Ei
575 2935 782 3008 ἄψυχον
809 2935 1084 3010 οἰηθῶμεν
1128 2940 1192 2995 τὸ
1239 2943 1518 3015 Κυριακὸν
1578 2946 1758 3019 σῶμα,
1803 2946 1991 3020 ἕψεται

400 3028 653 3094 πάντως,
699 3027 948 3103 παθητὴν
996 3031 1321 3104 ἀποφαίνειν
1368 3034 1469 3107 τὴν
1510 3036 1761 3110 θεότητα,
1807 3039 1990 3112 ψυχῆς

398 3118 556 3191 δίκην
597 3118 658 3173 ὲν
705 3123 773 3193 τῇ
814 3121 979 3194 σαρκὶ
1027 3122 1344 3195 διήκουσαν,
1386 3125 1544 3199 πείνῃ
1576 3144 1637 3180 τε
1681 3130 1774 3185 καὶ
1820 3130 1990 3201 δίψει,

402 3211 557 3284 ὕπνῳ
580 3229 639 3266 τε
669 3212 763 3267 καὶ
787 3213 1072 3287 δάκρυσιν,
1099 3216 1312 3289 ἀγωνίᾳ
1325 3234 1385 3271 τε
1419 3219 1513 3273 καὶ
1533 3219 1718 3292 ίδρῶτι
1746 3223 1992 3291 φυσικῶς

402 3302 840 3362 ὑποκύπτουσαν.
904 3307 1225 3363 ’Λκουστὲον
1266 3309 1324 3363 δὲ
1357 3309 1452 3365 τοῦ
1494 3311 1782 3368 θεσπεσίου
1830 3315 1995 3369 Δαϐὶδ

398 3394 530 3465 περὶ
568 3394 669 3467 τῆς
706 3393 1029 3471 θεανδρικῆς
1083 3397 1450 3472 μελῳδοῦντος
1484 3400 1686 3475 ψυχῆς,
1718 3404 1783 3459 ὲκ
1821 3422 1991 3479 προσ-

397 3485 548 3541 ώπου
582 3487 750 3543 αὐτοῦ
797 3490 1031 3556 ἐκείνου,
1074 3491 1196 3546 Ὅτι
1238 3494 1350 3549 οὐκ
1372 3493 1835 3567 ἐγκαταλείψεις
1880 3496 1995 3567 τὴν

399 3579 611 3649 ψυχήν
645 3598 768 3651 μου
804 3584 895 3650 είς
925 3582 1099 3651 ᾅδου,
1120 3584 1264 3640 οὐδὲ
1285 3586 1500 3654 δώσεις
1533 3590 1644 3644 τὸν
1668 3590 1844 3645 ὅσιόν
1875 3608 1994 3648 σου

400 3672 551 3727 ἰδεῖν
592 3672 940 3746 διαφθοράν.
976 3677 1149 3744 Αὐτὸς
1181 3678 1239 3732 δὲ
1272 3681 1301 3734 6
1331 3681 1524 3754 Σωτὴρ
1555 3682 1614 3736 ὲν
1639 3683 1993 3754 [εὐαγγελίοις

398 3766 584 3838 φησίν·
632 3768 960 3835 Ἐξουσίαν
982 3770 1101 3840 ἔχω
1131 3771 1320 3826 θεῖναι
1352 3773 1468 3841 τὴν
1489 3775 1704 3844 ψυχήν
1721 3795 1863 3847 μου,
1893 3778 1994 3834 καὶ

397 3856 585 3913 πάλιν
617 3859 830 3915 λαϐεῖν
872 3859 1101 3927 αὐτήν·
1144 3862 1259 3926 καὶ,
1305 3863 1453 3934 Ἐγώ
1485 3866 1605 3934 ειμι
1633 3867 1669 3920 ὁ
1693 3864 1920 3937 ποιμὴν
1957 3871 1993 3923 ό

384 3951 605 4018 καλὸς,
639 3955 673 4008 ὀ
709 3953 887 4020 τιθεὶς
921 3953 1038 4024 τὴν
1074 3954 1289 4028 ψυχὴν
1313 3954 1505 4013 αὐτοῦ
1530 3954 1683 4025 ὑπὲρ
1699 3954 1821 4012 τῶν
1845 3973 1992 4028 προσ-

393 4038 615 4097 ϐάτων.

452 4230 459 4239 ο
970 4157 1221 4213 ΠΕΥΣιΣ
1276 4159 1404 4213 κΖν.

465 4265 679 4321 θύκοῢν
706 4269 800 4323 καὶ
829 4270 860 4323 6
900 4271 1089 4346 Πατὴρ
1127 4272 1307 4345 ψυχὴν
1331 4271 1482 4344 ἔχει;
1523 4271 1751 4339 Ἡσαΐας
1777 4272 1887 4346 γὰρ
1924 4267 1991 4329 ἐκ

393 4357 692 4432 προσώπου
725 4360 915 4429 αὐτοῦ,
936 4365 1066 4435 περὶ
1084 4361 1325 4436 Χριστοῦ
1353 4380 1519 4438 φησιν
1541 4380 1557 4396 ο
1605 4362 1754 4421 Ἰδοὺ
1779 4368 1814 4420 ό
1846 4365 1988 4432 παῖς

379 4475 508 4528 μου
543 4456 617 4512 ὃν
648 4458 1043 4532 ᾐρετισάμην,
1077 4463 1112 4516 ό
1135 4461 1445 4533 ἀγαπητός
1470 4480 1592 4533 μου
1610 4464 1699 4529 εις
1723 4462 1798 4519 ὃν
1815 4463 1986 4519 εὑδό-

390 4564 584 4617 κησεν
607 4549 648 4619 ἡ
672 4550 844 4623 ψυχή
879 4570 1025 4623 μου.
1057 4553 1120 4607 Ei
1140 4548 1246 4627 ;0°5v
1272 4552 1334 4620 ἐξ
1366 4548 1441 4611 ὧν
1467 4551 1620 4609 εἶπεν
1645 4555 1675 4608 6
1705 4554 1854 4621 Υίδς,
1879 4553 1984 4626 ψυ-

392 4639 491 4712 χὴν
512 4640 674 4696 αὐτὸν
701 4642 947 4715 νομίζεις
962 4644 1129 4718 ἔχειν,
1164 4646 1384 4712 πάντως
1418 4647 1513 4701 καὶ⁵
1542 4647 1637 4716 ἀφ’
1672 4639 1748 4701 ὧν
1777 4638 1932 4701 εἶπεν
1955 4648 1986 4701 6

393 4730 605 4802 Πατὴρ,
638 4731 817 4804 ψυχὴν
860 4735 1024 4789 αὐτὸν
1065 4734 1316 4806 λέγωμεν
1350 4735 1516 4808 ἔχειν.
1566 4735 1706 4789 Ἀλλ’
1730 4737 1761 4790 6
1793 4736 1985 4811 Πατὴρ

390 4819 493 4875 οὐκ
525 4819 660 4893 ἔχει,
698 4822 918 4887 πάντως
949 4825 1073 4878 οὐδὲ
1099 4826 1130 4879 6
1156 4827 1317 4892 Υἱός·
1369 4828 1419 4880 εί
1461 4827 1519 4882 δὲ
1562 4826 1699 4900 ἔχει,
1733 4827 1983 4884 ἐντεῦθεν

385 4910 665 4968 δείκνυται
691 4912 947 4986 ἀνόμοιος
971 4914 1242 4988 ὑπάρχειν
1262 4916 1342 4989 τῷ
1369 4917 1567 4990 Πατρί.

1005 5113 1374 5183 Ἀπόκρισις.

472 5229 610 5283 Ἀλλ’
641 5230 745 5284 οὐκ
793 5227 908 5301 ἔχει
958 5227 1138 5301 ψυχὴν
1166 5230 1195 5282 6
1224 5226 1438 5301 Πατὴρ,
1469 5227 1593 5281 ἐπεὶ
1631 5228 1752 5283 οὐδὲ
1802 5229 1982 5300 σάρκα

393 5317 599 5389 βροτῶν
630 5317 871 5389 ὒπῆλθεν
900 5314 995 5372 ἶσα
1024 5317 1104 5391 τῷ
1131 5318 1291 5374 Παιδί
1309 5335 1324 5350 ο
1356 5317 1480 5373 οὐδὲ
1510 5317 1604 5372 ἐπὶ
1632 5318 1867 5390 σταυρὸν
1884 5320 1983 5376 καὶ

388 5410 620 5465 θάνατον
644 5404 801 5481 ἧκεν,
828 5409 897 5464 δι’
929 5401 1007 5466 ὧν
1031 5410 1128 5465 καὶ
1154 5408 1314 5483 χρεία
1339 5409 1544 5483 σαρκὸς
1569 5408 1650 5482 τῷ
1678 5409 1860 5483 Λόγῳ,
1885 5411 1977 5466 ὑπ’

390 5500 573 5573 ἐκείνῃ
605 5500 962 5574 κρατουμένῳ
1009 5501 1104 5556 κει)⁸
1138 5502 1422 5573 πάσχοντι,
1458 5500 1556 5556 καὶ
1584 5503 1706 5556 ἀντὶ
1741 5501 1973 5574 θνητῶν,

386 5593 688 5659 ἀθανάτους
725 5594 821 5650 καὶ
850 5593 1104 5667 μάκαρας
1130 5594 1216 5650 ἀεὶ
1240 5595 1531 5667 ἐσομένους
1552 5594 1778 5669 βροτοὺς
1800 5597 1976 5670 ἀπερ-

386 5684 695 5758 γαζομὲνῳ.

2531 1084 3055 1147 INTERROGATIO
3094 1089 3263 1145 XXV.

2176 1194 2318 1252 Num
2362 1197 2605 1254 animam
2653 1199 2830 1257 tradis
2882 1201 3085 1260 habere
3128 1217 3335 1273 corpus
3370 1201 3559 1271 Verbi,
3608 1208 3693 1262 ve‘l

2107 1304 2208 1360 pro
2233 1290 2413 1346 anima
2444 1291 2563 1363 ipsa
2597 1304 2860 1364 operatur
2885 1293 3181 1352 divinitas?
3210 1293 3324 1352 Hoc
3355 1296 3504 1352 enim
3535 1298 3691 1355 multi

2108 1392 2385 1451 asserunt,
2412 1392 2468 1442 et
2506 1386 2806 1443 verisimile
2834 1384 3073 1445 videtur.

2741 1501 3049 1572 Responsio.

2177 1599 2508 1662 Stoliditatis
2547 1593 2603 1661 et
2635 1605 2928 1664 dementia:
2951 1617 3058 1675 est,
3097 1609 3459 1666 inanimatum
3496 1620 3694 1682 putare

2101 1691 2196 1749 Dei
2227 1691 2394 1750 Verbi
2438 1708 2663 1766 corpus.
2700 1695 2965 1768 Utrisque
3011 1698 3161 1754 enim
3201 1699 3406 1771 quibus
3450 1701 3689 1758 humana

2101 1791 2298 1839 natura
2337 1793 2579 1850 constat,
2612 1785 2847 1843 Verbum
2890 1789 3104 1845 unitum
3133 1797 3219 1848 est
3256 1807 3424 1864 supra
3469 1802 3689 1865 captum

2101 1876 2334 1934 rationis
2365 1885 2589 1944 nostrae,
2629 1878 2829 1934 animae
2859 1878 3084 1951 inquam
3114 1888 3169 1937 et
3197 1884 3440 1956 corpori,
3472 1884 3691 1956 utrique

2100 1968 2244 2039 parti
2284 1969 2456 2026 robur
2481 1972 2864 2046 suppeditans.
2898 1973 3182 2031 Alterutro
3217 1976 3367 2031 enim
3401 1976 3449 2034 si
3479 1988 3687 2042 careat,

2098 2060 2294 2116 inutile
2319 2060 2427 2118 erit
2454 2069 2510 2119 et
2542 2063 2801 2132 alterum,
2832 2072 2889 2120 et
2924 2065 3246 2137 imperfecta
3277 2068 3432 2125 salus
3474 2078 3687 2137 nostra.
3726 2082 3732 2089 ·

2097 2150 2229 2206 dum
2273 2152 2360 2208 vel
2408 2160 2666 2210 manente
2704 2155 2760 2211 in
2801 2155 3027 2212 interitu
3066 2170 3321 2230 corpore,
3362 2160 3455 2216 vel
3503 2159 3687 2216 anima

2096 2241 2321 2298 detenta
2349 2242 2405 2298 in
2432 2258 2586 2300 orco.

2501 2357 3035 2420 JNTERROGATIO
3077 2362 3274 2422 XXVI.

2166 2464 2537 2530 Quamobrem
2608 2483 2741 2542 ergo
2807 2468 3049 2532 Joannes
3116 2476 3172 2532 id
3243 2489 3354 2530 non
3441 2472 3681 2529 iudicat!

2096 2550 2395 2624 Postquam
2417 2553 2564 2611 enim
2586 2555 2841 2626 dixisset,
2867 2555 2935 2614 In
2948 2558 3209 2629 principio
3227 2571 3347 2617 erat
3376 2560 3598 2617 Verbum
3614 2563 3684 2629 ".,

2095 2651 2171 2703 et.
2187 2642 2414 2700 Verbum
2435 2661 2565 2701 caro
2586 2646 2792 2718 factum
2824 2658 2904 2704 est
2927 2649 2967 2718 ¹,
2997 2665 3109 2707 non
3135 2651 3308 2720 addit,
3349 2652 3496 2724 quod
3516 2653 3685 2710 etiam

2095 2734 2279 2791 anima
2307 2735 2514 2793 factum
2547 2738 2643 2805 sit,
2677 2746 2773 2794 aut
2799 2739 2949 2811 quod
2974 2741 3217 2797 animam
3256 2744 3578 2817 sumpserit.

2732 2850 3051 2923 Responsio.

2168 2958 2228 3016 Si
2262 2961 2631 3019 inanimatum
2661 2979 2789 3022 esse
2816 2966 3181 3039 cogitabimus
3210 2967 3431 3026 Domini
3459 2985 3684 3041 corpus,

2096 3060 2360 3124 sequetur
2396 3070 2648 3127 prorsus,
2685 3058 2931 3128 passioni
2980 3073 3082 3117 nos
3100 3059 3404 3116 obnoxiam
3435 3077 3687 3132 pronun-

2096 3146 2235 3201 tiare
2261 3144 2638 3213 Divinitatem,
2667 3148 2865 3204 animm
2900 3149 3078 3207 instar
3100 3151 3159 3208 in
3185 3167 3356 3210 carne
3395 3169 3455 3210 se
3483 3154 3685 3212 diden-

2094 3242 2228 3301 tem,
2260 3234 2482 3303 famem,
2515 3238 2687 3303 sitim,
2730 3254 3009 3307 somnum,
3056 3241 3355 3315 lacrymas,
3396 3259 3683 3317 angorem,

2094 3329 2471 3401 sudoremque
2498 3333 2830 3388 naturaliter
2867 3332 3257 3404 perferentem.
3288 3336 3558 3393 Audiatur
3585 3353 3687 3395 au-

2096 3427 2203 3476 tem
2239 3417 2474 3477 Davides
2519 3420 2747 3479 divinus
2785 3422 2878 3482 ille
2908 3434 3083 3491 vates,
3117 3426 3186 3482 de
3215 3427 3396 3482 anima
3436 3444 3686 3499 personas

2092 3525 2159 3565 ex
2190 3510 2414 3567 homine
2454 3510 2678 3584 Deoque
2715 3514 3049 3582 constantis,
3082 3530 3294 3573 canens
3328 3517 3479 3575 illius
3509 3519 3685 3590 ipsius

2091 3604 2318 3661 verbis:
2352 3603 2621 3672 Quoniam
2648 3622 2752 3662 non
2781 3607 3109 3680 derelinquas
3147 3611 3388 3664 animam
3432 3627 3602 3665 meam
3629 3612 3684 3665 in

2092 3712 2238 3763 orco,
2288 3712 2454 3768 neque
2502 3699 2777 3768 permittes
2818 3707 2877 3752 ut
2926 3708 3145 3754 sanctus
3181 3710 3302 3755 tuus
3351 3698 3528 3755 videat
3563 3716 3684 3756 eor-

2091 3786 2387 3853 ruplionem
2415 3789 2456 3843 '.
2483 3788 2605 3859 Ipse
2626 3803 2759 3844 vero
2779 3787 3042 3846 Servatur
3062 3790 3241 3860 inquit
3264 3790 3321 3845 in
3343 3789 3641 3861 Evangelio
3660 3810 3679 3848 :

2093 3874 2421 3930 Potestatem
2453 3876 2620 3932 habeo
2647 3877 2879 3945 ponendi
2924 3878 3161 3933 animam
3194 3895 3385 3948 meam,
3415 3888 3467 3934 et
3494 3897 3681 3936 rursus

2090 3966 2334 4022 sumendi
2365 3984 2484 4022 eam
2506 3969 2548 4022 ³.
2580 3969 2736 4033 Item,
2767 3969 2881 4039 Ego
2909 3986 3025 4024 sum
3051 3979 3238 4040 pastor
3264 3972 3356 4026 ille
3380 3972 3566 4039 bonus,
3590 3975 3683 4044 qui

2080 4060 2235 4129 ponit
2263 4060 2502 4115 animam
2532 4077 2686 4116 suam
2711 4076 2808 4131 pro
2830 4062 3010 4119 ovibus
3027 4064 3072 4119 ⁸.

2404 4243 2407 4247 η
2493 4172 3019 4232 INTERROGATIO
3055 4176 3274 4233 XXVII.

2159 4282 2299 4339 Num
2332 4284 2501 4357 igitur
2540 4296 2594 4342 et
2621 4285 2784 4342 Pater
2821 4287 3063 4344 animam
3094 4287 3300 4344 habet?
3325 4288 3498 4346 Isaias
3530 4291 3678 4345 enim

2088 4376 2145 4431 iu
2178 4378 2357 4448 ipsius
2389 4393 2649 4450 persona,
2685 4378 2756 4435 de
2798 4379 3023 4435 Christo
3054 4380 3234 4452 inquit
3263 4400 3277 4437 :
3332 4380 3465 4437 Ecce
3496 4398 3678 4437 servus

2086 4485 2233 4525 meus
2254 4487 2408 4541 quem
2425 4469 2578 4541 elegi,
2607 4469 2830 4526 dilectus
2858 4488 3005 4525 meus
3027 4472 3118 4544 qui
3146 4481 3332 4545 gratus
3353 4482 3403 4528 et
3431 4484 3677 4544 acceptus

2083 4571 2163 4618 est
2195 4564 2391 4618 anima:
2416 4577 2545 4618 mea:
2568 4563 2611 4619 '.
2643 4561 2701 4618 Si
2731 4563 2900 4636 igitur
2923 4579 2993 4619 ex
3028 4563 3099 4621 iis
3128 4580 3251 4635 qua:
3274 4562 3449 4621 Filius
3494 4566 3677 4639 loqui-

2086 4663 2197 4724 tur,
2253 4656 2496 4712 animam
2548 4660 2729 4728 ipsum
2779 4654 2984 4714 habere
3016 4665 3204 4727 putas,
3244 4659 3474 4716 omnino
3509 4661 3677 4717 etiam

2083 4762 2148 4803 ex
2182 4747 2251 4804 iis
2276 4762 2402 4818 quae
2430 4748 2649 4803 loeutus
2668 4757 2755 4804 est
2777 4745 2962 4813 Pater,
2986 4749 3231 4804 animam
3260 4749 3465 4808 habere
3494 4750 3675 4822 ipsum

2084 4836 2414 4894 dixerimus.
2440 4836 2598 4904 Quod
2628 4837 2674 4894 si
2706 4836 2870 4893 Pater
2895 4852 3010 4893 non
3035 4837 3220 4904 habet,
3248 4854 3351 4896 nec
3380 4838 3556 4897 Filius
3578 4840 3676 4896 ha-

2082 4926 2254 4983 bebit.
2296 4925 2394 4982 Sin
2427 4935 2610 4982 autem
2643 4926 2829 4997 habet,
2866 4928 2935 4985 de
2982 4927 3090 4986 hoc
3133 4929 3256 5002 ipso
3294 4929 3487 5002 liquet,
3524 4931 3672 5003 quod

2082 5019 2230 5076 Patri
2266 5020 2339 5077 sit
2369 5018 2679 5091 inaequalis.

2721 5133 3027 5207 Responsio.

2158 5226 2225 5283 At
2252 5241 2365 5282 non
2385 5225 2550 5282 habet
2574 5226 2817 5283 animam
2849 5229 3031 5298 Pater,
3061 5230 3210 5302 quod
3241 5244 3421 5303 neque
3441 5246 3667 5289 carnem

2081 5318 2380 5374 humanam
2413 5317 2585 5375 subiit
2609 5332 2736 5375 eum
2767 5316 2929 5388 Filio,
2963 5336 3143 5392 neque
3177 5308 3402 5379 crucem
3430 5333 3487 5379 et
3514 5338 3666 5379 mor-

2080 5419 2215 5477 tem,
2250 5418 2476 5482 propter
2522 5425 2645 5480 qua:
2676 5408 2915 5466 Verbum
2958 5425 3126 5468 carne
3161 5428 3304 5485 opus
3347 5413 3561 5479 habuit,
3606 5421 3668 5468 ut

2079 5503 2173 5557 illa
2202 5511 2482 5572 assumpta
2512 5509 2815 5573 pateretur,
2851 5516 2918 5558 ac
2945 5518 3047 5574 pro
3073 5506 3407 5563 mortalibus
3434 5506 3670 5562 immoro

2079 5593 2217 5651 tales
2244 5600 2298 5649 et
2320 5598 2587 5648 aeternum
2619 5591 2810 5648 beatos
2839 5592 3088 5650 homines
3121 5593 3378 5652 ediceret.

460 5854 843 5930 "haunt.
924 5861 1218 5921 Imm”.
1296 5838 1699 5939 'rsa1.xv,io.
1778 5868 1988 5927 ’Joun.

2113 5868 2196 5925 l8.
2272 5868 2472 5926 Moan.
2508 5883 2585 5937 si,
2623 5867 2706 5923 14.
2785 5869 2804 5902 ⁵
2839 5866 2950 5926 :lsa.
2979 5883 3108 5938 xw,
3142 5868 3196 5926 1.
