4082 6420
452 383 552 444 837

845 491 1368 549 INTERROGATIO
1403 490 1638 546 XXVIII.

530 585 636 642 Sed
666 599 835 657 quare
864 601 973 640 non
1004 591 1192 656 aperte
1220 583 1460 638 Joannes
1490 591 1543 638 et
1577 585 1644 637 de
1671 584 1850 637 anima
1871 583 2027 647 dixit,

456 682 600 753 quod
634 679 996 748 assumpserit
1025 693 1166 743 eam,
1201 677 1344 731 sicut
1375 675 1508 730 dicit
1546 675 1614 730 de
1649 675 1858 730 carne?

1093 767 1397 834 Responsio.

529 863 671 918 Num
696 876 847 934 ergo,
872 860 998 931 quia
1020 860 1152 913 dicit
1175 858 1482 930 Scriptura,
1505 855 1652 927 quod
1684 855 1874 910 fecerit
1892 853 2034 908 Deus

463 955 763 1018 hominem,
797 961 1024 1020 accepto
1058 949 1124 1005 de
1173 958 1319 1004 terra
1361 950 1608 1019 pulvere,
1653 962 1755 1003 nec
1801 943 2034 1006 addidit,

465 1044 610 1114 quod
645 1043 837 1098 fecerit
877 1049 1064 1112 caput,
1102 1050 1194 1095 aut
1227 1041 1535 1106 cerebrum,
1577 1047 1672 1092 aut
1715 1039 1903 1107 hepar,
1947 1047 2040 1092 aut

464 1139 730 1207 splenem,
777 1141 868 1189 aut
904 1135 1216 1204 pulmonem
1255 1151 1268 1187 :
1312 1147 1418 1186 non
1465 1132 1610 1201 quod
1647 1138 1841 1186 caetera
1882 1129 2037 1184 deni-

467 1241 574 1296 que
605 1223 877 1279 naturalia
929 1223 984 1276 in
1019 1222 1182 1276 nobis
1216 1236 1418 1276 arcana
1450 1220 1658 1284 fecerit,
1696 1219 1820 1274 ideo
1858 1219 2040 1288 priva-

468 1328 552 1373 tos
587 1333 728 1379 esse,
768 1326 823 1372 et
868 1315 977 1370 illis
1011 1329 1204 1370 carere
1243 1328 1341 1368 nos
1377 1312 1713 1382 putabimus,
1756 1310 1885 1381 quia
1931 1325 2039 1365 non

466 1409 671 1479 qumvis
695 1409 900 1462 minuta
927 1414 1129 1461 nostrae
1162 1412 1369 1459 natura:
1392 1417 1594 1474 organa
1627 1403 1844 1458 Litterae
1873 1415 2044 1457 sacrae

466 1496 795 1551 recensent?
843 1494 908 1549 Ct
956 1493 1124 1564 igitur
1170 1493 1224 1546 in
1271 1491 1716 1547 consideratione
1761 1490 1934 1546 nostri
1977 1505 2041 1544 ex

468 1595 619 1653 parte
647 1592 818 1640 totum
846 1583 1222 1654 cognoscitur,
1245 1587 1324 1638 sic
1347 1590 1399 1637 et
1431 1589 1679 1636 sanctum
1713 1579 1882 1634 Deum
1912 1577 2045 1634 Ver-

470 1680 600 1730 hum
636 1683 747 1729 tam
792 1675 989 1729 animae
1025 1689 1188 1743 quam
1234 1672 1454 1741 corpori
1501 1672 1713 1726 unitum
1755 1687 1878 1726 esse
1922 1686 2046 1725 cre-

469 1767 697 1830 damus,
738 1780 804 1820 ne
853 1765 1208 1819 inanimatum
1251 1763 1497 1817 divinum
1540 1762 1672 1817 illud
1715 1777 1918 1832 corpus
1955 1777 2046 1815 ar-

474 1859 788 1948 bitrantes,’
812 1855 923 1912 Deo
959 1855 1225 1928 quasdam
1269 1854 1587 1911 allectiones
1627 1855 1908 1910 naturales
1949 1854 2047 1907 tri-

473 1950 723 2002 buamus.

893 2033 1407 2091 rNTERROGATlO
1446 2031 1637 2089 XXIX.

542 2127 647 2185 Sed
679 2129 952 2200 quomodo
1008 2128 1238 2198 aequalis
1275 2126 1424 2181 Patri
1461 2126 1763 2184 secundum
1795 2126 2049 2182 divinita-

473 2233 580 2278 tem
611 2230 696 2278 est
724 2221 1004 2286 Christus,
1041 2221 1231 2293 angori
1259 2229 1314 2277 et
1343 2221 1534 2276 sudori
1573 2221 1870 2286 obnoxius,
1901 2230 1955 2276 et
1983 2225 2052 2274 ab

472 2314 664 2385 angelo
692 2314 1071 2380 conﬁrmatus,
1112 2311 1574 2383 quemadmodum
1610 2312 1678 2368 de
1713 2312 1832 2382 ipso
1873 2311 2051 2366 Lucas

473 2405 654 2475 inquit
687 2403 731 2471 ⁸,
777 2404 844 2459 de
871 2405 1073 2474 quibus
1111 2418 1276 2474 supra
1320 2404 1626 2475 quaestione
1665 2410 1813 2461 mota
1859 2417 2049 2458 eorum

472 2495 899 2550 declarationem
929 2495 1286 2567 praeteriisti?

1108 2585 1415 2656 Responsio.

547 2691 650 2748 Per
706 2693 821 2749 haec
869 2693 1162 2750 manifesto
1211 2694 1495 2762 docemur,
1548 2711 1659 2750 non
1709 2693 2052 2764 imaginarie,

479 2801 578 2842 nec
622 2786 901 2841 hominum
933 2787 1218 2856 Opinione,
1256 2787 1350 2842 sed
1399 2802 1460 2841 re
1495 2788 1613 2856 ipsa
1650 2788 1837 2857 potius
1869 2786 2058 2841 nobis-

477 2891 601 2930 cum
640 2876 852 2930 unitum
886 2891 1010 2931 esse
1046 2876 1230 2930 vivum
1269 2876 1405 2930 illud
1441 2884 1496 2931 et
1532 2892 1625 2947 per
1658 2892 1717 2932 se
1749 2876 2058 2931 subsistens

479 2976 732 3024 sanctum
758 2965 926 3021 Deum
953 2965 1216 3030 Verbum,
1249 2975 1479 3038 excepto
1502 2968 1622 3022 solo
1650 2977 1874 3038 peccato
1895 2976 2059 3038 atque

483 3060 632 3124 vitio,
678 3074 800 3129 quae
829 3059 1025 3114 cadere
1068 3058 1310 3113 divinam
1357 3060 1415 3113 in
1447 3066 1699 3113 naturam
1745 3071 2056 3130 nequeunt;

477 3166 604 3204 nam
633 3150 757 3221 angi
797 3151 1024 3216 anima),
1061 3149 1262 3206 sudare
1307 3165 1436 3205 vero
1479 3151 1728 3221 corporis
1767 3165 1888 3207 esse
1920 3151 2058 3206 dici-

480 3260 638 3311 mus;
690 3243 1022 3314 sanguineas
1070 3252 1251 3299 autem
1302 3250 1486 3314 guttas
1525 3258 1556 3298 e
1617 3258 1784 3298 carne
1835 3242 2059 3300 eﬁ‘erve—

403 3323 408 3327 ’
480 3344 720 3398 scentes,
759 3342 913 3403 puto,
963 3349 1060 3403 per
1100 3342 1446 3388 emanantem
1483 3333 1775 3404 liquorem,
1817 3333 2057 3390 infusum

483 3425 639 3480 nobis
681 3441 776 3494 per
817 3439 980 3478 aures
1016 3439 1285 3477 venenum
1324 3425 1598 3494 serpentis
1651 3423 1706 3478 in
1743 3431 2059 3495 transgres~

483 3520 639 3573 sione
670 3515 838 3571 divini
873 3514 928 3569 in
959 3513 1214 3584 paradiso
1246 3514 1523 3584 praecepti,
1557 3529 1652 3584 per
1685 3515 1940 3570 unionem
1965 3513 2061 3568 Dei

483 3617 537 3664 et
567 3606 729 3663 Verbi
771 3621 801 3659 a
844 3613 1032 3661 nostra
1076 3615 1272 3660 natura
1323 3606 1663 3676 abstergere,
1713 3622 1781 3661 ne
1830 3607 2063 3676 amplius

485 3699 883 3756 sacriﬁciorum
917 3697 1109 3752 nidore
1137 3704 1190 3752 et
1229 3698 1516 3768 sanguine,
1554 3697 1903 3768 ﬁliorumque
1946 3695 2062 3753 nia-

482 3791 818 3847 ctationibus
863 3806 893 3844 a
937 3789 1099 3844 nobis
1143 3789 1355 3844 colatur
1403 3797 1597 3845 auctor
1646 3790 1738 3847 ille
1791 3792 2059 3848 malorum

485 3886 720 3940 daemon.
739 3883 928 3953 Neque
949 3882 1176 3952 angelus
1205 3883 1585 3949 corroborare,
1620 3899 1891 3956 suumque
1912 3900 2066 3940 crea-

487 3986 661 4030 torem
697 3973 1027 4028 conﬁrmare
1063 3973 1197 4027 mihi
1230 3973 1464 4028 videtur.
1499 3974 1785 4040 Quomodo
1805 3975 1950 4029 enim
1986 3973 2065 4028 la-

487 4065 670 4120 mulus
715 4061 997 4118 dominum
1040 4063 1411 4129 conﬁrmaret,
1464 4073 1559 4119 aut
1597 4066 1825 4136 spiritus
1855 4074 2065 4136 petram

486 4156 903 4214 corroborarct?
930 4154 1064 4209 Nam
1093 4164 1240 4224 petra
1263 4167 1376 4211 erat
1401 4155 1663 4222 Christus,
1697 4157 1873 4227 inquit
1907 4157 2065 4212 divus

488 4250 579 4304 ille
616 4248 913 4317 Apostolus
936 4248 978 4300 ".
1015 4246 1078 4300 Et
1109 4264 1322 4312 rursus,
1359 4249 1463 4314 Qui
1503 4249 1634 4318 facit
1685 4249 1897 4318 angelos
1944 4265 2066 4302 suos

487 4343 705 4409 spiritus
731 4342 774 4394 ³.
803 4341 959 4405 Item,
991 4340 1198 4410 Absque
1239 4341 1382 4394 omni
1423 4343 1802 4403 controversia,
1837 4342 2011 4397 minus
2035 4358 2068 4394 a

488 4432 688 4502 majore
701 4430 1021 4484 benedicitur
1049 4440 1096 4483 et
1121 4430 1471 4498 conﬁrmatur
1493 4431 1532 4482 '.
1559 4432 1636 4485 Ex
1650 4433 1851 4502 quibus
1872 4432 2069 4485 merito

489 4523 844 4592 intelligatur,
899 4529 1124 4591 propter
1153 4537 1353 4575 novum
1390 4530 1444 4576 et
1488 4520 1794 4578 inauditum
1830 4523 2069 4576 miracu-

492 4615 603 4667 lum
641 4612 883 4667 victorize
932 4612 1140 4667 Christi
1185 4613 1330 4682 quod
1365 4618 1686 4667 secuturum
1725 4619 1862 4678 erat,
1899 4613 2071 4667 victo-

492 4703 680 4758 rialem
715 4702 1006 4772 quamdam
1046 4703 1282 4772 speciem
1319 4701 1571 4770 angelum
1603 4702 1880 4771 exhibere,
1905 4702 2076 4761 Mosis‘

490 4795 820 4868 legislatoris
871 4794 1036 4850 verba
1087 4795 1270 4864 rcipsa
1339 4793 1731 4861 declarantem,
1783 4797 1876 4867 qui
1943 4807 2070 4854 ante

493 4889 641 4943 mille
665 4896 718 4943 et
751 4889 935 4957 plures
977 4901 1149 4943 annos
1183 4887 1454 4941 exclamat
1485 4887 1529 4919 ¹⁰
1556 4905 1567 4940 :
1595 4883 1898 4954 Exsultate,
1933 4891 2070 4955 caeli,

493 4997 611 5034 cum
637 4997 716 5046 eo,
745 4979 1004 5050 quoniam
1036 4979 1092 5034 id
1119 4979 1264 5049 quod
1297 4978 1570 5048 deiectum
1598 4990 1716 5036 erat
1742 4981 1808 5036 ad
1833 4997 2070 5051 superna

495 5072 749 5136 reduxit;
791 5081 842 5125 et
881 5069 1106 5124 adorent
1149 5071 1320 5139 ipsum
1351 5087 1527 5125 omnes
1570 5072 1743 5142 angeli
1791 5072 1912 5138 Dei,
1946 5089 2070 5128 cum

496 5177 595 5217 sua
667 5163 786 5216 loca
848 5161 1132 5218 hominum
1199 5164 1521 5219 accessione
1575 5165 1761 5235 augeri
1811 5173 2071 5230 cernant;

494 5253 778 5316 exsultare,
817 5263 1012 5324 gentes,
1046 5270 1163 5307 cum
1207 5253 1400 5324 populo
1433 5255 1568 5323 ejus,
1613 5263 1668 5309 et
1699 5263 1968 5326 quotquot
2007 5271 2074 5308 ex

495 5346 754 5410 gentibus
787 5344 1034 5409 Enocho,
1060 5344 1197 5412 Noe,
1234 5345 1566 5409 Abrahamo,
1593 5345 1806 5410 lsaaco,
1842 5345 2072 5412 Jacobo,

495 5437 756 5508 Josepho,
805 5435 1014 5501 Davidi,
1063 5435 1284 5492 Christo
1319 5445 1373 5492 et
1418 5436 1680 5491 Ecclesia!
1713 5446 1840 5492 sunt
1882 5437 2072 5502 additi,

495 5529 747 5598 quoniam
791 5529 1008 5598 sanguis
1042 5529 1275 5596 ﬁliorum
1320 5529 1455 5596 ejus,
1507 5527 1704 5597 inquit,
1754 5527 2073 5590 vindicatur,

498 5622 545 5664 et
573 5615 878 5678 vindicabit,
910 5624 958 5668 et
995 5616 1239 5668 retribuet
1291 5615 1542 5668 ultionem
1573 5615 1823 5682 inimicis,
1870 5628 1918 5670 et
1954 5617 2074 5672 odio

573 5770 591 5799 θ
622 5769 766 5845 an.
792 5789 922 5838 xm,
966 5775 1054 5838 Η,
1089 5776 1173 5829 45.
1253 5775 1272 5805 ⁷
1313 5771 1480 5828 lCor.
1521 5790 1572 5838 κ,
1612 5774 1664 5828 4.

506 5848 611 5888 scr.
643 5837 778 5889 LXX
1044 5837 1048 5838 ⁷
1247 5849 1263 5860 ‘

1513 378 1569 433 S.
1607 378 1909 435 CASSARII
1948 375 2290 438 GREGORII'
2316 378 2615 439 FRATRIS

1758 5777 1777 5805 ’⁸
1803 5773 1948 5830 Psal.
1992 5791 2107 5843 C‘ll,
2139 5777 2208 5844 -i;
2243 5773 2406 5831 Hebr.
2451 5789 2488 5841 ι,
2523 5773 2573 5829 7.

3607 384 3714 445 883

2713 496 2959 551 ΠΕΥΣΙΣ
2987 496 3116 551 KH'.

2208 589 2318 642 Καὶ
2375 588 2462 642 διὰ
2503 589 2556 641 τί
2590 587 2663 659 μὴ
2693 588 2940 660 φανερῶς
2973 583 3125 642 εἶπεν
3175 587 3445 660 Ἰωάννης,
3493 589 3581 643 ὅτι
3620 594 3720 644 καὶ

2136 679 2313 751 ψυχὴν
2339 679 2548 745 ἔλαϐεν,
2572 679 2647 743 ὡς
2675 682 2801 751 περὶ
2830 681 2926 751 τῆς
2954 681 3152 751 σαρκὸς
3171 680 3348 750 λέγει;

2746 772 3101 840 Ἀπόκρισις.

2206 857 2331 932 Ἆρ’
2361 857 2474 928 οῦν,
2506 863 2630 915 ἐπεί
2666 879 2827 931 φησιν
2849 864 2881 934 ἡ
2905 862 3118 933 Γραφὴ,
3143 863 3224 914 ὅτι
3254 859 3502 930 ἐποίησεν
3521 861 3552 912 ὁ
3583 858 3721 924 Θεδς

2138 954 2229 1006 τὸν
2280 951 2584 1024 ἄνθρωπον,
2645 952 2776 1023 χοῦν
2835 952 2943 1006 ἀπὸ
2997 953 3096 1023 τῆς
3145 951 3250 1020 γῆς
3282 950 3483 1015 λαϐὼν,
3525 951 3626 1004 καὶ
3658 951 3723 1005 οὐ

2140 1043 2495 1114 προσέθηκεν,
2528 1044 2608 1095 ὅτι
2649 1042 2868 1111 ἐποίησε
2899 1040 3140 1111 κεφαλὴν
3188 1040 3222 1111 ἦ
3257 1039 3579 1109 ἐγκέφαλον,
3622 1043 3724 1111 οὐχ

2140 1128 2312 1204 ἧπαρ,
2369 1132 2401 1202 ἢ
2447 1131 2659 1202 σπλῆνα
2693 1131 2787 1186 καὶ
2826 1130 3121 1200 πνεύμονα,
3161 1129 3261 1198 οὐχ
3301 1127 3488 1198 ἕτερόν
3522 1145 3578 1180 τι
3612 1127 3724 1178 τῶν

2143 1223 2384 1294 φυσικῶν
2420 1223 2754 1294 μυστηρίων,
2792 1221 2943 1293 παρά
2976 1220 3134 1274 τοῦτο
3168 1221 3403 1292 ἐρήμους
3429 1219 3521 1272 καὶ
3551 1217 3728 1286 ἀκτή-

2147 1335 2312 1388 μονας
2335 1316 2558 1370 ἐκείνων
2589 1315 2813 1378 ἑαυτοὺς
2843 1313 3137 1385 οἰηθῶμεν,
3172 1312 3246 1383 μὴ
3277 1307 3728 1380 λεπτηγορούσης

2142 1409 2241 1476 τῆς
2265 1406 2488 1478 Γραφῆς
2533 1404 2601 1458 τὰ
2655 1401 2858 1472 φυσικά
2897 1401 3052 1472 ἡμῶν
3081 1402 3321 1474 δργανα;
3360 1399 3448 1460 Ὠς
3478 1397 3612 1466 γοῦν
3639 1398 3726 1464 ἐφ’

2145 1499 2299 1570 ήμῶν
2329 1499 2437 1552 ἀπὸ
2472 1496 2672 1568 μέρους
2715 1494 2776 1548 τὸ
2806 1495 2913 1548 πᾶν
2942 1492 3378 1562 διαγινώσκεται,
3416 1487 3590 1550 οὕτως
3631 1486 3732 1539 καὶ

2143 1589 2235 1642 τὸν
2280 1589 2434 1657 ἅγιον
2476 1587 2608 1640 Θεὸν
2641 1586 2812 1653 Λόγον
2895 1583 3040 1654 ψυχῇ
3083 1584 3177 1638 καὶ
3221 1581 3432 1652 σώματι
3479 1576 3730 1650 ἡνῶσθαι

2146 1680 2551 1749 πιστεύσωμεν·
2581 1678 2667 1730 ἵνα
2687 1676 2760 1747 μὴ
2784 1675 2987 1746 ἄψυχον
2997 1675 3058 1728 τὸ
3083 1674 3224 1728 θεῖον
3247 1673 3402 1744 σῶμα
3417 1668 3730 1754 δοκοῦντες,

2151 1771 2224 1841 τῷ
2255 1769 2375 1840 Θεῷ
2400 1768 2541 1822 κατά
2574 1768 2735 1838 φύσιν
2759 1767 2905 1838 πάθη
2931 1765 3323 1838 προσάψωμεν.

2735 2061 2985 2116 ΠΕΥΣῙΣ
3024 2059 3154 2116 κου.

2223 2160 2326 2214 Καὶ
2351 2157 2467 2222 πῶς
2502 2151 2618 2219 ἶσος
2653 2153 2730 2226 τῷ
2773 2154 2947 2224 Πατρὶ
2993 2152 3133 2206 κατά
3159 2150 3386 2221 θεότητα
3427 2150 3456 2202 ὁ
3497 2144 3735 2219 Χριστὸς

2151 2250 2360 2323 ἀγωνίᾳ⁵
2411 2248 2506 2302 καὶ
2557 2245 2740 2318 ἱδρῶτι
2775 2243 3153 2316 συνεχόμενος,
3201 2241 3294 2294 καὶ
3348 2239 3452 2293 ὑπὸ
3495 2237 3736 2306 ἀγγέλου

2153 2342 2552 2413 ὲνισχυόμενος,
2571 2337 2751 2401 καθὼς
2781 2337 2809 2389 ὁ
2842 2335 3056 2397 Λουκᾶς
3082 2333 3210 2404 περὶ
3240 2330 3402 2386 αὐτοῦ
3427 2329 3611 2396 λέγεις
3640 2324 3736 2379 καὶ

2154 2433 2411 2505 ἀνωτέρω
2456 2429 2566 2500 γὰρ
2615 2427 2819 2481 τούτων
2857 2423 3185 2496 κινηθέντων
3233 2419 3590 2492 παρέδραμες
3635 2417 3736 2486 τὴν

2153 2527 2505 2596 διασάφησιη
2953 2531 2956 2533 ‘

2777 2612 3132 2679 Ἀπόκρισις.

2227 2706 2421 2778 Σαφῶς
2455 2709 2520 2760 ὲκ
2553 2705 2758 2760 τούτων
2805 2699 3190 2771 παιδευόμεθα,
3234 2696 3294 2750 ού
3344 2691 3614 2764 φαντασίᾳ
3642 2686 3738 2743 καὶ

2156 2800 2394 2870 δοκήσει,
2426 2795 2657 2866 ἀληθείᾳ
2685 2793 2740 2846 δὲ
2773 2791 2974 2864 μᾶλλον
3000 2789 3068 2843 τὰ
3107 2787 3351 2859 ἡμέτερα
3377 2781 3620 2851 ἡνῶσθαι
3648 2779 3738 2832 τὸν

2159 2892 2336 2958 ζῶντα
2367 2890 2462 2944 καὶ
2493 2887 2854 2942 ὲνυπόστατον
2888 2884 3042 2952 ἆγιον
3076 2880 3206 2934 Θεὸν
3232 2879 3423 2947 Λόγον,
3461 2874 3602 2947 πλὴν
3645 2870 3738 2944 μό-

2158 3001 2258 3055 νης
2298 2983 2397 3054 τῆς
2426 2982 2640 3035 ἀνοσιου
2686 2976 2915 3040 κακίαςο
2955 2972 3300 3028 ἀνεπίδεκτον
3334 2969 3441 3040 γὰρ
3473 2967 3644 3037 αὐτῆς
3680 2963 3740 3016 τὸ

2159 3077 2333 3132 Θεῖον.
2383 3073 2456 3126 Τὸ
2500 3072 2608 3143 γὰρ
2659 3069 2896 3139 ἀγωνιᾷν
2936 3066 3037 3136 τῆς
3087 3064 3288 3135 ψυχῆς,
3323 3062 3383 3115 τὸ
3431 3059 3489 3114 δὲ
3534 3057 3737 3130 ίδροῦν,

2161 3168 2253 3222 τοῦ
2284 3164 2532 3238 σώματος
2559 3179 2738 3232 φαμεν
2759 3177 2772 3192 ·
2803 3160 2927 3223 τοὺς
2964 3158 3022 3211 δὲ
3054 3154 3308 3227 αἱμώδεις
3341 3150 3614 3224 θρόμϐους
3643 3147 3740 3218 τῆς

2165 3259 2366 3330 σαρκὸς
2400 3252 2883 3329 ἑκϐραττομένους,
2917 3247 3079 3314 δοκῶ,
3128 3245 3216 3300 διὰ
3250 3245 3348 3315 τῆς
3397 3238 3740 3312 ὲκδιδομένης

2159 3349 2380 3415 νοτίδος,
2412 3347 2503 3400 τὸν
2535 3343 2828 3416 ὲγχεθέντα
2867 3343 2998 3412 ἡμῖν
3031 3339 3097 3392 δι’
3127 3336 3296 3405 ἀκοῆς
3328 3335 3404 3390 ἱὸν
3429 3332 3522 3386 τοῦ
3543 3331 3740 3400 ὄφεως,

2165 3443 2259 3494 ἐπὶ
2293 3444 2358 3512 τῇ
2394 3437 2704 3509 παραϐάσει
2733 3436 2831 3507 τῆς
2860 3433 3010 3495 Θείας
3053 3431 3109 3484 ὲν
3142 3426 3455 3500 παραδείσῳ
3501 3423 3738 3512 ἐντολῆς,

2163 3534 2228 3602 τῇ
2263 3508 2453 3583 ένῶσει
2481 3508 2579 3580 τοῦ
2613 3524 2773 3593 Θεοῦ,
2809 3523 2904 3578 καὶ
2943 3521 3140 3589 Λόγου,
3193 3518 3293 3588 τῆς
3337 3515 3549 3584 φύσεως
3589 3508 3743 3602 ήμῶν

2163 3598 2530 3693 ἐκμύζεσθαι·
2567 3617 2706 3671 ὥστε
2757 3613 2955 3687 μηκέτι
3001 3611 3251 3670 κνίσσαις
3283 3607 3378 3659 καὶ
3409 3605 3603 3674 αἵμασι
3654 3598 3742 3652 καὶ

2165 3710 2574 3773 παιδοκτονίαις
2602 3709 2691 3778 ὑφ’
2717 3705 2872 3777 ἡμῶν
2901 3698 3299 3773 θρησκεύεσθαι
3327 3697 3418 3749 τὸν
3440 3693 3742 3765 ἀρχέκακον

2165 3802 2412 3873 δαίμονα.
2446 3798 2580 3853 Οὐδὲ
2614 3795 2843 3866 ἄγγελος
2893 3789 3302 3864 ἐπιρρωννύειν,
3347 3787 3442 3840 καὶ
3490 3781 3743 3854 σθεναρὸν

2167 3891 2447 3946 ἀποτελῶν
2493 3891 2582 3943 τὸν
2628 3885 2820 3940 ἑαυτοῦ
2873 3882 3098 3953 ποιητὴν
3132 3880 3396 3950 ἐνισχύειν
3447 3893 3534 3947 μοι
3581 3873 3739 3928 δοκεῖ.

2122 4015 2134 4020 -
2169 3985 2296 4048 Πῶς
2345 3983 2454 4053 γὰρ
2491 3980 2712 4050 οἰκέτης
2747 3975 3016 4044 δεσπότην
3057 3969 3410 4043 ἐνισχύσειεν,
3448 3967 3480 4036 ἢ
3532 3966 3743 4036 πνεῦμα

2171 4077 2376 4146 πέτραν
2404 4069 2896 4142 ὑποστερηνήσειεν
2941 4064 3100 4136 (sic);
3140 4061 3209 4114 ’Π
3231 4061 3340 4132 γὰρ
3389 4058 3595 4129 ,πέτρα
3612 4054 3690 4126 ἦν
3711 4055 3741 4106 ὀ

2161 4164 2442 4236 Χριστὸς,
2462 4165 2626 4234 φησιν
2669 4163 2698 4214 ό
2749 4159 2892 4223 θεῖος
2936 4155 3276 4218 Ἀπόστολος.
3320 4153 3430 4208 Καὶ
3463 4151 3644 4214 πάλιν,
3689 4148 3740 4198 Ὁ

2169 4257 2358 4314 ποιῶν
2387 4255 2526 4321 τοὺς
2552 4253 2846 4324 ἀγγέλους
2892 4247 3078 4322 αρτοῦ
3120 4246 3460 4314 πνεύματαο
3496 4243 3589 4296 καὶ
3637 4243 3741 4297 πά-

2169 4349 2272 4414 λιν,
2308 4345 2494 4414 Χωρὶς
2520 4342 2722 4408 πάσης
2747 4339 3092 4407 ἀντιλογίας
3117 4335 3184 4390 τὸ
3215 4335 3467 4389 ἔλαττον
3498 4333 3615 4388 ὑπὸ
3639 4331 3742 4414 τοῦ

2172 4439 2512 4507 κρείττονος
2564 4429 2895 4500 εὐλογεῖται
2945 4427 3044 4481 καὶ
3096 4424 3458 4494 ἐνισχύεται.
3534 4420 3624 4485 Ἐξ
3671 4413 3742 4471 ὧν

2177 4530 2403 4592 εἰκότως
2435 4524 2658 4580 νοείσθω
2689 4523 2828 4592 ὑπὲρ
2864 4520 2959 4573 τοῦ
2997 4518 3281 4590 μέλλοντος
3319 4513 3620 4586 παραδόξου
3637 4511 3742 4579 τῆς

2177 4622 2332 4690 νίκης
2354 4613 2590 4689 Χριστοῦ
2615 4612 2880 4667 ἐπινίκιόν
2900 4629 2950 4664 τι
2984 4609 3172 4681 σχῆμα
3191 4608 3283 4662 τὸν
3306 4605 3528 4676 ἄγγελον
3550 4604 3737 4663 ποιεῖν,

2177 4712 2322 4782 ἔργῳ
2345 4709 2413 4762 τά
2437 4706 2680 4768 Μωσέως
2705 4703 2799 4756 τοῦ
2825 4700 3114 4773 νομοθέτου
3139 4699 3482 4770 παριστῶντα
3507 4696 3741 4767 ῥήματα,

2175 4804 2281 4875 πρὸ
2313 4800 2502 4872 χιλίων
2535 4797 2630 4851 καὶ
2663 4796 2774 4850 ἄνω
2803 4793 3009 4864 χρόνων
3038 4790 3336 4863 διαρρήδην
3369 4787 3614 4858 βοῶντος*
3643 4785 3746 4836 Ei)-

2176 4891 2495 4962 gppdronts,
2528 4885 2795 4955 οὐρανοὶ,
2847 4883 2967 4953 ἅμα
3011 4881 3190 4946 αὐτῷ,
3222 4882 3302 4933 ὅτι
3334 4879 3402 4933 τὰ
3447 4879 3596 4934 κάτω
3642 4876 3746 4930 ἅνω

2177 4984 2455 5052 ἀνήγαγε,
2513 4978 2610 5032 καὶ
2667 4973 3271 5046 προσκυνησάτωσαν
3315 4970 3476 5036 αὐτῷ
3530 4967 3747 5029 πάντες

2179 5073 2418 5143 ἄγγελοι
2453 5069 2622 5134 Θεοῦ,
2671 5069 2770 5132 τὰς
2811 5067 2960 5138 σφῶν
3010 5064 3193 5136 χώρας
3226 5062 3509 5134 προσθήκῃ
3548 5057 3748 5132 βροτῶν

2181 5163 2483 5233 αὐξομένοις
2510 5161 2746 5233 ὁρῶντες
2766 5176 2779 5190 ·
2818 5157 3227 5229 Εὐφράνθητε,
3259 5155 3427 5222 ἔθνη,
3453 5151 3606 5222 μετὰ
3645 5148 3749 5204 τοῦ

2181 5255 2333 5310 λαοῦ
2363 5253 2570 5315 αὐτοῦ,
2613 5255 2662 5305 οἱ
2703 5251 2762 5317 ἐξ
2792 5249 2981 5313 ἐθνῶν,
3011 5249 3090 5319 τῷ
3134 5245 3325 5316 Ἑνὼχ,
3361 5244 3440 5314 τῷ
3481 5242 3746 5314 Ἀὅραὰμ,

2181 5347 2259 5415 τῷ
2300 5343 2607 5414 Ἰσαὰκ,τῷ
2665 5341 2882 5410 Ἰωσὴφ,
2925 5339 3002 5410 τῷ
3051 5338 3237 5402 Δαϐὶδ,
3283 5335 3363 5408 τῷ
3398 5332 3639 5406 Χριστῷ,
3687 5334 3750 5396 τῇ

2196 5437 2490 5507 Ἐκκλησία
2543 5432 2975 5505 προστιθέμενοι,
3027 5431 3212 5485 ὅτιτὸ
3254 5427 3396 5499 αἷμα
3443 5425 3564 5480 τῶν
3611 5423 3752 5479 υἱῶν

2184 5527 2390 5586 αὑτοῦ,
2428 5527 2613 5595 φησὶν,
2647 5520 2986 5586 ἑκδικεῖται,
3027 5520 3127 5574 καὶ
3157 5517 3488 5584 ἐκδικήσει,
3521 5516 3622 5570 καὶ
3651 5515 3748 5568 ἀν-

2184 5616 2513 5671 ταποδὼσει
2549 5615 2726 5681 δίκην
2757 5615 2880 5681 τοῖς
2912 5613 3166 5684 ἐχθροῖς,
3191 5611 3287 5665 καὶ
3321 5609 3444 5675 τοῖς
3467 5607 3754 5677 μισοῦσιν

2685 5772 2705 5803 ’
2732 5770 2894 5829 Hebr.
2931 5788 3022 5838 vn,
3063 5772 3112 5826 7.
3219 5769 3262 5802 '°
3293 5767 3450 5823 Deut.
3482 5778 3652 5832 χχιιι,
3687 5763 3754 5822 45
