4082 6412
421 376 530 437 889

419 493 610 548 αὑτὸν
647 487 1081 553 ἀνταποδώσει,
1121 485 1219 540 καὶ
1265 480 1602 552 ἐκκαθαριεῖ
1634 479 1852 547 Κύριος
1882 474 1998 542 τὴν

423 581 544 654 τῆν
586 579 692 634 τοῦ
740 577 896 632 λαοῦ
935 575 1140 630 αὐτοῦ.
1191 573 1350 627 Ἀλλά
1383 573 1477 627 καὶ
1526 573 1555 624 ὁ
1597 568 1798 639 ὑψηλὸς
1836 565 1998 618 Ἀπό-

427 673 634 739 στολος,
672 669 950 733 ἐπινικίως
987 668 1247 740 ἐνισχύων
1279 666 1357 737 τῷ
1388 664 1629 736 Χριστῷ,
1675 663 1834 732 φησι,
1869 661 2003 727 Χρι-

427 763 576 829 στὸς
616 761 764 816 Θεοῦ
811 760 1081 828 δύναμις,
1126 758 1226 811 καὶ
1259 750 1407 810 Θεοῦ
1438 755 1643 824 σοφία.
1679 752 1788 805 Καὶ
1816 749 1999 812 πάλιν,

427 853 502 917 ὡς
531 853 722 923 νικητῇ
758 852 938 904 πᾶσαν
969 849 1146 902 κτίσιν
1185 846 1506 900 ποτνιᾶσθαι
1535 842 1682 913 αύτῷ
1709 839 1999 906 παιδεύων,

431 942 618 1014 φησὶν,
669 942 772 996 Ἐν
795 939 876 1006 τῷ
905 940 1150 1008 ὀνόματι
1197 936 1392 1005 Ἰησοῦ
1420 933 1678 1005 Χριστοῦ
1705 931 1830 987 πᾶν
1848 931 2002 1014 ,γόνυ

431 1007 654 1102 κάμψει
716 1007 1122 1098 ἐπουρανίων,
1179 1028 1277 1082 καὶ
1327 1027 1622 1097 ἐπιγείων,
1685 1024 1783 1076 καὶ
1836 1007 2006 1075 στᾶσα

433 1119 687 1189 γλῶσσα
751 1117 1257 1188 ἐξομολογήσεται
1325 1114 1504 1180 αὐτῷ.
1573 1111 1886 1185 Συμφὼνως
1946 1110 2004 1164 δέ

434 1211 606 1282 τούτῳ
639 1210 961 1283 βροντόπαις
1004 1211 1272 1280 Ἰωάννης,
1310 1207 1590 1270 ἐπινικίως
1621 1203 1884 1272 θεολογῶν
1915 1201 2005 1256 τὸν

435 1301 687 1373 Χριστὸν,
725 1301 885 1372 φησί·
920 1301 1033 1355 Καὶ
1058 1299 1426 1369 ἐθεασάμεθα
1449 1297 1562 1367 τὴν
1583 1297 1772 1362 δόξαν
1795 1292 2004 1358 αὐτοῦ,

435 1393 624 1458 δόξαν
653 1394 733 1458 ὠς
754 1391 1133 1462 Μονογενοῦς
1157 1392 1315 1460 παρὰ
1346 1393 1578 1459 Πατρός
1597 1407 1610 1420 ·
1636 1389 1872 1457 πλήρης
1900 1385 2007 1455 χά-

429 1501 596 1552 ριτος
627 1484 730 1538 καὶ
769 1485 1090 1552 ἀληθείας.
1134 1483 1224 1554 Τῷ
1250 1483 1307 1536 δὲ
1363 1482 1581 1553 ἀγγέλῳ
1616 1482 1870 1551 ἑπόμενοι
1913 1478 2008 1534 καὶ

438 1579 618 1646 ἡμεῖς,
653 1573 762 1630 οἷον
795 1576 1112 1647 ἐνισχύομεν
1140 1575 1420 1638 ἐπινικίως
1459 1574 1550 1629 τὸν
1576 1573 1809 1646 Χριστὸν
1838 1574 1895 1626 ἐν
1930 1571 2009 1643 τῷ

440 1669 613 1740 καιρῷ
659 1668 759 1739 τῆς
810 1669 960 1732 θείας
1000 1667 1107 1721 τῶν
1163 1667 1438 1738 μυστικῶν
1488 1667 1710 1737 τελετῆς
1757 1665 2007 1736 βοῶντες,

439 1760 563 1816 Ὅτι
590 1760 710 1816 σόν
738 1761 803 1816 τὸ
847 1760 1063 1830 κράτος
1094 1761 1192 1814 καὶ
1305 1762 1595 1826 βασιλεία
1631 1761 1729 1815 καὶ
1766 1761 1804 1828 ἠ
1832 1759 2011 1813 δύνα-

436 1871 539 1923 μις
582 1853 679 1907 καί
709 1856 747 1923 ή
787 1853 954 1919 δόξα.
1007 1854 1138 1908 Ἰδοὺ
1169 1853 1230 1907 τὸ
1262 1854 1440 1908 ἐνικδν
1476 1854 1575 1924 τῆς
1620 1853 1768 1917 θείας
1799 1853 2011 1922 φύσεως

413 2001 416 2004 ,
441 1942 536 1996 τοῦ
568 1944 778 2015 Πατρὸς
807 1945 902 1998 καὶ
931 1943 1025 1998 τοῦ
1046 1943 1200 2012 Υἱοῦ,
1233 1945 1327 1998 καὶ
1369 1943 1462 1998 τοῦ
1488 1943 1645 2012 ἁγίου
1670 1944 2008 2015 Πνεύματος.

515 2125 688 2194 Ὅπερ
709 2124 871 2196 νόμος
886 2125 981 2179 καὶ
1006 2126 1119 2189 τοῖς
1147 2126 1431 2195 γυμνικοῖς
1458 2125 1685 2193 ἀγῶσιν,
1705 2125 1800 2178 εἴτ’
1818 2125 1876 2178 ἐν
1906 2141 2013 2177 σω-

444 2217 726 2286 μασκίαις,
739 2218 864 2282 τοὺς
875 2218 1152 2290 ἀνδρείους
1167 2217 1262 2272 καὶ
1284 2217 1598 2289 ρωμαλέους
1613 2218 1721 2270 τῶν
1742 2216 2011 2286 ἀθλητῶν,

441 2306 559 2376 ἤτοι
584 2310 999 2385 παγκρατείαις,
1021 2311 1148 2373 τοὺς
1172 2311 1247 2381 (8)
1281 2311 1384 2363 ὑπὸ
1411 2311 1711 2382 μειρακίων
1737 2309 1898 2365 τινῶν
1920 2309 2015 2364 καὶ

447 2399 640 2470 κομιδῆ
663 2399 818 2466 νέων,
853 2402 1076 2472 μηδέπω
1112 2401 1306 2464 ἰούλοις
1336 2401 1434 2465 τὰς
1460 2401 1694 2474 παρειὰς
1726 2401 2016 2473 σκιαζομέ-

447 2506 586 2552 νων,
642 2490 1041 2560 ὑποφωνεῖσθαι
1087 2491 1182 2546 καὶ
1234 2490 1570 2560 ἀλείφεσθαι,
1629 2490 2018 2554 ὥστεοαύτοὺς

353 2653 357 2655 _
448 2579 793 2650 σφριγῶντας
829 2583 1200 2654 στερροτέρως
1245 2583 1385 2636 κατὰ
1427 2582 1538 2636 τῶν
1570 2583 1880 2637 ἀντιπάλων
1910 2599 2019 2652 χω-

449 2670 592 2739 ρεῖνο
625 2671 722 2741 οὐχ
763 2671 844 2725 ὅτι
877 2671 1068 2745 ῥώμης
1117 2674 1210 2728 καὶ
1250 2672 1560 2737 εύσθενείας
1597 2675 1710 2736 τοῖς
1754 2672 2018 2744 ἀνδρείοις

446 2758 599 2830 παρὰ
645 2760 752 2814 τῶν
806 2761 1207 2835 ἀσθενεστέρων
1263 2762 1630 2834 ἐπιτιθεμένης,
1681 2761 1816 2816 ἀλλά
1869 2761 2019 2832 νόμῳ

445 2853 540 2907 καὶ
573 2853 893 2917 ἀκολουθίας
931 2855 1145 2926 ἑκάστῳ
1177 2854 1410 2926 δράματι
1441 2854 1888 2925 προηγουμένων.
1925 2855 2022 2905 Δε-

448 2945 698 3010 σποτείας
730 2946 947 3011 πάντως
974 2945 1136 3019 νόμος
1168 2945 1271 3000 ὑπὸ
1299 2945 1407 3000 τῶν
1435 2946 1658 3000 οἰκετῶν
1679 2944 2016 3016 ἀλείφεσθαι,

447 3035 540 3088 καὶ
597 3034 970 3089 θωπεύεσθαι·
1027 3035 1299 3106 πλήρωμα
1349 3035 1406 3089 δὲ
1452 3036 1617 3106 νόμου
1671 3035 1942 3106 Χριστὸς,
1992 3036 2020 3087 ὁ

449 3125 666 3178 πάντων
696 3124 830 3195 ὁμοῦ
872 3125 1172 3195 Δεσπότης·
1219 3125 1381 3195 νόμος
1417 3124 1475 3177 δὲ
1507 3123 1775 3192 ἀγγέλοις,
1811 3124 1900 3177 τὸν
1936 3141 2023 3176 σο-

451 3217 549 3283 φὺν
581 3217 804 3287 ποιητὴν
851 3217 944 3271 καὶ
985 3217 1250 3286 δεσπότην
1280 3215 1546 3269 θωπεύειν
1577 3215 1672 3268 καὶ
1709 3214 2022 3268 ύποσαίνειν

453 3307 879 3378 βοηθουμένους,
936 3309 996 3362 ού
1051 3305 1396 3379 βοηθοῦντας.
1460 3309 1523 3362 Εἰ
1575 3306 1684 3378 γὰρ
1732 3305 1832 3376 τῆς
1893 3305 2022 3378 παρ’

450 3399 675 3453 ἐκείνων
703 3398 884 3470 ἰσχύος
911 3399 1102 3464 ἐδεῖτο,
1146 3397 1326 3470 πολλῷ
1379 3397 1577 3468 μᾶλλον
1615 3398 1672 3449 ἐν
1714 3397 1779 3466 τῇ
1831 3395 2024 3465 ἐρήμῳ

449 3492 858 3563 τεσσαράκοντα
909 3491 1132 3564 ἡμερῶν
1177 3492 1306 3546 ὑπὸ-.
1335 3491 1431 3545 τοῦ
1484 3489 1729 3544 διαϐόλου
1770 3486 2026 3558 πειραζό-

441 3598 615 3651 ,μενος
651 3581 864 3652 ἐκείνης
915 3581 1131 3654 ἐδεήθη.
1193 3582 1352 3636 Ἀλλ’.
1385 3581 1507 3636 οὺδέ
1565 3599 1667 3635 που
1715 3582 1780 3651 τῇ
1835 3579 2022 3649 Γραφῇ

453 3673 610 3726 τοῦτο
639 3673 873 3747 εἴρηται·
913 3677 1188 3745 ’Ἄγγελοι
1217 3675 1348 3748 γὰρ,
1381 3674 1538 3744 φησὶ,
1585 3671 2026 3740 προσελθόντες

454 3763 554 3818 οὐκ
584 3764 859 3836 ἐϐοήθουν,
894 3765 1029 3818 ἀλλά
1057 3764 1381 3832 διηκόνουν
1415 3761 1607 3828 αὐτῷ’
1641 3763 1776 3832 ὅπερ
1824 3759 2027 3830 ἐναργῆ

456 3857 549 3910 τοῦ
594 3857 692 3927 μὲν
741 3857 837 3928 τὴν
892 3855 1229 3919 δεσποτείαν,
1273 3853 1381 3906 τῶν
1410 3853 1467 3906 δὲ
1495 3853 1594 3924 τὴν
1623 3851 1863 3905 οίκετίαν
1883 3869 2029 3922 παρ-

460 3948 656 4022 ίστησι.
689 3948 845 4002 Κατὰ
885 3943 977 4001 οὖν
1004 3947 1095 4000 τὸν
1127 3945 1456 4001 ἁποδοθέντα
1504 3945 1660 4012 λόγον
1693 3943 1916 3997 νοείσθω
1959 3942 2029 3995 τὰ

458 4040 588 4111 περὶ
639 4040 731 4092 τοῦ
786 4038 1039 4107 ἀγγέλου.
1105 4037 1242 4090 Οὔτε
1292 4037 1400 4109 γὰρ
1453 4037 1522 4090 τὰ
1569 4031 2032 4104 ἆγιαηΧερουίῆμ

462 4127 734 4198 ἀγιασμοῦ
783 4127 1152 4198 προσδίδονται
1197 4128 1255 4179 ἐν
1302 4124 1514 4196 οὐρανῷ
1558 4128 1624 4197 τῇ
1677 4123 1796 4194 θείᾳ
1845 4121 2032 4193 Τριάδι

461 4221 738 4290 ἀσιγήτως
753 4220 812 4272 τὸ
832 4221 1050 4290 Ἄγιος,
1071 4219 1258 4288 ἅγιος,
1272 4219 1458 4287 ἅγιος,
1474 4219 1601 4271 ὅταν
1629 4213 1908 4286 ἀναφωνοῢ
1917 4232 1997 4269 σιν
2012 4229 2027 4246 ⁸

463 4311 572 4364 οὐδ’
604 4307 678 4378 ,αὖ
729 4312 910 4371 πάλιν.
948 4313 1103 4383 ἡμῶν
1147 4314 1204 4365 ἐν
1252 4303 1763 4382 τρισαγίῳ,”Αγιος
1788 4311 1820 4362 ό
1867 4307 2029 4374 Θεὸς,

464 4401 628 4471 ἅγιος
657 4403 927 4473 ἰσχυρὸς,
964 4403 1130 4473 ἅγιος
1156 4401 1471 4465 ἀθάνατος,
1514 4400 1846 4466 ἐκϐοῶντων,
1875 4401 2032 4470 ἁγια-

467 4494 601 4570 σμὸν
634 4495 665 4567 ἢ
705 4496 856 4570 ἰσχὺν
888 4495 920 4567 ἢ
954 4495 1249 4552 ἀθανασίαν
1279 4493 1340 4547 τὸ
1379 4493 1531 4548 Θεῖον
1566 4493 1783 4548 ἐνίεται.

1071 4890 1320 4942 ΠΕΥΣΙΣ
1367 4889 1444 4942 Λ⁹.

555 5001 775 5066 Ἵκανῶς
819 5001 946 5072 περὶ
976 4999 1083 5054 τῶν
1121 5001 1279 5053 θείων
1314 4996 1765 5069 προσταχθέντων
1799 5013 1879 5049 σοι
1913 4998 2043 5067 παρ’

469 5094 626 5166 ἡμῶν
669 5092 1030 5163 διδαχθέντες,
1063 5093 1161 5156 τάς
1186 5090 1296 5144 τῶν
1336 5090 1580 5159 ἀνοήτων
1605 5087 1835 5158 δεόμεθα
1860 5087 2046 5140 λοιπὸν

472 5185 848 5256 ἀνατραπῆναι
887 5183 1093 5253 φωνάς.
1134 5182 1364 5249 Λέγουσι
1408 5178 1515 5248 γὰρ
1562 5178 1775 5245 ἀγνοεῖν
1816 5178 1906 5229 τὸν
1937 5176 2049 5228 Σω-

474 5276 618 5346 τῆρα
667 5275 727 5329 τὸ
782 5275 876 5328 τοῦ
928 5273 1180 5344 Λαζάρου
1219 5272 1428 5342 μνῆμα,
1477 5268 1571 5322 καὶ
1613 5267 1712 5338 τὴν
1762 5266 2049 5337 ἀψαμένην

474 5364 567 5418 τοῦ
601 5365 906 5437 κρασπέδου
944 5362 1393 5437 αἱμορῤ[ο]οὖσαν
1419 5360 1674 5428 γυναῖκα,
1701 5357 1795 5410 καὶ
1819 5357 1900 5410 ὅτι
1931 5356 2050 5410 οὐδὲ

552 5531 594 5562 ¹¹
629 5528 798 5586 lCor.
833 5544 874 5591 ι,
912 5527 1002 5581 94.

483 5602 527 5636 ⁸⁸
559 5601 664 5656 lsa.
701 5616 774 5665 v1,
806 5601 859 5655 5.

1143 5518 1185 5556 ’⁸
1218 5521 1452 5592 Philipp.
1497 5535 1558 5583 ιι,
1613 5517 1702 5583 10,
1754 5517 1841 5571 ll.

549 5737 626 5807 (8)
662 5738 820 5807 Ἤτοι
851 5729 1287 5807 παγκραςείαις.
1319 5725 1478 5798 τούς.
1508 5723 1909 5807 [loc‘comman
1928 5721 2046 5791 ἦτοι

481 5792 898 5880 παγκρατείαις,
923 5792 1359 5857 transferendum
1398 5803 1524 5850 ante
1564 5795 1685 5856 τοὺς
1729 5792 2036 5863 ἀνδρείους,

1767 356 2114 416 DIALOGUS
2138 355 2178 412 1.

1973 5517 2016 5550 ¹³
2048 5515 2204 5576 Joan.
2245 5539 2284 5587 l,
2321 5521 2406 5575 14.

3571 347 3686 405 89ft

2101 474 2532 545 prosequentibus
2563 473 2732 544 ipsum
2762 471 3040 536 retribuet,
3072 477 3121 525 et
3147 466 3458 540 expurgabit
3497 465 3683 522 Domt-
3709 480 3713 483 ·

2104 581 2202 620 nus
2257 575 2455 619 terram
2488 565 2669 634 populi
2697 563 2803 618 sui.
2838 561 2956 617 .Sed
3008 569 3062 617 et
3099 560 3334 616 eximius
3381 558 3682 628 Apostolus

2101 657 2400 711 victoriose
2431 657 2485 710 in
2511 656 2733 711 Christo
2753 670 2812 710 se
2839 654 3169 708 confirmans
3190 649 3405 720 inquit:
3435 646 3682 703 Christus

2101 757 2179 803 est
2209 750 2307 802 Dei
2337 750 2567 818 potentia
2605 757 2654 802 et
2691 747 2785 802 Dei
2821 746 3078 817 sapientia
3104 745 3171 798 υ.
3218 741 3285 795 Ει
3326 755 3518 795 rursus
3559 750 3681 794 tan-

2104 856 2266 912 quam
2310 840 2415 910 ipsi
2447 839 2645 895 victori
2673 854 2893 893 onmem
2924 843 3234 892 creaturam
3281 847 3340 887 se
3365 829 3683 900 suppliciter

2105 934 2430 990 submittere
2462 933 2690 995 docens,
2723 929 2902 1000 inquit
2931 949 2945 984 :
2985 925 3052 982 In
3083 926 3291 980 nomine
3318 922 3447 976 Iesu
3482 919 3683 976 Christi

2105 1040 2258 1078 omne
2285 1038 2416 1094 genu
2460 1038 2515 1076 se
2550 1021 2742 1090 ﬂectet,
2784 1018 3072 1072 caelestium
3114 1023 3166 1069 et
3211 1011 3684 1073 terrestriumret

2106 1117 2277 1172 omnis
2309 1115 2490 1184 lingua
2523 1109 2860 1181 conﬁtebitur
2880 1110 2928 1163 ei
2956 1110 3019 1162 ¹².
3050 1107 3188 1161 Cum
3215 1104 3319 1158 hoc
3343 1109 3523 1156 autem
3552 1114 3685 1153 con-

2106 1208 2355 1264 sentiens
2391 1205 2538 1260 ﬁlius
2567 1205 2658 1259 ille
2699 1201 2927 1257 tonitrui
2957 1199 3220 1260 Joannes,
3249 1195 3316 1250 de
3343 1193 3565 1248 Christo
3599 1190 3685 1245 vi-

2106 1299 2346 1354 ctoriose
2374 1297 2754 1358 concionatur,
2783 1295 2838 1348 in
2859 1293 2974 1346 haec
3002 1288 3202 1344 verba:
3233 1285 3301 1339 Et
3323 1282 3686 1353 conspeximus

2105 1391 2328 1462 gloriam
2375 1389 2512 1458 ejus,
2550 1387 2776 1457 gloriam
2823 1383 2962 1439 velut
3007 1378 3271 1450 Unigeniti
3315 1392 3347 1429 a
3379 1374 3562 1436 Patre,
3597 1371 3687 1442 qui

2105 1482 2289 1552 plenus
2328 1489 2405 1536 est
2432 1480 2610 1550 gratia
2645 1487 2694 1532 et
2731 1478 2950 1532 veritate
2993 1475 3058 1528 ¹³.
3093 1470 3370 1542 Angelum
3417 1473 3598 1519 autem
3633 1468 3688 1517 et

2108 1588 2210 1629 nos
2238 1572 2540 1634 imitemur,
2576 1568 2736 1638 quasi
2769 1565 3161 1621 confirmantes
3190 1559 3484 1615 victoriose
3523 1555 3687 1610 Chri-

2112 1671 2281 1730 stum,
2333 1669 2577 1730 tempore
2627 1657 2826 1711 divinae
2883 1655 3034 1709 illius
3087 1668 3272 1708 rerum
3326 1649 3685 1721 mysticarum

2110 1749 2630 1812 administrationis,
2665 1747 2969 1802 clamantes
2998 1761 3012 1798 :
3048 1742 3188 1809 Quia
3219 1750 3310 1794 tua
3335 1747 3411 1793 est
3433 1736 3687 1807 potentia,

2112 1856 2162 1900 et
2198 1853 2345 1898 tuum
2375 1851 2454 1897 est
2506 1856 2744 1910 regnum,
2783 1847 2832 1893 et
2857 1844 3113 1907 potestas,
3157 1841 3206 1886 et
3241 1831 3412 1901 gloria
3457 1829 3521 1880 “.
3551 1825 3692 1882 Ecce

2111 1937 2376 1992 unitatem
2413 1932 2612 1988 divinae
2645 1938 2874 1994 naturae,
2911 1940 3106 1996 nempe
3133 1923 3336 1987 Patris,
3365 1927 3422 1976 et’
3455 1916 3602 1983 Filii,
3639 1923 3696 1971 et

2113 2028 2352 2100 Spiritus
2381 2024 2581 2082 sancti.

2181 2118 2500 2176 Consimilis
2545 2123 2600 2172 et
2640 2115 2698 2170 in
2733 2111 3004 2186 gymnicis
3037 2104 3434 2165 certaminibus
3464 2115 3694 2158 consue-

2114 2211 2249 2268 tudo
2280 2217 2388 2274 est,
2425 2211 2540 2263 sive
2588 2207 2644 2260 in
2691 2201 2971 2260 exercitiis
3000 2211 3293 2269 corporum
3328 2210 3392 2250 ac
3435 2191 3694 2249 certami-

2113 2305 2298 2368 nibus,
2323 2309 2382 2356 ut
2409 2300 2627 2354 athletae
2653 2296 2825 2352 fortes
2860 2300 3025 2364 atque
3054 2289 3270 2346 robusti
3310 2286 3695 2341 adolescentu-

2115 2397 2291 2453 lorum
2337 2401 2392 2447 et
2435 2389 2731 2446 admodum
2771 2386 3056 2455 juvenum,
3081 2380 3283 2452 quibus
3325 2377 3506 2432 adhuc
3545 2373 3696 2428 nulla

2117 2486 2296 2543 barbae
2323 2483 2580 2553 lanugine
2606 2493 2758 2552 gena:
2789 2479 3177 2546 conteguntur,
3201 2465 3698 2526 acclamationibus

2116 2578 2428 2634 excitentur
2455 2580 2510 2628 et
2541 2579 2845 2642 uagantur,
2891 2580 3001 2637 quo
3043 2565 3234 2634 vigore
3277 2560 3514 2631 quodam
3549 2554 3698 2611 aucti

2120 2668 2318 2725 fortius
2349 2667 2404 2722 in
2433 2662 2781 2720 adversarios
2813 2659 3059 2714 tendant.
3100 2653 3218 2709 Non
3249 2651 3395 2723 quod
3435 2650 3604 2704 robur
3645 2655 3702 2702 et

2121 2757 2384 2814 fortitudo
2433 2757 2501 2811 ab
2540 2749 2995 2808 imbecillioribus
3030 2744 3410 2815 suppeditetur
3440 2739 3701 2804 fortibus,

2120 2853 2216 2910 sed
2257 2849 2404 2921 quod
2442 2855 2594 2903 certa
2649 2846 2766 2915 lege
2807 2850 2861 2897 et
2905 2839 3099 2895 ordine
3146 2833 3539 2891 consueverint
3586 2829 3704 2888 haec

2121 2919 2448 3017 praecedere.
2480 2937 2716 2996 Dominii
2749 2934 2970 3006 quidem
3007 2938 3156 2986 certe
3186 2929 3271 2983 lex
3303 2933 3410 2989 est,
3455 2931 3514 2976 ut
3545 2937 3575 2975 a
3619 2919 3705 2973 fa-

2122 3015 2285 3090 mulis
2315 3032 2433 3088 heri
2474 3036 2751 3101 ungantur
2783 3033 2949 3096 atque
3001 3022 3290 3083 colantur;
3342 3015 3481 3086 legis
3523 3019 3703 3066 autem

2089 3125 2405 3198 .plenitudo
2448 3129 2533 3178 est
2563 3119 2841 3181 Christus,
2887 3111 2982 3184 qui
3013 3111 3257 3166 omnium
3295 3109 3349 3162 in
3386 3106 3703 3160 universum

2122 3217 2385 3272 Dominus
2415 3223 2530 3279 est;
2568 3207 2777 3279 angelis
2809 3218 2939 3260 vero
2965 3202 3245 3272 proposita
3274 3199 3358 3252 lex
3388 3205 3492 3258 est,
3526 3202 3585 3246 ut
3611 3206 3705 3246 sa~

2122 3310 2359 3379 pientcm
2395 3303 2552 3358 illum
2591 3298 2933 3356 conditorem
2960 3304 3014 3352 et
3042 3295 3236 3348 herum
3265 3303 3425 3346 suum
3459 3283 3737 3342 studiose.

2123 3403 2309 3456 colant
2359 3408 2521 3466 atque
2551 3393 2921 3454 demulceam,
2965 3395 3020 3443 et
3059 3386 3128 3440 ab
3167 3398 3232 3439 eo
3275 3382 3557 3453 juventur,
3597 3390 3709 3429 non

2124 3509 2248 3550 eum
2277 3490 2380 3563 ipsi
2408 3489 2621 3559 juvent.
2657 3482 2792 3538 Nam
2828 3481 2876 3536 si
2911 3481 3133 3534 illorum
3169 3474 3370 3530 robore
3417 3468 3709 3538 indigeret,

2126 3559 2314 3640 multo
2349 3580 2526 3651 magis
2567 3579 2622 3633 in
2660 3575 2900 3638 deserto,
2950 3571 3081 3626 dum
3137 3563 3500 3638 quadraginta
3530 3559 3648 3614 dies
3680 3571 3712 3610 a

2127 3675 2350 3729 diabolo
2378 3646 2704 3729 tentaretur,
2745 3663 3094 3732 indiguisset.
3125 3655 3328 3711 Verum
3359 3653 3413 3707 id
3446 3648 3623 3705 sacris
3656 3646 3714 3700 in

2128 3764 2352 3820 Litteris
2386 3774 2658 3829 nusquam
2690 3756 2944 3810 traditur.
2984 3749 3170 3820 Angcli
3201 3747 3349 3802 enim
3387 3738 3711 3799 accedentes,

2129 3873 2242 3913 non
2283 3825 2710 3915 auxiliabantur,
2745 3848 2839 3902 sed
2876 3839 3252 3898 ministrabant
3297 3835 3344 3890 ei
3376 3833 3444 3888 ".
3473 3831 3534 3885 1d
3567 3825 3715 3898 quod

2130 3946 2410 4002 evidenter
2443 3941 2592 3995 illius
2645 3937 2866 4007 quidem
2913 3929 3251 3993 dominium,
3295 3925 3487 3978 horum
3532 3926 3713 3973 autem

2131 4034 2528 4103 subiectionem
2570 4028 2930 4090 demonstrat.
2987 4018 3301 4074 Secundum
3344 4014 3488 4068 hanc
3550 4009 3717 4080 igitur

2132 4099 2405 4180 rationem
2446 4117 2750 4190 expositam
2803 4111 3184 4182 intelligantur
3225 4107 3331 4161 ista
3385 4103 3452 4159 de
3501 4099 3714 4170 angelo.

2137 4215 2324 4287 Neque
2362 4188 2714 4268 enim—sancti
2744 4205 2824 4260 illi
2860 4201 3158 4258 Cherubim
3198 4195 3478 4267 quidpiam
3512 4188 3718 4247 sancti-

2139 4284 2269 4363 tatis
2297 4304 2560 4359 addentes
2590 4301 2645 4354 in
2686 4299 2828 4353 ccelo
2858 4301 3062 4352 sanctae
3090 4290 3132 4344 Τ
3140 4289 3368 4353 rinitati,
3400 4286 3520 4340 sine
3550 4284 3720 4337 inter-

2139 4399 2429 4460 missione,
2459 4395 2710 4456 Sanctus,
2737 4399 2974 4451 sanctus,
3009 4393 3249 4446 sanctus,
3287 4379 3598 4435 exclamant
3631 4375 3716 4426 “:

2142 4503 2322 4558 neque
2350 4485 2539 4539 itidem
2566 4482 2695 4536 dum
2731 4494 2834 4534 nos
2865 4478 2918 4531 in
2953 4477 3153 4545 hymno
3191 4468 3540 4528 sanctissimo
3569 4461 3721 4518 cani-

2144 4596 2289 4645 mus,
2317 4579 2544 4633 Sanctus
2576 4573 2739 4636 Deus,
2764 4578 2978 4625 sanctus
3004 4566 3180 4636 fortis,
3202 4569 3415 4617 sanctus
3443 4559 3723 4612 immorta-

2148 4673 2236 4736 lis,
2268 4669 2353 4726 vel
2387 4666 2733 4723 sanctitatem
2776 4663 3036 4732 aliquam,
3072 4658 3148 4713 vel
3199 4651 3600 4716 fortitudinem,
3636 4645 3724 4702 vel

2149 4759 2615 4816 immortalitatem
2644 4753 2904 4810 divinitas
2934 4750 3150 4819 recipit.

2574 4874 3094 4935 INTERROGATIO
3133 4870 3302 4927 XXX.

2221 4997 2368 5052 Satis
2398 4995 2467 5051 de
2501 4993 2571 5048 iis
2616 5006 2736 5061 quae
2783 5005 2813 5043 a
2849 4989 3008 5044 nobis
3045 4985 3317 5056 explicare
3355 4981 3544 5050 jussus
3578 4990 3723 5041 eras,

2147 5087 2327 5143 edocti
2359 5098 2550 5140 sumus
2580 5101 2592 5136 :
2624 5081 2768 5152 quod
2799 5079 3069 5150 reliquum
3093 5083 3200 5142 est,
3225 5086 3482 5145 rogamus
3505 5078 3564 5124 ut
3589 5069 3727 5124 insi-

2151 5177 2417 5248 pientium
2441 5173 2804 5245 quorumdam
2849 5185 3012 5225 voces
3065 5169 3478 5224 subvertantur.
3529 5161 3727 5215 Dicunt

2152 5270 2296 5324 enim
2343 5266 2689 5321 Servatorem
2739 5264 2994 5334 ignorare
3050 5259 3240 5313 Lazari
3287 5256 3622 5326 sepulcrum,
3672 5258 3727 5304 et

2162 5359 2445 5417 mulierem
2477 5355 2741 5426 proﬂuvio
2788 5351 3072 5422 sanguinis
3098 5349 3412 5411 obnoxiam,
3440 5356 3566 5400 cum
3609 5340 3727 5394 lim-

2546 5518 2588 5551 "
2621 5515 2790 5586 Apoc.
2833 5530 2930 5579 xu,
2979 5512 3064 5566 lO.
3200 5510 3242 5541 ¹³
3276 5505 3464 5562 Matth.
3500 5517 3575 5566 Iv,
3635 5497 3723 5555 Η.

2157 5726 2524 5842 ριαξιργεοὲιιε
2556 5712 2819 5772 delcndus
2845 5709 3107 5767 articulus
3139 5707 3279 5771 τούς,
3310 5713 3434 5763 ante
3463 5704 3571 5759 ὑπὸ
3602 5720 3720 5780 μει-

2157 5805 2372 5842 οακων.
2455 5801 2567 5842 mr.
2831 5828 2836 5838 .

2150 5801 2372 5862 ρακιων.
2410 5801 2567 5842 non.
2831 5828 2836 5838 .
3747 5807 3752 5817 ε
