4082 6426
430 339 531 394 891

431 454 616 509 briam
639 460 908 526 tangeret,
934 472 1052 514 non
1081 457 1358 526 sensisse;
1392 468 1657 530 praeterea
1679 462 1825 534 quod
1854 479 2032 534 neque

433 543 716 616 rrfectus
753 545 920 604 fuerit
965 549 1108 606 Deus
1145 569 1160 604 :
1194 551 1520 621 Pro/ieiebat
1577 553 1749 620 enim,
1804 566 1856 610 et
1907 573 2036 612 eon-

1543 341 1606 398 S.
1649 341 1950 400 αεδωιι
1989 342 2323 404 CREGORII
2363 348 2665 408 FRATRIS

3630 359 3740 418 89?.

2142 468 2347 534 τέλειος
2378 465 2448 542 ἦν
2497 471 2664 535 Θεὸς·
2700 467 3035 538 προέκοπτεν
3077 472 3188 546 γὰρ
3234 479 3331 533 καὶ
3355 477 3748 549 ἐκραταιοῦτο

2140 557 2348 626 σοφίᾳ,
2369 555 2466 611 καὶ
2496 557 2706 628 ἡλικίᾳ
2726 561 2827 618 καὶ
2839 563 3054 636 χάριτι,
3111 567 3186 633 ὼς
3219 567 3365 638 λέγει
3403 569 3464 624 τὸ
3493 572 3743 641 Εύαγγέυ

437 637 759 705 ﬁrmabatur
809 641 1097 710 sapientia,
1142 653 1193 698 et
1242 653 1499 712 a'tate,-et
1533 647 1730 717 gratia,
1767 656 1827 703 ut
1857 649 2035 721 inquit
2135 649 2269 704 λιον.

439 723 796 797 Evangelium
824 730 887 785 ".

1087 822 1400 895 Responsio.

510 906 694 966 Nolite
723 912 1072 971 committere
1105 925 1164 971 ut
1205 933 1329 986 qua:
1361 919 1575 976 ratione
1605 920 2040 978 administratio-

441 1000 532 1056 nis
559 1000 614 1056 in
645 1016 815 1058 carne
845 1004 916 1060 ab
957 1007 1078 1076 ipso
1105 1007 1255 1063 dicta
1287 1019 1442 1073 sunt.
1489 1011 1646 1067 vobis
1689 1014 2038 1070 occasionem

440 1090 799 1163 btasphemiw
810 1095 1088 1166 praebeant
1109 1116 1123 1153 :
1145 1113 1362 1171 nempe,
1380 1099 1485 1154 Ubi
1501 1102 1757 1171 posuistis
1775 1103 1945 1172 ipsum
1965 1103 2043 1173 "1

443 1184 712 1252 aut,Quis
746 1203 827 1242 me
857 1189 1025 1260 tetigit
1055 1191 1138 1245 "2
1169 1201 1284 1258 aut,
1321 1193 1488 1259 Quem
1521 1195 1764 1263 qua'ritis
1793 1197 1883 1250 ὀἳ
1925 1207 2042 1263 aut,

444 1281 612 1344 Quem
638 1296 719 1334 me
737 1280 963 1338 dicunt?
985 1293 1099 1349 aut,
1127 1285 1280 1356 quod
1329 1284 1473 1341 Puer
1498 1289 1685 1353 crevit,
1718 1298 1767 1343 et
1797 1289 2047 1344 corrobo-

441 1380 596 1427 ratus
612 1381 767 1436 est,et
785 1375 1096 1445 proﬁciebat
1118 1377 1386 1448 sapientia
1401 1389 1452 1433 et
1467 1389 1625 1434 aztate
1645 1382 1716 1436 ".
1736 1380 1882 1436 Nihil
1899 1383 2046 1438 etiim

445 1461 643 1517 harum
685 1464 1052 1536 ignorationis
1077 1468 1287 1524 crimen
1307 1468 1561 1541 impingit
1594 1471 1668 1536 ei,
1692 1472 1788 1542 qui
1825 1485 2047 1544 propter

443 1552 790 1617 nos,similis
830 1557 1005 1612 nostri
1054 1556 1236 1613 factus
1271 1566 1358 1614 est
1403 1557 1551 1616 Deus
1586 1559 1844 1619 Verbum.
1881 1563 2048 1620 Pater

442 1643 588 1697 cnim
612 1661 783 1710 meus,
813 1645 1016 1715 inquit,
1042 1664 1205 1717 usque
1229 1648 1299 1702 ad
1330 1649 1426 1704 hoc
1459 1659 1664 1720 tempus
1696 1663 1974 1722 operatur,
1995 1664 2046 1710 et

434 1752 540 1806 ego
569 1755 758 1808 operor
779 1742 847 1793 “.
873 1738 992 1794 Non
1015 1743 1160 1812 quod
1186 1740 1404 1797 deﬁciat
1422 1743 1723 1816 quidquam
1750 1745 1805 1801 in
1821 1748 2045 1804 condito

443 1844 474 1882 a
501 1830 665 1887 nobis
692 1831 1072 1888 universitatis
1097 1834 1263 1904 hujus
1281 1835 1522 1906 opiﬁcio,
1543 1837 1702 1909 quasi
1723 1838 2044 1910 imperiecta

446 1922 564 1976 sint
586 1928 772 1976 creata
789 1923 894 1978 sub
913 1934 1194 1995 aspectum
1212 1926 1590 1997 cadentia,sed
1603 1945 2043 2000 operamur,eam

447 2027 573 2082 quae
593 2024 970 2069 consentanea
1001 2016 1191 2071 virtuti
1209 2025 1294 2073 est
1316 2019 1480 2073 vitam
1507 2019 1824 2077 hominibus
1845 2037 2044 2095 sugge-

446 2109 635 2159 rentes
664 2119 789 2160 cum
812 2103 925 2162 Deo
970 2105 1132 2165 Patte
1165 2111 1562 2182 nostro,idque
1595 2127 1692 2182 per
1707 2127 1826 2180 eos,
1845 2114 1940 2184 qui
1974 2114 2045 2170 ab

445 2193 568 2263 ipso
589 2195 702 2264 jam
732 2211 800 2250 ex
834 2198 1150 2255 conditione
1181 2199 1460 2258 deteriore
1492 2204 1805 2261 conﬁrmati
1836 2206 2043 2263 suntin

446 2287 754 2343 meliorem.
788 2287 954 2345 Pater
980 2290 1126 2346 idem
1172 2293 1549 2366 interrogabat
1577 2297 1816 2369 primum
1845 2314 2046 2370 paren-

443 2387 556 2434 tem
605 2391 854 2436 nostrum
889 2381 1185 2452 Adamum,
1217 2397 1508 2459 postquam
1546 2389 1896 2460 deliquisset,
1945 2389 2046 2446 Ubi

433 2489 498 2527 ves
533 2472 622 2529 “i
645 2473 766 2530 Non
801 2475 1062 2548 ignorans
1105 2477 1287 2548 ipsum
1318 2479 1560 2538 latebras
1589 2489 1850 2537 conatum
1896 2499 2046 2554 qua:-

441 2580 589 2632 rere,
617 2567 703 2623 vel
733 2569 884 2638 quod
914 2578 1194 2640 oporteret
1229 2581 1445 2629 terrore
1473 2575 1697 2644 percelli
1732 2582 2038 2647 transgres

439 2675 652 2729 sorem,
695 2662 791 2718 sed
833 2664 994 2734 quasi
1038 2664 1228 2721 ridens
1255 2680 1320 2722 ac
1365 2668 1723 2724 subsannans
1743 2668 2046 2725 clandesti-

444 2767 572 2807 nam
625 2753 802 2824 ipsius
854 2757 1323 2824 subductionem,
1386 2767 1442 2815 et
1486 2761 1767 2815 temerarii
1828 2761 2046 2817 consilii

437 2846 827 2913 stoliditatem,
872 2849 1018 2920 quod
1071 2865 1197 2906 mox
1247 2861 1369 2922 post
1411 2850 1630 2908 fructus
1684 2853 1840 2908 vetiti
1877 2853 2047 2924 degu-

435 2942 744 2997 stationem
787 2943 1082 3000 occultare
1140 2959 1200 3001 se
1264 2945 1446 3000 vellet.
1509 2944 1699 3015 Itaque
1753 2946 2047 3016 compellat

434 3034 627 3105 ipsum
671 3035 753 3100 is,
797 3052 964 3107 quem
1008 3036 1146 3092 nihil
1195 3037 1368 3094 latere
1415 3046 1636 3108 potest:
1693 3036 1793 3092 Ubi
1841 3055 1929 3100 es,
1985 3045 2042 3091 tu

439 3127 538 3196 qui
597 3128 803 3198 putasti
850 3127 1136 3197 futurum,
1182 3137 1244 3185 ut
1289 3130 1524 3186 consilio
1577 3129 1852 3200 serpentis
1901 3127 2044 3184 deus

443 3215 732 3280 evaderes,
768 3216 989 3272 ubinam
1019 3219 1120 3274 es?
1153 3216 1253 3272 Ubi
1283 3234 1360 3282 es,
1397 3219 1492 3289 qui
1528 3217 1846 3274 incredulus
1890 3215 2042 3272 fuisti

409 3302 580 3370 -Dco,
628 3315 682 3361 et
721 3306 1006 3364 credidisti
1053 3309 1326 3364 inimico?
1363 3308 1442 3366 Ne
1489 3317 1544 3366 te
1578 3309 1906 3375 abscondas,
1955 3308 2044 3366 in-

445 3397 608 3466 quit:
653 3413 764 3452 non
806 3399 954 3453 enim
1006 3399 1248 3471 ignorat,
1299 3409 1354 3457 te
1401 3401 1766 3457 immortalem
1817 3409 1872 3457 et
1917 3401 2047 3458 bea—

447 3498 562 3543 tam
599 3489 766 3543 vitam
801 3491 1051 3548 exuisse.
1103 3492 1373 3548 Similiter
1421 3494 1589 3564 igitur
1627 3501 1682 3548 et
1716 3493 1911 3560 Filius,
1953 3493 2044 3549 ubi

440 3583 675 3638 clausus
712 3581 924 3653 jaceret
970 3581 1241 3648 Lazarus,
1290 3599 1400 3639 non
1450 3585 1765 3657 ignorabat.
1803 3585 1940 3640 Nam
1981 3601 2048 3642 ea
2096 3627 2101 3632 ς

437 3671 518 3727 de
571 3686 740 3728 causa
790 3671 906 3742 jam
967 3679 1144 3728 totum
1203 3679 1333 3728 ante
1398 3673 1670 3740 biduum,
1722 3675 2044 3746 priusquam

439 3760 504 3815 .in
550 3759 746 3816 Lazari
801 3761 1038 3832 patriam
1094 3760 1418 3818 Bethaniam
1471 3763 1817 3834 perveniret,
1868 3764 2048 3819 Laza-

447 3870 583 3922 rus,
648 3853 828 3926 inquit
901 3854 972 3910 ad
1033 3854 1270 3910 comites
1338 3854 1601 3921 itineris,
1673 3857 1880 3912 amicus
1953 3872 2048 3910 no-

436 3957 559 4002 ster
611 3946 830 4016 dormit,
879 3956 930 4003 et
983 3947 1118 4002 vado
1169 3955 1225 4002 ut
1255 3948 1478 4003 excitem
1518 3965 1640 4003 eum
1669 3950 1739 4018 “,
1789 3949 1886 4020 qui
1919 3956 2049 4006 ante

439 4045 598 4095 rsotos
651 4048 892 4110 quatuor
933 4039 1056 4097 dies
1102 4047 1356 4096 mortuus
1408 4039 1558 4097 fetet.
1619 4039 1910 4108 Quomodo
1957 4040 2051 4111 igi-

439 4139 542 4186 sur
589 4130 638 4186 is
685 4131 780 4203 qui
835 4138 963 4188 ante
1000 4147 1287 4189 accessum
1334 4134 1582 4189 locorum
1619 4148 1684 4189 ea
1729 4149 1853 4204 quas
1893 4132 1948 4187 in
1977 4133 2048 4188 iis

443 4221 592 4280 «locis
643 4223 962 4280 acciderant
1006 4235 1189 4291 norat,
1227 4233 1522 4297 postquam
1563 4240 1799 4296 corpore
1843 4226 1911 4280 ad
1954 4224 2047 4279 illa

444 4316 722 4387 pervenit,
754 4316 1040 4388 ignorabat
1071 4334 1195 4389 qua:
1227 4327 1609 4389 praecognorat
1634 4317 1812 4388 ipsius
1841 4316 2047 4372 divini-

443 4417 562 4472 ..tas,
609 4408 916 4465 secundum
950 4423 1114 4480 quam
1150 4408 1413 4479 implebat
1453 4407 1743 4462 universa?
1773 4406 2048 4461 Nimirum

442 4511 609 4558 .ccrto
651 4500 891 4572 quodam
926 4500 1160 4555 consilio
1189 4499 1495 4570 quarehat,
1539 4507 1601 4552 ut
1639 4513 1704 4553 ea
1754 4497 2049 4554 occasione

445 4595 636 4665 ipsum
676 4595 1126 4648 demonstrarent
1159 4591 1332 4647 Judaei
1363 4589 1431 4647 ad
1473 4591 1788 4662 sepulcrum
1819 4607 2052 4662 congre-

442 4685 591 4756 -gati,
629 4685 905 4754 iidemque
935 4693 1105 4740 testes
1138 4678 1328 4741 ﬁerent
1351 4683 1774 4739 resurrectionis
1803 4683 1924 4754 ejus
1953 4685 2048 4753 qui

446 4778 641 4833 fuerat
698 4785 950 4835 mortuus
982 4796 996 4833 :
1025 4793 1134 4848 quo
1183 4785 1346 4850 pacto
1391 4777 1562 4840 illius,
1615 4775 1775 4846 cujus
1818 4777 2044 4834 sudario

442 4879 624 4943 .raput
671 4878 792 4926 erat
835 4869 1160 4941 obligatum,
1204 4869 1376 4928 facies
1419 4869 1624 4924 amictu
1666 4867 1818 4925 lintei
1870 4878 2036 4937 tecta,

447 4963 625 5034 pedes
673 4961 912 5018 vinculis
963 4962 1368 5033 sepulcralibus
1419 4961 1735 5026 constricti,
1783 4962 1898 5033 jam
1951 4978 2052 5034 per

441 5055 754 5110 calvariam
799 5054 1101 5120 cernentis,
1131 5069 1228 5110 ore
1273 5053 1500 5110 diducto
1544 5055 1811 5125 corrupti,
1859 5054 2048 5127 lingua

453 5147 747 5217 oculisque
776 5147 1071 5206 dillluentis
1096 5167 1108 5202 :
1145 5162 1254 5218 quo
1285 5148 1453 5219 igitur
1479 5154 1640 5218 pacto
1672 5145 1838 5217 hujus
1866 5146 2050 5202 anima

451 5256 562 5312 per
589 5255 780 5298 vocem
817 5241 1033 5312 opiﬁcis
1061 5242 1280 5298 eminus
1319 5249 1554 5296 attracta
1581 5239 1636 5294 in
1681 5255 1881 5311 corpus
1913 5237 2049 5293 illud

446 5331 607 5404 quod
662 5333 982 5405 reliquerat,
1040 5349 1236 5390 rursus
1285 5333 1702 5405 immigrasset?
1755 5330 2044 5398 Quomodo

2752 831 3118 902 Ἀπόκρισις.

2226 919 2394 974 Ἀλλά
2448 920 2525 992 μὴ
2565 919 2636 974 τὰ
2682 923 3038 995 οἰκονομικῶς
3079 927 3208 1000 παρ’
3237 929 3400 983 αὐτοῦ
3449 932 3743 1005 εξπμενα,

2147 1011 2426 1079 πρόφασις
2469 1010 2817 1082 βλασφημίας
2855 1014 2984 1085 ύμῖν
3012 1016 3261 1087 γένηται,
3289 1019 3368 1082 τὸ,
3399 1020 3522 1074 Ποῦ
3550 1025 3741 1076 τεθεί-

2143 1118 2288 1156 κατε
2320 1104 2541 1167 αὐτώ-ς
2576 1103 2634 1175 ἢ,
2675 1103 2774 1168 Τίς
2791 1121 2910 1173 μου
2962 1105 3200 1175 imam;
3227 1109 3282 1180 ἢ,
3313 1111 3452 1164 Τίνα
3483 1110 3744 1180 (meite;

2144 1190 2202 1262 ἡ,
2235 1193 2372 1246 Τίνα
2396 1208 2473 1262 με
2500 1191 2834 1264 λέγουσιν;
2892 1195 2950 1268 ἢ,
2973 1199 3058 1255 ὅτι
3103 1199 3173 1252 Τὸ
3216 1199 3458 1256 παιδίον
3494 1204 3742 1272 ηὔξετο,

2147 1284 2245 1338 καὶ
2274 1284 2684 1352 ἐκραταιοῦτο,
2720 1287 2820 1340 καὶ
2859 1288 3188 1356 προέκοπτε
3222 1293 3410 1361 σοφίᾳ
3459 1295 3558 1348 καὶ
3604 1297 3745 1363 ἠλι-

2148 1376 2271 1444 κίᾳ.
2306 1375 2476 1430 Ούδὲν
2518 1376 2628 1450 γὰρ
2674 1378 2879 1434 τούτων
2927 1381 3151 1450 ἀγνοίας
3185 1389 3506 1456 κατηγορεῖ,
3542 1388 3623 1459 τῷ
3670 1389 3742 1443 δι’

2149 1467 2294 1538 ἡμᾶς
2331 1465 2454 1522 καθ’
2491 1467 2640 1538 ἡμᾶς
2668 1471 2948 1542 γενομένῳ
2986 1472 3146 1543 Λόγῳ
3174 1474 3294 1545 Θεῷ
3313 1491 3326 1503 ·
3359 1478 3423 1529 ὲκ
3451 1477 3657 1532 τούτων
3684 1479 3744 1533 δὲ

2153 1558 2354 1631 μᾶλλον
2380 1553 2498 1612 ἴσον
2525 1557 2604 1630 τῷ
2633 1561 2812 1633 Ila-cpt
2858 1562 3226 1637 δεικνυμένῳ·
3272 1567 3334 1620 '0
3381 1569 3583 1639 Πατὴρ
3624 1572 3741 1644 γάρ

2147 1667 2288 1720 μου,
2323 1650 2529 1721 φησὶν,’
2558 1651 2670 1719 ἕως
2701 1651 2832 1722 ἄρτι
2866 1653 3184 1724 ἐργάζεται,
3231 1657 3733 1730 κάτὼὲργύζομαι·

2145 1743 2251 1797 οὐκ
2275 1741 2620 1808 ἐκλείποντος
2647 1761 2795 1809 τινος
2840 1747 2906 1819 τῇ
2937 1748 3069 1819 παρ’
3095 1747 3252 1819 ἡμῶν
3285 1746 3383 1801 τοῦ
3414 1751 3610 1814 παντὸς
3638 1751 3742 1822 δη-

2149 1833 2428 1906 μιουργίᾳ,
2460 1833 2689 1899 ἀτελοῦς
2721 1835 2822 1906 τῆς
2853 1837 3087 1901 κτίσεως
3133 1835 3450 1909 ὁρωμένης·
3495 1839 3611 1892 ἀλλ’
3646 1841 3743 1910 ὲρ-

2145 1923 2427 1995 γαζόμεθα
2450 1924 2542 1978 τὸν
2574 1926 2698 1978 κατ’
2715 1927 2916 1998 ἀρετὴν
2957 1927 3090 1997 βίον,
3123 1927 3332 1998 βροτοῖς
3359 1929 3741 2002 ὑποτιθέμενοι

2145 2017 2237 2070 τὸν
2269 2015 2365 2083 ξὺν
2395 2015 2514 2087 Θεῷ
2555 2016 2713 2088 ἡμῶν
2757 2019 2955 2091 Πατρὶ,
2987 2017 3077 2072 διὰ
3112 2019 3221 2074 τῶν
3265 2021 3356 2074 ὑπ’
3387 2022 3592 2076 ἐκείνου
3636 2023 3742 2094 ἤδη

2146 2110 2212 2165 ἐκ
2253 2107 2349 2162 τοῦ
2393 2109 2635 2181 χείρονος
2685 2110 2781 2164 ἐπὶ
2821 2111 2882 2164 τὸ
2928 2114 3176 2183 κρεῖττον
3217 2114 3737 2186 μεταρρωσθέντων.

2157 2203 2218 2255 '0
2266 2201 2461 2273 Πατὴρ
2502 2201 2737 2256 ἐπύθετο
2789 2204 3138 2276 προπάτορος
3186 2205 3344 2277 ἡμῶν
3392 2207 3742 2279 παραϐάντος

2159 2291 2351 2363 Ἀδὰμ,
2384 2291 2510 2346 Ποῦ
2548 2287 2644 2359 ei;
2683 2292 2783 2346 οὐκ
2837 2293 3049 2364 ἀγνοῶν
3091 2295 3376 2350 λανθάνειν
3421 2299 3739 2370 πειρᾶσθαι,

2147 2383 2330 2438 καὶτὸ
2369 2383 2480 2437 δεῖν
2513 2385 2903 2456 κραδαίνεσθαι
2940 2387 3033 2441 τὸν
3066 2387 3410 2460 παραϐάτην,
3456 2389 3568 2444 ἀλλ’
3605 2391 3742 2445 ὡσεὶ

2146 2475 2321 2546 γελῶν
2349 2477 2444 2530 καὶ
2480 2475 2765 2548 χλευάζων
2802 2478 2972 2533 αὐτοῦ
3011 2479 3112 2552 τὴν
3139 2481 3443 2552 ὑπαγωγὴν
3488 2483 3580 2535 καὶ
3608 2481 3740 2553 εὑη-

2147 2567 2300 2622 θειαν
2326 2568 2426 2638 τῆς
2468 2567 2750 2634 ἀϐουλίας,
2786 2563 2944 2634 αὖθις
2983 2572 3050 2640 τῇ
3087 2570 3372 2641 ἀγορεύσει
3400 2569 3495 2624 τοῦ
3523 2571 3741 2641 ἀπηγο-

2152 2659 2416 2734 ρευμένου
2446 2659 2787 2732 κρύπτεσθαι
2821 2661 3186 2733 πειρωμένου.
3223 2663 3370 2733 Πρὸς
3416 2663 3476 2718 ὃν
3516 2679 3683 2734 φησιν
3713 2663 3742 2716 6

2147 2753 2400 2822 ἀληστος,
2454 2751 2581 2806 Ποῦ
2625 2747 2700 2816 εἷ,
2753 2753 2782 2806 6
2830 2752 3004 2806 δοκῶν
3056 2752 3434 2818 ὲκθειάζεσθαι
3481 2756 3549 2824 τῇ
3596 2770 3739 2824 συμ-

2149 2843 2341 2916 ϐουλίᾳ
2391 2841 2485 2896 τοῦ
2533 2843 2860 2916 δράκοντος;
2907 2845 3030 2901 Ποῦ
3071 2841 3155 2913 εἷ,
3195 2847 3224 2900 ὁ
3270 2846 3577 2918 ἀπειθήσας
3619 2843 3742 2916 Θεῷ

2149 2935 2245 2990 καὶ¹
2281 2934 2576 3000 πιστεύσας
2629 2936 2842 3009 ἑχθρῷ;
2873 2937 2966 3008 Μὴ
3022 2939 3288 3015 κρύπτου,
3321 2938 3505 3010 φησὶν,
3535 2938 3595 2991 ού
3630 2936 3742 3008 γὰρ

2145 3027 2286 3100 λήσῃ
2317 3027 2416 3098 τὴν
2446 3028 2724 3101 ἀκήρατον
2749 3031 2844 3083 καὶ
2876 3031 3153 3102 μακαρίαν
3175 3031 3322 3103 ζωὴν
3352 3030 3736 3102 ἐκδυσάμενος.

2159 3121 2392 3193 Ὁμοίως
2453 3116 2547 3176 οὖν
2605 3122 2634 3174 ὁ
2697 3123 2857 3188 Υἱὸς,
2944 3123 3047 3177 πού
3129 3123 3422 3196 καθεῖρκτο
3490 3122 3740 3194 Λάζαρος

2146 3217 2247 3270 ούκ
2292 3215 2531 3285 ἀγνοῶν·
2589 3215 2694 3288 πρὸ
2743 3215 2836 3269 δύο
2865 3215 2974 3290 γάρ
3024 3216 3248 3288 ἡμερῶν
3299 3215 3394 3270 τοῦ
3439 3215 3638 3284 φθάσαι
3684 3215 3742 3268 ὲν

2147 3307 2389 3380 Βηθανίᾳ
2438 3311 2504 3380 τῇ
2555 3307 2900 3380 ὲνεγκαμένῃ
2951 3306 3221 3380 Λάζαρον,
3271 3308 3406 3380 φησι
3461 3310 3572 3372 τοῖς
3614 3306 3742 3361 ἑπο-

2151 3398 2356 3469 μένοις,
2414 3397 2677 3467 Λάζαρος
2733 3402 2766 3454 ό
2812 3399 2993 3468 φίλος
3026 3398 3196 3470 ἡμῶν
3229 3400 3596 3470 κεκοίμηται,
3641 3397 3743 3453 καὶ

2148 3491 2475 3561 πορεύομαι
2547 3491 2898 3561 ἐξυπνῆσαι
2965 3491 3183 3557 αὑτὸν,
3234 3492 3336 3564 ήδη
3406 3495 3742 3564 τετρήμερον

2148 3583 2402 3650 ὀδωδότα,
2425 3584 2618 3656 νεκρὸν
2644 3583 2980 3657 ὑπάρχοντα.
3014 3585 3154 3649 Πῶς
3171 3579 3265 3640 οὖν
3294 3585 3401 3659 πρὸ
3425 3585 3534 3638 τῶν
3561 3585 3742 3639 τόπων

2149 3674 2220 3728 τά
2278 3675 2338 3729 ὲν
2408 3675 2596 3740 τόποις
2657 3669 3026 3746 συμϐαίνοντα
3091 3674 3492 3747 ἐπιστάμενος,
3546 3673 3740 3738 ἐπιϐὰς

2150 3767 2379 3833 ἐκείνοις
2414 3767 2650 3839 σώματι,
2698 3769 2945 3842 ἀγνοήσῃ
2991 3767 3028 3822 ἃ
3072 3768 3326 3840 προέγνω
3371 3767 3588 3837 θεότητι
3618 3765 3739 3820 καθ’

2149 3861 2216 3932 ἦν
2239 3861 2539 3933 ἐπιπληροῖ
2557 3861 2624 3914 τὰ
2648 3860 2940 3932 σύμπαντα
2960 3879 2975 3927 ;
3008 3860 3148 3914 Ἀλλ’
3173 3858 3532 3931 οἰκονομικῶς
3556 3859 3739 3932 ἤρετο,

2150 3953 2292 4008 ὥστε
2321 3953 2595 4026 προφάσει
2614 3952 2708 4006 τοῦ
2749 3953 3026 4018 ὑποδεῖξαι
3062 3953 3305 4007 Ἰουδαῖοι
3331 3952 3424 4005 ἐπὶ
3448 3951 3539 4004 τὸν
3572 3951 3742 4020 τάφον

2153 4043 2641 4115 συναγειρόμενοι,
2698 4041 2978 4113 μάρτυρες
3036 4041 3193 4096 αὐτοὶ
3237 4042 3335 4113 τῆς
3390 4040 3741 4102 ἀναστάσεως

2150 4135 2245 4189 τοῦ
2293 4136 2620 4208 τεθνηκότος
2671 4135 2971 4205 γένωνται·
3009 4133 3131 4198 πῶς
3179 4133 3450 4204 σουδαρίῳ
3492 4132 3592 4205 μὲν
3642 4132 3741 4204 τὴν

2153 4227 2397 4299 κεφαλὴν
2427 4227 2731 4298 δεδεμένος,
2758 4227 2855 4280 καὶ
2883 4228 2951 4297 τῇ
2988 4223 3250 4297 περιϐολῇ
3278 4225 3380 4296 τῆς
3417 4224 3609 4296 ὀθόνης
3642 4223 3740 4288 τὰς
3795 4243 3800 4252 ·

2151 4318 2304 4388 ὄψεις
2332 4318 2770 4392 κεκαλυμμένος,
2803 4317 3038 4389 κειρίαις
3067 4316 3168 4380 τὰς
3204 4317 3391 4388 βάσεις
3430 4313 3741 4386 πεπεδημέ-

2151 4429 2261 4475 νος,
2289 4410 2388 4482 ἤδη
2419 4413 2491 4482 τῇ
2533 4411 2710 4482 κράνη
2745 4408 3037 4482 δεδορκὼς,
3066 4409 3266 4480 καὶτῷ
3315 4410 3544 4482 στόματι
3582 4425 3740 4478 σεση-

2155 4500 2234 4574 ρῴ
2259 4499 2337 4572 (9)
2368 4501 2690 4572 διεφθορὼς,
2717 4502 2816 4573 τὴν
2859 4500 3108 4570 γλῶτταν
3146 4502 3240 4554 καὶ
3283 4501 3382 4566 τὰς
3408 4501 3558 4571 ὄψεις
3592 4500 3736 4571 διερο

2154 4592 2396 4666 ρευκώς·
2433 4592 2552 4658 πῶς
2589 4597 2655 4666 τῇ
2690 4597 2841 4666 φωνῇ
2876 4593 2970 4646 τοῦ
3001 4593 3348 4665 Δημιουργοῦ
3397 4591 3732 4665 πόρῤωθενή

2150 4686 2302 4758 ψυχὴ
2334 4685 2575 4753 ἕλκεται,
2605 4685 2701 4740 καὶ
2733 4685 2812 4757 τῷ
2845 4685 3228 4755 ἀπολειφθέντι
3255 4684 3455 4740 ἐνίεται
3491 4683 3732 4756 σώματι;

2153 4778 2272 4842 πῶς
2306 4776 2756 4850 συνειλημμένων
2787 4778 2897 4831 τῶν
2933 4776 3164 4848 βάσεων,
3193 4777 3379 4849 πηδῶν
3417 4776 3516 4830 τοῦ
3545 4777 3736 4844 τάφου,

2151 4869 2471 4942 ὲξεκρούετο
2524 4867 2808 4941 ἀλώϐητος
2855 4869 2950 4923 καὶ
2989 4868 3282 4942 ἀνελλιπὴς
3329 4869 3625 4940 ὁρώμενος,
3671 4869 3736 4937 τῇ

2149 4965 2301 5034 φωνῇ
2343 4963 2439 5017 τοῦ
2485 4963 2660 5032 Λόγου
2706 4962 3214 5034 ὲπιρῤωννύμενος,
3249 4963 3344 5016 καὶ
3379 4961 3558 5034 βοηθῷ
3605 4959 3739 5031 πρὸς

2149 5055 2250 5127 τὴν
2309 5054 2487 5122 ἔξοδον
2539 5053 2821 5128 χρώμενος
2849 5055 3001 5125 (l0);
3058 5055 3218 5108 Δοκεῖ
3273 5053 3332 5106 δέ
3374 5053 3482 5124 ’μοι
3526 5052 3618 5106 καὶ
3662 5049 3739 5122 τῷ

2151 5143 2371 5216 θανάτῳ
2401 5144 2799 5199 ὑπονύττεσθαι
2834 5145 2972 5214 πρὸς
3018 5143 3118 5214 τὴν
3146 5142 3437 5214 ὠκυτάτην
3492 5143 3734 5214 ἔγερσιν,

2155 5236 2353 5308 μήπως
2375 5238 2442 5306 τῇ
2474 5235 2727 5308 μελλήσει
2747 5235 3008 5306 δευτέρας
3036 5235 3334 5305 γενομένης
3358 5235 3422 5287 ἐκ
3442 5231 3538 5286 τοῦ
3565 5231 3736 5300 Λόγου

2152 5329 2360 5401 φωνῆς,
2380 5330 2587 5394 πάντας
2613 5329 2824 5401 ἀθρόως
2849 5329 3097 5402 ἀπολύσῃ
3119 5329 3235 5382 ἐκεῖ
3257 5327 3546 5390 τελοῦντας
3563 5344 3578 5357 ·
3602 5327 3738 5396 ὅπερ

527 5473 573 5507 ί¹¹
612 5476 742 5528 Luc.
781 5490 841 5533 ll,
880 5473 973 5538 40,
1006 5475 1094 5529 59.
1173 5474 1215 5506 ⁸⁸
1246 5473 1404 5529 Joan.
1442 5490 1521 5540 ιι,
1550 5473 1638 5528 δι.
1720 5473 1762 5504 ¹⁹
1791 5470 1926 5528 Luc.
1961 5485 2046 5527 Vill

2149 5469 2207 5524 5.
2284 5469 2330 5500 ’°
2356 5467 2517 5524 Joan.
2555 5481 2712 5531 xvni,
2741 5467 2795 5522 4.
2873 5467 2918 5498 ¹¹
2953 5465 3087 5522 Luc.
3122 5481 3182 5532 ιι,
3213 5465 3304 5530 40,
3335 5465 3424 5520 52.
3502 5466 3547 5498 ’⁸
3574 5461 3730 5520 Joan.

454 5560 514 5613 se,
545 5544 634 5603 17.
711 5547 757 5577 ³³
785 5545 923 5600 Gen.
956 5561 1039 5605 ιιι,
1069 5544 1104 5600 9
1177 5547 1224 5582 ’δ
1251 5543 1409 5600 Joan.
1448 5561 1525 5609 XI,
1559 5545 1643 5598 Η.

533 5677 900 5760 ςῼξὶΣΞς-ηρῷ.
944 5677 1094 5760 L‘ege‘
1112 5677 1383 5757 σεσηρότι.
1425 5675 1585 5760 Eutr.
1675 5743 1701 5754 _
1923 5741 1936 5760 ν

533 5747 646 5817 (10)
675 5747 804 5813 Πῶς
837 5747 1171 5817 σουδαρίῳ.
1189 5786 1207 5804 .
1232 5747 1398 5813 ’πῶς
1427 5747 1502 5812 τῇ
1527 5747 1766 5817 φωνῆς,
1784 5783 1796 5796 .
1825 5747 2048 5814 χρώμε-

457 5831 603 5881 voc;
628 5813 828 5888 cherc
852 5813 1068 5874 mallem
1100 5819 1219 5876 sine
1244 5816 1694 5887 interrogatione.
1711 5813 2050 5872 Enumeran-

2158 5681 2248 5728 tur
2288 5670 2668 5743 enim,_modo
2700 5672 3058 5743 cxplicativoﬁ.
3093 5677 3523 5743 circumstantiae
3551 5682 3734 5743 resur-

2157 5742 2419 5814 rectionis
2446 5740 2683 5814 Lara-iri,
2734 5737 2968 5814 quarum
3017 5742 3236 5800 Judmos
3270 5742 3557 5814 μάρτυρας
3583 5737 3733 5808 γενέ-

2161 5813 2284 5868 σθαι
2313 5812 2483 5870 voluit
2514 5812 2787 5871 Christus.
2835 5814 2912 5870 in.
