4082 6418
465 377 573 436 893

463 493 561 549 καὶ
596 487 735 562 μετά
775 485 834 554 ἒξ
880 481 1093 557 ἡμέρας
1137 481 1405 537 πέπονθεν
1442 482 1472 534 ό
1516 478 1765 543 δείλαιος,
1793 478 1887 534 τοῦ
1933 497 2048 549 φω-

465 581 683 643 νοῦντος
712 577 852 648 πρὸς
897 571 1234 639 παλινζωῖαν
1265 573 1391 635 τοὺς
1430 573 1679 641 νεκροὺς,
1707 570 1844 642 πρὸς
1884 570 2049 624 αὑτὸν

465 671 847 744 φοιτήσαντος,
871 663 1016 718 κατὰ
1035 661 1133 733 τὴν
1159 661 1496 732 προφητείαν
1526 658 1664 726 Ἰὼϐ,
1689 660 1783 713 καὶ
1805 659 2047 723 Ἡσαΐου,

467 762 574 816 τῶν
621 756 942 819 θεσπεσίων,
982 754 1092 826 πρὸ
1124 752 1308 822 χιλίων
1354 751 1456 821 ήδη
1507 750 1713 821 χρόνων
1752 749 2048 822 διαρρήδην

471 850 738 924 βοώντων,
769 845 864 899 τοῦ
901 844 998 916 μέν
1019 861 1031 873 ·
1070 837 1295 906 Ἦλθες
1329 839 1428 892 ἐπὶ
1463 837 1570 907 τῆς
1611 837 1949 906 θαλάσσης,
1977 839 2048 892 ἐν

467 944 518 998 δ’
576 943 818 1012 ἴχνεσιν
866 937 1143 992 ἀϐύσσου
1195 929 2048 1001 περιεπάτησαςμὰνοίγοντιιί

468 1050 569 1089 σοι
591 1033 754 1102 φόϐῳ
781 1031 969 1083 πύλαι
993 1025 1252 1082 θανάτου
1268 1042 1281 1055 ο
1315 1023 1580 1090 πυλωροὶ
1609 1021 1678 1075 δὲ
1703 1022 1850 1088 ᾅδου
1887 1021 2049 1076 ἰδόν-

469 1142 570 1190 τες
617 1135 692 1176 σε
741 1118 1031 1186 ἔπτηξαν.
1090 1113 1402 1184 Συμφώνως
1457 1112 1514 1166 δὲ
1562 1111 1771 1174 τούτοις
1819 1114 1849 1165 ό
1905 1111 2046 1176 θεῖος

470 1213 654 1278 Δαϐιδ,
676 1213 705 1265 ὁ
742 1211 850 1264 τῶν
883 1208 1042 1263 θείων
1071 1205 1305 1277 μελῳδὸς
1323 1221 1356 1235 ’⁷
1382 1204 1607 1274 ’ᾼσατε
1646 1203 1727 1269 τῷ
1753 1201 1895 1268 Θεῷ,
1933 1202 2043 1273 ψά.

469 1309 615 1361 ,κατε
650 1301 734 1369 τῷ
765 1301 1008 1370 ὀνόματι
1051 1296 1273 1352 αὐτοῦ’
1308 1292 1708 1362 ὁδοποιήσατε
1746 1294 1825 1360 τῷ
1853 1294 2045 1348 ἐπιϐε-

472 1396 678 1464 ϐηκότι
706 1391 804 1446 ἐπὶ
842 1387 1118 1459 δυσμῶνο
1145 1387 1359 1455 Κύριος
1426 1385 1615 1455 ὄνομα
1653 1385 1860 1440 αὑτοῦ.
1898 1385 2043 1439 Ὀδο-

473 1489 646 1541 ποιεῖν
673 1485 728 1539 δὲ
768 1482 989 1545 ἑαυτοὺς
1015 1479 1094 1551 τῷ
1123 1479 1313 1549 Κυρίῳ
1355 1477 1742 1548 παιδευόμεθα,
1778 1479 1874 1531 καὶ
1902 1480 2045 1532 οἱκο-

469 1577 648 1630 ποιεῖν
680 1574 748 1628 δι’
778 1571 1034 1644 ἐναρέτου
1061 1568 1356 1633 πολιτείας,
1393 1567 1454 1620 τὸ
1487 1567 1640 1622 Θεῖον
1669 1567 2040 1638 ὲπιδρύμενοι,

471 1666 609 1737 μονὴ
638 1664 733 1719 καὶ
763 1662 890 1727 ναὸς
933 1659 1096 1714 αὐτοῦ
1135 1658 1429 1730 γινόμενοι,
1474 1657 1656 1722 καθὼς
1695 1659 1752 1712 ἐν
1799 1659 2041 1727 Εύαγγε-

469 1757 625 1820 λίοις,
669 1755 762 1808 καὶ
807 1755 864 1807 ὲν
906 1750 1102 1821 Παύλῳ
1141 1749 1450 1820 θεηγορῶν,
1492 1749 1654 1813 αὐτὸς
1699 1749 2037 1820 ἀπεφήνατο.

469 1851 660 1919 Δυσμῇ
693 1847 750 1899 δὲ
775 1844 1036 1913 νοεῖταιή
1076 1840 1318 1912 ἡμετέρα
1353 1839 1536 1910 φύσις,
1570 1839 1667 1893 καὶ
1695 1840 1756 1894 τὸ
1783 1840 2040 1893 ἐπίπονον

469 1937 565 1991 τοῦ
594 1937 794 2007 κόσμου
821 1933 1021 2005 χωρίον
1049 1933 1170 1994 ταῖς
1195 1929 1407 2000 ἡδοναῖς
1449 1929 1558 1984 τῶν
1598 1929 1784 1983 παθῶν
1825 1928 2041 1992 σκιαζό-

473 2045 656 2101 μενον.
693 2028 911 2081 Νοεῖται
939 2023 995 2078 δὲ
1043 2024 1138 2077 καὶ
1165 2023 1194 2075 ὁ
1225 2021 1375 2092 ᾅδης.
1412 2021 1500 2073 Ἐν
1525 2013 1607 2083 οἷς
1646 2020 1708 2072 τὸ
1747 2019 1909 2074 ἄῦλον
1945 2020 2041 2072 καὶ

469 2123 659 2177 ἄσκιον
696 2118 810 2189 φῶς
861 2116 1236 2186 ὲναστράψαν,
1273 2114 1450 2168 πάντα
1502 2113 1641 2184 πρὸς
1682 2112 1742 2166 τὸ
1796 2115 2040 2185 κρεῖττον

469 2209 942 2284 μετεστοιχείωσε,
975 2208 1075 2280 τὴν
1114 2206 1275 2275 φύσιν
1317 2203 1655 2269 ἀνεκαίνισε,
1697 2202 1790 2256 τὸν
1839 2203 2041 2274 κόσμον

468 2302 788 2374 φαιδρύνας,
823 2300 913 2354 τὸν
936 2299 1070 2371 ᾅδην
1093 2295 1392 2360 σκυλεύσας
1422 2294 1558 2366 πρὸς
1583 2294 1916 2366 ἡμερότητα,
1948 2294 2042 2347 καὶ

464 2391 574 2446 τῶν
602 2389 936 2461 ἐνεχομένων
966 2387 1251 2441 ἀπόλυσιν.
1282 2383 1393 2438 Καὶ
1423 2381 1493 2436 τὰ
1535 2382 1632 2454 μὲν
1656 2381 1721 2435 ὲκ
1747 2381 1841 2434 τοῦ
1879 2379 2044 2433 Δαὸὶδ

468 2481 727 2554 ἀμυδρῶς
782 2497 871 2551 μοι
922 2476 1102 2542 εδοξε·
1153 2476 1222 2530 τὰ
1257 2475 1315 2529 δὲ
1357 2473 1449 2528 τοῦ
1488 2471 1630 2536 Ἰὼϐ,
1667 2473 1762 2526 καὶ
1821 2471 2041 2525 Ἡσαΐου

474 2575 594 2645 μετ’
619 2572 680 2626 οὐ
729 2570 863 2623 πολὺ
906 2567 1278 2637 ἀποδώσομεν,
1307 2564 1394 2618 διὰ
1425 2564 1487 2618 τὸ
1536 2563 1709 2634 βραχὺ
1751 2565 1851 2634 τῆς
1894 2561 2044 2634 ῶρας

468 2659 565 2715 νῦν
612 2657 1045 2730 ὑπερτιθέμενοι.
1099 2657 1302 2725 ’Δμφω
1352 2653 1410 2706 δὲ
1462 2652 1523 2705 τὸ
1567 2651 1778 2722 μέλλον,
1810 2653 1886 2715 ώς
1942 2651 2042 2722 ἤδη

467 2751 734 2822 πραχθὲν,
756 2741 1046 2820 ἐξεϐόησαν
1073 2746 1376 2818 ἀραρότως,
1397 2744 1495 2815 τὴν
1521 2744 1743 2798 ἔκϐασιν
1765 2743 1863 2813 τῆς
1895 2740 2045 2810 σφῶν

464 2842 824 2915 προρρήσεως
843 2837 1223 2910 ἐπιστάμενοι.
1239 2834 1609 2906 Οἰκονομικῶς
1635 2835 1810 2888 τοίνυν
1833 2833 2047 2901 ἀγνοεῖν

467 2932 798 3004 ὑπεκρίνετο
817 2931 1010 3001 πάσης
1032 2929 1148 2999 ἅμα
1175 2927 1405 2990 κτίσεως
1433 2923 1716 2995 γινώσκων
1737 2922 2044 2994 ἁπόῤῥητα,

463 3026 552 3080 διὰ
577 3024 674 3094 τῆς
705 3021 950 3084 πεύσεως
979 3018 1182 3089 πλῆθος
1205 3017 1591 3090 συνεγερθῆναι
1618 3017 1754 3086 πρὸς
1780 3015 1877 3086 τὴν
1905 3015 2041 3068 ὑπό-

471 3117 666 3181 δειξιν,
688 3114 782 3168 καὶ
811 3112 965 3185 παρά
1003 3111 1110 3165 τῶν
1143 3110 1350 3183 ἐχθρῶν
1393 3109 1804 3182 μαρτυρηθῆναι
1842 3107 2041 3178 μᾶλλον

465 3207 526 3261 τὸ
560 3203 881 3277 παράδοξον.

1898 357 2245 417 DlALOC-US
2277 359 2318 414 1.

3625 363 3730 421 ε9ι

2153 476 2282 532 item
2313 471 2623 540 convolutis
2665 473 2898 546 pedibus
2925 475 3184 533 exsiliens
3217 477 3490 550 sepulcro,
3537 495 3727 552 egros-

2126 582 2246 626 .sus
2268 571 2436 630 esset,
2479 564 2610 619 dum
2650 565 2852 621 illaesus
2878 575 2934 622 et
2966 566 3113 621 nulla
3143 569 3388 637 corporis
3417 578 3568 640 parte
3601 588 3724 626 ntu-

2150 658 2342 712 tilatus
2386 657 2654 721 cernitur,
2704 672 2801 727 per
2854 672 3044 712 vocem
3097 657 3261 714 Verbi
3299 662 3716 730 corroboratus,

2148 763 2322 819 eoque
2358 748 2424 802 ad
2455 763 2736 820 egressum
2769 749 3094 804 auxiliatore
3129 751 3308 806 usus?
3357 748 3585 806 Videtur
3619 769 3719 808 au-

2147 850 2255 895 tem
2317 839 2474 906 mibi,
2540 839 2715 909 ipsam
2767 854 2984 909 quoque
3035 848 3265 895 mortem
3318 841 3722 912 quodammodo

2151 931 2487 986 commoveri
2509 930 2577 984 ad
2608 931 3007 987 velocissimam
3029 933 3191 987 istam
3219 933 3624 1000 excitationem,
3652 949 3721 988 ne

2152 1023 2374 1092 quando
2405 1037 2503 1092 per
2529 1021 2931 1077 cunctationem
2961 1023 3131 1076 altera
3164 1038 3293 1078 voce
3326 1020 3487 1078 Verbi
3511 1024 3718 1088 audita,

2146 1129 2278 1168 mox
2309 1114 2600 1170 universos
2623 1113 2766 1184 apud
2791 1130 2850 1170 se
2877 1114 3134 1185 degentes
3160 1117 3373 1170 solvere
3393 1123 3717 1185 cogeretur:

2149 1204 2311 1274 quale
2341 1203 2601 1274 quiddam
2633 1212 2757 1274 post
2792 1221 2884 1261 sex
2921 1205 3039 1260 dies
3085 1205 3286 1260 accidit
3330 1205 3558 1273 infelici,
3594 1222 3716 1261 cum

2144 1297 2192 1354 is
2222 1297 2314 1368 qui
2347 1297 2414 1352 ad
2437 1298 2872 1354 reviviscendum
2895 1307 3055 1354 vocat
3084 1311 3353 1366 mortuos,
3386 1300 3456 1355 ad
3485 1309 3716 1357 mortem

2143 1388 2447 1452 accederet,
2471 1390 2772 1444 secundum
2797 1390 3108 1446 divinorum
3136 1399 3318 1445 vatum
3342 1390 3464 1446 Jobi
3487 1400 3542 1446 et.
3565 1391 3720 1447 Isaia:

2146 1479 2508 1551 prophetiam,
2567 1488 2692 1536 ante
2735 1481 2885 1536 mille
2929 1497 3103 1537 annos
3158 1481 3432 1537 luculente
3476 1483 3724 1537 claman—

2143 1570 2275 1624 tium
2309 1588 2321 1624 :
2352 1569 2626 1638 Ingressus
2673 1588 2726 1626 es
2774 1588 2936 1634 mare,
2963 1581 3012 1625 et
3059 1571 3347 1625 antbulasti
3393 1573 3448 1626 in
3486 1573 3718 1641 vestigiis

2142 1659 2356 1728 abyssi;
2407 1661 2716 1728 aperiuntur
2765 1658 2860 1712 tibi
2900 1675 3019 1712 cum
3062 1667 3257 1714 terrore
3295 1669 3462 1727 pomo
3505 1663 3714 1716 mortis.

2144 1747 2400 1804 Custodes
2441 1749 2628 1819 januaa
2686 1749 2798 1803 orci
2857 1763 2904 1802 te
2964 1748 3192 1804 videntes
3241 1751 3713 1807 exhorruerunt".

2146 1837 2242 1894 llis
2273 1845 2459 1892 autem
2483 1840 2832 1896 consentiens
2855 1839 3165 1894 divinorum
3195 1839 3502 1894 carminum
3527 1848 3719 1895 auctor

2143 1927 2375 1985 Davides
2431 1929 2609 2000 inquit
2642 1949 2656 1986 :
2689 1929 2914 1985 Cantate
2967 1930 3098 1996 Deo,
3160 1931 3372 1998 psallite
3415 1932 3579 2000 ipsius
3623 1948 3720 1986 no-

2143 2023 2293 2085 mini,
2336 2022 2477 2076 viam
2522 2032 2708 2091 parate
2739 2025 2808 2089 ei,
2848 2025 2937 2093 qui
2980 2022 3273 2094 ingreditur
3316 2023 3386 2077 ad
3425 2040 3666 2079 occasum
3697 2040 3720 2079 :

2143 2111 2401 2166 Dominus
2457 2098 2644 2166 nomen
2690 2115 2739 2168 ei
2763 2114 2826 2168 ".
2855 2112 3013 2168 Viam
3047 2122 3228 2169 autem
3277 2129 3378 2169 nos
3428 2114 3577 2185 ipsos
3621 2113 3720 2170 Do-

2143 2204 2297 2259 mino
2323 2221 2520 2276 parare
2552 2206 2838 2273 docemur,
2879 2206 3212 2277 domumque
3245 2207 3423 2263 facere
3469 2223 3565 2278 per
3591 2224 3720 2264 san-

2143 2302 2288 2349 ctam
2336 2295 2555 2350 vivendi
2606 2296 2902 2360 rationem,
2948 2295 3161 2352 Numen
3201 2295 3270 2350 ad
3321 2311 3419 2351 nos
3456 2297 3604 2352 velut
3653 2298 3709 2352 in

2145 2386 2446 2440 sacrarium
2499 2386 2852 2456 recipientes,
2899 2389 3114 2443 mansio
3141 2398 3198 2444 et
3239 2389 3499 2458 templum
3537 2389 3712 2458 ipsius

2145 2477 2295 2544 lacti,
2331 2489 2390 2534 ut
2439 2479 2494 2533 in
2541 2478 2834 2549 Evangelia
2863 2481 2908 2512 ³⁷
2947 2487 3001 2535 et
3038 2478 3209 2534 Paulo
3232 2481 3278 2511 ’⁸
3306 2480 3567 2535 divinitus
3598 2481 3718 2551 ipse

2144 2568 2349 2625 docuit.
2390 2569 2456 2622 Et
2483 2570 2710 2641 intelligi
2756 2587 2852 2641 per
2884 2585 3140 2626 occasum
3175 2580 3349 2641 potest
3391 2579 3587 2625 natura
3620 2585 3721 2626 no-

2146 2667 2283 2726 stra,
2318 2668 2371 2715 et
2407 2676 2720 2716 aerumnosa
2763 2661 2924 2732 huius
2953 2661 3140 2715 mundi
3187 2661 3359 2730 regio,
3395 2676 3519 2730 quae
3566 2661 3723 2715 vitio-

2146 2765 2267 2804 rum
2308 2749 2678 2820 voluptatibus
2717 2748 3098 2803 obumbratur.
3145 2746 3378 2816 lntelligi
3419 2745 3584 2801 etiant
3618 2759 3716 2814 po-

2146 2848 2253 2896 test
2301 2854 2489 2896 orcus.
2542 2841 2722 2910 Atque
2765 2840 2821 2892 in
2860 2838 2946 2894 bis
2997 2837 3376 2892 immaterialis
3423 2843 3477 2890 et
3520 2836 3718 2889 umbra

2146 2944 2343 2985 carens
2391 2931 2484 2984 illa
2517 2931 2607 2984 lux
2649 2929 2940 2994 irradians,
2991 2927 3176 2982 omnia
3207 2926 3486 2982 meliorem
3518 2925 3575 2980 in
3611 2932 3726 2978 sta-

2149 3027 2264 3074 tum
2305 3019 2513 3091 redegit
2550 3027 2604 3075 et
2649 3018 3085 3074 transformavit.
3138 3015 3402 3070 Naturam
3450 3016 3727 3085 reparavit

2151 3113 2360 3168 mundo
2394 3113 2689 3176 illustrato,
2711 3119 2765 3166 et
2792 3126 2924 3165 orco
2952 3110 3207 3180 spoliato,
3230 3124 3340 3177 quo
3367 3107 3639 3173 mitescat,
3673 3116 3728 3159 et

2146 3200 2394 3256 detentos
2422 3200 2564 3271 apud
2595 3216 2656 3255 se
2699 3200 2953 3254 dimittat.
2999 3199 3176 3268 Atque
3217 3197 3321 3250 hoc
3353 3196 3570 3267 quidem
3619 3196 3724 3249 ali-

465 3313 576 3368 quo
633 3294 794 3352 modo
846 3303 986 3351 tecte
1039 3292 1171 3348 mibi
1233 3289 1448 3346 videtur
1507 3290 1659 3346 innui
1716 3305 1748 3343 a
1794 3286 2016 3345 Davide.
2070 3288 2247 3346 Verba
2304 3299 2484 3347 autem
2532 3290 2654 3346 Jobi
2694 3298 2748 3346 ct
2792 3289 2944 3346 Isaiae
2980 3292 3124 3347 baud
3180 3292 3352 3346 multo
3399 3298 3521 3361 post
3555 3289 3738 3360 explig

465 3392 735 3456 cabimus,
777 3405 924 3446 nunc
979 3395 1202 3460 propter
1253 3382 1563 3454 angustiam
1601 3380 1860 3451 temporis
1919 3394 1983 3435 ea
2047 3379 2381 3436 differentes.
2434 3380 2674 3452 Uterque
2730 3390 2912 3436 autem
2972 3381 3027 3437 id
3073 3381 3215 3454 quod
3275 3381 3518 3435 futurum
3573 3389 3722 3446 erat,

463 3484 618 3557 quasi
672 3485 785 3554 jam
825 3481 1025 3538 factum
1066 3479 1557 3553 pronuntiaverunt
1596 3476 1809 3530 ratione
1859 3476 2254 3542 conveniente,
2298 3485 2556 3548 tanquam
2602 3478 2735 3534 certi
2799 3476 2870 3532 de
2916 3474 3162 3532 vaticinii
3219 3474 3305 3529 sui
3353 3483 3570 3529 eventu.
3623 3472 3729 3527 Sc-

464 3577 704 3634 cundum
756 3576 1216 3648 dispensationem
1277 3575 1446 3646 igitur
1504 3574 1758 3644 ignorare
1805 3589 1864 3629 se
1911 3574 2225 3640 simulavit,

2303 3577 2396 3646 qui
2445 3578 2625 3632 omnis
2689 3576 2744 3632 in
2790 3577 3108 3632 universum
3146 3583 3406 3629 creaturse
3449 3570 3731 3642 cognoscit

465 3685 686 3737 arcana,
720 3676 778 3724 ut
819 3685 915 3740 per
961 3669 1443 3738 interrogationem
1489 3668 1647 3722 turba
1715 3667 2048 3723 excitaretur
2081 3667 2148 3722 ad
2188 3668 2610 3725 monstrandum
2681 3668 2969 3735 Lazarum,
3003 3681 3056 3728 et
3094 3678 3154 3726 ut
3216 3672 3288 3726 ab
3315 3669 3451 3740 ipsis
3485 3666 3730 3722 inimicis

467 3768 618 3817 tanto
641 3759 814 3832 magis
865 3759 1237 3815 testimonium
1280 3757 1605 3828 prodigiosa:
1641 3759 1721 3812 rei
1777 3756 2176 3828 perhiberetur.
2807 3780 2809 3784 ·

1041 3916 1291 3970 ΠΕΥΣΙΣ
1327 3915 1452 3968 AA'.
1492 3935 1494 3937 ’

533 4053 730 4117 Καλῶς
761 4052 853 4106 τὸν
893 4053 1020 4122 περὶ
1051 4050 1304 4121 Λαζάρου
1341 4049 1674 4112 ἀκούσαντες
1717 4046 1896 4116 λόγον,
1927 4048 2043 4102 δεό-

467 4146 610 4218 μεθα
649 4145 789 4215 ὑπὲρ
823 4144 922 4214 τῆς
964 4142 1364 4214 αἱμοῤῥοούσης
1403 4140 1660 4210 γυναικὸς
1685 4179 1700 4204 ,
1738 4143 1802 4193 ὲκ
1837 4140 2041 4211 ταύτης

463 4235 913 4307 τεκμαιρομένων
943 4236 1072 4306 περὶ
1111 4233 1222 4288 τῶν
1249 4232 1452 4287 λοιπῶν
1484 4231 1578 4286 τοῦ
1618 4232 1875 4305 Σωτῆρος
1913 4234 2037 4286 ἐπει

469 4325 777 4398 ρωτήσεων.

1083 4458 1436 4528 Ἀπόκρισις.

535 4569 647 4622 Καὶ
671 4569 733 4621 ἐκ
758 4568 962 4639 ταύτης
987 4567 1376 4639 παιδευόμεθα,
1409 4561 1528 4620 ἴσον
1553 4567 1643 4621 τὸν
1671 4567 1840 4622 Παῖδα
1867 4567 2042 4639 ὐπάρο

465 4676 581 4730 χειν
616 4658 694 4729 τῷ
722 4659 842 4731 Θεῷ
881 4659 976 4714 καὶ
1016 4659 1212 4731 Πατρὶ,
1243 4658 1338 4713 καὶ
1369 4659 1471 4712 οὐκ
1505 4658 1718 4730 ἀγνοίᾳ,
1748 4658 1862 4712 ἀλλ’
1895 4660 2042 4712 οίκο-

466 4751 648 4820 νομίᾳ,
678 4754 795 4804 κατ’
849 4754 1079 4816 ἐκεῖνον,
1110 4752 1437 4822 πυθόμενον.
1480 4750 1618 4820 Φησὶ
1655 4749 1765 4821 γὰρ
1793 4749 1869 4820 τῷ
1894 4767 2042 4820 πρω-

466 4837 673 4907 τοφόνῳ
699 4838 860 4901 Κάῖν,
895 4839 1164 4910 βασκανίᾳ
1189 4839 1279 4893 τὸν
1305 4840 1529 4908 ἀδελφὸν
1552 4840 1826 4892 κτείναντι
1859 4841 1950 4892 ἐπὶ
1973 4843 2039 4911 τῇ

467 4926 796 4997 προτιμήσει
837 4925 947 4979 τῶν
992 4925 1200 4996 δώρων,
1233 4926 1655 4998 ὲνδομυχοῦντος
1689 4927 1782 4982 τοῦ
1821 4929 2038 4997 φθόνου,

465 5018 560 5070 καὶ
593 5014 854 5086 θήγοντος
879 5015 973 5069 τοῦ
998 5016 1158 5084 φόνου
1194 5016 1254 5068 τὸ
1295 5017 1568 5086 φάσγανον
1588 5033 1602 5047 ’
1635 5017 1762 5072 Ποῦ
1792 5018 1976 5075 Ἅϐελ
2009 5023 2042 5076 ό

465 5109 730 5178 ἀδελφός
768 5122 923 5172 σου;
979 5108 1077 5161 οὐκ
1107 5107 1336 5175 ἀγνοῶν,
1376 5107 1509 5162 ἀλλὰ
1539 5109 1727 5180 καιρὸν
1754 5111 2043 5181 μετανοίας

472 5201 742 5271 μιαιφόνῳ
775 5198 1072 5271 μνώμενος.
1099 5199 1157 5252 '0
1173 5198 1251 5264 δὲ,
1269 5201 1349 5263 είς
1369 5199 1626 5253 ἀπόνοιαν
1652 5202 2038 5274 χωρήσας,Μὴ

468 5289 672 5356 φύλαξ
700 5289 1103 5359 τοῦεὰδελφοῦ
1135 5307 1254 5359 μου
1283 5290 1398 5358 sip!
1425 5290 1538 5361 ἐγώ
1555 5289 1960 5362 ;φησίν.Αὖοις
1985 5294 2042 5348 δὲ

468 5381 605 5452 πρὸς
639 5379 799 5434 αὐτὸν
833 5383 866 5453 ἡ
901 5382 1018 5435 θεία
1051 5381 1202 5453 φωνὴ
1235 5382 1553 5452 ἐλέγχουσα,
1588 5383 1760 5452 Φωνὴ
1792 5386 2042 5454 αἵματος

467 5467 575 5522 τοῦ
599 5468 865 5538 ἀδελφοῦ
892 5483 1009 5524 σου
1029 5469 1151 5536 ,ϐοᾷ
1177 5473 1326 5540 πρός
1343 5489 1420 5541 με
1436 5488 1450 5502 ·
1475 5471 1536 5537 ἐξ
1559 5465 1635 5527 ὧν
1661 5473 1916 5546 δηλοῦται
1943 5477 2043 5529 οὐκ

467 5559 679 5631 ἀγνοίᾳ,
713 5561 850 5614 ἀλλά
881 5561 1258 5635 φιλανθρωπίᾳ
1289 5563 1388 5635 τὴν
1421 5564 1612 5619 πεῦσιν
1643 5566 1746 5620 ὑπὸ
1776 5567 1870 5620 τοῦ
1905 5567 2040 5622 Θεοῦ

539 5756 584 5826 ’ξ
627 5753 733 5808 Job
775 5771 1003 5814 xxxvtu.
1040 5758 1122 5819 l6,
1158 5760 1248 5821 l7;
1285 5761 1386 5813 lsa.
1426 5778 1532 5826 xw,
1562 5764 1615 5820 9.

470 5821 676 5881 "Gen.
721 5840 794 5890 tv,
827 5826 879 5880 9.
959 5829 1002 5860 '°
1027 5829 1160 5885 ibid.
1239 5829 1279 5862 "
1318 5830 1446 5885 ibid.
1484 5821 1566 5888 l0.

1717 5770 1760 5801 ⁸⁸⁵
1793 5767 1936 5826 Psal.
1985 5785 2150 5838 um,
2192 5773 2243 5827 5.

2561 3917 3083 3976 INTERROGATIO
3119 3916 3314 3973 XXXI.

2203 4027 2362 4105 Satis
2384 4051 2524 4106 bene
2557 4051 2662 4106 bac
2706 4050 2774 4106 de
2819 4051 3027 4107 Lazaro
3057 4052 3272 4107 ratione
3318 4057 3594 4121 percepta,
3626 4065 3723 4105 ro-

2142 4156 2336 4212 gamus
2372 4143 2440 4198 de
2471 4143 2700 4198 muliere
2725 4143 3014 4213 sanguinis
3043 4142 3310 4214 proﬂuvio
3335 4142 3620 4196 laborante
3655 4153 3716 4194 ut

2158 4230 2421 4298 disseras,
2453 4242 2512 4287 ut
2548 4247 2611 4288 ex
2648 4232 2749 4286 hac
2770 4233 3139 4301 conjecturam
3174 4233 3438 4289 faciamus
3469 4233 3632 4286 etiam
3657 4231 3729 4288 de

2062 4376 2065 4379 _
2145 4325 2360 4382 czetcris
2383 4326 2899 4396 interrogationibus
2932 4325 3263 4381 Servatoris.

2786 4456 3089 4525 Responsio.

2217 4570 2320 4627 Per
2349 4572 2488 4626 hanc
2513 4587 2729 4642 quoque
2756 4571 3040 4638 docemur,
3067 4571 3329 4641 aequalem
3366 4568 3561 4624 Filium
3595 4585 3722 4625 esse

2149 4662 2258 4718 Deo
2284 4672 2338 4720 et
2376 4663 2548 4731 Patri,
2582 4679 2681 4719 nec
2711 4664 2782 4719 ob
2817 4663 3239 4733 ignorationem,
3270 4661 3364 4718 scd
3396 4679 3461 4716 ex
3489 4662 3717 4731 dispen-

2147 4756 2360 4811 satione
2405 4764 2667 4825 certoque
2699 4755 2954 4818 consilio,
2991 4753 3207 4809 Patrem
3253 4753 3538 4818 imitando,
3574 4766 3723 4822 quae-

2136 4860 2277 4901 rere.
2329 4844 2514 4915 lnquit
2545 4847 2689 4900 enim
2727 4846 2773 4899 is
2815 4844 2882 4898 ad
2936 4845 3172 4914 primum
3223 4843 3552 4898 homicidam
3589 4842 3716 4897 Cai-

2137 4952 2289 5000 num,
2323 4935 2416 5004 qui
2454 4950 2550 5004 per
2585 4936 2844 4990 invidiam
2863 4918 3150 4990 interemit
3183 4933 3428 5000 fratrem,
3471 4941 3720 5003 propter-

2135 5040 2197 5080 ea
2242 5024 2389 5096 quod
2429 5025 2574 5080 illius
2608 5025 2749 5079 dona
2792 5025 3013 5094 prazlata
3041 5034 3260 5089 essent,
3297 5025 3410 5094 jam
3447 5023 3596 5077 intus
3636 5023 3718 5076 Ia-

2138 5102 2286 5173 tente
2317 5115 2544 5180 invidia,
2585 5126 2636 5171 et
2666 5117 2904 5186 gladium
2931 5117 3096 5173 czedis
3127 5125 3424 5172 exacucntc
3450 5135 3463 5170 :
3503 5113 3602 5169 Ubi
3634 5127 3716 5171 est

2140 5207 2331 5261 Abelus
2363 5205 2530 5275 frater
2574 5215 2695 5258 tuus
2721 5207 2804 5260 ‘9?
2853 5205 2970 5260 Non
3005 5207 3286 5275 ignorans,
3338 5205 3433 5261 scd
3489 5213 3719 5260 cruento

2139 5296 2432 5351 homicida:
2467 5295 2811 5350 occasionem
2847 5297 3182 5366 pcenitentize
3233 5313 3550 5367 suggerens.
3595 5297 3719 5366 ipso

2140 5402 2270 5442 vero
2296 5385 2351 5440 in
2389 5386 2680 5440 amentiam
2719 5401 2910 5440 versus
2939 5405 2952 5441 :
2989 5385 3132 5439 Num
3162 5398 3337 5441 custos
3366 5403 3479 5456 ego,
3513 5387 3711 5455 inquit,

2141 5479 2328 5548 fratris
2378 5478 2478 5532 mei
2527 5493 2643 5531 sum
2662 5477 2747 5531 ὀἳ
2785 5476 3104 5548 Rursusque
3148 5479 3325 5548 ipsum
3381 5479 3561 5531 dit-ina
3607 5493 3712 5533 vox

2140 5568 2478 5640 rcdargucns
2539 5567 2717 5637 inquit
2742 5568 2826 5622 “1
2911 5567 3024 5622 Vox
3073 5569 3348 5637 sanguinis
3395 5565 3581 5635 fratris
3634 5568 3714 5622 tui

2353 5775 2393 5805 ’⁷
2419 5771 2574 5828 Joan.
2618 5788 2724 5838 xw,
2765 5765 2855 5827 εδ.
2964 5770 3009 5802 ³⁸
3050 5767 3070 5822 ι
3105 5767 3228 5823 Cor.
3263 5781 3342 5833 Ill,
3378 5765 3470 5832 l6,
3505 5781 3577 5830 vr,
3620 5763 3704 5823 l6.
