4082 6396
445 373 548 430 807

1016 486 1267 540 ΠΕΥΣΙΣ
1305 487 1436 540 AE'.-

516 606 626 660 Καὶ
658 603 774 667 πῶς
812 604 886 674 μὴ
917 601 1134 656 κτιστὸν
1167 603 1392 671 εἴπομεν
1415 599 1512 655 ’τὸν
1554 599 1702 662 Υἱὸν,
1735 599 1828 652 τοῦ
1871 598 2026 650 ’Λποο

442 685 630 753 στόλου
657 695 961 767 γράφοντος
983 694 1110 765 περὶ
1133 691 1322 756 αὑτοῦ,
1347 691 1613 756 Δέξασθε
1629 691 1735 744 τόν
1752 690 2030 759 ἀρχιερέα

443 792 552 861 τῆς
568 790 830 854 πίστεως
847 785 1041 856 ὑμῶν,
1059 784 1282 839 πιστὸν
1297 784 1442 838 ὄντα
1469 782 1549 848 τῷ
1571 782 1893 851 ποιήσαντι
1921 784 2030 836 αὐ-

443 885 550 938 τόν
565 901 586 949 ;
633 882 764 945 Καὶ,
792 877 1084 933 Γνωστὸν
1110 877 1274 946 ὑμῖν,
1304 874 1423 942 πᾶς·
1445 875 1610 942 οἶκος
1643 873 1912 944 Ἰσραὴλ,
1939 875 2030 928 ὅτι

438 975 656 1030 τοῦτον
684 972 791 1027 τὸν
821 969 1063 1040 Ἰησοῦν
1113 967 1185 1022 ὃν
1221 967 1390 1038 ὑμεῖς
1416 967 1862 1036 ἐσταυρώσατε,
1906 964 1956 1019 Κ
1960 967 2029 1020 ύ-

433 1083 570 1134 ριον
597 1064 698 1119 καὶ
726 1063 984 1133 Χριστόν
1025 1061 1214 1116 αὑτὸν
1236 1063 1269 1115 ὁ
1316 1060 1459 1127 Θεὸς
1496 1060 1766 1129 ἐποίησε.
1797 1060 1908 1113 Καὶ
1935 1061 2030 1112 Σο-

441 1157 624 1229 λομὼν
651 1157 707 1210 δέ
740 1173 928 1226 φησιν,
960 1155 1023 1208 ἐκ
1062 1153 1355 1226 προσώπου
1388 1152 1483 1207 τοῦ
1516 1151 1754 1224 Χριστοῦ
1781 1152 1916 1224 πρός
1937 1153 2029 1204 τὸν

441 1247 576 1301 Θεὸν
604 1245 698 1300 καὶ
729 1243 951 1315 Πατέρα
972 1261 985 1274 °
1021 1244 1240 1312 Κύριος
1280 1241 1486 1296 ἕκτισέ
1525 1259 1602 1311 με
1631 1241 1831 1313 ἀρχὴν
1875 1241 2032 1296 ὀδών

443 1340 630 1396 αὐτοῦ
667 1341 756 1405 εἱς
795 1339 940 1408 ἔργα
972 1335 1181 1392 αὐτοῦ.

1065 1468 1428 1540 Ἀπόκρισις.

515 1634 626 1689 Καὶ
659 1630 920 1702 ἀνωτέρω
964 1628 1092 1701 περὶ
1126 1629 1332 1685 τούτων
1364 1630 1654 1697 διαλαϐὼν,
1690 1632 1803 1694 τοῖς
1844 1631 2029 1696 αὐτοῖς

446 1726 610 1781 πάλιν
654 1721 1015 1778 κυλινδεῖσθαι
1052 1722 1278 1787 ἀτοπίας
1323 1723 1390 1777 ἂν
1434 1723 1541 1795 εἴη,
1583 1725 1615 1795 ἢ
1659 1724 2018 1793 φιλοπαιδίας.

446 1821 521 1874 Τὸ
547 1819 678 1890 γὰρ,
712 1817 1003 1878 ἐποίησεν
1025 1815 1230 1880 αὐτὸν,
1267 1817 1382 1881 καὶ,
1414 1817 1618 1870 ἕκτισέ
1635 1835 1732 1887 με,
1763 1820 1830 1889 τῇ
1865 1819 2028 1889 σαρκὶ

446 1911 680 1965 νοεῖσθαι
709 1908 851 1963 δοκῶ
892 1907 1084 1962 ταῦτα.
1135 1907 1379 1981 Ὅρῶμεν
1419 1909 1476 1962 δὲ
1510 1909 1606 1963 καὶ⁵
1646 1907 1745 1973 τὰς
1785 1909 2028 1982 παραϐο-

445 2005 545 2068 λάς
579 2003 653 2075 μὴ
683 2001 878 2055 ταύτὸν
913 2001 1180 2074 ὑπάρχειν
1209 2003 1324 2064 τοῖς
1370 2000 1890 2072 παραϐαλλομένοις.
1939 2001 2027 2056 Ἐν

445 2097 554 2169 γὰρ
583 2093 659 2165 τῷ
689 2093 788 2164 τῆς
819 2093 1122 2165 Παροιμίας
1147 2093 1327 2164 τεύχει
1365 2092 1560 2164 ταχθὲν
1597 2094 1753 2164 ἴσμεν
1784 2094 1863 2158 τὸ,
1907 2093 2025 2148 Κύ-

434 2206 568 2257 ριος
601 2184 807 2260 ἐκτισέ
827 2201 924 2254 με.
969 2184 1267 2257 Παροιμίαι
1295 2185 1352 2238 δὲ
1387 2185 1618 2257 παρόδιά
1642 2203 1760 2238 τινα
1791 2186 2024 2258 ὑπάρχει

443 2281 684 2351 ῥήματα,
708 2279 878 2347 οἶμος
911 2277 1020 2349 γὰρ
1047 2277 1161 2342 ὁδὸς
1197 2281 1263 2350 τῇ
1297 2276 1400 2342 ἔξω
1425 2277 1641 2350 παιδείᾳ
1662 2281 1860 2332 νοεῖται
1885 2279 2024 2333 ὥστε

442 2371 666 2444 πάροδοι
708 2370 804 2424 καὶ
854 2369 1061 2434 εἰκόνες
1098 2369 1204 2423 τῶν
1234 2369 1576 2441 πραγμάτων
1619 2370 1676 2423 αἱ
1719 2370 2026 2442 παραϐολαὶ

432 2462 819 2531 τυγχάνουσιν.
894 2461 1117 2532 Ὁμοία,
1173 2462 1301 2534 γὰρ,
1359 2462 1534 2516 ἐστὶν
1575 2463 1866 2527 βασιλεία
1907 2463 2027 2518 τῶν

441 2552 716 2621 οὐρανῶν
755 2553 956 2619 κόκκῳ
1002 2551 1321 2620 σινάπεως,
1363 2553 1526 2624 φησιν
1576 2554 1606 2606 ό
1649 2553 1870 2626 Κύριος.
1901 2555 2025 2618 Πῶς

443 2645 624 2699 τοίνυν
676 2646 734 2698 ὲν
783 2644 968 2714 κόκκῳ
1022 2643 1240 2698 πάντων
1288 2643 1621 2714 σπερμάτων
1674 2645 2026 2718 ἀμυδροτέρῳ

442 2739 645 2809 ἀπειρα
691 2735 890 2808 πλήθη,
925 2735 1020 2788 καὶ
1053 2736 1212 2808 δῆμοι
1255 2735 1502 2804 ἀγγέλων
1545 2735 1640 2789 καὶ
1669 2735 2025 2808 ἀρχαγγέλων

439 2832 800 2903 χωρήσωσιν;
844 2828 1006 2883 Ἀλλὰ
1030 2831 1248 2893 πάντως
1274 2832 1341 2902 τῇ
1373 2829 1540 2883 εἰκόνι
1561 2829 1732 2901 ταύτῃ
1761 2829 2025 2902 κέχρηται

437 2925 468 2978 ὁ
505 2923 783 2992 πάνσοφος
815 2923 1042 2996 Κύριος,
1087 2922 1120 2994 ἢ
1168 2921 1255 2975 διὰ
1282 2922 1383 2992 τὴν
1412 2921 1602 2995 εὐτελῆ
1645 2922 1744 2993 τῆς
1777 2917 2024 2975 ἑκουσίου

439 3014 739 3085 πτωχείας,
785 3016 881 3069 καὶ
909 3016 1046 3088 πρὸς
1073 3015 1173 3085 τὴν
1207 3015 1482 3086 ἡμετέραν
1527 3015 1862 3086 βραχύτητα,
1897 3032 2026 3083 συγ-

440 3106 768 3172 κατάῦασιν,
800 3107 868 3160 δι’
897 3100 966 3178 ἧς
1004 3108 1136 3176 ἡμῖν
1178 3104 1326 3169 σκιὰ,
1370 3106 1463 3158 καὶ
1491 3105 1755 3174 ἀνάφυξις
1786 3105 1896 3158 τῶν
1935 3105 2031 3158 ἀλ-

441 3199 638 3269 γεινῶν
671 3200 774 3270 τῆς
814 3199 1099 3272 παρούσης
1141 3197 1286 3271 ζωῆς
1328 3200 1567 3268 γίνεται·
1614 3197 1646 3269 ἦ
1694 3196 1783 3250 διὰ
1827 3197 1926 3268 τὴν
1973 3199 2031 3251 ὲν

442 3292 584 3364 ἀρχῇ
631 3291 726 3345 τοῦ
775 3291 1133 3362 εὐαγγελικοῦ
1150 3291 1402 3362 ποιμνίου
1455 3289 1806 3363 μετριότητα,
1859 3289 1892 3360 ἢ
1943 3288 2032 3342 διά

439 3384 542 3456 τὴν
570 3384 671 3456 τῆς
721 3384 975 3455 Θεότητος
1021 3381 1117 3437 τοῦ
1162 3383 1337 3454 Λόγου
1372 3383 1698 3456 δριμύτητα,
1739 3382 1806 3435 δι’
1836 3375 1904 3454 ἦς
1948 3399 2030 3436 νι-

443 3477 610 3547 φάδες
639 3475 912 3532 κινοῦνται
963 3474 1216 3548 δακρύων
1247 3479 1362 3539 τοῖς
1391 3475 1562 3547 ἡδέως
1603 3473 1698 3528 καὶ
1730 3473 1915 3545 άὸρῶς
1963 3472 2029 3526 δι’

443 3569 646 3641 ἀρετῆς
683 3569 972 3640 μετέχουσι
1022 3568 1122 3622 τοῦ
1155 3566 1349 3638 νοητοῦ
1392 3567 1494 3637 τῆς
1545 3567 1833 3638 μετανοίας
1882 3565 2032 3619 σινά-

442 3677 615 3724 πεως·
651 3653 712 3714 οὗ
735 3661 832 3714 καὶ
852 3645 1188 3723 δ’θεσπέσιος
1211 3658 1375 3716 Δαὸὶδ
1406 3657 1818 3730 ἐμφορούμενος
1850 3657 2030 3728 μελῳ-

442 3746 542 3809 δεῖ,
577 3748 791 3802 Λούσω
819 3749 946 3802 καθ’
980 3747 1251 3814 ἑκάστην
1282 3747 1472 3800 νύκτα
1496 3745 1616 3813 τὴν
1641 3747 1865 3814 κλίνην
1889 3764 2028 3813 μου,

440 3836 512 3890 ἐν
537 3836 798 3906 δάκρυσί
815 3854 934 3908 μου
963 3835 1081 3904 τὴν
1133 3833 1456 3904 στρωμνήν
1483 3852 1603 3903 μου
1654 3834 1874 3901 βρέξω.
1923 3833 2032 3886 Καὶ

442 3930 628 3996 πάλιν,
658 3935 740 3985 Δι’
770 3931 1023 3997 ἐξόδους
1061 3929 1298 3986 ὑδάτων
1331 3927 1676 3981 κατέδυσαν
1711 3930 1764 3980 οι
1807 3928 2032 3996 ὀφθαλ-

435 4025 541 4094 μοί
582 4040 741 4094 μου·
791 4024 823 4094 ἢ
877 4023 966 4076 διὰ
1002 4023 1101 4093 τὴν
1155 4020 1456 4093 μέλλουσαν
1507 4019 1660 4072 Θείαν
1700 4018 1882 4089 κρίσιν
1919 4017 2035 4088 δρι-

445 4119 606 4187 μεῖαν
635 4115 940 4186 ἐπάγεσθαι
978 4117 1094 4177 τοῖς
1128 4112 1454 4185 ἡττημένοις
1483 4109 1561 4182 τῷ
1592 4109 1815 4180 χείρονι,
1849 4108 2032 4173 καθὼς

443 4210 623 4276 πάντη
678 4209 712 4277 ἡ
765 4207 883 4260 Θεία
929 4205 1119 4277 Πυκτὴ
1162 4203 1628 4275 διαμαρτύρεται,
1683 4204 1776 4257 καὶ
1831 4205 1864 4275 ἡ
1923 4203 2033 4257 τῶν

442 4296 548 4361 ἔξω
579 4295 860 4360 παίδευσις
888 4295 976 4350 διὰ
1007 4295 1294 4358 Πλάτωνος
1323 4295 1450 4358 τοὺς
1483 4295 1540 4346 ὲν
1573 4294 1706 4366 πυρὶ
1747 4294 2029 4357 κωκυτοὺς

442 4386 678 4442 ἀπειλεῖ.
721 4387 789 4439 Ἦ
822 4387 911 4441 διὰ
943 4386 1041 4457 τὴν
1071 4387 1313 4457 ἄτμητον
1345 4385 1441 4438 καὶ
1471 4384 1776 4457 ἀδῒαίρετον
1804 4383 1896 4437 τοῦ
1928 4383 2031 4437 Λό-

440 4497 540 4551 γου
573 4480 669 4534 καὶ
699 4479 801 4550 τῆς
841 4480 1044 4551 σαρκὸς
1071 4478 1262 4532 ἕνωσιν
1302 4477 1395 4531 καὶ
1427 4476 1557 4548 μίαν
1585 4478 1906 4541 ὑπόστασιν,
1935 4475 2028 4528 οὐ-

441 4573 554 4626 δενὶ
589 4572 731 4644 λόγῳ
777 4572 811 4642 ἢ
845 4571 1060 4644 ἐπινοίᾳ
1100 4568 1505 4640 διαιρουμένην.
1559 4569 1878 4622 Διεκπίπτει
1921 4567 2031 4639 γὰρ

442 4657 602 4724 αὖθις
629 4662 739 4714 τῶν
771 4661 1052 4716 δακτύλων
1089 4660 1191 4731 τῆς
1225 4659 1464 4721 διανοίας
1493 4656 1601 4712 τῶν
1628 4656 1979 4728 διαιρούντων
2007 4659 2036 4710 ὁ

445 4750 588 4813 Θεϊος
618 4751 720 4820 τῆς
773 4751 1052 4821 βασιλείας
1099 4752 1324 4816 κόκκος,
1372 4749 1706 4820 βλασφήμων
1753 4749 2036 4820 παλάμαις

443 4840 792 4911 ὲγκλείεσθαι
844 4843 978 4912 μηδὲ
1028 4843 1166 4906 ὅλως
1208 4843 1556 4913 ἀνεχόμενος.
1604 4841 1744 4894 Ἀλλ’
1778 4841 1899 4895 οὐδὲ
1943 4859 2040 4896 σα-

444 4935 564 5005 φῶς
600 4933 692 4986 τὸν
727 4934 1133 5004 παροιμιαστὴν
1163 4933 1488 5004 Σολομῶντά
1525 4951 1610 4996 τις
1650 4933 1958 5000 ἐπίσταται,
1989 4934 2040 4987 εἰ

445 5025 698 5099 περὶτοῦ
729 5024 866 5078 Θεοῦ
909 5024 1076 5095 φησὶν
1104 5025 1186 5092 τὸ,
1238 5026 1452 5094 Κύριος
1489 5023 1696 5078 ἔκτισέ
1728 5043 1826 5095 με.
1873 5024 1936 5079 Εἰ
1978 5025 2036 5078 δὲ

445 5119 542 5176 καὶ
569 5118 744 5183 οὕτως
786 5120 920 5190 ἡμῖν
952 5117 1220 5190 ὲξελήφθη
1256 5119 1288 5189 ἡ
1324 5116 1415 5170 τοῦ
1456 5116 1629 5186 Σοφοῦ
1676 5119 1855 5190 ῥῆσις,
1889 5118 2037 5171 δοκεῖ

450 5228 540 5281 μοι
571 5211 672 5280 τὴν
701 5209 1022 5283 θεανδρικὴν
1065 5209 1160 5263 τοῦ
1192 5209 1398 5281 Κυρίου
1437 5209 1719 5281 σημαίνειν
1754 5209 2036 5281 ἐπιφοίτη-

449 5321 554 5369 σιν,
604 5304 860 5373 φάσκωνε
893 5305 1110 5373 Κύριος
1147 5302 1351 5358 ἔκτισέ
1391 5320 1464 5371 με
1492 5302 1691 5372 ἀρχὴν
1731 5303 1888 5357 ὁδῶν
1926 5305 2034 5357 αὐ-

446 5395 576 5458 τοῦ,
597 5397 684 5462 εὶς
715 5397 859 5466 ἔργα
894 5395 1102 5462 αὑτοῦ,
1137 5395 1250 5465 πρὸ
1282 5395 1389 5450 τοῦ
1421 5393 1639 5462 αἰῶνος
1675 5395 2037 5465 ἐθεμελίωσέ

443 5502 540 5554 με,
573 5487 689 5554 πρὸ
717 5486 786 5540 δὲ
813 5486 1056 5540 πάντων
1076 5487 1324 5550 βουνῶν
1352 5485 1537 5556 γεννᾷ
1558 5504 1654 5558 με.
1700 5485 1824 5551 Πῶς
1854 5480 1946 5539 οὖν
1975 5484 2037 5538 τὸ

448 5576 787 5649 γεννώμενον
818 5576 1179 5648 Θεμελιοῦται,
1212 5579 1331 5642 πῶς
1369 5579 1425 5632 δὲ
1470 5580 1532 5634 τὸ
1563 5579 1880 5649 κτιζόμενον
1911 5595 2034 5648 γεν-

1910 367 2258 428 DIALOCUS
2286 373 2326 426 1.

3609 376 3713 434 893

2543 485 3064 543 INTERROGATIO
3109 485 3319 544 XXXV.

2206 601 2495 667 Quomodo
2525 618 2658 657 vero
2699 618 2808 669 non
2859 601 3110 658 dicemus
3152 610 3396 658 creatum
3448 618 3574 660 esse
3623 601 3718 659 Fi-

2134 696 2290 760 lium,
2325 695 2393 751 de
2434 696 2554 766 ipso
2589 697 2643 750 iu
2692 695 2939 765 Epistula
2974 695 3191 760 dicente
3221 695 3489 764 Apostolo
3527 715 3540 750 :
3583 695 3718 750 Sus-

2133 788 2289 856 cipite
2314 787 2616 856 pontiﬁcem
2663 787 2787 856 ﬁdei
2824 795 3010 840 vestra:
3033 827 3048 854 ,
3089 787 3176 855 qui
3220 785 3394 853 ﬁdelis
3429 796 3506 840 est
3547 787 3595 840 ei
3623 787 3716 856 qui

2133 878 2407 932 constituit
2444 879 2616 946 ipsum
2631 878 2716 936 '3?
2748 879 2834 940 Et,
2869 877 3072 932 Nolunt
3109 877 3176 930 sit
3207 877 3375 941 vobis,
3408 878 3579 931 omnis
3619 878 3718 931 do-

2133 987 2249 1024 mus
2273 969 2466 1034 Israel,
2501 969 2642 1040 quod
2665 970 2805 1024 hunc
2829 969 3013 1024 Iesum
3037 986 3187 1040 quem
3228 986 3316 1024 vos
3348 971 3714 1038 cruci/ixistis,

2133 1063 2421 1118 Dominunt
2447 1073 2496 1116 et
2530 1061 2803 1118 Christum
2826 1062 2967 1117 Deus
2993 1062 3115 1131 fecit
3133 1062 3177 1095 ”
3237 1062 3341 1117 Sed
3371 1069 3426 1118 et
3456 1062 3715 1116 Salomon

2133 1155 2312 1224 inquit
2342 1155 2396 1207 in
2418 1153 2888 1224 persona-Christi
2919 1154 2986 1208 ad
3020 1153 3186 1209 Deum
3220 1161 3274 1207 et
3302 1146 3519 1208 Patrem
3557 1172 3572 1208 :
3605 1152 3718 1206 Do-

2131 1249 2304 1300 minus
2340 1247 2534 1300 creavit
2573 1261 2676 1312 me,
2711 1246 2930 1311 initium
2963 1249 3166 1300 viarum
3200 1262 3422 1299 suarum
3450 1246 3521 1299 ad
3555 1261 3716 1315 opera

2130 1353 2230 1391 sua
2250 1337 2312 1392 ⁸⁸.

2767 1467 3074 1537 Responsio.

2201 1626 2338 1682 Cum
2371 1626 2536 1682 etiam
2565 1627 2622 1682 in
2649 1627 3091 1698 praecedentibus
3116 1627 3185 1682 de
3214 1626 3409 1683 iisdem
3439 1633 3716 1683 tractave-

2135 1718 2262 1786 rim,
2292 1719 2488 1774 iisdem
2517 1734 2713 1774 rursus
2744 1719 3016 1790 implicari
3049 1719 3410 1774 absurditatis
3435 1718 3601 1774 fuerit
3622 1727 3718 1773 aut

2133 1812 2293 1866 lusus
2334 1811 2585 1882 puerilis.
2635 1809 2772 1865 Nam
2818 1811 2967 1881 quod
3004 1812 3200 1881 inquit,
3245 1810 3368 1879 fecit
3408 1810 3603 1879 ipsum,
3638 1819 3715 1875 et,

2133 1905 2327 1959 creavit
2363 1920 2464 1968 me,
2497 1902 2564 1959 de
2588 1918 2757 1958 carne
2792 1903 3019 1974 intelligi
3049 1911 3205 1973 puto.
3241 1900 3502 1958 Videmus
3535 1908 3718 1957 autem

2133 2004 2187 2051 et
2213 1994 2605 2051 similitudines
2632 2009 2741 2048 non
2771 1992 2912 2048 idem
2946 2007 3069 2048 esse
3097 2007 3222 2054 cum
3254 1993 3418 2061 rebus
3444 1991 3720 2048 assimila-

2133 2088 2227 2143 tis.
2263 2085 2400 2141 Nam
2433 2086 2488 2141 in
2522 2085 2810 2141 Paroemiaa
2847 2085 3128 2140 volumine
3163 2085 3408 2157 positum
3450 2098 3576 2140 esse
3608 2082 3720 2138 sci-

2133 2196 2257 2237 mus
2309 2178 2466 2245 illud,
2506 2177 2768 2232 Dominus
2805 2178 3001 2231 creavit
3043 2193 3145 2231 me.
3197 2175 3482 2230 Pal-(nmiae
3528 2182 3715 2228 autem

2133 2271 2436 2327 allusiones
2489 2269 2739 2340 quaedam
2790 2275 2954 2332 sunt,
3003 2267 3059 2322 in
3107 2265 3295 2322 verbis
3343 2266 3498 2330 sitm;
3561 2257 3720 2334 οἶμος

2131 2364 2277 2420 enim
2333 2362 2477 2418 viam
2534 2361 2588 2415 in
2639 2368 2869 2416 externa
2918 2358 3172 2414 doctrina
3227 2355 3523 2426 signiﬁcat.
3569 2353 3719 2420 Qua-

2133 2463 2356 2527 propter
2389 2463 2445 2510 et
2475 2453 2773 2508 allusiones
2819 2460 2873 2507 et
2905 2451 3176 2520 imagines
3221 2462 3407 2503 rerum
3453 2455 3586 2502 sunt
3621 2461 3720 2517 pa-

2131 2547 2354 2603 rabolae.
2404 2544 2590 2600 Simile
2620 2552 2698 2598 est
2731 2554 2947 2613 regnum
2988 2539 3241 2594 caelorum
3273 2553 3441 2608 grano
3487 2537 3717 2605 sinapis,

2134 2640 2312 2710 inquit
2345 2636 2688 2692 Dominus“.
2725 2632 3016 2700 Quomodo
3040 2646 3171 2687 vero
3207 2630 3262 2684 in
3295 2644 3468 2700 grano
3509 2629 3719 2697 sinapis

2132 2731 2380 2787 omnium
2411 2729 2685 2784 seminum
2719 2725 3098 2780 minutissime
3131 2722 3416 2776 immensa:
3465 2719 3721 2774 multitu-

2132 2824 2292 2878 dines
2324 2829 2378 2876 et
2416 2819 2674 2874 nationes
2703 2816 3025 2888 angelorum
3055 2820 3111 2868 et
3141 2810 3600 2882 archangelorum
3639 2809 3720 2863 lo-

2133 2930 2256 2971 cum
2287 2912 2589 2975 habebunt,
2623 2908 2730 2964 nisi
2765 2907 3014 2962 dicamus
3035 2901 3396 2959 similitudine
3417 2915 3575 2955 usum
3597 2913 3722 2955 esse

2134 3004 2604 3078 sapientissimum
2646 2999 2938 3054 Dominum
2966 3036 2982 3062 ,
3029 2995 3198 3065 idque
3225 2994 3312 3050 vel
3350 2998 3575 3063 pr0pter
3615 2990 3720 3044 bu-

2132 3099 2316 3154 milem
2353 3094 2678 3151 voluntariae
2725 3088 3071 3162 paupertatis
3121 3093 3176 3143 et
3218 3085 3286 3140 ad
3341 3093 3589 3139 nostram
3634 3090 3721 3136 te-

2133 3191 2398 3245 nuitatem
2430 3184 2845 3248 demissionem,
2883 3195 2978 3252 per
3021 3191 3186 3248 quam
3231 3175 3391 3231 nobis
3437 3173 3635 3227 umbra
3665 3182 3722 3226 et

2130 3278 2486 3350 refrigerium
2520 3276 2579 3331 lit
2605 3275 2857 3330 dolorum
2887 3270 3175 3341 praesentis
3201 3268 3358 3333 vitae;
3388 3266 3472 3321 vel
3498 3270 3722 3335 propter

2131 3372 2575 3430 mediocritatem
2605 3365 2906 3437 evangelici
2939 3363 3141 3436 gregis,
3166 3361 3260 3432 qui
3286 3366 3406 3416 erat
3427 3358 3495 3412 ab
3526 3355 3718 3420 initio;

2132 3469 2219 3523 vel
2265 3472 2494 3537 propter
2537 3460 2849 3517 divinitatis
2887 3457 2942 3512 in
2976 3455 3160 3512 Verbo
3207 3451 3523 3508 acrcdinem
3549 3485 3567 3513 ,
3623 3461 3724 3516 per

2133 3573 2299 3631 quam
2335 3557 2557 3612 cientur
2590 3553 2744 3609 nives
2790 3549 3161 3622 lacr’ymarum
3205 3541 3462 3600 delicatis
3494 3546 3550 3595 et
3576 3537 3724 3631 moi:

2134 3628 2278 3707 libus
2324 3663 2422 3720 per
2458 3647 2720 3701 virtutem
2768 3638 3128 3698 intellectuali
3173 3633 3510 3706 paenitentiae
3541 3628 3722 3698 sinapi

2134 3739 2599 3814 participantibus
2634 3753 2648 3789 :
2697 3748 2810 3806 quo
2840 3741 2895 3788 et
2925 3731 3148 3786 divinus
3187 3733 3339 3780 vates
3379 3721 3613 3777 Davides
3661 3733 3724 3774 se

2133 3835 2394 3890 satiatum
2457 3831 2608 3884 canit
2649 3847 2663 3882 :
2713 3825 2925 3880 Lavabo
2967 3820 3192 3892 singulis
3248 3814 3490 3872 noctibus
3530 3815 3721 3866 lectum

2134 3941 2330 3988 meum,
2378 3921 2634 3991 lacrumis
2678 3918 2809 3970 meis
2839 3923 3070 3969 stratum
3113 3924 3285 3964 meum
3330 3904 3513 3976 rigabo
3530 3903 3596 3955 “.
3655 3901 3722 3955 Et

2133 4032 2379 4072 rursus:
2433 4009 2757 4066 Deam-sibus
2803 4019 3065 4076 aquarum
3108 3999 3367 4055 submersi
3413 4004 3537 4051 sunt
3582 3995 3723 4048 oculi

2134 4106 2326 4163 mei“.
2387 4103 2486 4158 Vel
2539 4102 2766 4172 propter
2824 4095 3069 4149 futurum
3121 4089 3367 4145 divinqu
3412 4086 3718 4157 judicium,

2134 4196 2280 4270 quod
2309 4194 2567 4250 acerbum
2601 4184 2949 4258 superveniet
2977 4183 3048 4237 iis
3085 4179 3179 4250 qui
3230 4176 3479 4270 superati
3518 4183 3648 4228 sunt
3689 4187 3722 4225 a

2134 4266 2284 4344 vitiis
2323 4301 2337 4342 :
2373 4277 2836 4356 quemadmodum
2890 4273 3095 4343 ubique
3134 4269 3320 4326 divina
3361 4266 3559 4338 pagina
3597 4278 3721 4334 pcr-

2137 4371 2312 4444 bibet,
2347 4386 2400 4432 ct
2444 4382 2687 4431 externae
2729 4366 2997 4424 doctrinae
3023 4379 3121 4434 per
3160 4361 3443 4415 Platonem
3479 4357 3722 4411 ululatus

2137 4470 2401 4542 lugubres
2431 4467 2487 4521 in
2525 4463 2635 4535 igni
2667 4461 2883 4517 futuros
2912 4459 3210 4512 minantur.
3252 4449 3350 4507 Vel
3382 4456 3604 4520 pr0ptcr
3635 4449 3722 4502 iu-

2139 4562 2374 4628 divisam
2399 4567 2454 4614 et
2485 4551 2908 4626 inseparabilem
2941 4547 3104 4604 Verbi
3139 4552 3192 4600 et
3226 4543 3415 4599 carnis
3437 4543 3723 4604 unionem,

2138 4663 2193 4710 et
2223 4669 2390 4708 unam
2438 4647 2802 4723 bypostasin,
2852 4643 3006 4699 nullo
3047 4643 3216 4695 verbo
3253 4644 3346 4692 aut
3391 4633 3727 4706 cogitatione

2140 4746 2525 4817 separabilem.
2557 4741 2694 4795 Nam
2719 4740 2870 4800 illico
2900 4735 3106 4793 excidit
3135 4733 3382 4787 divinum
3412 4727 3564 4799 regni
3598 4741 3726 4797 gra-

2141 4855 2272 4894 num
2309 4851 2412 4908 per
2439 4835 2641 4905 digitos
2684 4831 2884 4886 mentis
2925 4841 3116 4883 eorum
3159 4825 3253 4896 qui
3289 4823 3562 4882 dividunt,
3601 4817 3724 4872 bla-

2143 4931 2501 5001 spliemorum
2529 4923 2782 4978 manibus
2804 4919 3009 4975 includi
3042 4927 3390 4987 nequaquam
3423 4909 3717 4966 sustinens.

2146 5020 2254 5076 Sed
2289 5032 2470 5089 neque
2503 5014 2802 5071 manifesto
2848 5011 3142 5082 quisquam
3182 5006 3325 5062 scire
3354 5007 3556 5073 potest,
3593 5013 3728 5053 num

2144 5112 2546 5168 Parmmiarum
2583 5108 2823 5176 scriptor
2856 5105 3117 5160 Salomon
3151 5099 3219 5154 de
3244 5096 3383 5152 Filio
3412 5094 3510 5150 Dei
3541 5093 3729 5162 loqua-

2145 5214 2258 5273 tur,
2293 5219 2419 5258 cum
2454 5203 2553 5269 ait,
2585 5199 2846 5254 Dominus
2875 5197 3070 5250 creavit
3106 5209 3186 5247 me
3213 5209 3232 5248 :
3273 5189 3358 5245 vel
3389 5184 3605 5243 etiamsi
3647 5182 3730 5238 sic

2145 5297 2450 5368 accipiatur
2486 5291 2752 5364 sapientis
2780 5289 2933 5344 illius
2967 5287 3068 5342 viri
3091 5286 3319 5347 dictum,
3346 5280 3566 5335 videtur
3594 5275 3730 5329 milii

2145 5391 2458 5462 signiﬁcare
2488 5386 2784 5441 adventum
2814 5380 2955 5435 uniti
2996 5393 3121 5432 cum
3150 5375 3261 5431 Deo
3309 5370 3572 5433 hominis,
3601 5380 3728 5462 cum

2145 5486 2222 5538 ait
2248 5503 2263 5537 :
2300 5481 2556 5537 Dominus
2585 5477 2782 5533 creavit
2807 5492 2906 5539 me,
2932 5474 3146 5527 initium
3174 5471 3382 5524 viarum
3413 5475 3633 5518 suarum
3659 5458 3729 5510 ad

2144 5591 2302 5644 opera
2341 5589 2461 5626 sua.
2508 5569 2643 5624 Ante
2682 5582 2848 5624 arvum
2892 5579 2970 5618 me
3001 5560 3269 5631 fundavit,
3318 5565 3367 5609 et
3400 5561 3520 5608 ante
3549 5564 3730 5604 omnes

522 5783 568 5814 ³⁸
597 5781 761 5840 llebr.
795 5798 875 5853 ιιι,
912 5783 962 5848 Ι,
991 5784 1045 5838 2.
1124 5783 1169 5816 ³³
1192 5783 1314 5842 Act.
1347 5799 1404 5853 ιι,
1438 5784 1529 5840 56.
1605 5786 1649 5822 ιο
1674 5787 1834 5845 Prov.
1863 5785 2030 5853 vm,i

2179 5781 2220 5815 "
2256 5779 2446 5838 Matth.
2479 5792 2603 5845 xm,
2633 5775 2722 5832 5|.
2803 5774 2847 5805 δ’
2877 5768 3024 5827 Psal.
3049 5782 3129 5836 vn,
3157 5763 3214 5818 7.
3291 5759 3337 5793 "
3366 5757 3511 5815 Psal.
3533 5769 3731 5819 cxvm,

455 5851 578 5907 ιδιι.
