4082 6406
407 391 512 449 299

403 503 565 560 colles
590 501 760 572 gignit
789 499 952 554 me“.
997 496 1285 564 Quomodo
1316 496 1484 568 igitur
1511 498 1756 569 genitum
1788 496 1986 551 l'umla-

399 591 536 648 ztur?
564 598 656 644 aut
685 587 963 659 quomodo
983 595 1229 642 creatum
1261 587 1540 658 gignitur?
1572 585 1708 640 Nam
1739 596 1985 642 creatum

406 686 647 757 genitum
693 698 802 737 non
859 688 1072 744 est,,et
1125 682 1369 752 genitum
1421 690 1666 735 creatum
1723 694 1832 734 non
1880 688 1982 736 est.

405 777 566 834 Aliud
591 775 735 832 enim
782 781 868 829 est
908 773 1062 839 illud,
1107 780 1160 828 et
1195 771 1343 828 aliud
1395 772 1520 826 hoc.
1571 771 1814 841 Utraque
1860 785 1990 826 vero

405 869 658 924 videmus
676 880 800 920 esse
824 862 1024 918 Filium
1057 881 1069 916 :
1103 864 1407 918 increatum
1432 863 1651 932 quidem
1682 861 1988 926 divinitate,

402 969 658 1015 creatum
690 971 822 1012 vero
852 955 1215 1011 humanitate.
1254 954 1350 1010 Est
1373 946 1556 1010 autem
1592 953 1848 1025 l'requens
1874 968 1991 1009 mos

407 1066 584 1106 sacrm
605 1049 930 1120 Scripturae,
956 1062 1019 1103 ea
1047 1063 1170 1117 quae
1204 1047 1363 1103 nobis
1393 1045 1618 1117 propria
1645 1053 1795 1112 sunt,
1839 1045 1988 1099 indi.

407 1153 538 1193 care
565 1131 828 1208 primum,
857 1143 912 1192 et
949 1136 1210 1207 deinceps
1242 1135 1576 1206 antiquiora.
1610 1133 1704 1189 Sic
1733 1133 1878 1190 enim
1914 1133 1993 1187 la-

393 1229 484 1284 .cit
531 1235 584 1282 et
619 1227 840 1282 divinus
880 1224 1192 1286 Mattheus,
1239 1241 1306 1281 ex
1360 1223 1856 1296 propinquioribus
1901 1238 1994 1279 or-

410 1319 566 1375 diens
615 1320 946 1374 annuntiare
1005 1320 1164 1375 nobis
1224 1318 1577 1389 Evangeliqu
1633 1317 1701 1372 de
1751 1317 1992 1372 Christo.

409 1408 583 1473 Liber,
644 1410 900 1480 inquiens
920 1409 989 1474 ⁵⁸,
1035 1411 1390 1480 generationis
1447 1408 1576 1464 Iesu
1628 1410 1852 1472 Christi,
1892 1409 1996 1478 ﬁlii

410 1501 651 1565 Davidis,
693 1502 797 1570 ﬁlii
827 1501 1121 1554 Ain-altami
1149 1517 1167 1554 :
1203 1501 1399 1572 partim
1426 1501 1646 1571 quidem
1671 1499 1891 1555 Judaeos
1919 1499 1998 1553 al-

413 1590 624 1653 liciens,
659 1589 801 1645 ﬁlios
839 1589 1138 1643 Abrahami
1187 1605 1310 1644 sese
1350 1589 1491 1644 falso
1531 1589 1912 1659 praedicantes,
1942 1597 1997 1643 et

408 1696 548 1736 vane
585 1697 646 1736 se
673 1681 948 1751 jaotantes
993 1688 1217 1750 propter
1247 1680 1397 1736 viros
1440 1691 1700 1744 sanctos,
1751 1695 1990 1751 quorum

409 1772 535 1827 vitae
564 1773 833 1825 rationem
885 1785 992 1826 non
1048 1769 1451 1824 imitabantur:
1496 1769 1694 1840 partim
1731 1785 1859 1825 vero
1903 1785 1996 1823 ru-

409 1864 594 1920 diores
641 1879 738 1933 per
786 1863 1180 1935 prepinqniora
1229 1863 1282 1917 in
1334 1863 1575 1918 divinam
1626 1863 1993 1934 cognitionem

409 1956 641 2018 ducens,
670 1964 726 2010 et
768 1954 822 2008 in
868 1955 1164 2024 Evangelia
1193 1954 1390 2009 deinde
1432 1955 1808 2025 progrediens,
1840 1954 1994 2009 ordi-

413 2056 503 2101 tur
530 2047 713 2102 divina
743 2041 1048 2118 praedicare
1097 2046 1165 2101 de
1202 2045 1447 2113 Christo,
1476 2046 1634 2116 quasi
1664 2061 1760 2117 per
1789 2046 1993 2102 scalam

411 2133 652 2204 aliquam
700 2135 1015 2191 subducens
1045 2135 1112 2190 ad
1155 2134 1429 2190 diviniora
1477 2141 1729 2191 nostrum
1781 2135 1996 2191 intelle-

411 2235 585 2281 ctum.
638 2226 821 2297 lnquit
866 2229 1035 2299 igitur
1075 2243 1259 2282 rerum
1299 2227 1609 2283 divinarum
1649 2229 1858 2298 peritus
1907 2229 1999 2284 ille

413 2317 680 2372 Salomon
716 2337 729 2370 :
762 2317 1024 2374 Dominus
1051 2320 1248 2374 creavit
1275 2336 1377 2384 me,
1398 2320 1612 2374 initium
1636 2322 1840 2375 viarum
1867 2338 1996 2376 sua.

413 2425 532 2461 rum
561 2424 580 2462 :
609 2409 826 2463 initium
859 2409 1076 2464 scilicet
1106 2409 1207 2464 via:
1243 2409 1471 2479 justitiaa
1505 2409 1809 2482 Evangelii,
1850 2411 1997 2482 quod

409 2506 497 2554 est
523 2499 825 2554 secundum
857 2516 1079 2556 carnem
1115 2500 1276 2556 nobis
1305 2518 1372 2556 ex
1405 2510 1680 2572 perpetuae
1705 2503 1998 2574 virginita-

409 2591 484 2646 tis
528 2599 702 2646 matre
745 2590 916 2647 Maria
980 2594 1238 2649 nativitas
1288 2592 1384 2650 Dei
1443 2592 1632 2660 Verbi,
1683 2595 1832 2664 quod
1878 2606 2000 2651 ante

412 2700 579 2737 (enim
604 2701 681 2738 me
701 2684 965 2753 fundarit.
991 2684 1295 2757 Antequam
1323 2687 1614 2744 circularis
1636 2695 1781 2743 esset
1807 2689 2002 2745 hebdo-

415 2773 574 2828 mada
599 2776 786 2829 saaculi
811 2778 1122 2846 prwscntis,
1153 2785 1308 2833 sexta
1357 2779 1447 2834 die
1478 2779 1665 2834 anima
1702 2779 1759 2834 in
1793 2781 2000 2838 Adamo

415 2866 642 2921 fundata
691 2875 776 2923 est
821 2869 891 2923 ab
941 2869 1137 2940 opiﬁce
1170 2876 1382 2925 natura:
1412 2878 1638 2927 nostrae.
1694 2871 1877 2942 Atque
1917 2873 2001 2928 sic

391 2969 538 3030 post
567 2969 779 3018 sextam
809 2963 1043 3034 septima
1066 2965 1230 3036 hujus
1263 2966 1449 3022 saeculi
1477 2967 1836 3022 constituitur
1857 2965 2000 3034 dies,

415 3055 616 3124 septies
649 3054 704 3109 in
738 3057 1087 3128 semetipsam
1132 3059 1377 3115 revoluta
1408 3074 1507 3130 per
1537 3066 1714 3114 totum
1751 3073 1996 3130 prmsens

410 3167 692 3224 Str-culum.
720 3167 800 3224 Ad
821 3168 1097 3228 diviniora
1125 3179 1308 3228 autem
1343 3179 1398 3227 et
1428 3173 1740 3243 antiquiora
1771 3173 1999 3244 pregre;

412 3260 594 3323 diens,
641 3261 866 3330 inquit:
911 3263 1047 3319 Ante
1083 3280 1264 3320 omnes
1305 3264 1470 3318 colles
1516 3265 1681 3335 gignit
1730 3278 1856 3319 me:
1900 3279 1999 3333 per

411 3348 620 3413 colles,
672 3351 777 3406 hoc
826 3353 983 3418 loco,
1023 3355 1194 3411 cmlos
1230 3355 1314 3411 vel
1361 3361 1509 3410 certe
1537 3369 1632 3411 eas
1663 3370 1786 3426 quae
1830 3369 2001 3423 supra

409 3437 586 3492 celos
628 3444 759 3493 sunt
803 3449 1101 3509 potestates
1147 3443 1492 3514 signiﬁcans.
1523 3442 1644 3500 Non
1673 3445 1820 3500 enim
1848 3445 1999 3509 caeli,

411 3541 527 3582 non
562 3528 760 3598 angeli,
804 3544 912 3584 non
941 3533 1280 3604 archangeli,
1313 3550 1424 3590 non
1463 3539 1728 3606 temporis
1759 3535 2004 3607 qualitas

414 3627 513 3673 alii.
541 3620 844 3689 quantitas,
893 3637 1000 3676 non
1041 3626 1329 3689 saeculum,
1361 3641 1472 3680 non
1502 3626 1653 3681 aliud
1700 3627 2000 3698 quidquam

414 3710 562 3780 quod
599 3710 830 3780 cogitari
874 3712 956 3766 vel
996 3712 1106 3768 diei
1152 3721 1355 3784 potest,
1391 3717 1679 3787 antiquius
1718 3726 1804 3774 est
1837 3717 1999 3774 Filio.

416 3801 550 3854 Nam
579 3801 701 3871 ipse
729 3803 1064 3859 saeculorum
1097 3806 1349 3862 conditor
1380 3815 1491 3874 est,
1523 3810 1880 3880 omniumque
1913 3827 2002 3867 re-

415 3910 538 3949 rum
591 3895 648 3950 in
681 3896 1046 3964 universum,
1085 3907 1274 3970 aperte
1306 3901 1578 3958 clamante
1615 3903 1788 3960 Paulo
1831 3920 1846 3957 :
1899 3903 2005 3960 Per

415 4004 566 4057 quem
609 3997 660 4043 et
703 3989 898 4044 secula
934 3992 1280 4061 condidit“;
1322 4002 1397 4058 et,
1433 3993 1500 4050 In
1534 3996 1646 4065 ipso
1666 4006 1850 4053 creata
1885 4007 2013 4052 sunt

417 4080 664 4133 universa
695 4089 806 4134 tam
835 4085 1184 4152 aspectabilia
1221 4102 1382 4156 quam
1412 4088 1840 4158 inaspectabilia,
1877 4105 2009 4159 quo-

417 4171 562 4224 niam
601 4172 780 4225 omnia
800 4188 897 4242 per
925 4175 1100 4239 ipsum
1141 4176 1289 4246 facta
1317 4187 1442 4232 sunt
1461 4179 1526 4234 δ’.
1578 4178 1813 4234 Creatur
1842 4179 2009 4250 igitur

415 4278 482 4316 ex
534 4262 703 4318 Maria
739 4265 954 4322 ratione
995 4268 1178 4324 carnis
1220 4279 1536 4342 a‘ssumptae,
1583 4269 1848 4326 fundatur
1876 4285 2009 4326 vero

415 4353 601 4408 ultima
651 4353 704 4407 in
737 4366 924 4412 creato
955 4373 1220 4426 corpore;
1277 4362 1535 4432 utrisque
1581 4371 1766 4418 autem
1819 4363 2010 4416 unitus

1431 379 1490 438 S.
1521 382 1824 439 CAESAR"
1859 381 2184 439 GRECURII
2223 382 2528 440 FRATRIS

3553 389 3664 447 900

2088 499 2277 564 vitai;
2312 499 2384 550 Τὸ
2413 497 2522 569 γὰρ
2556 494 2772 550 κτιστὸν
2801 497 2860 551 οὺ
2891 497 3167 570 γεννητὸν,
3198 497 3258 552 τὸ
3283 497 3339 552 δὲ
3383 501 3665 570 γεννητὸν,

2087 592 2148 645 οὗ
2193 591 2448 645 κτιστὸνο
2504 591 2689 660 ἕτερον
2735 589 2845 662 γὰρ
2885 591 3079 657 ἐκεῖνο,
3125 591 3351 665 θάτερον
3391 591 3446 644 δὲ
3488 592 3663 665 τοξτο.

2109 683 2416 754 ’Δμφότερα
2450 683 2507 735 δὲ
2543 683 2759 755 ὁρῶμεν
2796 659 2924 736 οντα
2969 683 3060 736 τὸν
3089 682 3218 736 Υ-ίόν
3237 659 3269 713 ’ν
3287 683 3537 737 ἄκτιστον
3555 659 3668 756 ’μὲν

2089 773 2327 844 θεότητι,
2363 774 2578 828 κτιστὸν
2619 775 2677 828 δὲ
2731 774 3130 846 ἀνθρωπὸτητι.
3181 774 3321 827 Ἀλλ’
3366 773 3487 838 ἔθος
3535 775 3665 828 πολ-

2087 865 2249 937 λαχοῦ
2285 869 2349 937 τῇ
2385 867 2505 938 θείᾳ
2540 867 2730 939 Γραφῇ
2760 868 2828 922 τὰ
2855 867 3131 936 ἐγγύτατα
3169 869 3302 939 ἡμῖν
3341 867 3535 939 πρῶτα
3565 885 3665 939 ση-

2093 959 2325 1030 μαίνειν,
2375 958 2567 1013 καὶτὰ
2613 960 2836 1031 ἀρχαῖα,
2885 959 3134 1030 δεύτερα.
3169 958 3328 1013 Οὕτω
3354 961 3463 1033 γὰρ
3513 962 3604 1014 καὶ
3635 963 3669 1016 6

2092 1049 2236 1114 θεῖος
2263 1049 2538 1113 Mat-chio;
2587 1052 2751 1114 ποιεῖ,
2785 1049 2849 1102 ἐκ
2881 1048 2990 1103 τῶν
3035 1050 3347 1122 ὲγγυτέρων
3388 1051 3480 1104 καὶ
3512 1052 3669 1123 εὐλη-

2092 1144 2374 1213 πτοτέρων
2403 1142 2704 1215 ἀρχόμενος
2743 1144 2873 1214 ἡμῖν
2910 1141 3004 1202 ,τὸν
3053 1143 3288 1214 Χριστὸν
3319 1143 3668 1213 εὐαγγελίζε-

2091 1251 2181 1287 ται
2205 1252 2218 1264 ο
2250 1235 2470 1301 Βίϐλος
2500 1233 2794 1304 γενέσεως
2850 1234 3051 1302 Ἰησοῦ
3091 1235 3369 1302 Χριστοῦ,
3398 1235 3531 1290 υἱοῦ
3561 1240 3672 1290 Δα-

2095 1327 2208 1392 ϐὶδ,
2236 1327 2371 1381 υἱοῦ
2413 1325 2694 1396 Ἀϐραάμ·
2726 1325 2882 1379 τοῦτο
2914 1326 3011 1397 μὲν
3047 1326 3330 1390 Ἰουδαίους
3357 1328 3671 1399 ἐπισπώμε-

2094 1437 2203 1485 νος,
2235 1420 2400 1474 τέκνα
2429 1419 2522 1472 τοῦ
2582 1419 2834 1490 Ἀϐραὰμ
2881 1419 3145 1490 ὑπάρχειν
3185 1419 3669 1492 ψευδηγοροῦντας,

2096 1513 2190 1566 καὶ
2218 1511 2647 1583 σεμνυνομένους
2681 1512 2803 1580 εἰκῆ
2850 1511 2964 1574 τοῖς
3008 1510 3335 1575 θεσπεσίοις,
3366 1505 3444 1565 ὧν
3485 1530 3543 1565 τε
3571 1514 3670 1582 τὴν

2096 1602 2370 1656 πολιτείαν
2418 1603 2518 1656 οὐκ
2587 1602 2959 1672 ἐμιμήσαντοο
3007 1599 3162 1654 τοῦτο
3212 1601 3270 1655 δὲ
3319 1602 3672 1672 νηπιάζοντος

2097 1694 2178 1748 ἔτι
2209 1695 2304 1748 τοῦ
2341 1694 2529 1748 θιάσου
2567 1696 2632 1747 ἐκ
2659 1694 2767 1747 τῶν
2795 1694 3105 1767 ἐγγυτέρων
3147 1696 3292 1765 ἡμᾶς
3326 1697 3406 1760 εἰς
3443 1696 3674 1766 θεογνω-

2098 1787 2218 1841 σίαν
2260 1787 2502 1858 ποδηγεῖ,
2543 1786 2638 1840 καὶ
2684 1785 2888 1860 προῖὼν
2916 1787 2995 1857 τῷ
3059 1787 3370 1859 Εὐαγγελίῳ
3407 1789 3675 1858 θεολογεῖν

2097 1881 2188 1934 τὸν
2218 1880 2452 1951 Χριστὸν
2477 1879 2723 1949 ἄρχεται,
2751 1879 2941 1951 ὥσπερ
2968 1879 3056 1934 διὰ
3079 1880 3345 1950 κλίμακάς
3375 1899 3515 1946 τινος
3544 1882 3677 1936 ἀνά-

2095 1991 2208 2042 γων
2255 1970 2412 2043 ἡμῶν
2465 1970 2604 2042 πρὸς
2660 1970 2731 2024 τὰ
2782 1971 3031 2042 θειότερα
3082 1971 3182 2043 τὴν
3226 1971 3484 2027 διάνοιαν.
3539 1975 3676 2046 Φησὶ

2095 2062 2224 2131 γοῦν
2272 2063 2300 2115 ὁ
2338 2061 2444 2115 τῶν
2485 2060 2644 2114 θείων
2692 2061 2853 2130 σοφὸς
2898 2060 3171 2131 Σολομὼν,
3217 2059 3437 2132 Κύριος
3473 2063 3676 2120 ἔκτισέ

2095 2170 2172 2225 με
2224 2153 2424 2223 ἀρχὴν
2455 2152 2612 2208 ὁδῶν
2657 2152 2878 2206 αὑτοῦ·
2921 2152 3096 2224 ἀρχὴν
3140 2153 3249 2226 γὰρ
3290 2154 3410 2208 ὁδοῦ
3455 2156 3550 2227 τῆς
3593 2156 3676 2210 δι-

2095 2247 2391 2320 καιοσύνης
2423 2247 2520 2300 τοῦ
2548 2246 2904 2314 Εὑαγγελίου,
2939 2248 2999 2300 τὸ
3026 2247 3168 2302 κατὰ
3217 2247 3396 2319 σάρκα
3447 2250 3581 2321 ἡμῖν
3612 2250 3680 2302 ἐκ

2098 2339 2200 2408 τῆς
2233 2338 2512 2402 ἁείπαιδος
2556 2337 2774 2410 Μαρίας
2801 2337 3055 2407 γενέσθαι
3094 2338 3186 2392 τὸν
3229 2339 3361 2394 Θεὸν
3401 2341 3592 2411 Λόγον,
3621 2341 3680 2404 ὃς

2097 2434 2211 2503 πρὸ
2257 2433 2366 2488 τοῦ
2389 2431 2608 2499 αἰῶνος
2637 2432 2995 2501 ἐθεμελίωσέ
3027 2450 3124 2502 με.
3162 2433 3277 2506 Πρὸ
3310 2433 3402 2487 τοῦ
3432 2435 3680 2502 γενέσθαι

2097 2527 2195 2596 τὴν
2251 2525 2517 2595 κυκλικὴν
2563 2524 2835 2595 ὲῦδομάδα
2880 2524 2976 2578 τοῦ
3031 2524 3297 2596 παρόντος
3346 2525 3564 2591 αἰῶνος,
3611 2527 3678 2596 τῇ

2097 2615 2232 2686 ἕκτῃ
2264 2615 2449 2687 ἡμέρᾳ
2478 2616 2512 2684 ή
2544 2614 2692 2685 ψυχὴ
2725 2615 2784 2668 ὲν
2813 2609 2894 2681 τῷ
2940 2614 3113 2687 Ἀδὰμ
3155 2615 3491 2687 ἐθεμελιώοη
3533 2617 3683 2686 παρὰ

2099 2707 2193 2760 τοῦ
2237 2708 2523 2778 οἰκοδόμου
2571 2709 2668 2778 τῆς
2713 2705 2927 2776 φύσεως
2969 2709 3149 2779 ἡμῶν,
3203 2708 3299 2763 καὶ
3327 2708 3502 2772 οὕτως
3547 2707 3685 2780 μετὰ

2106 2797 2204 2869 τὴν
2225 2798 2394 2868 ἕκτην
2418 2801 2452 2869 ἡ
2487 2798 2690 2868 ἑϐδόμη
2718 2797 2812 2851 τοῦ
2843 2797 3040 2862 αἰῶνος
3063 2798 3476 2872 δημιουργεῖται
3502 2798 3685 2869 ἡμέρα

2102 2887 2336 2952 ἑπτάκις
2366 2885 2818 2959 ἁνακυκλουμένη
2859 2889 2937 2953 εἰς
2975 2888 3174 2959 ἑαυτὴν
3220 2887 3310 2942 διὰ
3352 2888 3552 2953 παντὸς
3589 2886 3683 2942 τοῦ

2103 2979 2400 3044 ἐνεστῶτος
2435 2977 2652 3042 αἰῶνος.
2697 2980 2823 3033 Ἐπὶ
2850 2980 2907 3034 δὲ
2933 2980 3003 3034 τὰ
3031 2981 3280 3052 θειότερα
3325 2981 3418 3034 καὶ
3447 2979 3686 3052 ἀρχικώ-

2103 3087 2238 3142 τερα
2266 3070 2495 3142 προῖὼν,
2532 3071 2664 3142 φησὶ
2683 3089 2698 3102 ·
2724 3071 2842 3140 11ρό
2867 3070 2935 3124 δὲ
2971 3070 3213 3126 πάντων
3235 3070 3482 3137 ,Βουνῶν
3505 3069 3687 3142 τεν·νᾷ

2097 3179 2174 3233 με
2201 3179 2214 3193 ·
2260 3161 2483 3233 βουνοὺς
2517 3159 2752 3215 ἐνταῦθα
2793 3163 2918 3224 τοὺς
2942 3161 3228 3233 οὐρανοὺς,
3270 3163 3389 3233 ἦτοι
3421 3159 3522 3224 τὰς
3547 3161 3686 3232 ὑπὲρ

2102 3255 2300 3318 αὐτοὺς
2341 3253 2597 3324 δυνάμεις
2628 3252 2824 3324 δηλῶν.
2866 3254 2980 3308 Οὐκ
3011 3252 3229 3325 οὐρανοὶ
3267 3251 3399 3323 γὰρ,
3447 3251 3548 3306 οὐκ
3589 3251 3686 3321 ᾶγ-

2103 3343 2274 3415 γελοι,
2319 3344 2420 3396 οὐκ
2458 3343 2815 3414 ἁρχάγγελοι,
2859 3343 2920 3396 οὐ
2967 3343 3180 3414 καιρὸς,
3229 3342 3291 3396 οὐ
3337 3341 3545 3414 χρόνος,
3589 3340 3688 3395 οὐκ

2106 3434 2262 3498 αἰὼν,
2298 3436 2398 3505 οὐχ
2437 3434 2624 3506 ἕτερόν
2653 3451 2708 3487 τι
2748 3433 3036 3505 νοούμενον
3084 3434 3117 3508 ἢ
3163 3433 3522 3505 φραζόμενον,
3551 3449 3686 3504 πρε-
3738 3465 3754 3480 ι

2103 3525 2367 3598 σϐύτερον
2396 3525 2490 3579 τοῦ
2520 3525 2674 3579 Υἱοῦ.
2709 3527 2881 3591 Αὐτὸς
2912 3525 3023 3599 γὰρ
3051 3526 3285 3597 ὑπάρχει
3311 3525 3540 3597 ποιητὴς
3580 3523 3691 3578 τῶν

2108 3619 2322 3674 αἰώνων
2375 3618 2469 3672 καὶ⁸
2520 3618 2738 3673 πάντων
2789 3617 2957 3689 ὁμοῖν
2990 3616 3201 3670 Παύλου
3257 3617 3357 3688 μὲν
3397 3617 3690 3690 διαρρήδην

2108 3711 2344 3782 βοῶντος
2373 3709 2454 3778 τὸ,
2486 3710 2564 3763 Δι’
2604 3705 2677 3766 οὗ
2712 3709 2810 3762 καί
2854 3708 2997 3775 τοὺς
3032 3706 3254 3773 αἰῶνας
3291 3708 3562 3777 ἐποίησε,
3593 3709 3686 3761 καὶ

2108 3804 2191 3868 τὸ,
2241 3803 2337 3856 'Er
2367 3800 2528 3867 αὐτῷ
2550 3801 2796 3868 ἐκτίσθη
2831 3800 2903 3855 τὰ
2931 3799 3150 3865 πάντα,
3178 3798 3254 3852 τά
3278 3817 3340 3853 τε
3385 3800 3568 3868 ὁρατὰ
3591 3798 3693 3855 καὶ

2111 3896 2356 3963 ἀόρατα,
2395 3894 2487 3947 ὅτι
2523 3892 2721 3946 πάντα
2767 3891 2842 3946 δι’
2893 3891 3081 3946 αὐτοῦ
3131 3889 3388 3962 ἐγένετο.
3434 3891 3691 3957 Κτίζεται

2109 3982 2201 4040 οὖν
2226 3987 2291 4039 ὲκ
2318 3984 2536 4057 Μαρίας
2566 3983 2643 4054 τῷ
2669 3983 3078 4055 προσλήμματι,
3103 3982 3443 4054 θεμελιοῦται
3473 3983 3529 4036 δὲ
3547 3983 3689 4054 ψυχὴ

2109 4081 2168 4132 ὲν
2204 4076 2283 4148 τῷ
2316 4074 2619 4146 κτιζομὲνῳ
2650 4074 2885 4146 σώματι,
2916 4076 3123 4144 ἀμφοῖν
3149 4075 3208 4128 δὲ
3231 4077 3263 4128 ιό
3295 4075 3464 4144 Λόγος
3493 4075 3694 4129 καταλ-

2108 4169 2284 4240 λήλως
2317 4167 2560 4231 ὲνωθεὶς,
2599 4167 2815 4229 κτιστὸς
2852 4167 2951 4237 μὲν
2984 4169 3176 4237 ὁρᾶται
3205 4166 3412 4238 βροτὸς,
3443 4167 3692 4228 άκτιστος

2112 4259 2171 4312 δὲ
2217 4261 2419 4312 νοεῖται
2465 4257 2615 4323 Θεὸς,
2661 4258 2721 4323 ἐξ
2771 4258 3029 4313 ἀκτξστου
3082 4257 3293 4330 [ἰατρὸς
3354 4258 3566 4329 πατέρα
3617 4255 3690 4328 μὴ

2115 4349 2348 4420 ἔχοντος.

419 4443 620 4510 Verbo,
653 4454 870 4503 creatus
916 4449 1134 4518 quidem
1166 4453 1424 4508 cernitur
1460 4456 1656 4522 homo,
1687 4454 1972 4510 increatus
2023 4458 2205 4504 autem
2257 4443 2580 4514 intelligitur
2603 4441 2748 4499 Deus
2775 4458 2839 4498 es
2874 4446 3118 4497 increato
3152 4441 3316 4498 Patre
3367 4457 3434 4496 ac
3484 4449 3688 4512 patrem

416 4551 530 4590 non
559 4537 813 4592 habente.

815 4646 1336 4707 INTERROGATIO
1374 4652 1618 4711 XXXVI.

511 4737 581 4791 At
635 4741 912 4808 quomodo
965 4741 1083 4811 ipse
1138 4742 1311 4800 Filius
1350 4754 1597 4802 creatum
1649 4749 2000 4820 semetipsum

418 4829 686 4893 ostendit,
714 4828 902 4885 dicens
929 4851 943 4886 :
968 4831 1080 4902 Ego
1109 4849 1225 4887 sum
1249 4836 1445 4890 ostium
1471 4838 1727 4904 ovium",
1753 4850 1808 4895 et
1833 4841 2006 4895 via“?

420 4920 688 4977 Similiter
713 4929 767 4976 et
797 4937 826 4975 a
857 4925 1142 4994 prophetis
1186 4935 1413 4984 creatus
1457 4945 1580 4986 esse
1616 4932 1898 5001 innuitur;
1936 4931 2006 4986 ab

420 5011 563 5065 Isaia
594 5013 835 5082 quidem,
881 5030 1006 5070 cum
1050 5017 1187 5088 lapis
1223 5021 1528 5090 offensionis
1573 5023 1796 5089 dicitur,
1832 5034 1886 5080 et
1914 5040 2006 5094 pc-

422 5112 512 5154 tra
543 5102 786 5156 scandali
815 5104 898 5172 ⁸⁹;
929 5121 960 5159 a
1006 5108 1207 5163 Davide
1249 5124 1400 5176 vero,
1436 5112 1692 5168 columna
1747 5115 1924 5186 ignis;
1954 5121 2008 5170 et

422 5193 496 5247 ab
529 5193 673 5259 aliis,
707 5195 814 5259 leo,
841 5197 960 5252 ovis
990 5208 1045 5254 et
1082 5200 1188 5255 alia
1222 5204 1647 5274 quamplurima.

1057 5371 1374 5444 Responsio.

494 5461 566 5514 At
587 5460 885 5517 cavendum
912 5479 980 5519 ne
1003 5465 1197 5522 litterae
1219 5468 1568 5524 dormitando
1594 5469 1999 5536 incumbentes,

423 5567 530 5608 nos
560 5553 711 5624 ipsos
745 5568 774 5607 a
800 5554 1165 5613 divinioribus
1199 5561 1566 5617 secludamus.
1601 5560 1759 5628 Nam,
1796 5576 2000 5617 secun-

425 5645 557 5698 dum
586 5645 844 5700 eximium
889 5645 1247 5716 Apostolum,
1299 5650 1477 5705 littera
1517 5652 1732 5718 occidit,
1777 5654 1999 5722 spiritus

501 5773 547 5805 δι
575 5774 884 5850 [δι-ονελιζιιι,
909 5778 1000 5837 se.
1033 5779 1127 5850 2.3,
1162 5780 1254 5834 εν.
1350 5783 1393 5815 ιε
1423 5767 1611 5840 natm.
1643 5786 1772 5850 1,1.

433 5852 544 5906 sitv,
575 5843 628 5896 6.
720 5845 763 5876 '°
792 5847 890 5900 Isa.
924 5864 1036 5914 vni,
1069 5848 1154 5901 N.

1876 5785 1919 5817 ιε
1951 5785 2114 5841 liebr.
2155 5802 2192 5854 ι,
2227 5786 2280 5838 2.

2684 4644 2934 4697 ΠΕΥΣιΣ
2973 4644 3112 4710 Λςῖσ.

2181 4741 2294 4797 Καὶ
2327 4737 2446 4802 πῶς
2478 4735 2641 4800 αὐτὸς
2685 4734 2714 4787 ὁ
2761 4734 2892 4798 Υἱὸς
2933 4734 3152 4789 κτιστὸν
3194 4733 3392 4788 ἑαυτὸν
3450 4735 3689 4790 δείκνυσι

2111 4833 2358 4902 φάσκων,
2419 4826 2560 4898 Ἐγώ
2599 4828 2717 4896 εἰμι
2745 4826 2784 4894 ἡ
2829 4826 2979 4893 θύρα
3014 4825 3132 4880 τῶν
3164 4824 3498 4894 προϐάτων,
3524 4825 3619 4879 καὶ
3654 4825 3688 4892 ὴ

2111 4924 2290 4990 ὀδός;
2337 4919 2568 4991 Ὁμοίως
2597 4919 2654 4971 δὶ
2685 4918 2782 4972 καὶ
2814 4917 2920 4970 ὑπὸ
2950 4917 3059 4971 τῶν
3093 4916 3444 4988 προφητικῶν
3479 4914 3688 4978 κτιστὸς

2114 5013 2522 5073 ὑποδείκνυται,
2557 5009 2662 5063 ὑπὸ
2711 5009 2811 5080 μὲν
2849 5009 3071 5062 Ἦσαῖου
3111 5010 3282 5073 λίθος
3309 5007 3691 5076 προσκόμμα-

2109 5123 2243 5171 τος,
2290 5104 2386 5158 καὶ
2439 5101 2626 5169 πέτρα
2668 5099 3056 5155 σκανδάλου·
3113 5098 3216 5153 ὑπὸ
3263 5097 3323 5151 δὲ
3367 5099 3459 5152 τοῦ
3505 5097 3684 5161 Δαὸὶδ,

2111 5197 2407 5266 στυλοπυρ,
2438 5194 2532 5263 ὑφ’
2566 5193 2770 5265 ἑτέρων
2803 5191 2860 5245 δὲ
2895 5191 3052 5256 λέων,
3084 5189 3378 5261 πρόϐατον,
3408 5189 3504 5243 καὶ
3526 5188 3690 5260 ἕτερα

2109 5288 2360 5342 πλεῖστα.

2727 5375 3094 5443 Ἀπόκρισις.

2193 5471 2352 5526 Ἀλλὰ
2405 5471 2481 5543 μὴ
2529 5467 2608 5538 τῷ
2652 5466 2945 5538 γράμματι
2988 5467 3495 5538 προσκαθεύδοντας
3553 5468 3689 5536 σφᾶς

2109 5563 2214 5617 τῶν
2244 5563 2529 5634 θειοτέρων
2561 5561 2996 5632 ἅποκλεὶσωμεν.
3030 5563 3184 5616 Κατὰ
3210 5563 3322 5634 γὰρ
3351 5563 3444 5617 τὸν
3494 5559 3693 5631 ὑψηλὸν

2121 5653 2467 5720 Ἀπόστολον,
2495 5652 2565 5706 Τὸ
2598 5652 2833 5723 γράμμα
2856 5652 3218 5719 ἀποκτείνει,
3251 5653 3318 5707 τὸ
3351 5652 3422 5706 δὲ
3457 5651 3693 5718 πνεῦμα

2383 5785 2425 5818 ιτ
2457 5784 2669 5843 Coloss.
2701 5802 2738 5854 I,
2778 5785 2831 5840 7.
2935 5783 2982 5820 ⁸⁸
3009 5781 3167 5838 Joau.
3200 5801 3258 5853 κ,
3289 5785 3339 5840 'l.
3459 5786 3504 5818 ⁸³
3529 5781 3690 5838 Joau.
