4082 6426
420 373 518 429 9M

417 490 701 554 ζωοποιεῖ.
754 488 1048 545 Ἀνάπαλιν
1081 485 1143 545 δὲ
1168 492 1310 565 φημί
1329 509 1343 522 ⁸
1380 491 1455 546 Οὑ
1502 492 1562 546 τὸ
1591 493 1826 565 γράμμα
1860 495 2001 548 ἀπο-

417 582 624 638 κτείνει
673 581 800 645 τοὺς
840 580 1019 655 ὀρθῶς
1075 582 1541 649 ἀποσκοποῦντας,
1586 584 1696 638 οὐδ’
1729 580 1796 639 αὖ
1843 586 2003 640 πάλιν

418 672 679 736 ζωοποιεῖ
706 669 770 723 τὸ
806 669 1026 741 πνεῦμα
1057 669 1511 743 βλασφημοῦντας
1540 673 1709 744 αὐτῷ.
1746 675 2004 745 Τιμήσω-

423 778 525 833 μεν
551 757 644 815 οῦν
672 759 733 815 τὸ
761 760 982 832 πνεῦμα
1008 762 1157 826 ὅπως
1184 763 1468 834 νοήσωμεν
1496 762 1557 817 τὸ
1594 764 1850 836 γράμμα,
1879 783 2005 837 τρο-

421 852 596 916 πικῶς
639 851 734 905 τὸν
774 851 904 905 Υἱδν
949 851 1122 926 θύραν
1164 854 1260 909 καὶ
1301 854 1419 908 ὁδὸν
1457 855 1552 908 καὶ¹
1598 855 1766 923 λίθον,
1808 855 2004 910 καὶτὰ

421 944 586 1000 λοιπὰ.
615 944 727 998 τῶν
774 943 1003 998 εἰκόνων
1036 943 1413 1016 ἐκδεχόμενον
1460 945 1579 1000 ὁδὸν
1619 946 1868 1011 νοοῦντες
1908 947 2004 1000 αύ-

420 1030 534 1097 τδν,
567 1032 707 1106 πρὸς
730 1033 830 1104 τὴν
860 1032 1062 1102 γνῶσιν
1085 1031 1178 1086 τοῦ
1212 1033 1427 1104 Πατρδς
1453 1035 1548 1087 καὶ
1578 1034 1687 1087 τῶν
1719 1034 2002 1107 θειοτέρων

421 1124 722 1196 φέρουσαν·
751 1121 922 1195 θύραν
972 1121 1330 1192 ἀνοιγομένην
1361 1121 1460 1192 μέν
1485 1124 1599 1187 τοῖς
1625 1122 1714 1177 διὰ
1740 1123 1848 1178 τῶν
1876 1125 2004 1197 ἀρε-

421 1215 528 1270 τῶν
578 1213 896 1269 σπεύδουσιν
945 1212 1095 1277 ὲντδς
1148 1212 1405 1282 γενέσθαι
1428 1252 1444 1277 ,
1500 1217 1690 1286 πυγμῇ
1750 1215 2003 1278 παίοντες

425 1305 575 1377 σφῶν
601 1305 672 1359 τὰ
699 1304 928 1376 στέρνα·
958 1302 1150 1367 στύλος
1178 1303 1235 1357 δὲ
1268 1304 1493 1359 νοείσθω
1521 1304 1802 1377 ἑδραίωμα
1831 1305 2004 1377 ὑπάρ-

424 1414 552 1469 χειν·
581 1396 677 1468 τῆς
718 1395 956 1459 πίστεως
992 1393 1172 1466 ήμῶν,
1206 1393 1585 1467 ὑποστηρίζων
1625 1395 1743 1468 ἅμα
1784 1397 1881 1451 καὶ
1910 1396 2004 1468 ea.

426 1505 535 1560 ρων
566 1486 638 1542 τά
685 1485 1012 1558 σύμπανταο
1052 1485 1199 1550 λίθος
1225 1485 1283 1539 δὲ
1316 1485 1742 1557 προσκόμματος
1769 1486 2002 1560 ὑπάρχει

423 1579 697 1644 ἀπίστοις,
727 1579 822 1631 καὶ
867 1577 1045 1650 πέτρα
1094 1576 1393 1632 σκανδάλου
1437 1577 1733 1642 Ἰουδαίοις,
1782 1579 1913 1651 ἡμῖν
1944 1578 2001 1633 δὲ

424 1670 572 1735 λίθος
595 1668 695 1724 τοῦ
724 1667 974 1740 θεμελίου
1006 1667 1106 1739 τῆς
1148 1667 1496 1739 Ἐκκλησίας,
1532 1670 1711 1722 πᾶσαν
1744 1669 1842 1740 τὴν
1866 1687 2001 1741 κρη-

425 1763 553 1817 πῖδα
586 1760 845 1833 συνέχων.
890 1758 1093 1831 Πέτρα,
1126 1759 1188 1813 τδ
1226 1759 1445 1832 στερεὸν
1486 1761 1580 1815 καὶ
1610 1761 1858 1816 ἄπτωτον
1902 1761 2001 1833 τῆς

423 1853 735 1926 ὁμολογίας,
835 1850 1356 1924 προσαραττόμεναι
1377 1852 1432 1905 αἱ
1460 1852 1748 1925 τρικυμίαι
1776 1854 1884 1909 τῶν
1911 1854 1999 1908 αἱ-

429 1944 650 2017 ρέσεων,
686 1944 820 2016 πρὸς
854 1942 1027 2014 ἀφρὸν
1067 1936 1226 2005 αὖθις
1254 1941 1574 1996 ἐκλύονταιο
1620 1941 1858 2015 σκώληξ,
1903 1960 2002 1997 κα-

428 2034 536 2099 θώς
567 2051 728 2107 φησιν
765 2032 793 2085 6
835 2031 1020 2096 Δαὸὶδ,
1064 2032 1093 2084 6
1134 2032 1253 2085 τῶν
1291 2029 1452 2084 θείων
1511 2031 1778 2102 μελῳδὸς.
1834 2032 2004 2101 Ἡμῖν

430 2126 534 2197 μὲν
560 2125 699 2180 κατά
744 2125 840 2179 τὸν
889 2125 955 2179 ἐκ
998 2123 1099 2195 τῆς
1133 2123 1329 2195 χέρσου
1377 2122 1632 2194 σκώληκα
1675 2125 1803 2179 ἄνευ
1856 2124 2001 2188 τινὸς

426 2218 631 2283 πάθους
657 2218 691 2291 ἢ
720 2217 1024 2281 συνουσίας,
1060 2217 1129 2270 ὲκ
1157 2215 1258 2286 τῆς
1281 2215 1558 2279 ἀείπαιδος
1589 2215 1809 2290 Μαρίας
1838 2216 2000 2270 ἀπει-

427 2311 683 2383 ρογάμως
718 2309 1054 2380 τικτόμενος,
1079 2310 1192 2373 τοῖς
1219 2308 1261 2361 δ’
1293 2307 1552 2377 ἐναντίοις
1585 2308 1799 2382 σκώληξ
1825 2326 1997 2382 τιμω-

426 2400 568 2474 ρίας,
597 2399 1039 2474 ὑπο[τι]τραίνων
1068 2400 1161 2453 καὶ
1193 2398 1465 2453 ὑπεσθίων
1490 2400 1762 2474 ἀλήκτως.

1006 2600 1265 2655 nam]:
1292 2601 1429 2680 AZ'._

509 2695 649 2749 ’ἄλλ’
691 2693 785 2748 ὲάν
828 2694 904 2766 μὴ
960 2692 1121 2765 εἴπῃς
1150 2692 1311 2746 αὑτὸν
1355 2691 1593 2759 κτίσμα,
1634 2690 1878 2765 ὑϐρίζεις
1911 2691 2002 2747 τὸν

426 2787 668 2859 Πατέρα,
701 2785 869 2849 πάθος
887 2783 1035 2857 αύτῷ
1058 2783 1410 2857 προσάπτων.
1440 2784 1555 2847 Πᾶς
1583 2782 1692 2855 γὰρ
1721 2784 1753 2836 6
1773 2783 1999 2853 γεννῶν,

423 2878 680 2950 ἐμπαθὴς
709 2877 926 2941 πάντως
958 2875 1132 2930 ἔσται.
1171 2876 1243 2930 Ἢ
1268 2875 1612 2929 συστέλλεται
1640 2875 1771 2948 γὰρ,
1801 2875 1836 2947 ἢ
1862 2876 2001 2931 πλαο

421 2969 661 3035 τύνεται,
696 2967 731 3041 ἢ
760 2968 932 3039 τομὴν
961 2966 993 3039 ἢ
1036 2965 1220 3038 ρεῦσιν
1253 2965 1562 3036 ὑφίσταται,
1590 2966 1624 3036 ἢ
1653 2965 1934 3034 όγκοῦται,
1965 2964 2000 3035 ἢ

423 3059 797 3127 ταπεινοῦται,
829 3059 863 3131 ἦ
894 3076 946 3112 τι
977 3058 1193 3122 πάντως
1218 3058 1476 3134 ὑπομένει
1509 3059 1538 3111 6
1565 3057 1791 3128 γεννῶν.

1036 3236 1389 3307 Ἀπόκρισις.

501 3329 716 3398 ’Ἄπαγε
737 3330 835 3401 τῆς
849 3327 1105 3397 τοιαύτης
1123 3327 1413 3400 ληρῳδίας,
1436 3326 1766 3395 ἀξιάγαστεῑ
1799 3326 1874 3381 Οὑ
1896 3326 2004 3400 γάρ

429 3422 590 3497 σῶμα
625 3422 688 3476 τὸ
726 3423 879 3477 Θεῖον
909 3420 1143 3493 ὑπάρχει
1190 3419 1342 3491 ὅγκῳ
1374 3418 1408 3492 ἢ
1438 3418 1670 3491 συστολῇ
1704 3418 1996 3490 ὑποκείμε-

428 3533 537 3582 νον,
563 3515 596 3588 ῆ
629 3513 867 3588 ῥεύσειῆ
896 3517 1037 3587 τομῇ
1068 3514 1259 3586 ἢὸλως
1294 3513 1457 3568 πάθει
1483 3514 1591 3569 τινὶ
1633 3513 2004 3587 χειρούμενον.

428 3607 582 3662 Καθδ
605 3601 699 3661 οῦν
729 3608 758 3661 6
790 3606 981 3678 Πατὴρ
1008 3605 1224 3677 πνεῦμα
1264 3605 1526 3677 ὑπάρχων
1544 3646 1558 3671 ,
1585 3605 1675 3659 τὸν
1714 3604 1842 3658 Υἰδν
1874 3604 2009 3660 Θεὸν

430 3698 603 3769 Λόγον
661 3697 1074 3770 πνευματικῶς,
1132 3697 1409 3767 ἀχρόνως,
1464 3695 1758 3768 ἀφράστως
1810 3696 2006 3765 γεγέν-

430 3805 625 3862 νηκεν..
652 3789 793 3844 Ἀλλ’
822 3787 1019 3859 ἐπειδὴ
1036 3786 1308 3850 πλείστοις
1333 3786 1485 3840 δοκεῖ
1508 3788 1541 3859 ή
1567 3786 1690 3856 δψις
1720 3787 1817 3857 τῆς
1837 3787 2008 3858 ἀκοῆς

432 3881 728 3953 πιστοτέρα
747 3920 762 3947 ,
788 3880 898 3935 δεῖν
923 3877 1112 3951 ᾠήθην
1144 3877 1237 3930 καὶ
1263 3875 1520 3948 ἀμυδρῶς
1554 3875 1861 3948 χρήσασθαι
1898 3892 2005 3930 πα-

434 3971 788 4045 ραδείγμασιν
808 4011 824 4036 ,
853 3970 944 4024 ἐπὶ
967 3968 1062 4022 τοῦ
1092 3966 1319 4031 ἀπαθῶς
1354 3964 1614 4035 γεννῆσαι
1641 3965 1702 4017 τὸ
1731 3964 1885 4018 Θεῖον
1902 4004 1917 4028 ,
1944 3964 2005 4016 οὑ

434 4063 651 4135 ρεῦσιν,
679 4061 742 4115 οὑ
784 4060 955 4132 τομὴν
987 4058 1375 4130 ὑφιστάμενον.
1415 4056 1640 4128 κτίσμα
1665 4056 1844 4110 τοίνυν
1872 4053 2008 4111 Θεοῦ

432 4153 677 4225 ὑπάρχειν
717 4154 757 4207 όν
796 4152 973 4224 ἥλιος,
1029 4150 1122 4221 ἀφ’
1172 4143 1235 4203 οῦ
1284 4165 1430 4213 τινες
1463 4150 1521 4201 ὲν
1564 4151 1684 4213 ταῖς
1734 4147 2010 4218 ἀοικήτοις

434 4245 745 4311 ἐσχατιαῖς,
789 4241 961 4314 πυρὸς
983 4239 1295 4312 λειπόμενοι
1322 4239 1553 4293 πέττεινπ
1575 4237 1643 4292 τὰ
1671 4241 1820 4304 σῖτα,
1849 4239 2012 4291 ἱππο-

434 4332 626 4405 ῳορϐοί
657 4349 719 4386 τε
759 4332 853 4387 καὶ
893 4331 1183 4404 βουκόλοι,
1221 4329 1317 4384 καὶ
1351 4328 1645 4402 συφορϐοὶ,
1695 4329 1791 4383 καὶ
1818 4328 2016 4401 ποιμέ-

434 4442 555 4491 νες,
590 4423 789 4478 κύλικα
825 4421 1017 4486 ὓδατος
1062 4419 1305 4494 καθαροῦ
1353 4419 1774 4492 πληρώσαντες,
1815 4419 1908 4474 καὶ
1942 4421 2009 4492 τῇ

435 4518 619 4573 ἀκτῖνι
651 4515 746 4570 τοῦ
779 4516 929 4588 ἡλίου
975 4513 1352 4585 ἀντισχόντες,
1403 4512 1498 4566 καὶ
1544 4512 1674 4566 ὁνίδι
1703 4512 1845 4584 ξηρᾷ
1871 4512 2015 4583 ψαύ-

437 4627 629 4675 σαντες
656 4612 723 4681 τῇ
755 4609 1019 4682 ὑδροχόῃ,
1071 4603 1228 4671 αὖθις
1274 4606 1338 4660 τδ
1385 4603 1495 4678 πῦρ
1530 4604 1754 4659 αὐτόθεν
1806 4604 2014 4659 ἀπεσύ-

435 4700 632 4770 λησαν,
659 4700 721 4752 οὑ
758 4701 965 4772 τομὴν,
1006 4699 1067 4753 οὑ
1108 4696 1325 4769 ρεῦσιν,
1374 4697 1476 4750 οὑκ
1506 4695 1698 4765 ὄγκον,
1736 4695 1797 4748 οὑ
1825 4712 2017 4749 συστο⁶

439 4787 538 4856 λὴν
583 4787 679 4841 τοῦ
736 4789 1021 4858 φωστῆρος
1069 4789 1441 4852 ὑποστάντοςο
1491 4787 1587 4840 καλ⁵
1636 4786 1728 4840 διὰ
1769 4786 2017 4857 καθαρᾶς

442 4876 606 4931 ὑάλου
638 4876 697 4929 ὲν
740 4875 938 4938 οἰκίαις
967 4875 1199 4943 διήκων,
1232 4876 1329 4928 καὶ
1374 4874 1539 4928 οἱονεὶ
1574 4871 1888 4943 ἀπογεννῶν
1917 4871 2018 4937 τὰς

444 4969 667 5031 ἀκτῖνας
692 4964 834 5020 κατὰ
860 4964 1041 5035 πάσης
1078 4964 1307 5035 ἠπείρου
1334 4962 1620 5034 ἀνελλιπὴς
1653 4962 1748 5017 καὶ
1778 4962 2018 5035 ἄτμητος

442 5061 531 5115 διὰ
574 5056 779 5121 παντὸς
826 5056 1043 5128 ὁρᾶταιι
1112 5054 1345 5126 Ὁμοίως
1395 5053 1492 5107 καὶ
1545 5053 1750 5126 πυρσὸς
1818 5053 2018 5126 μυρίας

445 5150 693 5215 ἐξάπτων
722 5146 1041 5218 λαμπάδας,
1074 5146 1133 5199 οὐ
1169 5143 1392 5217 ρεῦσινν
1410 5143 1471 5198 οὐ
1499 5143 1673 5217 τομὴν
1701 5145 2017 5217 ὑπέμεινεν.

449 5240 513 5292 Et
538 5232 633 5291 οῦν
671 5236 810 5301 τέως
857 5234 1117 5306 ἀλὼὅητα
1170 5232 1414 5306 ὑπάρχει
1442 5230 1614 5305 ταῦτα
1634 5271 1650 5299 ,
1683 5232 1937 5306 ἀπείρως
1964 5233 2026 5286 τὸ

447 5328 601 5381 estw
645 5327 969 5398 ὑπερτερεῖν
1022 5324 1227 5379 τούτων
1274 5323 1399 5378 καθ’
1447 5324 1569 5378 ὅλου
1624 5323 2023 5395 πιστεύσομεν

446 5420 613 5490 ἀτμὶς
643 5418 757 5491 γάρ
791 5416 929 5489 πρὸς
979 5418 1156 5473 ἐκεῖνο
1188 5416 1325 5489 ὁμοῦ
1372 5416 1441 5471 τὰ
1483 5415 1795 5487 σύμπαντα.
1833 5416 2029 5487 Γεγέν-

447 5524 581 5581 νηκε
616 5508 794 5563 τοίνυν
823 5511 853 5562 6
881 5507 1073 5578 Πατὴρ
1101 5506 1192 5562 τὸν
1222 5508 1395 5561 Παῖδα
1423 5508 1487 5561 οὑ
1515 5506 1606 5563 διὰ
1632 5507 1806 5581 τομῆς
1831 5507 1864 5579 ἢ
1899 5507 2027 5581 ῥεύ-

447 5613 618 5665 σεως,
663 5598 725 5652 οὕ
771 5598 838 5652 δι’
881 5598 1049 5668 δγκου
1085 5598 1181 5651 καὶ
1234 5597 1498 5669 συστολῆς
1513 5613 1528 5628 ⁶
1577 5598 1692 5652 ἀλλ’
1737 5598 2028 5670 ἀσώματος

451 5690 554 5756 ὣν,
613 5689 906 5761 ἀσώματον
959 5689 1131 5759 Λόγον
1192 5687 1559 5743 ὶνυπόστατον
1605 5690 1871 5747 ἀκούοντα
1931 5691 2027 5744 καὶ

522 5821 565 5855 ⁸⁸
585 5818 776 5876 “Cor.
804 5830 888 5886 ut,
917 5818 971 5875 6.
1064 5818 1110 5851 ⁸³
1140 5814 1283 5872 Psal.
1312 5831 1424 5884 xxx,
1459 5815 1510 5870 7.

1841 374 2184 432 DIALOGUS
2206 375 2254 432 ῐ..

3574 379 3688 438 Ωῢῖ

2103 511 2220 550 vero
2257 493 2568 566 vivi/icui".
2621 491 2990 566 Vicissimque
3031 492 3255 565 inquam
3291 509 3391 566 ego
3430 499 3529 555 :Si
3569 512 3681 554 non

2101 586 2303 641 occidit
2325 587 2507 641 littera
2539 600 2633 641 eos
2664 584 2757 656 qui
2787 592 2933 641 recte
2960 585 3333 647 considerant,
3354 599 3529 654 neque
3548 585 3678 641 item
3795 656 3803 665 '

2102 677 2345 733 viviﬁcat
2374 677 2600 748 spiritus
2626 677 3068 748 blasphemantes
3095 676 3298 746 ipsum.
3336 675 3681 732 llonoremus

2102 767 2269 838 igitur
2303 769 2557 839 spiritum
2606 776 2667 823 ut
2713 767 3085 839 intelligamus
3130 766 3388 821 litteram.
3424 763 3683 838 Figurate

2104 855 2322 925 Filium,
2347 858 2572 923 ostium,
2598 866 2653 912 et
2679 856 2845 923 viam,
2872 864 2927 910 et
2956 854 3289 926 lapidem,et
3310 852 3503 926 siquid
3532 855 3683 911 aliud

2101 957 2185 1004 est
2278 948 2550 1017 ejusmodi
2617 946 3030 1003 similitudinem
3067 960 3073 1003 ι
3109 945 3216 1002 dici
3271 946 3606 1016 accipiamus
3663 963 3679 1001 :

2101 1038 2244 1092 viam
2265 1037 2632 1108 intelligentes
2663 1037 2867 1109 ipsum,
2897 1046 2956 1093 ut
2976 1037 3069 1109 qui
3102 1051 3200 1092 nos
3229 1036 3283 1092 in
3310 1036 3683 1110 cognitionem

2101 1128 2279 1188 Patris
2335 1131 2755 1201 divinarumque
2805 1145 2988 1187 rerum
3046 1129 3259 1197 ducat;
3329 1128 3534 1185 ostium
3596 1137 3684 1185 est

2101 1233 2344 1294 apertum
2365 1224 2432 1281 iis
2447 1224 2538 1294 qui
2565 1223 2902 1295 pervirtutes
2918 1221 3066 1277 intus
3088 1220 3405 1292 regenerari
3438 1218 3679 1284 student,

2101 1325 2285 1382 pugno
2332 1311 2648 1382 frequenter
2691 1310 3063 1382 percutientcs
3115 1316 3383 1380 pectora;
3428 1309 3687 1364 columna

2100 1418 2230 1459 vero
2260 1403 2593 1475 intelligatur
2638 1401 3041 1457 firmamentum
3085 1415 3219 1457 esse
3260 1399 3386 1455 lidci
3436 1405 3680 1463 nostra.

2102 1494 2332 1550 ﬁrmiter
2364 1493 2685 1550 suﬂulciens
2715 1503 2769 1549 et
2794 1493 2978 1549 ferens
3015 1491 3179 1547 simul
3208 1491 3501 1558 universa;
3542 1489 3688 1560 lapis

2102 1593 2284 1641 autem
2330 1582 2649 1640 offensionis
2681 1582 2978 1643 incredulis
3010 1588 3119 1646 est,
3157 1588 3212 1637 et
3246 1586 3398 1651 petra
3439 1578 3687 1635 scandali.

2109 1676 2346 1745 Iudaeis;
2374 1676 2532 1733 nobis
2555 1684 2739 1731 autem
2764 1675 2904 1744 lapis
2939 1672 3278 1729 fundamenti
3298 1670 3579 1734 Ecclesiae,
3595 1676 3683 1725 to-

2104 1779 2212 1824 tam
2250 1767 2425 1823 basim
2456 1766 2772 1823 continens.
2794 1764 2978 1828 Petra,
3015 1764 3183 1821 robur
3200 1771 3255 1818 et
3287 1762 3517 1818 ﬁrmitas
3546 1776 3683 1817 con-

2100 1858 2397 1924 fessionis,
2447 1871 2551 1927 qua
2602 1855 2852 1927 procella:
2888 1856 3155 1910 liaaresum
3192 1852 3571 1923 iuipu-gnatae,
3624 1850 3689 1907 in»

2101 1965 2350 2022 spumam
2387 1964 2587 2005 rursus
2610 1947 3025 2013 dissolvuntur;
3061 1946 3285 2012 vermis,
3327 1942 3687 2015 quemadmo-

2100 2042 2230 2098 dum
2253 2041 2487 2098 Davides
2508 2040 2821 2096 divinorum
2849 2037 3154 2094 carminum
3186 2047 3378 2092 auctor
3402 2033 3637 2107 inquit"
3664 2053 3679 2090 :

2100 2150 2166 2190 ac
2183 2134 2342 2191 nobis
2360 2133 2579 2205 quidem
2595 2133 2769 2199 instar
2789 2131 2991 2187 vermis
3001 2146 3066 2186 ex
3087 2136 3254 2195 ter-ra,
3273 2128 3482 2198 absque
3498 2125 3683 2197 aliquo

2097 2225 2294 2283 aﬂ‘ectu
2338 2232 2435 2282 aut
2481 2225 2662 2289 coitu,
2705 2239 2769 2280 ex
2815 2229 3090 2294 perpetua:
3133 2218 3465 2292 virginitatis
3509 2225 3695 2272 matre

2100 2317 2290 2384 Mariae,
2325 2317 2533 2388 absque
2558 2313 2790 2387 nuptiali
2823 2310 3206 2368 commistione
3240 2316 3435 2377 natus;
3484 2306 3681 2362 adver-

2104 2408 2268 2464 sariis
2295 2414 2477 2463 autem
2515 2406 2716 2462 vermis
2747 2401 3041 2475 supplicii,
3091 2400 3385 2457 stimulans
3428 2405 3489 2454 et
3512 2397 3682 2469 depa-

2104 2513 2266 2555 scens
2292 2498 2499 2570 absque
2531 2497 2665 2552 line.

2473 2602 3005 2664 INTERRDG‘ATIO’
3036 2599 3299 2657 XXXVII.

2177 2702 2342 2772 Atqui
2376 2699 2483 2756 nisi
2514 2699 2694 2770 ipsum
2727 2703 3037 2753 creaturam
3061 2708 3185 2750 esse
3207 2690 3438 2753 dixeris,
3475 2695 3681 2744 contir-

2108 2796 2271 2852 melia
2293 2793 2509 2851 Patrem
2540 2790 2733 2856 amcis,
2763 2787 3015 2843 allectum
3061 2786 3112 2841 ei
3164 2784 3433 2839 tribuens.
3490 2779 3694 2836 Omnis-

2106 2888 2254 2943 enim
2282 2887 2373 2958 qui
2432 2890 2679 2956 generat,
2725 2880 2954 2937 omnino
2985 2876 3091 2934 erit
3131 2874 3406 2931 obnoxius
3443 2870 3684 2927 affectui.

2106 2978 2218 3034 Aut
2238 2978 2382 3034 enim
2407 2974 2785 3040 contrahitur,
2811 2979 2904 3026 aut
2931 2968 3216 3032 dilatatur,
3250 2972 3346 3021 aut
3374 2964 3679 3022 sectionem

2113 3069 2576 3126 derivationemve
2605 3065 2834 3135 patitur,
2873 3068 2971 3116 aut
3003 3058 3251 3125 etTertur,
3289 3063 3392 3111 aut
3424 3053 3693 3126 deprimi-

2108 3163 2221 3221 tur,
2253 3166 2347 3211 aut
2380 3162 2531 3211 certe
2562 3154 2672 3209 tale
2694 3151 2827 3224 quid
2856 3149 3121 3215 sustinet,
3146 3147 3241 3218 qui
3276 3152 3529 3218 generat.

2742 3242 3050 3311 Responsio.

2177 3338 2338 3395 Absit
2370 3336 2563 3410 procul
2587 3335 2696 3391 tale
2728 3333 3064 3399 delirium,o
3089 3327 3370 3402 przeclare.
3397 3324 3516 3382 Non
3540 3323 3697 3381 enim

2108 3432 2292 3490 divina
2331 3438 2527 3488 natura
2566 3442 2768 3499 corpus
2797 3433 2905 3492 est,
2940 3422 3161 3480 elationi
3190 3428 3288 3476 aut
3321 3416 3697 3476 oontraction'r

2109 3524 2417 3595 stilijectum
2453 3561 2468 3586 ,
2511 3526 2605 3574 aut
2644 3516 2849 3584 (luxui,
2880 3520 2976 3570 aut
3019 3509 3272 3576 sectioni,
3314 3517 3408 3563 aut
3461 3520 3697 3578 prorsus

2109 3616 2480 3688 qualicunque
2521 3609 2738 3667 all'eetui
2774 3605 3169 3677 mancipatum.
3211 3600 3492 3668 Quatenus
3522 3597 3692 3669 igitur

2111 3710 2271 3764 Pater
2298 3705 2527 3779 spiritus
2554 3708 2661 3766 est,
2696 3700 2892 3755 Filium
2935 3700 3104 3752 Deum
3144 3690 3383 3749 Verbum
3423 3689 3695 3779 spiritua-

2110 3797 2234 3851 liter
2262 3777 2470 3864 absque
2492 3800 2739 3862 tempore
2792 3786 3142 3843 ineﬂ'abiliter
3184 3780 3394 3854 genuit.
3436 3777 3508 3831 At
3555 3791 3700 3832 vero

2114 3885 2245 3957 quia
2277 3883 2555 3954 plerisque
2593 3878 2811 3935 videtur
2847 3875 2989 3932 visui
3045 3873 3227 3945 potius
3263 3883 3428 3941 quam
3474 3865 3697 3922 auditu'r

2113 3974 2470 4037 credendum,
2501 3970 2664 4027 etiam
2705 3968 2859 4022 facili
2907 3966 3094 4035 aliquo
3129 3961 3380 4032 exemplo
3420 3958 3687 4014 utendum

2109 4082 2234 4125 esse
2269 4074 2420 4137 ratus
2474 4076 2597 4119 sum
2646 4059 2702 4115 in
2761 4072 2828 4114 eo
2883 4055 3233 4119 declarando,
3292 4052 3438 4123 quod
3479 4050 3697 4120 absque

2112 4159 2307 4214 an’ectu
2346 4155 2489 4210 Deus
2521 4157 2775 4222 generet,
2793 4163 2904 4204 non
2934 4146 3139 4202 ﬂuxum
3167 4158 3344 4216 neque
3378 4140 3697 4198 sectionem

2112 4250 2346 4324 patiens.
2375 4244 2643 4301 Greatura
2673 4241 2865 4313 utique
2893 4239 2987 4295 Dei
3016 4246 3103 4294 est
3138 4237 3243 4300 sol,
3276 4250 3387 4307 quo
3434 4232 3605 4302 aliqui
3629 4231 3698 4285 in.
3730 4264 3739 4269 η

2112 4340 2554 4399 extremitatibus
2578 4335 3032 4392 inbabitabilibus
3050 4333 3174 4405 igne
3189 4335 3441 4386 carentes
3458 4331 3703 4382 utuntur

2115 4431 2531 4504 adeoquendos
2557 4429 2737 4494 cibos,
2767 4437 3146 4498 equorumque
3174 4429 3469 4493 pastores,-
3489 4427 3544 4474 et
3589 4415 3704 4471 bur

2116 4527 2295 4596 bulcir
2318 4524 2530 4581 subulci
2565 4530 2620 4580 et
2642 4528 2899 4593 pastores.
2928 4516 3044 4583 alii,
3084 4515 3310 4571 calicem
3362 4525 3507 4582 aqua
3550 4524 3700 4581 purai

2115 4621 2363 4692 implent,
2415 4626 2470 4673 et
2520 4613 2674 4671 radio
2724 4611 2858 4669 solis
2910 4609 3226 4671 obvertunt,
3256 4602 3522 4692 aridaque
3560 4601 3705 4654 timo

2116 4689 2340 4765 admoto
2364 4705 2432 4762 ad
2461 4719 2569 4760 vas-
2609 4700 2932 4774 aquarium,
2974 4694 3135 4753 illico
3181 4695 3362 4766 ignem
3401 4689 3690 4753 auferens,

2117 4815 2242 4856 cum
2275 4796 2496 4852 interim
2527 4810 2628 4851 nec
2653 4792 2978 4855 sectionem,
3021 4803 3122 4844 nec
3169 4786 3401 4852 ﬂuxum,
3444 4796 3548 4838 nec
3599 4788 3704 4835 tu—
3789 4816 3799 4824 .

2117 4903 2348 4952 morem,
2374 4900 2476 4943 nec
2508 4883 2941 4940 contractionem
2966 4879 3239 4935 luminare
3284 4877 3464 4946 ipsum
3510 4870 3701 4944 patiar

2117 4990 2231 5038 tur.
2266 4978 2414 5035 Idem
2448 4993 2544 5049 per
2572 4991 2770 5046 purum
2817 4975 3021 5028 vitrum
3071 4971 3127 5026 in
3175 4963 3473 5024 domiciliis
3522 4977 3699 5036 pene-

2124 5085 2311 5137 trans,.
2332 5070 2599 5141 quasique
2625 5066 2811 5123 radios
2835 5065 3079 5141 gignens
3102 5076 3198 5133 per
3231 5060 3546 5115 universam
3579 5061 3709 5111 ter-

2121 5179 2261 5230 ram,
2283 5137 2640 5218 nibilominus
2662 5156 2872 5225 absque
2894 5137 3121 5210 defccttr
3144 5159 3198 5208 et
3214 5151 3421 5221 absque
3451 5147 3709 5204 sectione

2124 5270 2220 5326 per
2248 5252 2434 5308 omnia
2467 5248 2731 5305 cernitur.
2766 5245 3031 5301 Similiter
3066 5252 3122 5298 et
3150 5242 3262 5304 tax,
3308 5238 3526 5297 etiamsi
3576 5238 3713 5293 iulio

2125 5344 2271 5400 nitas
2304 5341 2595 5410 lampades
2622 5335 2960 5400 accenderit,
3008 5347 3187 5403 neque
3236 5330 3472 5396 ﬂuxum,
3518 5342 3713 5396 neque

2124 5436 2424 5494 sectionem
2457 5432 2685 5504 patitur.
2716 5426 2774 5483 Si
2814 5427 2982 5495 igitur
3031 5424 3241 5495 absque
3287 5420 3512 5477 laesione
3561 5417 3713 5472 iiuna.

2124 5529 2252 5597 ista,
2284 5529 2339 5583 in
2371 5525 2650 5581 inﬁnitum
2681 5522 2801 5578 istis
2826 5536 2921 5593 per
2958 5515 3145 5599 omnia
3186 5513 3529 5584 superiorem
3575 5522 3719 5563 esse-

2124 5627 2376 5676 naturam
2404 5617 2645 5674 divinam
2674 5613 2988 5670 credamus.
3027 5606 3165 5664 Nam
3196 5602 3361 5661 simul
3384 5602 3439 5656 in
3477 5598 3715 5654 univcr~

2122 5726 2244 5770 sum
2275 5709 2538 5766 omniain
2568 5707 2742 5778 ipsam
2790 5704 2990 5762 collata
3036 5707 3166 5757 sunt
3214 5697 3386 5752 instar
3428 5690 3573 5748 venti
3623 5696 3717 5743 te-
