4082 6402
498 365 602 420 θοδ

500 473 648 530 nuis.
679 470 822 543 Ergo
842 467 1033 542 genuit
1067 467 1230 523 Pater
1260 465 1479 531 Filium,
1507 480 1618 520 non
1649 481 1747 535 per
1778 464 2078 520 sectionem

504 574 603 623 aut
636 565 867 630 lluxum,
905 580 1014 618 non
1046 578 1142 634 per
1181 571 1452 616 tumorem
1488 560 1572 614 vel
1615 559 2079 623 contractionem,

497 658 592 714 sed
637 658 1000 726 incorporeus
1057 654 1332 709 cxsistens
1391 653 1776 721 incorporeum
1840 649 2080 705 Verbum

499 747 747 818 ejusdem
806 745 1159 810 substantia},
1205 741 1352 813 quod
1404 748 1460 796 et
1507 742 1662 795 audit
1712 749 1768 795 et
1816 739 2080 809 loquitur.

502 836 640 891 Vani
681 837 845 908 igitur
877 835 958 890 illi
988 843 1042 890 et
1076 835 1424 904 insipientes,
1461 832 1554 902 qui
1606 847 1733 886 cum
1777 829 2083 902 ignominia

501 925 778 979 honorant
804 922 1044 993 Patrem,
1082 939 1152 978 ne
1178 923 1418 978 audeant
1441 928 1686 976 creatum
1719 920 2080 990 pronuntiare

501 1013 725 1070 Filium.
761 1014 818 1069 Si
849 1015 1018 1080 enim,
1054 1024 1116 1069 ut
1149 1013 1327 1079 aiunt,
1357 1007 1516 1066 Pater
1549 1026 1822 1084 generans
1851 1011 2081 1080 patitur,

499 1107 662 1160 etiam
696 1121 797 1176 ego
823 1113 1102 1161 creantem
1144 1103 1361 1175 fatigari
1388 1103 1535 1160 dico.
1584 1101 1740 1159 Unde
1784 1102 1954 1172 igitur
1993 1115 2086 1156 or-

502 1207 616 1250 tum
648 1196 897 1252 dicemus
928 1195 1150 1259 Filium,
1191 1211 1260 1250 ne
1293 1193 1510 1250 Patrem
1549 1201 1643 1248 aut
1686 1194 1822 1265 pati,
1867 1201 1963 1247 aut
2013 1190 2089 1246 fa-

503 1290 663 1359 tigari
703 1289 1021 1358 blaspheme
1049 1288 1398 1344 statuamus?
1430 1287 1590 1341 Absit
1633 1287 1802 1357 igitur
1836 1299 1867 1338 a
1909 1292 1982 1349 te,
2029 1291 2089 1339 ut

1595 352 1650 408 S.
1679 348 1979 406 CJESARII
2017 347 2344 407 CREGORII
2384 348 2686 406 FRATlllS

3646 347 3745 404 σοι

2184 466 2574 538 φθεγγόμενον.
2623 467 2686 520 ΟΞ
2719 459 2811 519 οῦν
2838 465 3046 536 ἀτίμως
3079 464 3346 536 τιμῶντες
3375 463 3466 517 τὸν
3497 463 3744 532 Πατέρα,

2183 559 2544 613 εἰκαιόϐουλοι
2590 557 2684 611 καὶ
2721 559 3146 629 ματαιόφρονες,
3192 556 3410 610 κτιστδν
3457 554 3532 625 μὴ
3555 553 3752 624 τολμας

2183 666 2365 704 τωσαν
2407 650 2729 718 ἀποφαίνειν
2780 649 2870 703 τὸν
2919 651 3068 704 Υἰόν.
3116 649 3181 702 Et
3214 649 3346 719 γὰρ,
3396 646 3573 710 καθώς
3602 662 3751 717 φησι,

2183 740 2459 809 γεννῶντα
2484 740 2716 809 πάσχειν
2743 739 2835 793 τὸν
2861 740 3083 810 Πατέρα
3101 777 3117 803 ,
3151 737 3306 806 κάγώ
3337 753 3478 807 φημι
3508 735 3751 800 κτίζοντα

2185 833 2450 901 κάμνειν,
2501 831 2665 884 πόθεν
2705 829 2948 901 δώσομεν
2985 830 3076 884 τὸν
3114 830 3263 892 Υίὺν,
3300 829 3388 883 ἵνα
3423 828 3498 898 μὴ
3525 828 3614 881 τὸν
3641 829 3752 881 Πα-

2183 917 2317 989 τέρα
2344 918 2625 988 πάσχοντα
2647 919 2680 988 ἢ
2705 918 2982 988 κάμνοντα
3006 918 3518 988 βλασφημήσωμεν;
3548 919 3755 983 ’Ἄπαγε

2187 1008 2364 1061 τοίνυν
2413 1008 2609 1060 σαυτὸν
2630 1047 2645 1072 ,
2699 1008 2908 1078 ἀτίμως
2949 1007 3012 1060 τὸ
3043 1007 3196 1062 Θεῖον
3220 1007 3525 1079 γεραίρωνῑ
3565 1005 3624 1061 '0
3654 1005 3757 1075 7&9

2189 1097 2282 1150 τὸν
2319 1098 2490 1152 Παῖδα
2532 1096 2868 1168 βλασφημῶν
2887 1137 2901 1162 ,
2935 1097 3025 1151 τὸν
3054 1096 3272 1167 Πατέρα
3298 1095 3508 1160 λιθάξει
3527 1134 3542 1160 ,
3583 1094 3757 1157 καθὼς

2187 1189 2347 1252 αὐτὸς
2368 1189 2427 1242 ὲν
2447 1188 2800 1257 Εὑαγγελίοις
2818 1188 3092 1260 θεηγορεῖσ
3113 1188 3166 1241 '0
3179 1187 3264 1258 μὴ
3285 1187 3466 1258 τιμῶν
3480 1187 3586 1242 τὸν
3606 1186 3755 1250 Υὶὸν,

2207 1279 2354 1336 οὐδὲ
2374 1279 2484 1333 τὸν
2518 1280 2753 1348 Πατέρα
2783 1277 2938 1350 τιμᾷ.

502 1396 628 1437 cum
679 1385 787 1440 hac
849 1383 1152 1455 ignominia
1203 1383 1341 1437 velis
1419 1389 1676 1436 naturam
1749 1380 1992 1436 divinam
2035 1378 2328 1432 honorare.
2357 1373 2492 1428 Nam
2524 1375 2620 1446 qui
2649 1373 2852 1430 Filium
2893 1374 3256 1446 blasphemat,
3293 1374 3506 1430 Patrem
3539 1373 3757 1443 lapidat.

511 1475 984 1543 Quemadmodum
1026 1477 1146 1546 ipse
1201 1475 1254 1528 in
1291 1473 1588 1544 Evangelio
1635 1480 1827 1530 sancte
1857 1470 2117 1543 praedicat
2151 1485 2163 1520 :
2196 1466 2302 1533 Qui
2343 1483 2448 1522 nou
2479 1465 2704 1522 honorat
2733 1464 2957 1530 Filium,
2986 1482 3143 1538 neque
3179 1465 3398 1520 Patrem
3442 1465 3664 1520 honorat
3694 1465 3758 1523 ⁸³.

855 1587 1374 1644 INTERROGATIO
1433 1586 1728 1642 XXXVIII.

575 1699 686 1756 Sed
714 1699 995 1771 quomodo
1025 1698 1216 1753 dicunt
1242 1699 1434 1769 aliqui,
1471 1699 1615 1769 quod
1650 1697 1950 1752 secundum
1979 1694 2088 1748 ele-

512 1794 751 1849 ctionem
785 1800 840 1846 et
863 1792 1093 1860 gratiam
1125 1791 1379 1846 Christus
1415 1791 1486 1845 sit
1529 1790 1708 1845 lactus
1749 1788 1842 1843 Dei
1881 1784 2094 1841 Filius?

508 1881 626 1936 Non
655 1882 800 1954 enim
836 1881 1015 1948 inquit
1063 1879 1248 1944 Pater,
1287 1878 1388 1932 llic
1425 1887 1503 1933 est
1545 1877 1721 1932 Filius
1761 1893 1906 1931 meus
1953 1875 2092 1929 dile-

504 1983 624 2029 ctus
651 1987 812 2042 quem
842 1972 1025 2042 genui,
1071 1971 1165 2026 sed
1212 1988 1314 2042 quo
1359 1969 1590 2024 delector
1625 1970 1692 2024 ".
1742 1967 1808 2022 Et
1835 1966 2005 2023 Isaias
2036 1967 2090 2021 in

505 2079 742 2138 persona
773 2063 867 2118 Dei
896 2072 950 2118 et
983 2063 1163 2118 Patris
1193 2064 1260 2118 de
1280 2062 1504 2119 Christo
1536 2056 1958 2133 inquitzEcceF
1962 2058 2091 2113 ilius

507 2173 651 2211 meus
690 2173 841 2226 quem
872 2157 1027 2226 elegi,
1055 2155 1282 2210 dilectus
1318 2171 1464 2209 meus
1489 2172 1590 2225 quo
1642 2153 1940 2207 delectatur
1973 2150 2093 2204 uni-

507 2265 626 2302 mus
662 2264 805 2302 meus
834 2249 900 2301 ⁵⁸.
928 2249 1008 2302 Αι]
1061 2247 1316 2302 eumdem
1371 2245 1593 2300 modum
1642 2255 1697 2301 et
1745 2244 1966 2300 Solonio
2004 2243 2091 2297 in-

504 2341 647 2412 quit,
683 2339 900 2394 Electus
931 2355 960 2394 ο
995 2339 1174 2393 decem
1210 2337 1445 2392 millibus
1468 2337 1537 2393 ⁸⁸.

1145 2534 1452 2606 Responsio.

579 2643 649 2700 Ut
680 2644 915 2712 videtur,
949 2645 1152 2700 Ariana
1187 2646 1407 2701 laboras
1455 2645 1755 2711 dementia,
1794 2653 1954 2699 tanto
1997 2659 2091 2700 co-

509 2747 644 2792 natu
687 2737 954 2792 adversus
989 2737 1278 2790 veritatem
1325 2736 1688 2791 contendens.
1731 2734 2093 2806 O§tendeigi~

509 2839 600 2883 tur
653 2828 860 2884 similes
893 2826 1139 2892 Christo,
1189 2841 1328 2896 quos
1374 2825 1540 2880 Pater
1578 2827 1983 2896 approbaverit,
2032 2833 2093 2881 ut

507 2919 788 2978 Christum
824 2920 988 2990 elegit
1019 2919 1220 2974 solum.
1253 2917 1387 2972 Nam
1420 2919 1466 2973 si
1503 2917 1676 2974 Filius
1720 2925 1804 2973 est
1842 2920 2091 2986 unigeni-

508 3021 620 3078 tus,
658 3029 767 3067 non
801 3011 963 3066 habet
1003 3011 1227 3065 fratrem
1253 3018 1346 3064 aut
1386 3011 1675 3081 aequalem,
1733 3018 1828 3064 aut
1875 3011 1978 3065 sibi
2025 3026 2091 3066 ex

510 3105 764 3174 opposito
795 3102 1238 3174 respondentem.
1267 3100 1480 3157 Cecinit
1508 3101 1653 3156 enim
1707 3099 1776 3156 de
1823 3100 1944 3171 ipso
1994 3099 2098 3152 Da-

511 3196 666 3250 vides
693 3195 785 3250 ille
809 3194 1067 3250 divinus:
1105 3194 1237 3260 Quis
1288 3192 1680 3247 assimilabitur
1716 3188 1969 3254 Domino,
2011 3191 2096 3244 in-

508 3297 592 3341 ter
622 3286 770 3356 ﬁlios
801 3286 896 3341 Dei
916 3286 961 3318 ⁸⁷
986 3287 1010 3339 ?
1051 3288 1117 3340 Et
1145 3285 1406 3356 deinceps
1433 3303 1448 3339 :
1473 3283 1698 3354 Magnus
1726 3293 1773 3339 et
1795 3283 2094 3337 tremendus

511 3385 614 3442 est,
635 3393 797 3445 supra
833 3393 1010 3430 omnes
1038 3380 1126 3446 qui
1160 3385 1281 3430 sunt
1314 3378 1367 3430 iu
1402 3377 1631 3429 circuitu
1657 3375 1824 3444 ipsius
1847 3374 1916 3426 ⁸⁸.
1951 3372 2096 3426 Tan-

511 3481 676 3537 quam
708 3481 869 3520 nemo
902 3469 1077 3535 possit
1117 3467 1421 3521 secundum
1472 3466 1706 3537 gratiam
1752 3472 1848 3520 aut
1897 3479 2097 3521 secun-

512 3557 644 3610 dum
689 3555 996 3625 profectum
1043 3556 1284 3610 conferri
1338 3554 1446 3609 Deo
1494 3553 1690 3619 Verbo,
1741 3555 1836 3624 qui
1872 3561 2096 3623 propter

513 3649 772 3702 mortales
820 3649 1097 3704 hominem
1145 3647 1483 3716 assumpsit,
1536 3654 1592 3700 et
1637 3646 1836 3700 merito
1885 3646 2096 3701 electus

511 3747 617 3794 est.
644 3738 779 3794 Cum
821 3740 967 3795 enim
1018 3739 1268 3810 plurimae
1326 3745 1382 3793 et
1443 3737 1872 3792 innumerabiles
1910 3747 2097 3792 essent

512 3829 771 3885 mulieres
795 3829 976 3884 adhuc
1000 3830 1355 3898 incorruptae,
1400 3829 1574 3882 solam
1602 3835 1785 3883 tamen
1818 3844 1884 3883 ex
1915 3828 2097 3882 omni-

513 3920 616 3976 bus
643 3921 835 3992 selegit
864 3920 1116 3988 Mariam,
1145 3921 1199 3974 in
1229 3922 1346 3990 ipsa
1389 3917 1738 3974 ineﬂ‘abiliter
1766 3919 1963 3974 unicus
1986 3920 2093 3975 sibi

513 4017 570 4066 et
611 4013 878 4080 copulans
906 4022 1158 4066 naturam
1189 4019 1466 4076 nostram,
1503 4008 1965 4081 quemadmodum
2005 4009 2093 4063 di-

515 4100 678 4155 vinus
710 4101 800 4156 ille
839 4110 990 4157 vates
1029 4102 1210 4172 inquit
1249 4120 1262 4156 :
1324 4101 1494 4172 Elegit
1552 4101 1700 4155 nobis
1731 4099 2092 4154 haereditate»:

509 4189 614 4245 sibi
629 4191 1076 4260 pulchritudinem
1105 4189 1316 4256 Jacobi,
1336 4207 1495 4262 quant
1522 4189 1709 4244 dilexit
1729 4189 1774 4223 ⁵⁸
1814 4207 1827 4242 :
1862 4187 2089 4242 Mariam

509 4290 774 4350 perpetuo
804 4290 1114 4337 manentem
1135 4282 1405 4352 virginem
1438 4280 1778 4351 significans,
1797 4295 1920 4350 quae
1947 4295 2090 4333 nun-

511 4387 673 4442 quam
716 4373 781 4426 ad
811 4373 1181 4442 generandum
1234 4387 1529 4442 progressa
1564 4371 1762 4435 fuerat,
1802 4379 1895 4424 aut
1919 4370 2086 4425 letum

513 4468 568 4519 in
622 4472 780 4519 utero
824 4471 1076 4519 materno
1129 4473 1484 4534 conceperat.
1541 4462 1843 4532 Amplexus
1902 4469 2086 4515 autem

510 4556 673 4611 Pater
703 4572 821 4612 eam
853 4571 975 4626 quae
1012 4572 1078 4611 ex
1108 4557 1228 4626 ipsa
1256 4564 1398 4621 erat,
1429 4554 1871 4610 incarnationem
1895 4552 2088 4617 Verbi,

511 4662 543 4700 c
571 4646 828 4715 supernis
869 4648 1135 4701 acclamat
1177 4664 1191 4699 :
1229 4645 1368 4700 Ecce
1413 4644 1592 4699 Filius
1646 4660 1789 4700 meus
1845 4645 2090 4709 dilectus,

509 4751 612 4807 quo
641 4735 974 4790 delector“.
1014 4736 1228 4802 Quibus
1257 4737 1312 4790 in
1355 4735 1538 4791 verbis
1559 4735 1826 4805 intelligit
1869 4735 2090 4790 unicum

512 4831 667 4884 illum
694 4846 761 4884 ex
793 4845 854 4885 se
895 4837 950 4884 et
988 4845 1054 4885 ex
1103 4837 1365 4899 perpetua
1425 4829 1642 4898 virgine
1694 4836 1886 4882 natum
1931 4826 2090 4882 nobis

513 4917 709 4973 Filium
748 4919 940 4984 Deum,
973 4919 1080 4975 sibi
1105 4930 1158 4974 et
1188 4918 1346 4974 nobis
1373 4917 1898 4973 consubstantialem
1923 4959 1938 4984 ,
1973 4917 2078 4987 ipsi

2771 1579 3023 1632 ΠΕΥΣΙΣ
3059 1580 3189 1635 AH'.

2261 1693 2370 1747 Καὶ
2399 1693 2514 1756 πῶς
2557 1693 2699 1757 τινές
2743 1711 2904 1763 φασι,
2934 1693 3054 1748 κατ’
3100 1693 3328 1765 ἐκλογὴν
3362 1695 3454 1748 καὶ
3487 1695 3647 1766 χάριν
3673 1695 3756 1748 τὸν

2192 1785 2423 1858 Χριστὸν
2469 1785 2719 1854 γενέσθαι
2765 1786 2893 1840 Υἱὸν
2942 1784 3036 1839 τοῦ
3077 1785 3245 1852 Θεοῦ;
3305 1785 3380 1838 Οὐ
3427 1786 3534 1856 7&9
3565 1785 3708 1856 λέγει
3735 1790 3761 1840 6

2193 1879 2384 1950 Πατήρ
2407 1895 2419 1908 ·
2470 1874 2656 1944 Οὗτός
2683 1879 2856 1932 ἐστιν
2884 1881 2916 1932 ό
2955 1879 3088 1945 Υἱός
3119 1896 3238 1950 μου
3291 1880 3322 1932 ό
3360 1879 3666 1948 ἀγαπητὸς
3707 1878 3762 1932 ὃν

2192 1946 2495 2048 ἐγέννησα,
2543 1969 2680 2034 ἀλλ’,
2710 1971 2780 2024 ἐν
2819 1963 2867 2036 ᾧ
2897 1946 3232 2037 ηὑδόκηῗσδα.
3287 1946 3417 2022 Καὶν
3442 1969 3668 2034 Ἡσαΐας
3703 1973 3762 2024 ἐκ

2193 2047 2485 2131 προσώπου
2530 2061 2624 2115 τοῦ
2674 2061 2809 2115 Θεοῦ
2855 2062 2948 2115 καὶ
2994 2061 3234 2134 Πατέρος
3267 2061 3414 2130 λέγει
3465 2061 3762 2135 περἰίΧρι-

2195 2150 2321 2204 στοῦ
2341 2168 2354 2181 ·
2391 2151 2544 2207 Ἰδοὺ
2577 2154 2611 2206 ὁ
2642 2150 2788 2217 Παῖς
2813 2169 2933 2221 μου
2961 2151 3034 2206 ὃν
3060 2151 3450 2221 ᾐρετισὰμην,
3481 2155 3514 2206 ό
3541 2152 3763 2222 ἀγαπη-

2191 2245 2295 2309 τός
2317 2261 2468 2313 μου,
2503 2245 2591 2310 εἰς
2632 2243 2703 2297 ὃν
2729 2244 3074 2312 ηὐδόκησεν
3101 2246 3138 2313 ἡ
3168 2243 3338 2313 ψυχή
3356 2262 3498 2313 μου.
3537 2245 3762 2315 Ὁμοίως

2193 2332 2289 2386 καὶ
2345 2332 2598 2404 Σολομὼν
2653 2332 2826 2402 λέγει·
2896 2331 3429 2404 Ἐκλελογισμένος
3482 2333 3604 2387 ἀπὸ
3652 2352 3760 2403 μυ-

2185 2421 2326 2491 ριάδ
2330 2439 2418 2487 ος.
2629 2433 2645 2445 ‘

2821 2533 3172 2602 Ἀπόκρισις.

2277 2643 2364 2706 Ὠς
2397 2641 2541 2696 ἔοικε
2585 2643 2685 2714 τῆς
2747 2643 2954 2716 Ἀρείου
3003 2644 3289 2717 παροινίας
3337 2645 3633 2717 ὑπάρχεις,
3685 2664 3764 2700 το-

2197 2735 2369 2808 σαύτῃ
2424 2735 2726 2806 φιλονεικίᾳ
2785 2737 2926 2790 κατά
2978 2737 3079 2808 τῆς
3143 2737 3403 2807 ἀτρεκίας
3468 2738 3759 2810 χρώμενος.

2195 2824 2378 2889 Δεῖξον
2409 2826 2590 2879 τοίνυν
2633 2827 2758 2890 τοὺς
2788 2826 3006 2896 ὁμοίους
3043 2827 3279 2898 Χριστοῦ
3299 2867 3313 2892 ,
3349 2827 3441 2893 οὓς
3471 2829 3765 2900 δοκιμάσας

2194 2917 2224 2968 6
2270 2915 2491 2987 Πατὴρ,
2539 2917 2774 2988 Χριστὸν
2820 2916 3100 2986 ἐξελέξατο
3131 2919 3309 2990 μόνον.
3357 2919 3420 2972 Ei
3463 2919 3572 2991 7&9
3613 2919 3764 2992 μόνος

2196 3006 2326 3070 Υἱὸς
2355 3007 2588 3079 ὑπάρχει
2638 3009 2965 3080 μονογενὴς,
3009 3010 3108 3064 οὐκ
3154 3010 3266 3081 ἔχει
3297 3011 3585 3082 ἀδελφὸνῆ
3629 3011 3766 3064 ἀντι-

2180 3095 2523 3165 ιπαράθετσν.
2563 3096 2902 3169 Ἐμελῲδησε
2932 3097 3040 3168 γὰρ
3065 3099 3192 3170 περὶ
3235 3099 3398 3153 αὐτοῦ
3429 3099 3593 3153 Δαὸὶδ
3627 3103 3654 3154 6
3691 3099 3766 3152 θε-

2197 3187 2452 3251 σπέσιος⁶
2517 3189 2612 3254 Τίς
2657 3189 3083 3260 ὁμοιωθήσεται
3129 3190 3209 3256 τῷ
3252 3192 3448 3260 Κυρίῳ
3501 3192 3571 3245 ὲν
3622 3189 3765 3266 υζοῖς

2199 3279 2383 3344 Θεοῦ;
2420 3281 2514 3333 καὶ
2554 3281 2672 3352 μεθ’
2710 3282 2904 3353 ἔτερα·
2939 3282 3141 3353 Μέγας
3168 3285 3268 3338 καὶ
3311 3285 3561 3354 φοϐερός
3605 3285 3766 3339 ἐστιν

2196 3366 2294 3420 ἐπὶ
2349 3368 2582 3437 πάντας
2622 3371 2764 3438 τοὺς
2801 3374 3142 3441 περικύκλῳ
3187 3375 3405 3430 αὐτοῦ·
3439 3375 3516 3440 ὡς
3547 3376 3765 3446 μηδενὸς

2197 3457 2310 3512 οἴου
2338 3477 2398 3513 τε
2437 3460 2588 3525 ὄντος
2619 3463 2714 3516 τοῦ
2763 3465 2902 3518 κατὰ
2933 3467 3092 3537 χάριν
3119 3465 3151 3537 ἢ
3181 3467 3464 3539 προκοπὴν
3491 3467 3766 3538 παραϐάλ-

2197 3548 2388 3604 λεσθαι
2413 3552 2492 3621 τῷ
2537 3553 2657 3623 Θεῷ
2696 3555 2889 3626 Λόγῳ,
2927 3556 3015 3609 διὰ
3051 3557 3272 3627 βροτοὺς
3312 3557 3638 3629 ἀνδρωθέντι
3680 3556 3766 3611 καὶ

2195 3641 2423 3708 εἰκότως
2474 3643 2802 3714 ἐκλεχθέντι.
2848 3635 3121 3701 Πλείστων
3147 3648 3255 3720 γὰρ
3283 3648 3646 3719 ὑπαρχουσῶν
3672 3665 3765 3720 μυ-

2200 3735 2398 3806 ριάδων
2423 3736 2702 3804 γυναικῶν
2738 3737 2818 3792 ἐτι
2850 3739 3124 3811 ἀφθόρων,
3159 3740 3324 3810 μόνην
3355 3741 3418 3794 ἐκ
3441 3740 3633 3793 πασῶν
3655 3741 3767 3795 Μα-

2199 3828 2320 3898 ρίαν
2366 3829 2690 3900 ἀπέκρινεν,
2722 3833 2780 3884 ἐν
2817 3831 2954 3902 αὐτῇ
3005 3831 3300 3904 ἀφράστως
3341 3830 3550 3896 ένὼσας
3595 3829 3765 3901 ἑαυτῷ

2195 3919 2290 3972 καὶ
2339 3919 2653 3989 συμπλέξας
2693 3921 2761 3974 τὰ
2797 3921 3074 3993 ἡμέτερα,
3127 3922 3310 3987 καθώς
3362 3939 3524 3992 φησιν
3554 3923 3584 3974 6
3631 3921 3765 3982 θεῖος

2194 4010 2508 4081 τραγῳδός·
2586 4011 2938 4077 Ἐξελέξιιτο
2997 4013 3144 4083 ἡμῖν
3196 4013 3312 4082 τὴν
3369 4013 3765 4083 κληρονομίαν

2193 4101 2440 4165 ἑαυτοῦ,
2483 4101 2599 4169 τὴν
2650 4102 2963 4172 καλλονὴν
3027 4105 3242 4170 Ἰακὼϐ,
3284 4104 3363 4173 ἣν
3419 4103 3762 4174 ἠγάπησεν

2193 4193 2292 4263 τὴν
2325 4192 2580 4246 ἀείπαιδα
2628 4193 2848 4266 Μαρίαν
2898 4195 3100 4266 δηλῶν,
3153 4196 3380 4267 μηδέπω
3432 4198 3512 4259 εἰς
3558 4195 3764 4264 γένεσιν

2196 4283 2595 4355 παρελθοῦσαν,
2621 4286 2679 4338 ἐν
2697 4285 2851 4356 νηδύϊ
2879 4288 3088 4359 μητρὸς
3120 4287 3573 4359 καταϐληθεῖσαν.
3608 4284 3764 4353 Ἀγά-

2198 4392 2359 4446 μενος
2380 4376 2424 4428 δ’
2447 4378 2474 4429 6
2507 4377 2696 4448 Πατὴρ
2730 4377 2828 4449 τὴν
2859 4378 2916 4445 ἐξ
2943 4381 3112 4452 αὐτῆς
3147 4379 3241 4432 τοῦ
3270 4380 3440 4448 Λόγου
3472 4379 3761 4449 σάρκωσιν,

2194 4466 2402 4520 ἀνωθεν
2445 4467 2662 4539 ὲπιϐοᾷο
2707 4470 2853 4524 Ἰδοὺ
2883 4473 2916 4524 ὀ
2951 4472 3082 4537 Υἱός
3103 4489 3223 4540 μου
3263 4473 3296 4525 ὀ
3336 4470 3669 4540 ἀγαπητὸς,
3699 4469 3766 4522 ἐν

2192 4548 2240 4622 ᾧ
2268 4555 2595 4625 εὐδόκησα·
2618 4558 2713 4611 ἕνα
2738 4560 2830 4613 τὸν
2863 4562 2994 4632 παρ’
3025 4561 3189 4614 αὑτοῦ
3222 4563 3314 4614 καὶ
3343 4563 3439 4632 τῆς
3468 4560 3764 4624 Ἀείπαιδος

2191 4637 2471 4720 γνωρίζων
2486 4651 2616 4720 ἡμῖν
2637 4651 2808 4704 Παῖδα
2821 4651 3128 4724 Θεὸν,αὐτῷ
3142 4654 3234 4706 καὶ
3258 4655 3386 4724 ἡμῖν
3402 4649 3763 4724 ὀμοούσιον,τὸ

2191 4741 2310 4810 μὲν,
2331 4740 2590 4814 θειότητι,
2617 4743 2714 4813 τῆς
2735 4743 2789 4796 δὲ
2816 4743 3016 4816 (il-12)
3039 4744 3126 4817 -τῷ
3154 4745 3562 4816 προσλὴμματι.
3607 4743 3762 4812 Ὁμο-

2189 4829 2391 4903 θέωρος
2415 4833 2525 4904 γάρ
2554 4833 2768 4904 θνητοῖς
2791 4835 3079 4901 ἀθάνατος,
3113 4836 3451 4908 αὐθαιρέτως
3479 4832 3762 4904 γενόμενος

2189 4918 2401 4989 ἔμεινεν
2433 4921 2461 4974 ὃ
2482 4917 2570 4992 ἦν,
2597 4921 2872 4993 ὁρώμενος
2895 4925 3030 4996 ὅπερ
3057 4925 3195 4995 εἰμί.

509 5007 728 5077 quidem
759 5009 1064 5072 divinitate,
1097 5009 1253 5066 nobis
1291 5026 1421 5066 vero
1452 5013 1669 5065 ratione
1698 5011 1883 5065 carnis
1915 5017 2235 5080 assumptae.
2273 5010 2419 5066 Idem
2453 5013 2598 5068 enim
2634 5005 3074 5072 inter'mortales
3113 5030 3384 5087 apparens
3417 5010 3760 5078 immortalis,

508 5112 810 5174 spontanea
842 5107 1120 5162 voluntate
1146 5108 1349 5162 mansit
1377 5106 1523 5178 quod
1546 5115 1683 5173 erat,
1715 5123 1839 5163 cum
1878 5106 2297 5177 conspiceretur
2334 5109 2388 5164 id
2416 5124 2539 5165 esse
2562 5111 2710 5180 quod
2745 5127 2868 5167 sum
2898 5126 3023 5183 ego.

871 5215 1389 5273 INTERROGATIO
1460 5216 1705 5270 XXXIX.

576 5308 859 5376 Quomodo
883 5325 1012 5365 vero
1035 5309 1340 5365 secundum
1375 5309 1681 5380 profectum
1729 5315 1779 5362 et
1821 5307 2075 5363 dilectio-

506 5415 631 5455 nem
681 5399 976 5470 Apostolus
1031 5399 1212 5469 ipsum
1249 5400 1547 5455 ostendens
1593 5399 1791 5452 Filium
1845 5397 1962 5463 Dei,
2013 5397 2082 5452 de

2769 5223 3018 5276 ΠΕΥΣΙΣ
3053 5221 3177 5275 ΛΘθ.

2261 5311 2373 5364 Καὶ
2403 5312 2520 5376 πῶς
2549 5313 2692 5367 κατά
2717 5313 2999 5385 προκοπὴν
3026 5312 3120 5365 καὶ
3149 5311 3426 5381 ἀγάτησιν
3448 5311 3478 5363 6
3511 5309 3760 5362 ’Δπὸστο-

2189 5399 2278 5463 λος
2309 5401 2521 5464 δεικνὺς
2550 5402 2711 5458 αὑτὸν
2741 5403 2868 5456 Υἱὸν
2914 5401 3011 5456 τοῦ
3051 5401 3186 5455 Θεοῦ
3207 5441 3222 5467 ,
3271 5417 3334 5454 πε
3344 5401 3398 5472 9‘t
3428 5398 3521 5453 τοῦ
3554 5396 3760 5470 Haud);

575 5555 621 5588 ”
647 5555 805 5611 Joan.
835 5571 888 5619 ιτ,
917 5557 1007 5610 25.
1067 5555 1116 5588 "‘
1148 5556 1336 5611 Matth.
1363 5573 1444 5622 ιιι,
1472 5556 1558 5611 l7.
1633 5555 1680 5588 ⁵⁸
1712 5552 1814 5609 lsa.
1844 5570 1981 5620 xui,
2014 5557 2064 5609 l.
2142 5555 2188 5586 "
2212 5554 2366 5611 Cant.
2397 5571 2449 5622 v,
2483 5555 2568 5610 l0.
2645 5557 2690 5589 ⁸⁷
2717 5556 2860 5614 Psal.
2889 5573 3154 5626 uxxvm,
3185 5556 3235 5614 7.
3277 5557 3321 5589 ⁵⁸
3351 5555 3484 5611 ibid.
3540 5555 3582 5588 '9
3613 5545 3757 5606 lissi.

507 5640 656 5693 λινι,
693 5626 745 5681 5.
824 5627 868 5658 ⁵⁸
898 5627 1090 5681 Matth.
1119 5643 1201 5694 ιιι,
1236 5627 1326 5682 l7.

579 5781 783 5854 (ti-ia)
818 5786 885 5838 Τ.)
909 5785 1119 5854 μὲν...

1155 5783 1263 5853 τῆς
1291 5784 1376 5838 δέ.
1415 5783 1611 5849 Forte,
1647 5781 1725 5852 τῷ
1769 5781 1886 5852 μὲν.
1914 5817 1962 5835 ..
1998 5783 2107 5846 τοῖς
2129 5782 2206 5838 δέ.
2253 5782 2412 5838 Eon.
