4082 6402
375 437 488 494 905

377 549 528 615 λέγει
548 589 561 603 .
619 532 723 614 "Or;
761 547 1056 616 ἐρῤύσατο
1102 548 1258 618 ἡμᾶς
1292 548 1361 602 ἐκ
1398 546 1506 618 τῆς
1537 547 1823 615 ἐξουσίας
1846 549 1954 603 τοῦ

377 646 640 705 σκότου,
685 638 785 692 καὶ
820 638 1198 707 μετέστησεν
1223 643 1310 704 είς
1349 641 1465 707 τὴν
1493 640 1824 704 βασιλείαν
1849 641 1954 695 τοῦ

379 732 512 788 Υιυῦ
543 726 653 799 τῆς
676 730 912 799 ἀγάπης
933 730 1141 785 αὐτοῦ.

995 842 1355 909 Ἀπόκρισις.

457 921 605 981 Ἀλλ’
649 929 751 981 οὐκ
797 931 863 981 ὲκ
895 927 1100 982 τούτων
1133 928 1277 983 κατὰ
1308 930 1592 1001 προκοπὴν
1641 929 1771 993 Υἱὸς
1819 929 1955 983 Θεοῦ

376 1018 740 1090 δειχθήσεται.
785 1019 1045 1089 Ἐτέρωθι
1085 1020 1193 1092 γὰρ
1218 1022 1247 1074 ὁ
1271 1021 1432 1085 αὐτὸς
1460 1021 1604 1093 ἱερὸς
1637 1019 1957 1084 Ἀπόστολός

381 1127 575 1181 φησιν·
607 1110 739 1164 Ὀτι
775 1113 810 1165 ὁ
850 1112 994 1177 Θεὸς
1040 1111 1359 1181 ἠγάπησεν
1388 1109 1546 1181 ἡμᾶς
1587 1112 1658 1165 ἐν
1692 1112 1951 1179 Χριστῷ*

382 1202 660 1272 σημαίνων
692 1202 912 1272 ἀγάπην
940 1202 1033 1255 τοῦ
1058 1202 1193 1255 Θεοῦ
1218 1204 1313 1256 καὶ
1332 1204 1545 1274 Πατρὸς
1571 1202 1837 1273 ὑπάρχειν
1865 1201 1956 1255 τὸν

379 1295 632 1366 Χριστὸν,
656 1295 733 1356 ὡς
756 1296 848 1348 καὶ
866 1296 1054 1365 σοφίαν
1074 1297 1169 1350 καὶ
1184 1296 1432 1367 δύναμιν.
1451 1298 1664 1367 Ἀγάπη
1685 1290 1778 1350 οῦν
1799 1297 1829 1348 ὁ
1845 1298 1956 1350 Παδ

378 1384 503 1456 τηρ,
534 1386 736 1456 ὁμοίως
767 1387 863 1439 καὶ
889 1389 917 1439 6
938 1385 1097 1449 Υἱός·
1129 1386 1206 1451 ῶς
1243 1387 1360 1456 φῶς
1381 1389 1446 1440 ὲκ
1475 1388 1671 1456 φωτὸς,
1707 1387 1802 1441 καὶ
1824 1386 1957 1451 Θεὸς

379 1476 445 1528 ὲκ
474 1475 630 1536 Θεοῦ,
665 1477 759 1528 καὶ
784 1475 973 1547 ἀγάπη
1000 1476 1058 1542 ἐξ
1082 1478 1320 1548 ἀγάπης.
1359 1478 1414 1530 Ὁ
1452 1480 1595 1543 Θεὸς
1618 1476 1729 1549 γὰρ
1754 1475 1955 1546 ἀγάπη

379 1563 537 1629 ἐστὶ,
571 1564 735 1635 φησὶν
764 1566 793 1616 6
833 1565 1106 1629 Ἰωάννης.
1144 1565 1551 1620 Παυσάσθωσαν
1578 1566 1755 1619 τοίνυν
1777 1566 1825 1618 ot
1857 1564 1957 1634 τῆς

395 1652 600 1722 Ἀρείου
630 1652 827 1723 μανίας
844 1652 866 1720 ,’
912 1655 1120 1725 κτίσμα
1160 1655 1251 1708 τὸν
1291 1657 1517 1728 κτίστην
1548 1656 1818 1727 οίὸμενοι’,
1841 1652 1954 1707 οὗθ’

380 1742 574 1814 ἐτέρας
621 1741 730 1795 τῶν
770 1741 1055 1814 Διαθηκῶν
1103 1742 1261 1796 τοῦτο
1308 1742 1654 1814 βουλομένης.
1702 1742 1955 1813 Τέσσαρα

381 1835 512 1904 ἡμῖν
553 1834 787 1906 ὑπάρχει
834 1834 1176 1904 Εὐαγγέλια,
1214 1834 1522 1904 κεφαλαίων
1543 1834 1727 1905 χιλίων
1760 1833 1953 1888 ἑκατὸν

380 1923 642 1997 ἑξήκοντα
662 1926 755 1979 δύο
775 1943 787 1957 ·
815 1926 906 1980 καὶ
931 1927 1026 1981 ἀπ’
1048 1926 1216 1997 ἄκρου
1244 1926 1402 1997 μέχρι
1434 1927 1669 1998 πέρατος
1696 1928 1755 1980 ὲν
1773 1926 1953 1990 αὐτοῖς

339 2016 660 2089 σθεηγορῶν
701 2019 730 2070 6
774 2018 903 2082 Υἱὸς
951 2019 1082 2090 περὶ
1127 2017 1221 2071 τοῦ
1273 2016 1517 2089 Πατρὸς,
1555 2019 1651 2072 καὶ
1691 2019 1721 2070 6
1766 2018 1957 2089 Πατὴρ

384 2109 512 2178 περὶ
555 2108 648 2161 τοῦ
696 2108 926 2173 Παιδὸς,
975 2107 1088 2161 οὔθ’
1144 2106 1330 2179 ἕτερος
1386 2107 1566 2162 αὐτῶν
1622 2125 1820 2179 φησιν,
1875 2109 1956 2162 ὅτι

386 2195 617 2250 Ἔκτισα
661 2195 885 2268 ἐμαυτῷ
928 2197 1087 2262 Υίὸν,
1120 2197 1154 2266 ἢ
1183 2191 1251 2249 αὖ
1285 2196 1476 2263 πάλιν,
1515 2198 1597 2251 ὅτι
1630 2196 1849 2250 Ἐκτισέ
1888 2214 1957 2268 με

378 2292 408 2343 6
437 2289 647 2360 Πατήρ.

979 2378 1227 2434 ΠΕΥΣΙΣ
1266 2382 1356 2436 Μ’.

452 2470 518 2523 Τί
563 2465 655 2525 οῦν
683 2470 925 2541 νομίζεις
954 2473 1053 2542 τὴν
1083 2472 1355 2543 Παρθένον
1378 2472 1597 2543 Μαρίαν
1616 2512 1632 2537 ,
1672 2472 1897 2543 κτιστὴν
1922 2473 1956 2543 ἢ

380 2563 669 2630 άκτιστονς
704 2566 799 2619 καὶ
825 2563 886 2616 τὸ
917 2562 976 2628 ἐξ
1012 2564 1185 2635 αὐτῆς
1216 2563 1374 2636 σῶμα
1404 2564 1498 2618 τοῦ
1541 2564 1819 2634 Χριστοῦ;
1863 2567 1960 2618 καὶ

382 2658 503 2722 πῶς
534 2658 861 2729 προσκυνεῖς
888 2656 965 2728 τῷ
996 2655 1252 2727 ΧριστιῙ›;
1282 2656 1347 2710 Ei
1375 2655 1486 2727 γὰρ
1518 2654 1735 2709 κτιστὸν
1763 2654 1924 2728 είπῃς
1942 2694 1957 2720 ,

380 2751 520 2822 ὅπερ
548 2752 699 2805 πᾶσα
723 2750 941 2815 πάντως
966 2749 1202 2819 ἀνάγκη,
1228 2747 1467 2818 δηλονότι
1502 2747 1762 2818 κτίσματι
1791 2764 1960 2820 προσ-

382 2842 595 2904 κυνεῖς·
630 2840 679 2893 ei
724 2839 781 2892 δὲ
828 2838 904 2911 μὴ
952 2841 1311 2910 προσκυνεῖς,
1363 2838 1502 2909 ἀρνῇ
1545 2837 1637 2891 τὸν
1691 2836 1820 2892 Υἱὸν
1865 2836 1961 2891 τοῦ

379 2932 538 2986 Θεοῦ.
587 2932 663 2985 Οὐ
711 2930 908 3003 γράφω
949 2930 1211 3000 Θεότητος
1262 2928 1464 2984 τύπον·
1512 2929 1662 2999 άπλῆ
1708 2928 1819 3001 γὰρ
1868 2929 1964 2983 καὶ

381 3023 610 3094 ἀόρατος
642 3021 739 3075 καὶ
774 3021 1009 3084 άνείδεός
1043 3022 1191 3074 ἐστι·
1228 3020 1329 3091 τῆς
1365 3019 1570 3091 σαρκὸς
1591 3020 1650 3074 δὲ
1679 3019 1771 3075 τὸν
1790 3018 1960 3074 τύπον

384 3111 646 3181 ἱστορῶν,
699 3110 989 3182 προσκυνῶ
1042 3110 1336 3180 θεοπρεπεῖ
1382 3108 1472 3163 διὰ
1520 3109 1620 3179 τὴν
1668 3109 1787 3163 καθ’
1827 3110 1961 3163 ὑπό-

387 3218 574 3257 στασιν
597 3203 804 3256 ἕνωσιν.

996 3380 1359 3448 Ἀπόκρισις.

455 3468 541 3538 Νὴ
574 3468 670 3538 τὴν
702 3469 843 3541 ἐμὴν
885 3468 1108 3536 ὑγείαν,
1161 3470 1261 3541 οὐχ
1304 3470 1384 3535 ὡς
1433 3469 1691 3541 κτίσματι
1724 3486 1965 3543 προσκυ-

386 3563 536 3614 νίσω
571 3560 793 3631 Χριστῷ
813 3599 828 3627 ,
873 3559 988 3615 ἀλλ’
1019 3561 1096 3626 ὡς
1126 3562 1235 3617 τῶν
1262 3564 1578 3634 κτισμάτων
1616 3564 1846 3635 ποιητὴν
1873 3564 1966 3617 καὶ

382 3652 778 3728 ﬂamine-1:39
802 3653 911 3725 γὰρ
941 3653 1034 3707 τὸν
1059 3653 1281 3725 βασιλέα
1306 3656 1403 3709 σὺν
1430 3656 1497 3726 τῇ
1519 3653 1800 3727 ἁλουργίδι
1820 3657 1966 3726 τιμῶ

388 3743 490 3813 μιᾷ
518 3746 913 3815 προσκυνήσει,
949 3746 1010 3798 οὐ
1042 3744 1293 3816 χωρίζων
1316 3745 1481 3799 αὑτὸν
1508 3745 1745 3815 ἐκείνης.
1782 3745 1852 3799 'll
1881 3764 1965 3799 σοι

385 3830 496 3906 ἆρα
525 3835 675 3890 δοκεῖ
699 3838 849 3909 ἐρεῖν
873 3836 952 3907 τῷ
978 3836 1244 3907 ἀνάκτορι
1261 3852 1276 3868 ⁸
1314 3835 1603 3907 Ἀνάστηθι
1624 3836 1716 3889 τοῦ
1752 3836 1963 3907 θρόνου,

386 3928 476 3983 ἵνα
517 3947 579 3983 σε
619 3931 1020 4003 προσκυνήσω;
1061 3929 1131 4001 ἢ,
1186 3928 1407 3994 Ἔξελθε
1452 3927 1545 3982 τοῦ
1575 3928 1703 3982 ναοῦ
1727 3967 1743 3993 ,
1787 3928 1874 3982 ἴνα
1905 3945 1966 3982 σε

327 4001 334 4007 ”
386 4019 612 4091 ὑμνήσω
652 4001 823 4090 χωρὶς
860 4001 961 4091 τῆς
1009 4018 1218 4090 ἀψύχου
1248 4017 1420 4090 ὖληςς
1456 4019 1521 4072 Et
1551 4013 1645 4071 οὖν
1676 4018 1747 4071 τὰ
1783 4018 1967 4089 ἄψυχα

384 4112 465 4183 τῷ
517 4111 747 4183 ἐμψύχῳ
795 4113 1297 4183 συμπροσκυνεῖται
1346 4110 1443 4165 καὶ
1497 4109 1570 4164 τὰ
1619 4109 1810 4179 εὐτελῆ
1831 4151 1847 4176 ,
1888 4108 1968 4180 τῷ

387 4205 569 4273 πάσης
613 4203 750 4274 ὁμοῦ
784 4204 885 4274 τῆς
932 4203 1162 4274 ὑφηλίου
1196 4202 1476 4277 Δεσπότῃ,
1533 4201 1760 4266 εἰκότως
1795 4202 1892 4255 καὶ
1939 4203 1967 4256 ὁ

387 4291 562 4360 Λόγος
604 4292 701 4345 σὺν
736 4292 816 4363 τῷ
857 4292 971 4364 ναῷ
998 4292 1093 4347 τοῦ
1135 4293 1386 4364 σώματος
1406 4332 1420 4354 ,
1466 4293 1604 4364 ὅπερ
1650 4291 1819 4347 αὐτοῦ
1873 4293 1969 4348 καὶ

387 4382 684 4455 ἁλουργίδα
715 4385 861 4457 φημὶ
889 4387 982 4439 καὶ
1013 4385 1215 4456 χιτῶνα
1243 4384 1338 4438 καὶ
1363 4382 1573 4457 θρόνον,
1602 4384 1702 4455 μιᾷ
1732 4400 1967 4454 προσκυ-

388 4475 540 4547 νήσει
575 4476 1103 4548 προσκυνηθήσεται.

968 4676 1220 4730 ΠΕΥΣΙΣ
1256 4676 1392 4730 MA'.

463 4760 573 4812 Καὶ
598 4762 645 4813 εἰ
672 4762 804 4825 Θεὸς
826 4765 944 4816 ἐστι
978 4765 1117 4833 μετὰ
1143 4763 1395 4834 σώματος
1415 4803 1430 4827 ,
1462 4762 1578 4826 πῶς
1605 4762 1768 4826 αὒτδς
1788 4761 1935 4831 λέγει
1951 4800 1970 4826 ν

397 4849 546 4904 Θεὸν
574 4850 775 4916 οὐδεὶς
799 4851 1020 4918 ἐόψακε
1043 4852 1316 4917 admorsa;
1348 4855 1411 4908 El
1429 4850 1522 4907 οὖν
1540 4851 1674 4916 Θεὸς
1697 4849 1766 4924 ἦν
1791 4891 1807 4915 ,
1838 4853 1975 4907 πάν-

392 4954 483 5004 τες
506 4940 557 4992 οἱ
596 4941 715 4994 κατ’
743 4940 918 4993 ἐκεῖνο
942 4939 1137 5011 καιροῦ
1169 4937 1310 4994 εἶδον
1329 4942 1511 5011 αὐτόν.

1013 5132 1368 5202 Ἀπόκρισις.

465 5222 598 5293 Περὶ
643 5224 738 5277 τοῦ
779 5225 997 5297 Πατρός
1026 5242 1192 5297 φησιν
1222 5226 1252 5278 6
1281 5223 1431 5291 Υίὸς,
1477 5228 1561 5280 ὅτι
1595 5226 1746 5282 Θεὸν
1772 5226 1975 5292 οὐδεὶς

395 5310 614 5380 ἑώρακε
660 5316 916 5373 πώποτε.
967 5317 1044 5370 Οὐ
1076 5317 1187 5389 γὰρ
1212 5313 1357 5371 εἶπε·
1385 5316 1487 5372 Τὸν
1524 5317 1647 5371 Υίὸν
1678 5318 1809 5372 Θεὸν
1843 5319 1976 5372 ὄντα

396 5397 566 5466 Λόγον
606 5402 699 5454 καὶ
724 5404 1010 5476 ἄνθρωπον
1046 5407 1368 5477 γενόμενον,
1411 5404 1586 5469 οὐδεὶς
1613 5406 1827 5477 ἑώρακε
1862 5407 1977 5461 πώ-

398 5504 563 5541 ποτε.
582 5487 737 5545 Εἶδον
761 5494 859 5564 μὲν
887 5498 1164 5568 προφῆται
1190 5499 1285 5552 καὶ
1312 5497 1602 5552 ἀπόστολοι
1623 5499 1717 5551 καὶ
1746 5498 1976 5561 ἕκαστος

396 5577 506 5632 τῶν
537 5580 761 5636 δικαίων
793 5585 948 5651 Θεὸν,
974 5587 1089 5641 ἀλλ’
1118 5590 1292 5654 οὐδεὶς
1312 5590 1447 5644 καθὸ
1470 5589 1705 5661 ὑπάρχει
1726 5593 1791 5661 τῇ
1817 5591 1976 5660 φύσει

400 5667 529 5723 ιδεῖν
550 5665 661 5733 οἷός
680 5689 761 5726 τε.
793 5674 926 5728 Οὐδὲ
947 5676 1056 5747 γὰρ
1079 5677 1195 5730 ἔστι
1219 5679 1381 5746 φύσις
1404 5680 1658 5752 χωροῦσα
1691 5682 1790 5752 τὴν
1814 5681 1938 5750 ὕψιν
1959 5698 1973 5712 ·

398 5760 613 5831 ἑκάστῳ
654 5762 710 5816 δὲ
747 5763 854 5819 τῶν
894 5764 1059 5832 ἀξίων
1103 5768 1384 5837 φαίνεται,
1410 5772 1511 5823 οὐκ
1541 5771 1671 5826 ἄνευ
1695 5772 1840 5835 τινὸς
1871 5789 1976 5824 πα-

1797 435 2142 497 DIALOGUS
2167 434 2208 489 l.

3520 435 3623 493 906

2055 547 2217 602 Patre
2251 544 2427 615 inquit
2459 564 2470 600 :
2507 546 2611 612 Qui
2632 546 2824 616 eripuit
2853 566 2946 604 nos
2968 565 3033 603 ea:
3080 557 3336 618 potestate
3388 548 3630 602 latebra-

2057 654 2195 701 rum,
2220 648 2268 692 et
2301 638 2571 692 transtulit
2594 640 2647 691 in
2672 656 2886 708 regnum
2919 638 3047 694 Filii
3090 640 3383 695 dilectionis
3413 655 3523 693 suo:
3559 641 3624 692 θ’.

2687 834 2992 905 Responsio.

2130 921 2332 978 Verum
2366 938 2430 979 ex
2462 924 2549 980 his
2578 938 2688 978 non
2715 926 3037 982 ostendetur
3059 942 3187 982 esse
3222 927 3401 997 ipsum
3435 940 3629 982 secun-

2056 1013 2186 1068 dum
2212 1013 2517 1083 profectum
2546 1014 2748 1070 Filium
2780 1015 2900 1073 Dei.
2922 1018 3069 1073 Alibi
3106 1019 3250 1072 enim
3280 1018 3424 1073 idem
3454 1018 3632 1088 inquit

2058 1104 2377 1174 Apostolus,
2413 1105 2680 1171 Quoniam
2709 1105 2845 1161 Deus
2880 1107 3067 1161 dilexit
3106 1124 3200 1161 nos
3229 1108 3284 1161 in
3317 1106 3531 1162 Christo
3547 1107 3592 1138 “
3613 1147 3629 1171 ,

2058 1194 2377 1264 signiﬁcans
2407 1196 2755 1252 dilectionem
2790 1197 2881 1253 Dei
2909 1207 2961 1253 et
2982 1197 3158 1253 Patris
3185 1214 3309 1254 esse
3325 1198 3628 1261 Christum,

2056 1286 2517 1355 quemadmodum
2548 1295 2600 1342 et
2634 1289 2960 1360 sapientiam
3000 1297 3053 1344 et
3086 1290 3369 1346 virtutem.
3404 1289 3633 1345 Dilectio

2059 1372 2224 1443 igitur
2247 1386 2332 1431 est
2357 1374 2539 1441 Pater,
2591 1379 2846 1433 similiter
2896 1387 2951 1433 et
2994 1378 3188 1445 Filius,
3236 1388 3296 1435 ut
3336 1381 3519 1435 lumen
3563 1395 3634 1435 ex

2058 1463 2285 1529 lumine,
2318 1476 2372 1520 et
2397 1466 2540 1522 Deus
2566 1484 2633 1523 ex
2672 1468 2815 1537 Deo;
2840 1477 2894 1524 et
2944 1469 3164 1525 dilectio
3202 1485 3270 1524 ex
3312 1470 3626 1526 dileCtione.

2056 1553 2191 1609 Nam
2215 1555 2357 1611 Deus
2382 1566 2460 1612 est
2506 1558 2718 1614 dilectio
2753 1561 2820 1623 ⁸³,
2871 1561 3049 1631 inquit
3096 1559 3355 1617 Joannes.
3402 1561 3635 1619 Cessent

2059 1646 2227 1716 igitur
2272 1648 2491 1704 Arianae
2538 1651 2778 1706 vesaniae
2817 1659 3142 1720 sectatores,
3182 1654 3275 1724 qui
3320 1665 3631 1709 creaturam

2058 1745 2364 1790 creatorem
2404 1747 2622 1806 putant,
2686 1748 2884 1794 neutro
2922 1739 3399 1795 Testamentorum
3452 1740 3508 1794 id
3548 1756 3637 1796 vo-

2065 1826 2230 1881 lente.
2253 1825 2498 1893 Quatuor
2530 1829 2689 1885 nobis
2726 1840 2855 1885 sunt
2901 1828 3216 1901 Evangelia,
3265 1831 3445 1901 capita
3485 1830 3637 1885 mille

2063 1925 2284 1972 centum
2317 1922 2600 1991 sexaginta
2632 1921 2770 1989 duo;
2799 1930 2853 1976 et
2878 1923 2946 1977 ab
2976 1922 3135 1977 initio
3167 1922 3233 1978 ad
3265 1921 3426 1979 ﬁnem
3462 1938 3636 1993 usque

2058 2005 2115 2062 in
2144 2008 2279 2078 ipsis
2304 2009 2575 2067 divinitus
2600 2011 2762 2067 tradit
2800 2013 3109 2067 doctrinam
3144 2011 3315 2069 Filius
3347 2014 3416 2069 de
3452 2012 3634 2076 Patre,

2058 2105 2114 2155 et
2141 2097 2305 2156 Pater
2331 2101 2398 2157 de
2425 2100 2599 2168 Filio,
2621 2110 2676 2158 et
2707 2111 2890 2159 tamen
2922 2113 3119 2160 neuter
3160 2104 3405 2174 ipsorum
3438 2106 3632 2175 inquit,

2061 2188 2252 2245 Creavi
2287 2192 2419 2247 mihi
2461 2191 2690 2259 Eilium,
2733 2202 2828 2250 aut
2880 2195 3001 2250 vice
3063 2209 3244 2262 versa,
3292 2197 3510 2252 Creavit
3551 2213 3639 2253 me

2058 2279 2240 2338 Pater.

2509 2376 3030 2434 INTERROGATIO
3067 2376 3179 2433 XL.

2134 2462 2277 2530 Quid
2306 2465 2478 2537 igitur
2510 2469 2712 2525 statuis
2730 2468 2799 2524 de
2830 2467 3052 2539 Virgine
3089 2468 3298 2525 Maria?
3323 2486 3454 2525 num
3483 2486 3638 2526 erea-

2061 2560 2195 2619 tam,
2218 2568 2289 2607 an
2317 2554 2640 2621 increatam,
2675 2563 2728 2612 et
2757 2558 2905 2628 quod
2934 2573 3001 2614 ex
3030 2572 3094 2613 ea
3116 2567 3202 2613 est
3228 2573 3430 2630 corpus
3468 2558 3635 2613 Chri-

2064 2645 2133 2699 sti
2165 2644 2189 2699 ?
2219 2644 2287 2698 Et
2320 2646 2596 2716 quomodo
2620 2646 2902 2704 Christum
2933 2646 3175 2703 adoras?
3202 2647 3338 2702 Nam
3367 2649 3411 2704 si
3457 2648 3637 2718 ipsum

2063 2743 2311 2791 creatum
2345 2737 2576 2804 dixeris,
2604 2738 2660 2794 id
2718 2739 2865 2808 quod
2919 2740 3146 2794 omnino
3198 2755 3486 2795 necessum
3533 2750 3639 2801 est,

2063 2833 2377 2885 creaturam
2406 2825 2662 2883 videlicet
2693 2828 2933 2898 aliquam
2978 2828 3195 2884 adoras.
3254 2830 3314 2883 Si
3366 2844 3496 2884 vero
3534 2845 3643 2884 noa

2067 2916 2287 2978 adoras,
2328 2931 2497 2988 negas
2520 2915 2721 2973 Filium
2771 2917 2888 2973 Dei.
2940 2916 3059 2972 Non
3098 2918 3353 2975 describo
3394 2920 3647 2975 divinita~

2067 3011 2175 3061 tem
2204 3006 2507 3062 secundum
2550 3006 2806 3065 formam.
2857 3008 3103 3079 Simplex
3139 3010 3286 3065 enim
3320 3020 3425 3076 est,
3454 3019 3509 3066 et
3558 3013 3647 3067 in—

2066 3098 2440 3167 aspcctabilis,
2458 3109 2511 3154 et
2528 3098 2703 3155 forma
2730 3115 2947 3156 carens.
2972 3101 3169 3157 Carnis
3200 3109 3384 3157 autem
3413 3103 3645 3158 formam

2068 3188 2312 3253 intuens,
2350 3189 2519 3244 adoro
2543 3188 2739 3250 Deum,
2777 3197 2834 3244 ut
2868 3204 2967 3259 par
3003 3199 3107 3257 est,
3140 3199 3364 3261 propter
3385 3207 3508 3248 eam
3524 3209 3647 3263 qua:

2067 3277 2371 3333 secundum
2403 3279 2744 3349 hypostasim
2784 3288 2887 3345 est,
2925 3280 3204 3337 unionem.

2713 3371 3020 3443 Responsio.

2135 3460 2244 3516 Per
2306 3476 2482 3517 meam
2538 3469 2687 3517 certe
2736 3462 2993 3531 salutem,
3054 3460 3166 3521 non
3229 3472 3288 3520 ut
3337 3473 3647 3523 creaturam

2069 3552 2240 3608 adoro
2286 3551 2592 3617 Christum,
2637 3553 2734 3610 sed
2773 3563 2833 3608 ut
2883 3562 3264 3612 creaturarum
3309 3558 3561 3629 opiﬁcem
3593 3568 3651 3615 ct

2070 3642 2267 3699 Deum.
2297 3642 2772 3711 Quemadmodum
2802 3661 2984 3718 regem
3018 3661 3144 3703 cum
3174 3662 3417 3717 purpura
3439 3649 3650 3705 honoro

2070 3749 2179 3790 una
2216 3740 2271 3789 et
2296 3737 2488 3791 eadem
2514 3738 2888 3803 veneratione,
2919 3738 3099 3808 ipsum
3132 3738 3201 3794 ab
3231 3738 3323 3792 illa
3350 3752 3457 3793 non
3488 3754 3649 3810 sepa-

2069 3835 2221 3875 rans.
2253 3819 2471 3892 Alioqui
2532 3839 2664 3879 num
2722 3825 2820 3880 tibi
2870 3825 3087 3880 videtur
3134 3822 3204 3877 σει
3263 3824 3648 3894 imperatorem

2072 3908 2367 3965 dicendum
2397 3925 2554 3981 esse,
2612 3911 2789 3984 Surge
2835 3913 2902 3968 de
2935 3914 3134 3968 throno
3169 3921 3284 3979 tuo,
3328 3921 3388 3969 ut
3429 3914 3651 3971 adorem

2074 4001 2157 4057 te?
2185 4009 2299 4067 aut,
2326 4000 2598 4072 Egredere
2620 4018 2688 4058 ex
2716 4004 2946 4073 templo,
2970 4012 3031 4059 ut
3064 4014 3115 4059 te
3146 4005 3420 4062 celebrem
3443 4006 3653 4078 absque

2071 4092 2303 4147 materia
2341 4092 2673 4149 inanimata?
2703 4092 2761 4148 Si
2792 4108 2925 4165 ergo
2966 4109 3056 4152 res
3091 4096 3347 4153 inanimae
3388 4114 3495 4153 una
3525 4115 3650 4154 cum

2074 4181 2336 4239 animatis
2365 4183 2686 4250 adorantur,
2739 4193 2796 4241 et
2838 4200 2929 4241 res
2971 4187 3197 4242 omnino
3238 4188 3424 4257 leves;
3454 4191 3653 4244 merito

2075 4272 2266 4341 utique
2286 4271 2468 4338 eteius
2482 4270 2577 4342 qui
2593 4273 2836 4327 omnium
2862 4273 2917 4328 in
2935 4275 3255 4330 universum
3268 4291 3391 4347 qua:
3412 4276 3516 4333 sub
3537 4278 3655 4332 sole

2074 4370 2224 4425 sunt,
2250 4363 2517 4417 Dominus
2560 4369 2668 4424 est,
2699 4371 2754 4418 et
2794 4362 3035 4418 Verbum
3079 4364 3237 4429 illud,
3281 4381 3405 4421 cum
3450 4369 3657 4438 templo

2076 4452 2351 4522 corporis,
2381 4452 2528 4522 quod
2563 4451 2742 4523 ipsum
2782 4468 3084 4523 purpuram
3125 4454 3247 4525 ejus
3275 4471 3413 4512 voco
3435 4467 3488 4513 et
3510 4459 3654 4512 tuni-

2075 4556 2199 4599 cam
2228 4552 2283 4599 et
2303 4542 2522 4609 solium,
2548 4557 2657 4596 una
2690 4542 3012 4598 adoratione
3042 4542 3378 4600 adorabitur.

2518 4654 3036 4713 INTERROGATIO
3072 4657 3210 4716 XLI.

2145 4746 2313 4817 Atqui
2339 4747 2388 4802 si
2413 4745 2556 4802 Deus
2593 4754 2676 4801 est
2710 4763 2835 4803 cum
2877 4763 3129 4819 corpore,
3175 4751 3453 4821 quomodo
3480 4752 3659 4822 inquit

2076 4839 2217 4910 ipse,
2242 4837 2415 4894 Deum
2448 4854 2599 4891 nemo
2635 4838 2765 4893 vidit
2812 4856 3043 4910 unquam
3078 4841 3163 4896 “?
3202 4840 3483 4913 Siquidem
3514 4844 3657 4900 Deus

2077 4936 2219 4993 erat,
2246 4943 2436 4984 omnes
2459 4929 2554 4997 qui
2594 4943 2720 4983 cum
2756 4931 2850 4985 illo
2894 4932 2950 4987 id
2996 4934 3258 5003 temporis
3297 4934 3538 5002 fuerunt,
3573 4936 3658 4991 vi-

2083 5019 2283 5075 derunt
2310 5020 2509 5089 ipsum.

2717 5130 3025 5200 Responsio.

2152 5220 2227 5275 De
2257 5221 2416 5275 Patre
2462 5220 2710 5290 loquitur
2774 5220 2967 5289 Filius,
3017 5239 3142 5279 cum
3178 5225 3273 5292 ait,
3312 5225 3476 5280 Deum
3506 5242 3659 5279 nemo

2079 5313 2209 5367 vidit
2240 5329 2492 5383 unquam.
2525 5311 2644 5368 Non
2687 5314 2834 5369 enim
2884 5315 3089 5387 inquit:
3116 5315 3339 5383 Filium,
3388 5320 3479 5389 qui
3513 5316 3658 5374 Deus

2078 5414 2163 5459 est
2201 5402 2468 5468 Verbum,
2512 5411 2568 5459 et
2601 5404 2764 5459 homo
2798 5404 2999 5473 factus,
3030 5423 3191 5465 nemo
3226 5410 3359 5464 vidit
3392 5423 3655 5478 unquam.

2083 5494 2347 5551 Viderunt
2389 5494 2609 5566 quidem
2659 5497 2936 5565 prophetat
2980 5508 3035 5553 et
3087 5500 3321 5569 apostoli
3362 5507 3416 5554 et
3464 5513 3658 5553 omnes

2075 5587 2210 5656 justi
2243 5586 2450 5655 Deum;
2487 5602 2675 5642 verum
2712 5589 2898 5643 nullus
2931 5590 3079 5659 quod
3113 5598 3197 5644 est.
3227 5598 3424 5645 natura
3451 5605 3549 5645 sua
3574 5591 3657 5645 vi.

2079 5676 2207 5732 dere
2235 5686 2430 5749 potest.
2464 5676 2582 5732 Non
2612 5678 2758 5734 enim
2803 5687 2888 5733 est
2930 5679 3039 5734 ulla
3065 5687 3262 5736 natura
3303 5694 3428 5752 quas
3459 5681 3532 5737 sit
3560 5696 3659 5736 ca-

2085 5786 2185 5839 pa:
2219 5772 2340 5840 ejus
2384 5778 2663 5839 aspectus.
2718 5770 3029 5845 Unicuique
3054 5787 3185 5828 vero
3214 5781 3444 5846 apparet
3466 5774 3657 5847 digno,

474 5874 514 5905 ³⁸
549 5873 764 5931 Coloss.
796 5890 834 5940 ι,
868 5878 952 5932 15.
1032 5879 1077 5911 εί
1104 5878 1145 5931 ιι
1180 5878 1375 5935 Thess.
1407 5882 1566 5945 n.16.
1645 5883 1690 5916 ⁸⁸
1721 5882 1879 5940 Joan.
1920 5901 1962 5943 ιν

2066 5927 2072 5941 .
2152 5885 2196 5918 ⁵⁸
2223 5883 2380 5940 Joan.
2414 5899 2454 5951 ι,
2483 5885 2570 5942 18.

731 5967 998 6033 ΡΔΤιιοι..
1030 5968 1147 6030 Gn.
1190 5971 1548 6035 XXXVIII.

3259 5979 3337 6039 29
