4082 6394
365 445 471 505 -999

978 563 1326 633 Ἀπόκρισις.

440 658 641 709 Ἄκουε
673 655 736 725 δὴ
758 695 771 718 ,
803 654 1096 725 ἁξιὰγαστε
1116 697 1130 721 ,
1175 655 1505 720 αὑθεντικῶς
1554 657 1646 711 καὶ
1675 657 1942 729 αὐτοκρα-

365 751 599 825 τορικῶς
626 750 720 804 τοῦ
754 750 1070 821 Πνεὺματος
1104 751 1529 821 προστάττοντος
1547 791 1562 815 ,
1594 750 1694 819 καὶ,
1710 751 1944 822 δρῶντος

365 841 461 898 ἶσα
489 842 568 913 τῷ
597 842 773 912 Πατρὶ
807 841 901 894 καὶ
938 840 1015 911 τῷ
1050 841 1191 912 Υἱῷ·
1234 842 1575 911 Ἀφορίσατε
1613 841 1689 907 δή
1716 859 1819 912 μοι
1839 841 1944 895 τὸν

367 935 685 1004 Βαρνάϐαν
725 933 825 987 καὶ
872 933 1114 987 Σαῦλον
1133 974 1147 998 ,
1181 937 1268 1000 εὶς
1308 932 1377 986 τὸ
1414 934 1592 1004 ἔργον
1621 934 1652 987 ὃ
1690 932 1945 1001 προσκέ-

367 1030 592 1095 κλημαι
629 1024 880 1089 αὐτοὺς,
911 1024 1065 1094 φησι
1096 1026 1209 1089 τοῖς
1251 1024 1585 1087 ἀποστόλοις.
1632 1023 1945 1095 Συμφὼνως

365 1117 424 1171 δὲ
455 1116 630 1183 τούτῳ
658 1118 686 1169 6
712 1115 840 1176 Υἱὸς
871 1115 948 1184 τῷ
981 1114 1178 1186 Παύλῳ
1208 1116 1392 1186 φησίν·
1422 1115 1680 1170 Εῐσελθε
1714 1118 1801 1182 εὶς
1827 1114 1943 1184 τὴν

366 1208 582 1269 πόλιν,
610 1205 787 1260 κάκεῖ
818 1205 1236 1275 λαληθήσεταί
1263 1222 1392 1273 σοι,
1424 1207 1481 1261 τί
1499 1223 1574 1261 σε
1610 1206 1701 1260 δεῖ
1728 1207 1940 1261 ποιεῖν.

380 1297 637 1370 Ἐτέρωθι
696 1297 754 1350 δέ
807 1313 969 1366 φασιν
1017 1298 1072 1349 αἱ
1124 1296 1357 1369 Πράξεις
1415 1296 1524 1349 τῶν
1592 1297 1903 1350 ἀποστόλων
1927 1311 1943 1327 ⁸

367 1385 545 1446 Οὗτοι
591 1389 710 1458 μὲν
753 1389 1192 1458 ἐκπεμφθέντες
1239 1389 1359 1445 ὑπὸ
1409 1389 1516 1443 τοῦ
1566 1389 1945 1458 Πνεύματος,

365 1482 673 1550 κατῆλθον
699 1482 787 1547 εὶς
816 1481 932 1548 τὴν
958 1479 1314 1534 Σελεύκειαν
1351 1480 1583 1552 Ὁμοίως
1605 1483 1634 1535 6
1653 1481 1802 1545 Υἱὸς,
1837 1484 1945 1535 Πο-

360 1573 708 1641 ρευθέντες,
760 1572 927 1643 φησὶ,
972 1572 1390 1640 μαθητεύσατε
1425 1572 1624 1628 πάντα
1664 1573 1736 1628 τὰ
1762 1573 1905 1641 ἔθνη
1928 1590 1941 1604 ·

364 1663 566 1735 ὁμοίως
589 1664 638 1715 οἱ
661 1662 947 1717 ἀπόστολοι
966 1701 980 1725 ,
1015 1662 1260 1727 Ἔδοξε,
1293 1664 1446 1733 φασὶ,
1478 1662 1558 1729 τῷ
1588 1665 1735 1735 ἁγίῳ
1754 1666 1944 1719 Πνεύ-

360 1770 501 1822 ματι
552 1752 646 1806 καὶ
701 1752 879 1822 ἡμῖν,
919 1751 1113 1821 μηδὲν
1165 1752 1319 1806 ἄλλο
1385 1753 1755 1808 ἐπιτίθεσθαι
1800 1756 1944 1825 ὑμῖν

363 1844 534 1912 πλὴν
586 1842 707 1897 τῶν
748 1842 1100 1912 ἐπάναγκες.
1150 1843 1381 1915 Ὁμοίως
1433 1847 1461 1898 6
1512 1832 1727 1909 Παῦλος
1768 1862 1937 1915 φησι·

365 1936 530 2004 Λέγω
570 1935 669 1998 δὲ,
702 1934 798 1987 καὶ
837 1937 948 1988 οὐκ
994 1934 1108 2003 ἐγὼ
1128 1972 1143 1999 ,
1173 1934 1313 1989 ἀλλ’
1340 1937 1373 1988 ὁ
1397 1935 1640 2001 Κύριος,
1684 1936 1943 2006 γυναῖκα

316 2044 331 2057 ³
365 2024 484 2080 ἀπὸ
534 2024 752 2092 ἀνδρὸς
779 2025 865 2094 μὴ
907 2025 1275 2093 χωρίζεσθαι.
1325 2025 1710 2094 -Διῆλθον,
1769 2029 1938 2098 φησὶ,

361 2117 480 2185 τὴν
520 2117 783 2186 Φρυγίαν
806 2117 906 2171 καὶ
943 2116 1290 2184 Γαλατικὴν
1327 2117 1546 2185 χώραν,
1572 2120 1942 2187 κωλυθέντες

362 2207 481 2263 ὑπὸ
524 2208 633 2262 τοῦ
676 2209 1023 2275 Πνεύματος
1060 2208 1165 2262 τοῦ
1206 2206 1478 2276 λαλῆσαι
1506 2209 1614 2262 τὸν
1653 2200 1942 2280 λόγον-’ὲν

361 2297 439 2365 τῇ
482 2298 665 2364 Ἀσίᾳ.
723 2298 954 2368 Ὁμοίως
986 2299 1015 2350 ό
1062 2298 1189 2361 Υἱὸς
1241 2300 1354 2361 τοῖς
1387 2298 1706 2364 ἀποστόλοις
1740 2300 1936 2371 φησιν·

362 2391 469 2454 Εἰς
510 2387 656 2441 ὁδὸν
686 2386 878 2453 ἐθνῶν
903 2387 990 2457 μὴ
1023 2387 1343 2455 ἀπέλθητε,
1378 2388 1477 2443 καὶ
1500 2391 1588 2455 εἰς
1617 2389 1801 2443 πόλιν
1823 2393 1940 2443 Σα-

358 2478 656 2549 μαρειτῶν
680 2476 767 2547 μὴ
814 2477 1146 2546 εἰσέλθητε.
1190 2480 1349 2533 Ἀλλὰ
1378 2480 1473 2532 καὶ
1505 2479 1669 2533 Δαϐὶδ
1695 2481 1724 2533 ὁ
1744 2479 1939 2533 θεσπέο

364 2585 498 2631 σιος,
538 2569 639 2637 τῆς
671 2568 820 2632 Θείας
851 2570 1078 2639 Τριάδος
1102 2569 1263 2641 ἔργον
1286 2570 1498 2635 δεικνὺς
1524 2570 1593 2624 τὰ
1626 2570 1935 2641 σύμπαντα.

363 2658 593 2729 μελῳδεί
635 2661 693 2711 ὲν
728 2660 978 2730 Ψαλμοῖς
1000 2677 1013 2691 ·
1054 2659 1138 2725 Τῷ
1170 2661 1339 2731 Λόγῳ
1364 2661 1586 2729 Κυρίου
1614 2664 1667 2715 οἱ
1694 2662 1934 2731 οὐρανοὶ

356 2752 810 2820 ἐστερεώθησαν
827 2794 842 2818 ,
896 2753 995 2806 καὶ
1039 2754 1120 2817 τῷ
1153 2755 1448 2824 πνεύματι
1492 2753 1599 2809 τοῦ
1637 2756 1936 2825 στόματος

354 2842 543 2898 αὐτοῦ
568 2841 738 2897 πᾶσα
767 2845 805 2912 ἠ
833 2844 1086 2914 δύναμις
1113 2844 1314 2900 αὐτῶν
1333 2862 1347 2877 ’
1376 2846 1578 2915 Κύριον
1602 2846 1694 2900 τὸν
1716 2846 1935 2918 Πατέρα

353 2934 560 3005 δηλῶν,
595 2935 766 3003 Λόγον
798 2934 856 2987 δὲ
907 2934 998 2988 τὸν
1040 2936 1244 2999 Παῖδα,
1303 2936 1527 3008 Πνεῦμα
1578 2937 1636 2991 δὲ
1682 2938 1742 2992 τὸ
1794 2937 1936 2992 θετον

356 3024 603 3097 Πνεῦμα.
636 3027 706 3078 Συ
716 3026 948 3096 μφώνως
963 3028 1017 3081 δὲ
1046 3028 1264 3100 τοὺτῳό
1291 3032 1388 3102 τῆς
1411 3031 1504 3084 ὑπ’
1521 3032 1766 3102 οὐρανῶν
1798 3032 1932 3104 (13')

358 3122 499 3182 θεῖος
547 3119 864 3192 καθηγητὴς
898 3119 1142 3188 Παῦλος,
1192 3122 1354 3193 φησι·
1400 3123 1730 3192 Διαιρέσεις
1763 3142 1931 3194 χαρι-

353 3209 601 3280 σμάτων
632 3212 745 3264 εἰσὶ
765 3251 781 3275 ,
816 3208 884 3263 τὸ
902 3209 972 3265 δὲ
989 3211 1136 3266 αὐτὸ
1170 3212 1432 3282 Πνεῦμα·
1462 3215 1564 3271 καὶ
1603 3214 1925 3285 διαιρέσεις

353 3301 694 3363 διακονιῶν.
748 3306 780 3357 ό
826 3302 895 3357 δὲ
936 3305 1122 3371 αὐτὸς
1167 3305 1416 3373 Κύριοςο
1466 3306 1564 3361 καὶ
1610 3306 1930 3377 διαιρέσεις

351 3394 662 3465 ἐνεργειῶν
680 3433 694 3459 ,
720 3393 834 3448 όδὲ
863 3395 1047 3461 αὐτὸς
1069 3396 1245 3463 Θεὸς,
1277 3400 1311 3452 ὀ
1342 3398 1601 3470 ἐνεργῶν
1630 3401 1704 3455 τὰ
1734 3401 1931 3455 πάντα

350 3483 422 3536 ἐν
444 3482 594 3537 πᾶσι
613 3502 627 3515 ·
657 3483 783 3554 τρία
813 3484 914 3555 μὲν
939 3485 1218 3557 παριστῶν
1246 3488 1515 3557 πρόσωπα
1534 3530 1549 3555 ,
1579 3490 1709 3561 μίαν
1746 3490 1803 3544 δὲ
1832 3490 1930 3562 τὴν

352 3570 582 3643 θεότητα
604 3613 618 3636 ,
646 3572 932 3628 αὑθεντίαν
965 3592 1023 3627 τε
1049 3575 1141 3629 καὶ
1173 3576 1469 3646 βασιλείαν.

931 3664 1179 3718 ΠΕΥΣΙΣ
1216 3665 1347 3720 Ml".

422 3751 741 3821 Προσθεϊειαι
774 3756 887 3818 τοῖς
916 3755 1227 3826 εἰρημένοις
1262 3757 1685 3827 παρακαλοῦμεν
1706 3799 1719 3820 ,
1752 3760 1840 3812 διὰ
1876 3762 1927 3813 τί

349 3839 501 3895 ὕδατι
547 3845 643 3898 καὶ
690 3846 825 3916 πυρὶ
864 3845 1254 3916 παρεικάζεται
1303 3846 1410 3900 ὑπὸ
1454 3847 1554 3915 τῆς
1600 3849 1819 3919 Γραφῆς
1867 3851 1928 3902 τὺ

350 3930 505 3999 ἅγιον
527 3931 771 4003 Πνεῦμα.
1491 3976 1497 3982 ,

969 4046 1323 4112 Ἀπόκρισις.

417 4135 531 4187 Οὑκ
571 4134 694 4205 εἰκῆ
731 4134 873 4203 (Η),
919 4134 1027 4187 οὐδ’
1056 4134 1241 4204 ἀργῶς
1266 4136 1495 4201 ἐκείνοις
1524 4137 1924 4209 παραόάλλεται

343 4224 407 4276 τὸ
433 4223 574 4275 θεῖον
606 4223 848 4293 Πνεῦμα.
892 4222 1187 4278 Χλοοποιὺν
1220 4226 1348 4298 γὰρ,
1383 4227 1479 4279 καὶ
1517 4226 1798 4294 ζωοποιὸν,
1830 4228 1926 4282 καὶ

345 4312 637 4384 θρεπτικὸν
670 4313 731 4367 τὸ
764 4313 908 4386 ὓδωρ
946 4316 1005 4382 ἐξ
1039 4317 1286 4388 οὐρανῶν
1329 4318 1576 4388 ὑόμενον,
1613 4318 1707 4372 καὶ
1744 4319 1923 4374 πάντα

239 4457 263 4471 ,
343 4407 576 4469 πιαῖνον,
608 4406 703 4460 κοιλ⁵
729 4408 863 4460 πᾶσι
888 4408 1280 4480 διικνούμενον,
1315 4409 1587 4480 μονοειδὲς
1619 4411 1719 4481 μὲν
1747 4412 1921 4483 ὑπάρ-

342 4512 454 4566 χον,
491 4496 847 4568 πολυτρόπως
877 4498 935 4552 δὲ
978 4498 1271 4570 ἐνεργοῦν·
1327 4503 1391 4554 ὲκ
1438 4503 1568 4573 μιᾶς
1604 4501 1661 4555 δὲ
1710 4504 1920 4574 κρήνης
1962 4516 1967 4517 ⁷

339 4587 572 4659 διάφορα
618 4589 749 4661 γένη
790 4588 974 4657 φυτῶν
1021 4591 1295 4663 ἄρδονται.
1347 4591 1404 4645 Ὁ
1448 4591 1494 4644 δ’
1543 4593 1705 4657 αὑτὸς
1758 4595 1915 4658 ὑετὸς

343 4676 621 4746 μονοειδὴς
678 4677 940 4748 ὑπάρχων
991 4678 1149 4747 φύσει
1212 4681 1308 4734 καὶ
1366 4679 1509 4750 ὄψει,
1564 4683 1918 4753 πολυτρόπως

338 4763 649 4835 εὐεργετεῖ,
681 4769 739 4819 ὲν
773 4769 881 4837 μὲν
901 4770 1070 4841 κρίνῳ
1090 4771 1300 4837 λευκὸς,
1332 4773 1391 4824 ὲν
1416 4771 1472 4824 δὲ
1494 4773 1631 4843 ῥόδῳ
1686 4774 1916 4845 ἐρυθρὸς

336 4851 648 4924 ὁρώμενος,
698 4854 977 4926 πόρφυρος
1015 4860 1075 4910 ἐν
1108 4858 1241 4926 ἴοις,
1273 4861 1465 4931 κιρρὸς
1510 4862 1555 4914 δ’
1602 4863 1661 4914 ὲν
1707 4863 1912 4932 κρόκῳ.

347 4945 474 4998 Ἐπὶ
499 4944 597 5014 τῆς
626 4946 798 5015 συκῆς
830 4947 1106 5019 μονοειδὴς
1159 4949 1404 5019 ὑόμενος,
1432 4952 1746 5022 ἑτεροειδῶς
1775 4955 1914 5008 ἀπο-

333 5036 589 5101 τελεῖται,
624 5036 828 5107 γλυκὺς
852 5040 950 5109 μὲν
973 5040 1032 5092 ὲν
1063 5039 1142 5110 τῷ
1188 5040 1405 5112 καρπῷ,
1433 5044 1632 5113 στυφὺς
1658 5046 1715 5100 δὲ
1742 5048 1801 5100 ὲν
1831 5045 1911 5118 τῷ

335 5128 693 5200 ὲκμυζομένῳ
711 5128 963 5198 γάλακτι.
1010 5131 1069 5185 '0
1095 5132 1256 5197 αὑτὸς
1285 5133 1344 5186 ἐν
1365 5134 1593 5206 ἀμπέλῳ
1628 5132 1908 5209 μονοειδὴς

335 5217 627 5288 ἐρχόμενος
650 5220 976 5288 πυκάζεται,
1025 5225 1105 5287 εἰς
1133 5223 1339 5289 ἕλικας,
1374 5227 1454 5289 εἰς
1502 5226 1783 5297 βλαστοὺς,
1826 5233 1908 5295 εἰς

335 5307 610 5377 ὅμςρακας,
642 5313 722 5375 εἰς
753 5312 1005 5384 βότρυας,
1040 5318 1117 5379 εἰς
1148 5311 1310 5382 οἶνον,
1335 5319 1414 5380 εἰς
1445 5318 1626 5384 πότον,
1660 5321 1754 5373 καὶ
1780 5321 1904 5374 συλ-

334 5395 531 5469 λήϐδην
562 5405 756 5469 εἰπεῖν,
790 5406 848 5458 ὲν
888 5408 1021 5460 πᾶσι
1065 5408 1241 5462 πάντα
1274 5409 1576 5480 γινόμενος.
1611 5413 1904 5485 Μονοειδὴς

404 5518 448 5548 ⁸⁸
476 5517 602 5596 A_ct.
633 5537 752 5586 xuii,
783 5523 838 5576 ε.
880 5524 957 5596 ’⁸⁷
991 5525 1217 5596 Acuix.
1245 5528 1303 5596 β.
1381 5529 1426 5561 ⁸⁸
1453 5528 1575 5584 Aet.
1608 5547 1729 5594 xm,
1775 5534 1827 5588 4.

347 5723 553 5810 ’,(13⁶),
583 5724 710 5810 ’Υςς
761 5727 1049 5795 οὐρανῶν.
1086 5730 1247 5789 Forte
1291 5738 1380 5789 ὑπ’
1410 5740 1669 5810 οὐρανόν,
1698 5743 1782 5797 vel
1804 5744 1902 5797 ὑπ’

328 5792 611 5865 οὐρανούς.
647 5794 806 5848 Em'r.

397 5862 513 5933 ιιι)
544 5865 666 5917 Οὐκ
693 5864 848 5934 εἰκῆ,
891 5883 945 5922 κ.
983 5885 1033 5925 τ.
1079 5870 1128 5925 λ.
1157 5870 1282 5928 Πωο
1324 5891 1458 5947 pene
1492 5880 1768 5947 αὑτολεξεὶ
1801 5882 1895 5940 de-

1692 488 1698 495 .
1784 445 2129 504 DIAI.OGUS
2169 446 2207 503 Ι.

404 5536 448 5548 νυ
476 5536 598 5573 nct.
633 5537 752 5586 xuii,
783 5536 838 5576 τι.
914 5536 954 5556 ’⁷
991 5536 1108 5579 Aci.
1141 5543 1217 5587 Ix.
1245 5536 1303 5596 β.
1381 5536 1426 5561 ⁵⁵
1453 5536 1575 5584 Act.
1608 5547 1729 5594 xm,
1775 5536 1827 5588 4.

331 5588 418 5644 10.
496 5589 543 5620 "
576 5590 696 5644 Act.
724 5608 837 5655 xw,
870 5593 923 5645 6.
1008 5596 1053 5625 ⁷³
1091 5595 1281 5652 Matth.
1323 5614 1376 5662 κ,
1424 5599 1476 5653 5.
1553 5600 1601 5631 ’³
1632 5598 1777 5657 Psal.
1810 5620 1931 5659 xxxi

2035 5536 2219 5592 Matth.
2250 5557 2420 5606 xxvu,
2454 5543 2539 5598 I9.

2035 5607 2069 5660 ἰ.
2156 5610 2201 5640 τ’
2236 5609 2252 5661 l
2283 5614 2408 5665 Cor.
2447 5629 2539 5673 xu,

3522 452 3624 508 9l0

2687 561 2989 629 Responsio.

2117 655 2258 709 Audi
2293 653 2544 725 proinde,
2579 668 2611 706 ο
2638 655 2919 724 praeclare,
2962 654 3179 725 propria
3220 653 3548 711 auctoritate
3575 664 3631 712 et

2048 754 2316 813 potestate
2341 744 2604 816 Spiritum
2628 745 3037 816 praecipientem
3060 752 3114 801 et
3139 744 3425 801 facientem
3448 761 3605 816 aequa

2021 841 2119 915 ’lia
2153 856 2276 894 cum
2313 840 2475 895 Patre
2512 847 2567 895 et
2611 838 2751 894 Filio
2787 859 2799 895 :
2836 839 3113 910 Segregate
3153 840 3272 909 jam
3317 841 3445 893 mihi
3484 840 3627 894 Bar-

2048 932 2244 986 nabam
2268 940 2318 986 et
2358 930 2580 987 Saulum
2635 932 2691 985 in
2721 948 2850 1002 opus
2893 932 2964 985 ad
3000 932 3139 1003 quod
3174 933 3351 987 vocavi
3392 948 3500 997 eos,
3541 932 3626 987 in-

2048 1022 2166 1092 quit
2210 1022 2274 1075 ad
2315 1022 2594 1093 apostolos
2642 1022 2708 1077 “.
2747 1022 3113 1078 Consentiens
3151 1030 3331 1076 autem
3368 1037 3491 1076 cum
3523 1021 3628 1077 llOC

2049 1112 2116 1166 ad
2144 1111 2374 1166 Paulum
2400 1113 2578 1183 inquit
2599 1111 2772 1169 Filius
2805 1132 2819 1168 :
2853 1112 3134 1183 Ingredere
3174 1115 3546 1177 in‘civitatem,
3574 1126 3626 1167 et

2049 1203 2122 1257 ibi
2158 1205 2363 1258 dicetur
2388 1204 2501 1269 tibi,
2543 1204 2668 1276 quid
2701 1204 2796 1258 tibi
2831 1205 3132 1273 faciendum
3157 1207 3227 1258 sit
3258 1193 3322 1257 στ’.
3356 1205 3498 1260 Alibi
3528 1220 3629 1259 au-

2050 1305 2156 1353 tem
2183 1298 2379 1353 dicunt
2421 1297 2558 1352 Acta
2592 1297 2964 1367 apostolorum
3013 1316 3025 1349 :
3081 1294 3155 1349 lii
3196 1296 3405 1369 quidem
3443 1297 3628 1351 emissi

2050 1405 2082 1441 a
2112 1388 2336 1458 Spiritu,
2358 1388 2599 1443 abierunt
2627 1387 2920 1444 Seleuciam
2940 1388 3003 1442 ⁸⁸.
3025 1388 3105 1442 Ad
3129 1387 3377 1443 eumdem
3403 1388 3624 1441 modum

2049 1478 2221 1534 Filius
2251 1500 2264 1534 :
2295 1479 2532 1548 Profecti
2556 1479 2734 1534 docete
2759 1496 2936 1534 omnes
2961 1488 3135 1550 gentes
3162 1478 3226 1530 ⁸⁸.
3254 1476 3626 1533 Consimiliter

2049 1571 2279 1640 apostoli
2330 1589 2343 1625 :
2390 1570 2574 1625 Visum
2621 1579 2718 1636 est,
2765 1570 3043 1640 inquiunt,
3082 1569 3306 1639 Spiritui
3348 1578 3532 1623 sancto
3573 1578 3622 1623 et

2048 1660 2220 1725 nobis,
2257 1659 2322 1713 de
2361 1660 2512 1713 nulla
2556 1659 2667 1713 alia
2707 1675 2764 1714 re
2803 1676 2891 1714 vos
2938 1658 3319 1723 admonendos,
3354 1674 3513 1728 quam
3558 1658 3626 1711 de

2049 1751 2361 1806 necessariis
2406 1751 2516 1804 illis
2547 1752 2617 1805 ⁷ο.
2655 1751 2919 1828 Similiter
2960 1760 3014 1806 et
3039 1750 3243 1807 Paulus
3284 1750 3495 1821 inquit:
3529 1749 3626 1803 Di—

2048 1858 2108 1896 co
2139 1850 2315 1895 autem
2345 1858 2447 1895 non
2475 1858 2589 1913 ego,
2629 1843 2720 1897 sed
2762 1841 3042 1910 Dominus,
3084 1859 3146 1898 ne
3176 1858 3315 1897 uxor
3351 1850 3622 1912 separetur

2048 1950 2080 1988 a
2107 1934 2306 1990 viro“.
2331 1933 2652 2004 Peragrata,
2708 1932 2885 2003 inquit
2928 1933 3095 1998 alius,
3133 1931 3367 2003 Phrygia
3420 1940 3471 1987 et
3517 1930 3626 1985 Ga-

2045 2024 2212 2077 latica
2262 2024 2489 2095 regione,
2546 2024 2799 2094 prohibiti
2838 2034 2959 2079 sunt
3004 2042 3036 2078 a
3074 2023 3299 2093 Spiritu,
3341 2024 3621 2093 quominus

2043 2112 2340 2169 doctrinam
2365 2126 2677 2184 exponerent
2693 2117 2748 2169 in
2769 2115 2901 2170 Asia
2920 2116 2989 2170 τ’.
3008 2114 3092 2169 Ad
3118 2114 3368 2171 eumdem
3399 2114 3620 2169 modum

2044 2205 2220 2261 Filius
2246 2206 2314 2261 ad
2334 2207 2611 2276 apostolos
2642 2208 2821 2277 inquit
2851 2227 2865 2262 :
2892 2205 2957 2262 In
2981 2208 3119 2262 viam
3145 2207 3375 2278 gentium
3394 2221 3457 2259 ne
3483 2204 3621 2258 abie-

2043 2299 2189 2363 ritis,
2222 2306 2274 2353 et
2324 2299 2381 2353 in
2428 2299 2692 2353 civitatem
2742 2300 3208 2354 Samaritanorum
3247 2295 3622 2365 neingrediao

2043 2389 2177 2443 mini
2199 2389 2269 2444 ⁷³.
2297 2388 2403 2445 Sed
2431 2398 2486 2446 et
2511 2390 2729 2447 divinus
2755 2391 2846 2467 ille
2871 2391 3106 2448 Davides
3135 2404 3306 2447 sacra-
3334 2386 3623 2443 Trinitatis

2041 2496 2181 2550 opus
2217 2481 2517 2537 ostendens
2560 2482 2677 2539 hinc
2716 2483 2998 2548 universa,
3043 2482 3192 2538 canit
3228 2481 3284 2535 in
3330 2478 3564 2536 Psalmis
3602 2496 3615 2532 :

2053 2571 2216 2626 Verbo
2251 2571 2465 2626 Domini
2496 2575 2612 2628 οωιὶ
2643 2574 2846 2643 ﬁrmati
2888 2580 3031 2639 sunt,
3061 2582 3111 2627 et
3149 2573 3340 2643 spiritu
3366 2572 3473 2626 oris
3502 2571 3618 2640 ejus

2045 2664 2217 2717 omnis
2240 2664 2405 2718 virtus
2431 2681 2612 2720 eorum
2637 2665 2684 2696 ⁷⁸
2711 2684 2724 2720 :
2759 2679 2855 2734 per
2883 2663 3193 2729 Dominum,
3219 2661 3436 2717 Patrem
3459 2662 3621 2732 signi-

2044 2752 2234 2826 ficans,
2268 2768 2365 2824 per
2393 2752 2630 2809 Verbum
2668 2752 2901 2821 Filium;
2935 2768 3032 2824 per
3070 2751 3333 2823 Spiritum
3360 2751 3617 2830 denique,

2039 2853 2292 2900 sanctum
2332 2845 2483 2900 illum
2522 2843 2805 2916 Spiritum.
2836 2845 2972 2921 cum
3010 2845 3113 2899 hoc
3144 2853 3327 2899 autem
3377 2859 3615 2901 consen-

2039 2937 2180 2992 tiens
2210 2936 2428 2991 divinus
2465 2937 2557 2992 ille
2588 2937 2831 2991 omnium
2855 2952 2977 3007 qua:
3006 2936 3109 2993 sub
3135 2936 3291 2992 coalis
3322 2944 3474 3003 sunt,
3503 2952 3621 3009 ma-

2035 3022 2207 3097 gister
2250 3025 2477 3092 Paulus,
2525 3027 2704 3097 inquit
2766 3046 2779 3081 :
2826 3027 3122 3081 Divisiones
3167 3028 3427 3082 donorum
3454 3011 3613 3089 sunt,

2037 3115 2128 3169 sed
2150 3117 2288 3170 idem
2327 3115 2562 3186 Spiritus
2592 3132 2609 3169 :
2640 3125 2689 3170 et
2726 3116 3009 3171 divisiones
3049 3117 3486 3180 ministeriorum,
3525 3118 3616 3171 sed

2038 3206 2176 3261 idem
2204 3206 2463 3261 Dominus
2484 3225 2502 3260 :
2528 3217 2579 3261 et
2612 3207 2896 3262 divisiones
2924 3208 3309 3276 operationum,
3335 3206 3472 3262 idem
3494 3225 3616 3265 vero

2040 3297 2202 3365 Deus,
2236 3299 2327 3367 qui
2354 3307 2605 3367 operatur
2648 3299 2826 3353 omnia
2851 3299 2909 3353 in
2951 3282 3194 3354 omnibus
3224 3300 3302 3367 7';
3348 3306 3460 3356 tres
3488 3300 3617 3370 qui-

2034 3389 2157 3444 dem
2204 3389 2520 3460 exprimens
2561 3403 2848 3460 personas,
2897 3405 3060 3446 unam
3093 3404 3225 3445 vero
3250 3390 3613 3460 divinitatem,

2015 3483 2413 3537 .auctoritatem
2444 3489 2497 3534 et
2526 3497 2776 3556 regnum.

2453 3680 2973 3741 INTERROGATIO
3012 3684 3192 3740 XLIII.

2102 3766 2428 3833 Quaesumus
2459 3779 2517 3824 ut
2546 3773 2614 3827 iis
2644 3788 2766 3844 quae
2788 3774 3054 3844 hactepus
3075 3776 3407 3842 disseruisti,
3437 3776 3611 3834 addas

2031 3873 2202 3927 quare
2229 3875 2354 3914 cum
2386 3875 2528 3931 aqua
2576 3872 2629 3917 et
2669 3865 2793 3934 igne
2829 3875 3180 3936 comparetur
3227 3868 3283 3921 in
3327 3866 3612 3939 Scriptura

2032 3946 2269 4014 Spiritus
2290 3959 2536 4005 sanctus-

2668 4059 2973 4130 Responsio.

2100 4143 2223 4201 Non
2250 4148 2477 4215 frustra,
2513 4163 2694 4219 neque
2731 4152 2830 4207 abs
2857 4168 2917 4209 re
2956 4154 3067 4211 illis
3089 4169 3440 4228 comparatur
3468 4160 3611 4217 divi-

2029 4258 2137 4299 nus
2173 4240 2437 4313 Spiritus.
2467 4242 2605 4299 Nam
2642 4245 2845 4304 herbas
2879 4249 3235 4320 producendi,
3279 4263 3335 4310 et
3365 4254 3606 4319 fovendi,

2028 4343 2083 4388 et
2113 4334 2294 4389 alendi
2324 4334 2432 4388 vim
2463 4334 2631 4392 habet
2651 4352 2792 4408 aqua
2819 4341 2886 4395 de
2915 4341 3068 4397 caelis
3098 4343 3316 4413 pluens,
3350 4353 3404 4402 et
3424 4348 3608 4404 omnia

2027 4423 2381 4496 pinguefacit,
2429 4424 2687 4484 omnibus
2718 4445 2841 4486 sese
2884 4433 3164 4501 miscens;
3211 4449 3275 4490 ac
3309 4437 3438 4492 licet
3482 4440 3608 4500 uni-

2027 4514 2222 4571 formis
2250 4517 2343 4580 sit,
2377 4517 2566 4572 multis
2591 4524 2774 4575 tamen
2799 4522 2979 4578 modis
3001 4534 3282 4594 operatur,
3314 4534 3371 4583 et
3397 4542 3464 4584 ex
3498 4545 3608 4586 una

2027 4605 2364 4677 scaturigine
2424 4607 2666 4664 diversa
2704 4624 2906 4679 genera
2967 4615 3276 4684 germinum
3330 4619 3601 4688 rigantur.

2025 4694 2229 4752 Eadem
2263 4699 2447 4769 pluvia
2477 4717 2601 4757 cum
2624 4702 2697 4759 sit
2723 4704 3018 4763 uniformis
3049 4718 3246 4764 natura
3275 4718 3331 4766 et
3354 4723 3603 4782 aspectu,

2025 4786 2382 4841 multifariam
2418 4805 2540 4846 sese
2586 4791 2830 4849 declarat
2868 4795 3187 4865 ‘etllcacem;
3242 4799 3299 4856 in
3335 4802 3450 4856 lilio
3478 4807 3600 4873 qui-

2024 4877 2146 4932 dem
2179 4879 2323 4942 alba,
2360 4881 2415 4933 in
2452 4896 2577 4939 rosa
2606 4899 2739 4939 vero
2787 4888 2954 4942 rubra
2993 4905 3285 4960 apparens,
3328 4909 3601 4965 purpurea

2022 4966 2078 5022 in
2122 4969 2305 5035 violis,
2353 4969 2502 5025 fulva
2547 4972 2602 5027 in
2640 4989 2825 5032 croco.
2873 4977 3053 5049 Super
3101 4981 3264 5039 ticum
3313 4984 3604 5043 uniformis

2019 5060 2236 5130 pluens,
2269 5062 2502 5121 alterius
2536 5064 2729 5122 forma:
2769 5067 3023 5137 edicitur,
3071 5073 3251 5130 dulcis
3285 5076 3504 5146 quidem
3546 5080 3602 5133 in

2017 5148 2224 5215 fructu,
2271 5154 2470 5210 acerba
2525 5171 2654 5212 vero
2693 5157 2748 5212 in
2780 5174 3046 5230 expresso
3085 5165 3244 5222 lacte.
3295 5165 3500 5224 Eadem
3544 5172 3601 5225 in

2015 5238 2181 5294 vitem
2219 5241 2514 5299 uniformis
2545 5244 2792 5311 veniens,
2825 5248 3092 5306 densatur
3122 5253 3175 5307 in
3200 5256 3506 5324 capreolos,
3543 5259 3598 5313 in

2012 5331 2284 5400 germina,
2319 5334 2374 5389 in
2408 5351 2561 5400 uvas,
2606 5336 2661 5391 in
2692 5338 2904 5405 botros,
2947 5342 3000 5395 in
3034 5343 3240 5411 vinum,
3277 5349 3331 5401 in
3366 5357 3553 5417 potum
3583 5369 3595 5401 :

2012 5427 2091 5484 ct,
2145 5433 2205 5479 ut
2257 5425 2573 5480 summatim
2612 5426 2815 5495 dicam,
2874 5431 2927 5485 in
2973 5434 3228 5491 omnibus
3283 5438 3467 5492 omnia
3515 5438 3596 5490 lit.

2156 5544 2420 5621 favus,
2454 5544 2539 5598 I9.
2596 5617 2608 5621 _
2655 5544 2708 5621 ’ξ
2736 5548 2859 5600 Act.
2890 5564 2978 5611 xv,
3010 5549 3103 5604 28.
3218 5555 3259 5585 "
3284 5552 3304 5606 Ι
3332 5553 3460 5609 Cor.
3492 5572 3593 5619 vn,

2161 5610 2201 5640 7‘
2236 5609 2252 5661 I
2283 5614 2408 5665 Cor.
2447 5629 2543 5678 xu,
2581 5617 2638 5683 4,
2678 5615 2731 5670 6.

2014 5755 2228 5829 sumpta
2258 5761 2566 5829 noscuntur
2591 5754 2877 5829 ex_CyrilIi
2906 5757 3390 5829 Ilierosolymitani
3423 5759 3595 5817 Cate-

2010 5816 2303 5906 Ξιιοείένι,
2324 5820 2488 5906 θυιδ.
2517 5822 2681 5906 Quod
2730 5816 2954 5896 quidem
2988 5816 3269 5901 perspexit
3301 5830 3373 5890 cI.
3403 5816 3588 5906 Cyril-

2010 5886 2284 5945 lianorum
2309 5886 2490 5951 editor
2517 5886 2809 5954 Toutteus.
2873 5886 2889 5892 ⁷
2922 5886 2947 5889 ﬁ
2988 5886 3008 5901 '
3119 5886 3139 5899 ³
3360 5886 3372 5890 '
