4082 6412
480 471 589 530 ὮΗ

494 588 798 648 Uniformis
827 601 953 641 cum
991 586 1084 650 sit,
1123 597 1313 639 eorum
1341 596 1370 636 a
1398 580 1600 652 quibus
1630 580 1946 650 suscipitur,
1981 594 2073 633 na-

492 686 632 737 turae
680 679 857 742 unita,
906 675 1205 746 unicuique
1253 672 1399 744 quod
1452 681 1534 727 est
1582 670 1930 726 commodum
1976 669 2074 724 tri-

498 772 640 827 huit.
667 768 863 823 ltidem
892 778 944 822 et
980 764 1124 836 ignis
1151 763 1443 819 uniformis
1471 774 1592 817 eum
1639 764 1729 828 sit,
1762 761 1929 817 variis
1959 775 2077 815 mo-

495 863 584 919 dis
616 870 901 931 operatur,
942 855 1219 924 calefacit,
1256 863 1475 927 purgat,
1511 854 1826 926 concoquit,
1855 853 2072 924 probat,

495 955 792 1017 illuminat,
841 951 1014 1006 ardet.
1067 948 1150 1003 Ad
1183 947 1434 1003 eumdem
1483 947 1704 1002 modum
1751 954 1806 1001 et
1851 951 2078 1001 sanctus

499 1045 759 1118 Spiritus,
798 1057 923 1097 cum
981 1042 1054 1096 sit
1098 1053 1263 1102 unus,
1308 1037 1473 1093 unius
1507 1036 1696 1092 formas
1734 1044 1790 1092 et
1827 1034 2078 1106 ejusdem

496 1137 669 1201 modi,
724 1135 997 1204 uniusque
1052 1132 1397 1196 substantiae,
1450 1130 1720 1185 indivisus
1769 1137 1824 1184 et
1870 1128 2080 1199 absque

470 1222 737 1288 'del'ecm,
786 1219 1083 1288 unicuique
1128 1215 1325 1271 dividit
1357 1215 1586 1287 gratiam
1624 1216 1766 1269 sicut
1797 1215 1938 1270 vult.
1976 1212 2078 1269 Ut-

499 1328 608 1384 que
638 1312 693 1366 in
722 1309 929 1382 plantis
960 1308 1078 1363 ﬁeri
1117 1306 1280 1372 solet,
1318 1313 1379 1360 ut
1414 1304 1662 1376 qnandiu
1702 1304 1930 1374 quidem
1972 1303 2083 1360 hie-

503 1405 610 1459 mis
645 1400 914 1472 aspcritas
952 1396 1233 1469 praevalet,
1259 1395 1600 1466 infrugil'era:
1619 1401 1876 1448 maneant
1903 1399 2083 1463 :post-

499 1509 665 1567 qttam
686 1505 817 1547 vero
841 1491 1040 1562 pluviis
1060 1489 1276 1559 rigatae.’
1291 1488 1408 1544 sole
1428 1487 1700 1551 foveatur,
1714 1492 2084 1540 renascuntur

492 1596 554 1642 et
596 1586 930 1657 germinant,
981 1580 1065 1636 sic
1104 1587 1160 1633 et
1207 1577 1525 1631 mortalium
1576 1576 1797 1640 animae,
1836 1574 2081 1645 quandiu

499 1676 723 1747 quidem
753 1673 932 1728 hieme
963 1670 1221 1724 vitiorum
1244 1668 1579 1731 detinentur,
1606 1664 1854 1721 dilliciles
1885 1673 1941 1721 et
1966 1680 2084 1721 om-

490 1768 587 1822 nis
624 1760 1031 1819 communionis
1085 1763 1339 1827 expertes
1390 1769 1572 1809 mores
1618 1767 1752 1825 erga
1801 1755 2083 1823 proximos

490 1853 877 1918 «tendentes,
909 1856 1141 1903 mortua:
1167 1854 1226 1901 et
1257 1843 1596 1915 infrugiferte
1622 1855 1771 1898 sunt.
1810 1842 1948 1896 Cum
1984 1854 2083 1895 au-

500 1955 609 2001 tem
635 1943 876 1999 divinant
902 1939 1142 2011 Spiritus
1174 1937 1415 2009 pluviam
1442 1949 1548 2005 per
1577 1933 1888 1989 doctrinam
1917 1930 2080 1986 insti-

500 2036 737 2093 tutionis
774 2032 1140 2102 susceperint,
1189 2039 1245 2084 et
1293 2026 1689 2098 turpitudinem
1728 2039 1851 2096 qua
1893 2032 1981 2080 est
2018 2038 2084 2078 ex

500 2126 822 2190 vitiositate,
874 2122 1259 2186 absterserint,
1316 2119 1614 2189 multisque
1656 2116 1946 2173 all'ectibus
1986 2113 2088 2170 ob-

501 2219 727 2273 noxium
758 2228 1038 2286 corporeae
1078 2212 1243 2268 molis
1282 2211 1669 2265 vestimentum
1704 2204 2083 2276 deposuerint,

503 2324 628 2363 mox
666 2309 721 2363 in
756 2307 839 2363 eis
889 2307 1191 2361 suscitatur
1222 2302 1386 2368 ratio,
1426 2311 1482 2357 et
1511 2299 1673 2372 quasi
1721 2303 2088 2353 renascuntur

501 2416 601 2471 per
629 2398 871 2454 divinam
896 2397 1221 2467 rigationem
1257 2400 1313 2448 et
1336 2392 1575 2447 calorem
1608 2388 1858 2461 spiritus,
1888 2394 1943 2442 et
1973 2386 2088 2456 fru-

502 2502 645 2545 ctum
686 2489 882 2559 ferunt,
940 2486 1245 2543 secundum
1295 2483 1513 2539 Domini
1564 2494 1898 2544 sermonem,
1946 2478 2086 2532 alius

503 2580 713 2652 quidem
754 2581 1095 2646 tricesimum,
1149 2577 1289 2631 alius
1330 2591 1453 2630 vero
1493 2572 1900 2644 sexagesimum,
1944 2570 2087 2624 alius

504 2689 624 2729 tero
653 2673 994 2727 centesimum
1013 2671 1082 2724 ".
1119 2667 1256 2722 Nam
1290 2668 1382 2722 alii
1410 2665 1632 2737 quidem
1660 2663 1729 2719 ad
1758 2663 2081 2732 sapientiam

507 2762 887 2817 accommodat
931 2760 1198 2829 linguam,
1239 2757 1334 2811 alii
1384 2755 1455 2810 ad
1492 2752 1840 2816 vaticinium,
1878 2752 1975 2807 alii
2019 2751 2088 2806 ad

517 2853 828 2907 dmmonum
868 2848 1272 2919 expulsionem,
1320 2845 1412 2900 alii
1447 2843 1516 2899 ad
1540 2843 1961 2899 declarationem
1999 2857 2087 2898 re-

506 2957 630 2998 rum
687 2940 1019 2997 divinarum.
1079 2937 1260 2993 Alium
1320 2936 1391 2993 ad
1433 2934 1619 2993 sobrie
1666 2932 1961 2990 vivendum
2011 2935 2091 2987 ir.-

502 3034 693 3097 struit,
737 3034 903 3088 alium
947 3032 1016 3087 ad
1055 3028 1519 3097 misericordiam,
1568 3027 1735 3081 alium
1780 3025 1846 3081 ad
1884 3032 2089 3096 tempe-

505 3127 742 3182 rantiam
790 3124 1099 3181 conﬁrmat.
1134 3122 1316 3177 Alium
1357 3121 1427 3175 ad
1468 3118 1790 3191 martyrium
1844 3116 2001 3187 ungit
2035 3123 2091 3173 et

508 3221 736 3286 excitat,
771 3235 836 3276 ac
875 3219 1128 3274 diversus
1157 3218 1212 3272 in
1247 3216 1357 3270 alio
1380 3226 1505 3270 esse
1541 3211 1778 3276 videtur,
1814 3224 1941 3264 cum
1971 3209 2091 3280 ipse

508 3327 620 3367 non
650 3313 723 3368 sit
753 3311 917 3377 allus,
950 3304 1412 3381 quemadmodum
1448 3300 1687 3357 eximius
1727 3299 1817 3355 ille
1844 3309 1898 3355 et
1936 3313 2091 3354 meno

509 3405 582 3459 tis
634 3402 686 3457 vi
736 3410 1004 3472 praestans
1036 3397 1232 3454 scribit
1262 3393 1600 3466 Apostolus:
1640 3389 1952 3459 Unicuique,
2000 3389 2089 3442 in-

512 3496 653 3566 quit,
679 3492 842 3545 datur
869 3488 1162 3544 declaratio
1188 3486 1442 3555 Spiritus,
1474 3489 1633 3552 prout
1674 3479 1903 3550 expedit.
1947 3476 2092 3532 Nam

513 3587 610 3640 alii
634 3582 844 3655 quidem
873 3595 965 3650 per
991 3578 1249 3648 Spiritum
1281 3577 1442 3629 datur
1468 3571 1643 3627 oratio
1668 3569 1965 3639 sapientiw,
1997 3568 2095 3622 alii

510 3694 628 3733 rero
681 3673 855 3729 oratio
892 3670 1127 3726 scientia:
1172 3664 1458 3723 secundum
1515 3660 1755 3717 eumdem
1804 3658 2090 3730 Spiritum,

512 3770 609 3825 alii
647 3767 778 3839 ﬁdes
818 3767 874 3820 in
923 3763 1102 3819 eodem
1147 3760 1373 3829 Spiritu,
1409 3758 1505 3811 alii
1555 3752 1919 3826 prodigiorum
1960 3751 2092 3821 ele-

512 3863 736 3924 ctiones,
786 3857 884 3913 alii
929 3853 1276 3914 uaticinatio,
1327 3851 1422 3904 alii
1483 3847 1896 3917 dijudicatioues
1933 3846 2093 3915 spiri-

517 3962 692 4012 tuum,
734 3949 831 4003 alii
859 3962 1050 4019 genera
1087 3945 1412 4014 linguarum,
1450 3940 1547 3995 alii
1576 3938 1954 4010 interpretatio
1988 3938 2095 3992 liu-

514 4057 764 4113 guarum.
797 4038 900 4095 Sed
930 4036 1109 4092 omnia
1137 4034 1247 4089 lucc
1274 4031 1426 4104 efﬁcit
1455 4046 1591 4085 unus
1614 4029 1703 4083 ille
1727 4036 1775 4083 et
1805 4028 1943 4082 idem
1969 4026 2094 4096 Spi-

517 4135 676 4198 ritus,
700 4129 1011 4201 disperticns
1034 4126 1373 4197 peculiariter
1409 4122 1688 4192 unicuique
1710 4119 1870 4175 sicuti
1896 4119 2008 4173 vult
2022 4118 2092 4173 ".

1558 462 1616 518 ὃ.
1657 457 1979 526 CAESARI],
2001 454 2335 515 GREGORII
2367 455 2669 512 FRATRIS

3637 444 3759 500 τηε

2182 578 2464 649 ὑπάρχων,
2517 578 2583 647 τῇ
2628 573 2737 627 τῶν
2788 566 3195 640 ὑποδεχομένων
3226 564 3383 635 φύσει
3421 561 3712 633 ἑνούμενος
3736 603 3755 629 ,

2178 667 2393 736 ἑκάστῳ
2439 665 2744 737 πρόσφορον
2781 661 2954 732 νέμει.
2992 659 3067 713 τὸ
3098 657 3209 728 πῦρ
3251 655 3436 721 πάλιν,
3483 653 3760 723 μονοειδὲς

2179 759 2447 831 ὑπάρχει,
2476 754 2827 824 πολυτρόπως
2853 752 3096 823 ἐνεργεῖ,
3123 746 3428 819 θερμαίνει,
3462 743 3719 815 καθαίρει
3740 783 3756 804 ,

2178 850 2398 914 πέπτει,
2430 846 2804 918 δοκιμάζεται,
2827 842 3070 914 φωτίζει,
3103 839 3312 910 φλέγει.
3351 837 3629 900 Ὡσαύτως
3661 835 3761 888 καὶ

2176 942 2238 995 τδ
2266 941 2409 995 θεῖον
2431 938 2678 1008 Πνεῦμα,
2709 937 2767 990 ἐν
2791 935 3056 1006 ὑπάρχον,
3085 929 3377 1002 μονοειδὲς,
3402 928 3756 1001 μονότροπον,

2184 1031 2515 1104 μονοούσιον,
2571 1027 2894 1099 ἀδιαίρετον,
2938 1022 3240 1095 ἀλὼϐητον,
3292 1021 3508 1089 ἑκάστῳ
3559 1017 3762 1090 διαιρεῖ

2178 1124 2279 1196 τὴν
2319 1123 2502 1193 χάριν,
2533 1120 2717 1184 καθὼς
2746 1118 3009 1190 βούλεται·
3047 1115 3141 1168 καὶ
3164 1107 3275 1167 οἷον
3307 1109 3404 1165 ἐπὶ
3429 1108 3540 1162 τῶν
3573 1109 3759 1178 φυτῶν

2182 1213 2425 1284 γίνεσθαι
2456 1213 2720 1282 πέφυκεν,
2751 1209 2855 1274 ἓως
2894 1207 2992 1278 μὲν
3031 1204 3092 1259 τὸ
3116 1203 3336 1275 άμειδές
3372 1198 3467 1255 τοῦ
3495 1197 3759 1270 χειμῶνος

2181 1305 2361 1360 αὐτῶν
2405 1305 2727 1374 ἐπικρατεῖ,
2773 1302 2998 1369 ἄκαρπα
3049 1296 3235 1368 μένει·
3270 1291 3492 1346 ἐπειδάν
3532 1290 3589 1343 δὲ
3619 1288 3763 1359 ὑετῷ

2179 1394 2500 1467 νοτιζόμενα
2521 1436 2534 1459 ,
2570 1392 2704 1466 ἡλίῳ
2730 1390 3110 1451 διαθάλπεται,
3142 1384 3357 1440 ἀναδιοῖ
3380 1384 3476 1437 καὶ
3510 1379 3761 1453 βλαστά-

2182 1505 2263 1541 νει
2284 1504 2297 1518 ο
2326 1485 2470 1540 οὕτω
2501 1485 2595 1538 καὶ
2628 1485 2682 1538 αί
2715 1481 2922 1554 βροτῶν
2954 1479 3145 1551 ψυχαὶ,
3180 1476 3285 1540 ἕως
3310 1475 3410 1546 μὲν
3432 1473 3510 1545 τῷ
3536 1473 3634 1544 τῆς
3662 1489 3766 1527 κα·

2184 1580 2311 1642 κίας
2354 1575 2583 1648 χειμῶνι
2612 1574 2932 1643 κατέχονται
2956 1612 2973 1636 ,
3002 1569 3063 1622 τὸ
3097 1567 3315 1638 άμειδές
3344 1564 3439 1618 καλ⁸
3476 1561 3769 1636 ἀκοινώνη-

2186 1686 2281 1723 τον
2329 1666 2468 1741 πρὸς
2514 1666 2641 1729 τοὺς
2677 1663 2848 1726 πέλας
2895 1661 3372 1730 ἐπιδεικνύμεναι,
3429 1654 3623 1725 νεκραὶ
3668 1653 3768 1705 καὶ

2185 1762 2425 1833 ἄκαρποι
2451 1759 2831 1828 τυγχάνουσιν,
2862 1755 2985 1808 ἐπεὶ
3016 1753 3060 1806 δ’
3087 1751 3152 1805 ἂν
3180 1752 3272 1804 τὸν
3299 1749 3441 1802 θεῖον
3473 1746 3566 1799 τοῦ
3596 1744 3768 1798 Πνεύ-

2189 1869 2355 1923 ματος
2383 1851 2536 1905 ὑετὸν
2558 1849 2646 1903 διά
2672 1848 2831 1917 λόγου
2864 1844 3222 1917 κατηχήσεως
3248 1840 3532 1904 δέξωνται,
3582 1836 3676 1890 καὶ
3705 1836 3771 1889 τὸ

2188 1944 2297 1999 ἀπὺ
2324 1942 2524 2006 κακίας
2554 1937 2740 2011 αἶσχος
2781 1936 3211 2008 ἀποτρίψωνται,
3245 1936 3306 1985 τὸ
3335 1929 3645 1993 πολυπαθὲς
3666 1928 3770 1998 τῆς

2188 2032 2323 2105 ὕλης
2351 2034 2564 2105 ἱμάτιον
2600 2030 2935 2101 ἀποθέμεναι
2957 2067 2973 2091 ,
3009 2021 3176 2089 αὖθις
3226 2019 3676 2092 ἁναζωπυροῦται
3707 2019 3772 2071 τὸ

2186 2125 2435 2195 λογικὸν.
2491 2125 2587 2177 καὶ
2635 2123 2797 2178 οἱονεὶ
2843 2116 3131 2176 άναόιοῦσι
3175 2119 3243 2186 τῇ
3299 2114 3419 2186 θεία
3458 2112 3623 2168 νοτίδι
3674 2111 3772 2164 καὶ

2188 2220 2370 2292 θέρμῃ
2402 2216 2497 2270 τοῦ
2532 2212 2885 2286 Πνεύματος,
2934 2210 3031 2265 καὶ
3086 2205 3551 2276 Καρποφοροῦσι
3573 2244 3590 2269 ,
3624 2202 3772 2257 κατὰ

2195 2311 2284 2383 τὴν
2312 2307 2625 2380 θεηγορίαν,
2658 2307 2691 2359 ὀ
2727 2303 2846 2375 μὲν
2867 2300 3214 2371 τριάκοντα,
3244 2300 3276 2352 ὁ
3301 2296 3371 2350 δὲ
3390 2294 3707 2362 ἑξήκοντα,
3737 2295 3771 2346 d

2187 2400 2258 2454 δὲ
2294 2397 2534 2454 ἑκατόν.
2578 2394 2671 2466 Τῷ
2721 2395 2821 2465 μὲν
2854 2393 2964 2464 γὰρ
3010 2388 3382 2458 συγκέχρηται
3433 2383 3650 2457 γλώττῃ
3690 2383 3774 2446 είς

2190 2490 2402 2561 σοφίαν,
2434 2487 2514 2560 τῷ
2539 2487 2596 2541 δὲ
2626 2488 2706 2550 είς
2734 2481 3090 2556 προφητείαν,
3122 2479 3293 2551 ἑτέρῳ
3311 2477 3367 2531 δὲ
3395 2478 3475 2541 είς
3500 2474 3773 2545 δαιμόνων

2188 2579 2537 2652 δραπὲτειαν,
2566 2576 2781 2647 θατέρῳ
2806 2574 2864 2627 δὲ
2894 2572 2977 2635 είς
3020 2571 3318 2641 σαφήνειαν
3338 2566 3446 2620 τῶν
3469 2564 3771 2635 θειοτέρων,

2190 2671 2376 2743 ἕτερον
2411 2670 2467 2724 δὲ
2495 2668 2793 2740 σωφρονεῖν
2820 2662 3088 2726 παιδεύει,
3120 2660 3350 2730 θάτερον
3381 2657 3438 2710 δὲ
3466 2656 3659 2719 ἐλεεῖν,
3681 2654 3772 2709 ἄλ-

2189 2763 2281 2816 λον
2306 2760 2442 2833 πρὸς
2470 2758 2797 2830 ἐγκράτειαν
2825 2755 3110 2825 ῥώννυσιν,
3156 2752 3346 2821 ἑτερον
3381 2747 3522 2820 πρὸς
3570 2743 3774 2817 μαρτύ-

2195 2869 2308 2924 ριον
2336 2852 2547 2920 ἀλείφει
2577 2851 2671 2904 καὶ
2710 2848 3007 2917 ὑποφωνεῐ,
3038 2845 3264 2914 θάτερον
3293 2843 3350 2897 ἑν
3373 2840 3546 2912 ἑτέρῳ
3586 2836 3775 2910 φαινό-

2149 2967 2163 2979 ·
2194 2959 2372 3014 μενον,
2404 2939 2537 2995 αὐτὸ
2563 2940 2621 2993 δὲ
2649 2938 2748 3009 οὐχ
2786 2936 2973 3008 ἕτερον
2993 2952 3006 2966 ο
3055 2933 3239 2997 καθὼς
3279 2934 3308 2986 ό
3338 2930 3540 3003 ὑψηλὸς
3567 2930 3776 2992 ἐκεῖνος

2191 3035 2286 3088 καὶ
2312 3032 2478 3096 πολὺς
2505 3032 2605 3103 τὴν
2625 3030 2866 3084 διάνοιαν
2887 3027 3089 3098 γράφει
3133 3018 3471 3082 Ἀπόστολος·
3494 3017 3772 3085 Ἐκὰστῳ,

2193 3124 2349 3195 φησι,
2384 3120 2617 3177 δίδοται.
2643 3120 2684 3187 ἠ
2718 3117 3060 3188 φανέρωσις
3094 3111 3202 3168 τοῦ
3248 3112 3592 3179 Πνεύματσς
3625 3107 3777 3176 πρὸς

2193 3214 2261 3268 τὸ
2296 3210 2632 3283 συμφέρον.
2671 3199 2743 3281 ’ῼ
2773 3206 2890 3279 μὲν
2916 3207 3026 3277 γὰρ
3052 3204 3153 3259 διὰ
3176 3203 3285 3259 τοῦ
3315 3203 3658 3269 Πνεύματος
3682 3197 3775 3251 δί-

2193 3302 2360 3357 δοται
2384 3302 2566 3371 λόγος
2587 3298 2830 3369 σοφίας,
2847 3297 3017 3360 ἄλλῳ
3034 3294 3104 3348 δὲ
3125 3294 3310 3362 λόγος
3329 3289 3604 3363 γνώσεως
3628 3287 3780 3341 κατὰ

2192 3393 2261 3448 τὸ
2296 3392 2441 3449 αὐτὸ
2495 3391 2759 3461 Πνεῦμα,
2799 3388 2979 3459 ἑτέρῳ
3023 3386 3093 3441 δὲ
3137 3385 3339 3450 πίστις
3375 3382 3448 3435 ἐν
3493 3380 3574 3445 τῷ
3619 3377 3781 3444 αὖτῷ

2195 3486 2524 3554 Πνεύματι·
2559 3481 2728 3547 ἄλλῳ
2747 3478 2819 3534 δέ
2848 3478 3223 3550 ἐνεργήματα
3250 3474 3582 3543 δυνάμεων,
3611 3470 3781 3532 ἄλλῳ

2193 3575 2264 3628 δὲ
2299 3574 2666 3644 προφητεία,
2708 3570 2881 3638 ἄλλῳ
2916 3569 2987 3624 δὲ
3029 3568 3362 3637 διακρίσεις
3402 3561 3778 3632 πνευμάτων,

2199 3663 2376 3733 ἑτέρῳ
2417 3663 2563 3735 γένη
2608 3663 2926 3733 γλωσσῶν,
2969 3660 3138 3727 duo)
3174 3657 3244 3712 δὲ
3275 3655 3554 3726 ἑρμηνειά
3583 3655 3779 3735 γλωσ-

2196 3731 2360 3811 σῶνλ
2390 3731 2589 3810 eam
2614 3731 2683 3810 δὲ
2713 3754 2903 3811 ταῦτα
2927 3751 3162 3821 ἐνεργεῖ
3196 3749 3266 3804 τὸ
3303 3748 3373 3803 ἓν
3405 3747 3503 3801 καί
3534 3744 3600 3799 τὸ
3634 3731 3780 3799 uitri)
3840 3815 3845 3819 ρ

2200 3843 2465 3914 Πνεῦμα,
2497 3841 2771 3908 διαιροῦν
2792 3837 2916 3901 ἰδίᾳ
2960 3839 3199 3904 ἑκάστῳ
3236 3836 3430 3901 καθὼς
3470 3833 3778 3898 βούλεται.

2199 3936 2412 4007 Ὠσπερ
2440 3934 2551 4006 γάρ
2581 3933 2772 3997 ὕδατος
2802 3932 2868 3986 τὸ
2894 3930 3193 4002 χλοοποιείν
3221 3926 3315 3980 uel
3352 3923 3658 3995 σήπ[τ]ειν,
3687 3920 3783 3974 καὶ

2198 4027 2370 4099 πυρὸς
2392 4024 2566 4081 καίειν
2586 4025 2679 4079 καὶ
2703 4023 2978 4094 φωτίζεινο
3002 4020 3175 4085 οὕτως
3195 4020 3291 4072 καὶ
3318 4015 3413 4071 τοῦ
3442 4015 3587 4069 θείου
3614 4010 3781 4065 Πνεύ-

2207 4135 2398 4190 ματος,
2422 4118 2728 4189 εὐεργετεῖν
2762 4117 2857 4170 καὶ
2893 4113 3163 4178 κολάζειν.

516 4193 987 4295 Quemadmodum
1033 4193 1199 4290 igitur
1232 4230 1373 4288 aqua
1415 4214 1525 4268 vim
1575 4212 1740 4268 habet
1789 4209 2131 4281 producendi
2171 4209 2397 4274 herbas,
2448 4217 2504 4266 et
2562 4207 2997 4281 putrefaciendi;
3042 4203 3206 4277 ignis,
3249 4198 3446 4258 urendi
3490 4207 3545 4256 et
3583 4193 3785 4252 illumi-

517 4318 724 4374 nandi:
765 4316 846 4370 sic
891 4311 1062 4370 divini
1104 4307 1346 4380 Spiritus
1391 4314 1498 4369 est,
1548 4302 1876 4359 benefacere
1925 4309 1981 4356 et
2008 4299 2304 4373 castigare.

941 4420 1458 4481 INTERROGATIO
1498 4417 1681 4474 XLIV.

590 4524 732 4591 Quia
774 4528 827 4575 te
866 4518 1139 4573 medicum
1186 4515 1383 4570 animae
1435 4507 1918 4580 deprehendimus,
1962 4504 2100 4561 alla-

522 4617 619 4670 tim
667 4607 1171 4667 demonstrationes
1225 4601 1579 4658 adhibentem
1637 4596 1838 4652 animis
1896 4596 2106 4651 nostris

523 4702 878 4764 medicinam,
911 4707 967 4753 et
995 4696 1064 4751 ab
1095 4707 1280 4750 errore
1304 4694 1667 4753 asserentcm,
1699 4699 2016 4758 quaesumus
2044 4692 2104 4742 ut

523 4795 753 4867 adjicias
789 4792 856 4848 ad
891 4787 1172 4861 praemissa
1220 4783 1290 4839 de
1333 4779 1566 4853 angelis,
1603 4794 1733 4835 num
1783 4776 1950 4848 aliqui
1989 4776 2103 4834 sint

522 4901 713 4943 eorum
735 4882 981 4947 ordines,
1015 4887 1072 4935 et
1099 4881 1254 4947 quot,
1283 4881 1341 4931 et
1373 4871 1564 4943 quales
1585 4870 1695 4925 sint
1718 4875 1938 4937 natura,
1968 4882 2100 4923 num

525 4979 653 5034 item
689 4989 809 5046 qua:
846 4971 1032 5026 futura
1064 4976 1196 5023 sunt
1224 4964 1428 5021 sciant.

664 5134 673 5143 .
1160 5076 1469 5147 Responsio.

598 5178 779 5235 Creati
808 5176 1029 5248 quidem
1061 5179 1193 5230 sunt
1221 5168 1422 5240 angeli,
1457 5177 1512 5224 et
1539 5163 1762 5221 obnoxii
1791 5161 2102 5225 mutationi,

528 5273 758 5346 spiritus
809 5267 1111 5326 rationales
1152 5262 1222 5319 ad
1275 5258 1644 5318 ministerium
1685 5254 1865 5321 missi,
1916 5267 2106 5324 quem—
2143 5273 2146 5275 λ

528 5363 822 5422 admodum
862 5360 1041 5432 inquit
1083 5356 1397 5431 divinorum
1428 5349 1736 5406 carminum
1785 5347 1999 5409 auctor,
2048 5348 2104 5399 et

526 5473 652 5515 cum
699 5456 819 5526 ipso
862 5451 1065 5506 Paulus
1117 5448 1513 5502 consentiens:
1547 5440 1651 5507 Qui
1708 5438 1840 5508 facit
1887 5435 2101 5506 angelos

530 5563 652 5603 suos
686 5525 927 5616 spiritus,
972 5550 1021 5594 et
1052 5540 1322 5594 ministros
1360 5550 1484 5589 suos
1532 5530 1669 5601 ignis
1697 5529 1974 5596 ﬂammam
2011 5525 2101 5592 7°;

526 5640 730 5709 quibus
758 5635 940 5693 verbis
970 5632 1137 5688 simul
1168 5637 1223 5685 ct
1259 5636 1512 5683 naturam
1544 5630 1600 5679 et
1641 5622 1984 5692 maiestatem
2009 5634 2106 5675 eo-

2789 4416 3039 4470 ΠΕΥΣῙΣ
3071 4415 3176 4471 MA’
3190 4424 3219 4469 ἰ

2286 4511 2389 4564 ἰατ
2399 4511 2489 4583 ρόν
2517 4529 2576 4564 σε
2596 4510 2827 4582 ψυχικὸν
2856 4510 3169 4582 εὑράμενοι,
3193 4503 3397 4567 ἱκανῶς
3419 4502 3506 4557 διὰ
3526 4500 3634 4554 τῶν
3654 4499 3790 4553 ἀπο·

2203 4599 2422 4665 δείξεων
2451 4600 2829 4672 θεραπεύοντα
2851 4599 3009 4670 ἡμῶν
3036 4597 3133 4662 τὰς
3164 4593 3368 4667 ψυχάς,
3401 4592 3497 4647 καὶ
3525 4589 3625 4660 τῆς
3649 4587 3785 4641 πλά-

2206 4708 2303 4763 νης
2341 4692 2626 4764 ῥυόμενον,
2657 4690 2891 4761 δεόμεθά
2920 4707 3015 4743 σου
3063 4685 3381 4760 προσθεῖναι
3435 4683 3548 4745 τοῖς
3580 4677 3789 4764 ῥηθεῖσι

2207 4763 2351 4854 περι
2383 4781 2654 4851 άγγὲλων,
2703 4780 2801 4834 καὶ
2837 4781 2888 4833 εί
2930 4776 3192 4849 τάγματά
3223 4776 3372 4828 ἐστιν
3421 4767 3637 4833 αὐτῶν,
3692 4763 3791 4818 καὶ

2206 4873 2371 4927 πόσαι
2394 4872 2553 4944 (14⁸),
2583 4872 2679 4927 καὶ
2707 4872 2854 4934 τίνες
2877 4869 2976 4942 τὴν
3012 4868 3199 4939 φύσιν,
3233 4862 3329 4919 καὶ
3361 4861 3412 4914 εί
3435 4860 3503 4913 τὰ
3532 4854 3790 4929 μέλλοντα

2207 4961 2402 5017 οἴδασι.
3308 4982 3314 4986 -

2826 5076 3192 5143 Ἀπόκρισις.
3274 5092 3277 5095 ν

2281 5168 2509 5222 Κτιστοὶ
2550 5168 2648 5239 μὲν
2690 5169 2741 5220 oi
2791 5165 3013 5236 ἄγγελοι
3053 5165 3148 5217 καὶ
3194 5159 3456 5233 τρεπτοὶ,
3504 5152 3793 5225 πνεύματα

2211 5253 2407 5324 λογικά
2434 5256 2512 5319 είς
2540 5253 2815 5316 διακονίας
2847 5249 3312 5319 ἀποστελλόμενα,
3346 5241 3532 5313 καθὼς
3567 5257 3733 5312 φησιν
3764 5239 3793 5289 ὁ

2211 5347 2321 5402 τῶν
2349 5348 2508 5402 θείων
2540 5347 2799 5419 μελῳδὸς,
2834 5346 2929 5398 καὶ
2961 5342 3079 5415 μετ’
3111 5340 3272 5396 αὑτὸν
3308 5336 3539 5400 Παῦλος,
3572 5328 3792 5404 ὁμοφώ-

2209 5459 2316 5506 νως
2339 5458 2353 5473 ο
2403 5441 2456 5494 '0
2495 5438 2682 5495 ποιῶν
2719 5437 2863 5502 τοὺς
2903 5435 3198 5504 ἀγγέλους
3243 5429 3431 5484 αὐτοῦ
3460 5425 3793 5492 πνεύματα,

2211 5532 2314 5586 καὶ
2345 5530 2490 5596 τοὺς
2530 5525 2916 5597 λειτοιιργοὺς
2938 5524 3126 5579 αὑτοῦ
3168 5520 3358 5591 πυρὸς
3401 5518 3626 5588 φλότα’
3655 5511 3796 5582 ὁμοῦ

2213 5622 2317 5692 τὴν
2348 5619 2511 5690 φύσιν
2545 5620 2639 5673 καὶ
2670 5618 2770 5690 τὴν
2816 5616 2972 5681 ἀξίαν
3009 5612 3316 5684 δηλοῦντες.
3361 5606 3530 5663 Ἑπτὰ
3563 5604 3620 5658 δὲ
3662 5617 3797 5673 τυγ-

540 5756 545 5759 “
604 5753 653 5786 ’⁸
687 5753 876 5808 Matth.
906 5764 1029 5812 xm,
1061 5748 1115 5799 8.
1189 5745 1234 5776 ⁷⁷
1272 5743 1290 5796 1
1330 5742 1456 5796 Cor.
1491 5755 1592 5802 xu,
1625 5736 1774 5791 7-H.
1851 5733 1898 5765 ⁷⁸
1938 5731 2084 5790 Psal.

2199 5751 2237 5805 ι,
2264 5736 2330 5803 4;
2376 5734 2542 5792 Hebr.
2576 5751 2616 5800 I,
2655 5737 2706 5790 7.

534 5935 567 5979 _.
600 5893 745 5961 (ιον)
773 5889 1163 5945 ΠόσαιἚοεῑε
1188 5888 1347 5952 πόσα,
1375 5887 1458 5942 vel
1486 5884 1665 5941 πόσοι,
1690 5887 1841 5942 Eorr.
