4082 6416
342 353 445 410 3ιᾶ
1768 358 1973 417 οΙΑἰιΟι

2079 358 2183 416 5|.

342 476 560 547 χανουσι
588 474 867 546 τάγματα,
908 475 1091 542 καθὼς
1123 477 1322 543 Ἰούδας
1346 476 1575 549 ἔγραψεν
1606 480 1700 533 καὶ
1729 480 1758 531 ὁ
1778 480 1915 552 ὑψτι-

2079 495 2149 534 ιιιι
2206 478 2542 550 signiﬁcant.
2604 476 2828 548 Septem
2880 485 3014 531 vero
3058 481 3191 530 sunt
3247 470 3494 534 ordines,
3550 480 3609 525 ut

341 566 430 631 λδς
457 565 831 636 ἐξαριθμεῖται
886 567 1206 632 Ἀπόστολος
1226 584 1242 602 ο
1269 563 1315 637 ᾧ
1341 570 1434 623 καὶ
1462 569 1719 640 ἑπόμενοι
1747 573 1798 624 οἱ
1819 571 1920 641 τῆς

2079 572 2249 643 :ripsit
2271 570 2443 627 Judas
2466 571 2538 637 ⁷⁸,
2563 576 2621 625 et
2649 567 2888 625 eximius
2918 571 3205 622 enumerat
3230 561 3525 633 Apostolus
3540 560 3610 621 ⁸⁸.

344 658 494 724 θείας
519 657 742 729 τελετῆς
775 660 941 729 ἱερεῖς
962 660 1304 730 ἀναφωνοῦσι
1336 662 1454 732 Θεῴ
1473 679 1486 692 θ
1521 662 1599 716 Σὲ
1622 663 1923 733 ὑμνοῦσιν

2080 678 2185 719 rem
2241 671 2298 719 et
2353 670 2662 733 sequuntur
2700 659 2862 725 sacri
2909 655 3153 712 ministri
3200 653 3391 708 ollicii.
3418 652 3612 715 divini,

346 751 605 822 ἄγγελοι,
638 749 1028 821 ἀρχάγγελοι,
1056 753 1257 820 θρόνοι
1275 793 1290 818 ,
1315 753 1691 823 κυριότητες,
1721 755 1925 824 ἁρχαὶ.

2079 769 2154 809 rm
2189 755 2299 809 alta
2327 754 2572 808 clamant
2599 766 2739 808 voce
2781 750 2850 805 ad
2895 748 3068 804 Deum
3104 765 3118 800 :
3155 746 3225 801 Te
3259 743 3506 799 laudibus
3534 758 3619 797 ce-

346 838 651 905 ἐξουσίαι,
720 837 1029 909 δυνάμεις.
1089 841 1211 894 Ὅτι
1261 842 1319 895 δὲ
1371 842 1633 913 τρεπτοὶ,
1691 844 1927 915 ἐναργὴς

2079 845 2233 899 bram
2281 844 2488 915 angeli,
2546 841 2891 913 archangeli,
2929 838 3141 903 throni,
3190 836 3615 896 dominationes,

350 927 617 994 ἀπόδειξις
638 942 653 956 ο
708 927 834 1017 ξΕπὶ
869 928 932 982 τὸ
968 930 1150 1000 χεῖρον
1190 931 1421 1001 τραπεὶς
1467 932 1773 1002 ἀρχέκακος
1805 933 1925 986 διά-

2079 937 2375 1006 ·ἰηεὲραιιι.ς,
2409 944 2715 1005 potestates,
2751 936 2993 988 virtutes.
3022 928 3181 997 Quod
3211 942 3342 984 vero
3382 925 3621 981 mutabi-

350 1017 528 1123 ϐόλος,
574 1020 992 1091 συναποστήσας
1020 1019 1200 1090 ἑαυτῷ
1240 1020 1458 1085 ἱκανοὺς
1500 1021 1611 1076 τῶν
1655 1022 1926 1092 ἀγγέλων,

2079 1046 2112 1086 rs
2137 1029 2270 1093 sint,
2300 1028 2527 1083 evidens
2553 1036 2640 1083 est
2673 1022 3076 1082 demonstratio
3106 1038 3119 1075 :
3161 1019 3231 1076 ad
3262 1017 3467 1073 malum
3498 1030 3623 1071 ver-

352 1108 408 1160 ού
440 1107 602 1176 φύσει
627 1149 643 1174 ,
677 1107 813 1162 ἀλλὰ
857 1107 1050 1181 γνώμῃ
1081 1108 1391 1181 τραπέντας
1419 1113 1486 1183 τῇ
1517 1112 1805 1186 ὑποσπορᾷ
1834 1113 1929 1168 τοῦ

2082 1136 2130 1176 IS
2179 1127 2373 1175 auctor
2404 1119 2495 1173 ille
2540 1117 2669 1172 mali
2704 1116 2983 1177 diabolus,
3022 1126 3214 1169 secum
3264 1108 3335 1164 ad
3366 1107 3627 1164 defectio-

356 1196 503 1267 σφῶν
530 1199 856 1270 ἡγουμένου,
881 1198 1029 1270 αὐτῷ
1055 1200 1387 1273 κατάλληλον
1410 1202 1506 1256 τοῦ
1533 1203 1810 1275 δράματος
1834 1205 1932 1277 τὴν

2079 1226 2159 1266 em
2205 1209 2408 1265 multos
2452 1209 2776 1279 angelorum
2818 1208 3071 1267 trahens,
3106 1217 3219 1258 non
3260 1209 3478 1263 natura,
3525 1200 3621 1254 sed

356 1290 726 1363 προσηγορίαν
754 1288 1073 1362 δεξαμένου.
1115 1291 1210 1346 Ἐκ
1249 1293 1358 1366 γὰρ
1403 1294 1499 1348 τοῦ
1540 1295 1845 1352 διαϐάλλειν
1874 1297 1936 1352 τὸ

2079 1305 2318 1360 oluntate
2357 1311 2600 1359 mutatos
2642 1316 2738 1374 per
2762 1301 2925 1356 ducis
2946 1300 3034 1357 sui
3066 1297 3498 1369 suggestionem,
3530 1294 3631 1364 qui

356 1380 624 1481 όμόφυλον
649 1380 1000 1481 ιρερωνύμως
1024 1383 1288 1456 κέκληται
1329 1385 1576 1449 διάϐολος
1596 1404 1611 1418 ο
1642 1388 1819 1442 Σατὰν
1842 1389 1900 1443 δὲ
1917 1427 1933 1454 ,

2079 1401 2428 1464 ongruentem
2491 1406 2593 1448 suo
2664 1392 2807 1445 l'acto
2869 1388 3115 1458 suscepit
3181 1384 3630 1456 appellationem.

358 1474 421 1526 ὲκ
446 1472 540 1526 τοῦ
564 1472 682 1542 Θεῷ
731 1473 821 1528 καὶ
845 1473 1154 1546 ἀνθρώποις
1189 1477 1529 1531 ἀντικεῖσθαι
1558 1494 1572 1509 ο
1598 1478 1679 1532 διὸ
1711 1479 1804 1533 καὶ
1826 1480 1941 1532 τῶν

2079 1484 2173 1540 Iam
2223 1487 2292 1539 ab
2338 1500 2405 1539 eo
2458 1485 2606 1555 quod
2656 1483 2795 1538 alios
2847 1482 2935 1538 sui
2969 1480 3189 1553 generis
3238 1477 3630 1537 calumniatur.

362 1561 746 1669 unfpnxocpitov
779 1563 1190 1635 κατήρῤακται·
1230 1567 1326 1620 καὶ
1368 1567 1477 1621 ὑπὸ
1534 1563 1795 1641 ’ῐεζεδκιὴλ
1822 1570 1938 1641 (15)

2080 1578 2265 1648 roprie
2294 1577 2613 1631 nominatus
2645 1582 2732 1631 est
2769 1573 3068 1640 diabolus;
3104 1569 3275 1625 Satan
3307 1582 3528 1623 veroex
3567 1580 3633 1622 eo

361 1653 454 1714 τοῦ
488 1653 779 1706 θεσπεσίου
819 1655 928 1707 τῶν
961 1656 1244 1727 Χερουϐὶμ
1273 1658 1541 1731 ἐξηγητοῦ
1582 1660 1932 1726 ὀνειδίζεται*

2080 1667 2185 1723 uod
2236 1668 2346 1723 Deo
2397 1675 2454 1722 et
2501 1665 2818 1722 hominibus
2865 1664 3225 1726 adversatur;
3292 1664 3635 1731 quapropter

364 1740 818 1845 [Itbaci-{exemere
857 1743 930 1797 ἐκ
974 1744 1081 1799 τοῦ
1113 1748 1375 1814 οὐρανοῦ
1412 1750 1447 1803 ὁ
1504 1751 1811 1821 ἑωσφόρος
1840 1792 1855 1816 ,
1904 1754 1940 1806 ό

2079 1760 2212 1815 tiam
2238 1759 2307 1814 de
2351 1758 2492 1813 locis
2520 1758 2636 1814 illis
2672 1755 3117 1812 ultramundanis
3158 1754 3370 1824 ejectus
3408 1758 3495 1807 est
3535 1768 3550 1803 :
3584 1757 3634 1804 et

280 1909 284 1913 '
363 1828 517 1932 πρωῒ
553 1831 945 1935 ’ἀνατέλλωη
987 1834 1121 1906 όμοῦ
1164 1835 1227 1890 τὸ
1244 1838 1487 1910 πυρῶδες
1504 1841 1600 1896 καὶ
1624 1840 1943 1913 φωτιστικδν

2083 1849 2195 1920 pud
2240 1848 2587 1905 Ezechielum
2621 1846 2875 1921 [lsaiam]
2911 1846 3159 1901 divinum
3210 1852 3387 1900 vatem
3431 1842 3639 1898 Cheru-

365 1924 465 2019 τῆς
497 1924 742 2022 φύσεως,
790 1924 885 1977 καὶ
918 1924 1247 1995 ἡγεμονικὸν
1287 1927 1389 1997 τῆς
1430 1928 1637 1995 τάξεως
1668 1933 1739 2002 τῇ
1775 1933 1945 1988 εικόνι

2079 1935 2265 2004 orum,
2322 1939 2541 2009 probris
2585 1940 2886 1995 incessitur
2926 1936 3248 2003 :Quomodo
3295 1933 3542 1987 decidisti
3578 1932 3643 1987 de

364 2017 461 2120 τοῦ
489 2017 779 2120 φωστῆρος
811 2017 1114 2120 παριστῶν.
1141 2017 1455 2089 Συμφώνως
1473 2019 1530 2073 δὲ
1551 2021 1724 2089 τούτῳ
1748 2024 1949 2097 Δανιὴλ

2080 2032 2203 2097 telo,
2239 2031 2452 2101 lucifer,
2485 2033 2578 2103 qui
2608 2046 2762 2085 mane
2788 2029 3046 2085 oriebaris
3071 2029 3153 2081 3'?
3178 2026 3356 2082 Simul
3384 2033 3440 2081 et
3464 2026 3644 2094 ignem

371 2097 474 2202 την
509 2100 813 2202 μοχθηρίαν
841 2102 1007 2202 αὑτοῦ
1039 2105 1363 2174 διαϐάλλων,
1394 2111 1489 2163 καὶ
1524 2109 1622 2182 τὴν
1651 2111 1952 2186 ὑπαγωγὴν

2079 2097 2445 2191 ιιοειιιοιιιιῂιιο
2486 2097 2743 2175 naturam
2790 2118 2936 2187 ejus,
2977 2124 3033 2171 et
3082 2113 3428 2185 principatus
3468 2108 3647 2179 digni-

369 2192 485 2244 τῶν
515 2192 797 2262 ἑπομένων
817 2196 1002 2266 φησίν.

2084 2220 2253 2275 atem,
2295 2211 2353 2266 in
2389 2210 2607 2276 ordine,
2653 2224 2751 2280 per
2794 2205 3214 2263 similitudinem
3252 2199 3543 2255 luminaris
3580 2196 3647 2249 il-

365 2280 475 2340 lius
534 2287 871 2355 exprimens.
934 2290 1069 2344 Cum
1125 2290 1228 2347 hoc
1275 2301 1458 2349 autem
1510 2297 1870 2355 consentiens
1942 2301 2234 2367 Danielus,
2290 2304 2588 2374 nequitiam
2643 2302 2765 2371 ejus
2812 2284 3074 2359 traducit.
3116 2307 3171 2352 et
3224 2291 3647 2352 subductionem

3497 350 3607 408 οιι

367 2388 700 2436 sectatorum
740 2384 988 2453 exponit.

452 2471 732 2540 ’Δγνοοῦσι
757 2473 815 2527 δὲ
835 2473 953 2545 ἅμα
979 2473 1185 2547 βροτοῖς
1211 2478 1307 2531 καὶ
1326 2476 1548 2547 ἄγγελοι
1567 2480 1637 2535 τὰ
1661 2483 1928 2553 μέλλοντα
1943 2505 1958 2521 ο

374 2562 541 2635 μόνης
574 2563 683 2634 γὰρ
710 2565 812 2636 τῆς
860 2564 1008 2630 θείας
1052 2567 1282 2641 Τριὰδος
1333 2571 1627 2639 γινώσκειν
1669 2575 1738 2630 τὰ
1804 2577 1956 2642 ὄντα,

371 2654 466 2745 καὶ
499 2654 896 2726 προγινώσκειν
948 2656 1020 2712 τὰ
1044 2658 1309 2745 ἐσόμεναἴ
1342 2664 1659 2718 Διακονοῢσι
1694 2666 1752 2719 δὲ
1788 2667 1962 2741 ταύτῃ

370 2744 467 2800 καὶ
509 2725 643 2816 ἡμῖν
669 2762 683 2776 ⁸
719 2749 785 2819 τῇ
832 2747 933 2818 μὲν
971 2725 1309 2822 θεοπρεπῶςί
1323 2752 1688 2820 δουλεύοντες,
1737 2759 1850 2821 τοῖς

369 2836 730 2912 οἰκονομικῶς
751 2879 773 2905 ,
803 2839 947 2913 πρὸς
965 2842 1239 2914 σωτηρίαν
1265 2844 1335 2898 τὰ
1362 2846 1494 2917 παρ’
1533 2847 1752 2919 ἐκείνης
1793 2865 1963 2921 προσ-

371 2930 677 3001 ταττόμενα
696 2948 711 2962 ο
744 2931 873 2995 τοὺς
912 2933 1012 3003 μὲν
1041 2934 1391 3005 ἀναιροῦντες
1420 2936 1510 2992 διὰ
1541 2936 1738 2992 κακίαν
1775 2939 1962 3011 ἀδιόρ-

376 3019 546 3074 θωτον
567 3062 584 3086 ,
605 3021 757 3086 ὅπως
796 3022 872 3095 μὴ
915 3024 1016 3093 τῆς
1044 3022 1224 3096 λύμης
1252 3027 1616 3098 ἐμφορεῖσθαι
1653 3029 1783 3094 τοὺς
1806 3030 1960 3099 ἐγγί-

377 3111 570 3178 ζοντας
594 3129 608 3143 ·
657 3113 799 3167 κατὰ
825 3114 952 3178 τοὺς
997 3116 1194 3185 σοφοὺς
1240 3116 1349 3170 τῶν
1379 3116 1602 3190 ἰατρῶν,
1638 3122 1686 3173 οἱ
1729 3121 1837 3193 πρὸ
1866 3120 1963 3175 τοῦ

379 3202 690 3275 δωχεθῆναι
714 3203 857 3259 κατὰ
879 3206 1078 3269 παντὸς
1101 3205 1194 3260 τοῦ
1227 3206 1479 3279 σώματος
1512 3209 1609 3281 τὴν
1637 3208 1732 3263 τοῦ
1762 3210 1969 3275 πάθους

382 3293 582 3367 λώϐην,
622 3295 858 3367 καυτῆρι
897 3296 930 3366 ἢ
986 3298 1129 3368 τομῇ
1181 3298 1281 3369 τὴν
1326 3298 1508 3370 ῥύμην
1540 3301 1963 3368 ἀνακόπτοντες.

387 3385 565 3458 Ὅπερ
598 3385 693 3440 καὶ
722 3388 987 3457 γεωργοῖς
1018 3388 1415 3457 σπουδάζεται,
1439 3387 1558 3460 ἅμα
1587 3388 1664 3461 τῷ
1691 3392 1968 3445 ἀνατεῖλαι

382 3469 539 3538 αὖθις
571 3473 825 3545 ὲκριζοῦν
853 3475 925 3529 τὰ
960 3475 1217 3544 ζιζάνια(
1237 3478 1448 3550 μήποτε
1482 3479 1844 3550 συμφυόμενα
1876 3479 1972 3533 καὶ

385 3566 668 3639 ὑψούμενα
688 3604 704 3632 ,
733 3565 824 3620 τὸν
854 3569 999 3622 σῖτον
1049 3568 1401 3640 λυμήνωνται
1424 3586 1439 3601 ·
1473 3568 1569 3622 καὶ
1597 3570 1973 3644 ἀμπελουργοὶ

385 3656 445 3711 δὲ
474 3656 556 3711 ἔτι
584 3657 890 3723 ποάζουσαν
926 3659 1056 3729 πρὶν
1083 3660 1494 3730 περιπλακῆναι
1515 3662 1582 3731 τῇ
1617 3659 1851 3733 ἀμπέλῳ
1875 3661 1973 3734 τὴν

389 3748 699 3823 ἀγχομένην
740 3751 1076 3816 ἀνασπῶσιν,
1117 3751 1150 3820 ἢ
1191 3752 1256 3821 τῇ
1302 3750 1545 3822 δρεπάνῃ
1575 3736 1973 3823 ὑποτέμνουσι,

389 3837 527 3909 πρὸς
568 3838 629 3891 τὸ
681 3837 758 3910 μὴ
787 3839 880 3891 τδν
923 3836 1118 3918 βότρυν
1166 3836 1538 3907 λυμήνασθαι.
1585 3838 1759 3890 Τοῦτο
1805 3840 1904 3892 καὶ
1945 3843 1976 3893 ό

389 3927 634 3998 γεωργὸς
663 3927 761 3997 τῆς,
795 3925 1070 3996 ἡμετέρας
1116 3924 1335 3994 φύσεως
1380 3924 1475 3977 καὶ
1510 3924 1610 3994 τῆς
1651 3925 1978 3995 Ἐκκλησίας

391 4014 773 4087 ἀμπελουργὸς
800 4016 975 4067 ποιεῖν
1007 4013 1195 4067 εἴωθεν
1219 4031 1232 4045 ν
1280 4012 1676 4084 προγινώσκων
1714 4014 1809 4067 τοῦ
1845 4015 1976 4067 ὑπο-

391 4105 574 4161 τίτθου
626 4103 726 4176 τὴν
767 4103 1019 4176 ὀλεθρίαν
1071 4103 1336 4174 αύξησιν’
1390 4105 1486 4159 καὶ
1530 4104 1648 4176 ἅμα
1695 4104 1775 4177 τῷ
1814 4105 1979 4175 φῦναι

392 4192 629 4266 ἐκριζῶν
654 4195 749 4248 καὶ
778 4192 1037 4248 ἀνασπῶν
1070 4194 1160 4246 τὸν
1182 4193 1402 4265 ἐτέρους
1430 4195 1683 4266 ἀνασπᾷν
1716 4195 1982 4266 μέλλοντα

394 4285 635 4356 δράμασι
658 4283 754 4337 καὶ
775 4283 1038 4354 δόγμασιν
1060 4283 1336 4349 ἀπωλείας
1357 4301 1370 4314 ·
1394 4285 1427 4356 ἢ
1457 4285 1547 4339 διὰ
1567 4286 1628 4339 τὸ
1651 4286 1981 4357 κουφότερον

396 4376 649 4445 γενέσθαι
679 4374 758 4446 τῷ
786 4376 1169 4447 ἀναιρουμένῳ
1211 4376 1310 4447 τὴν
1347 4377 1704 4450 ὀφειλομένην
1741 4376 1851 4431 τῶν
1885 4377 1976 4448 βε-

395 4467 681 4540 ϐιωμένων
714 4467 971 4539 μάστιγα.
1011 4467 1073 4520 ΟΞ
1111 4466 1220 4538 γὰρ
1249 4466 1481 4522 ἐνταῦθα
1506 4467 1604 4532 τὰς
1625 4466 1859 4533 εὐθύνας
1878 4469 1982 4522 ὑπο

396 4560 633 4631 ἐχοντες,
664 4561 757 4615 καὶ
788 4560 889 4631 τὴν
912 4561 1030 4614 ἐκεῖ
1048 4559 1538 4632 προαποτινοῦντες
1564 4560 1700 4630 (15⁸)
1720 4579 1977 4633 ταμιευο-

402 4651 572 4721 μένην
614 4650 790 4722 δίκην,
829 4651 1178 4722 ἀμεθόδευτοι
1224 4651 1441 4705 δοκοῦσί
1475 4669 1565 4723 μοι
1592 4651 1812 4707 ἔσεσθαι
1844 4655 1984 4725 ὑπὲρ

399 4732 479 4795 ὧν
515 4739 939 4826 ἀπολελόγηνται
961 4757 979 4775 ⁸
1010 4742 1110 4813 οὐχ
1141 4742 1282 4814 ὑπὲρ
1310 4735 1387 4796 ὧν
1413 4743 1682 4813 διαφόρως
1719 4744 1928 4798 ἀνεῖλεν
1957 4747 1986 4798 ὁ

406 4827 708 4897 μιαιφόνος,
739 4825 854 4883 ἀλλ’
896 4832 1038 4900 ὑπὲρ
1078 4825 1139 4885 οὗ
1175 4835 1270 4886 καὶ
1299 4833 1367 4885 δι’
1400 4827 1461 4886 οὗ
1490 4834 1589 4904 τὴν
1620 4835 1716 4887 ἐπὶ
1755 4833 1984 4889 θανάτου

401 4918 607 4995 ἀρτίως
660 4918 949 4987 ἐπάγεται.
1010 4920 1318 4990 Ὀφθαλμὸν
1356 4922 1467 4993 γὰρ
1517 4924 1641 4976 ἀντὶ
1680 4923 1985 4997 ὀφθαλμοῦ,

403 5012 499 5067 καὶ
525 5008 715 5065 ὀδόντα
737 5009 859 5064 ἀντὶ
888 5010 1121 5075 ὀδόντος,
1153 5012 1248 5064 καὶ
1273 5010 1363 5065 τὸν
1385 5012 1644 5082 ἐκχέοντα
1667 5006 1810 5085 αἷμα
1836 5016 1990 5070 ἀναι-

406 5101 619 5175 ρεῖσθαι
643 5103 673 5156 ὁ
700 5100 843 5165 θεῖος
863 5100 1236 5156 διακελεύεται
1269 5101 1452 5172 νόμος.

2134 2483 2395 2555 ignorant
2447 2490 2630 2535 autem
2686 2493 2793 2533 una
2842 2492 2969 2532 cum
3016 2473 3336 2529 hominibus
3382 2482 3438 2527 et
3472 2468 3651 2539 angeli

2062 2591 2155 2633 res
2215 2572 2470 2638 futuras;
2537 2570 2714 2626 solius
2757 2568 2906 2623 enim
2953 2573 3158 2622 sanctae
3209 2562 3496 2618 Trinitatis
3543 2567 3652 2622 est,

2065 2664 2254 2722 omnia
2287 2663 2493 2717 habere
2537 2649 2783 2730 cognita,
2815 2666 2871 2713 et
2919 2655 3179 2726 praescire
3219 2668 3285 2709 ea
3315 2667 3438 2722 quae
3472 2651 3655 2704 futura

2063 2765 2215 2814 sunt.
2244 2753 2558 2808 Ministrant
2586 2758 2769 2804 autem
2802 2756 2857 2803 et
2882 2748 3012 2802 huic
3050 2754 3106 2802 et
3131 2744 3294 2800 nobis
3328 2762 3343 2796 :
3371 2742 3499 2796 huic
3527 2743 3657 2811 qui-

2065 2844 2213 2910 dem,
2248 2850 2311 2897 ut
2339 2853 2469 2911 erga
2503 2838 2669 2893 Deum
2701 2850 2798 2906 par
2827 2842 2935 2899 est,
2972 2832 3310 2897 servientes;
3338 2828 3497 2884 nobis
3531 2842 3660 2882 vero

2068 2939 2398 3006 praestantes
2439 2944 2503 2984 ea
2533 2943 2657 2999 quae
2689 2926 2760 2982 ad
2804 2926 3038 2982 salutem
3084 2923 3259 2978 nostri
3291 2929 3445 2976 certo
3473 2918 3659 2973 consi-

2070 3026 2145 3080 lio
2189 3023 2328 3094 ipsis
2356 3023 2428 3076 ab
2456 3035 2521 3076 ea
2563 3016 2922 3074 mandantur.
2960 3015 3148 3085 Itaque
3196 3011 3496 3068 nonnullos
3542 3024 3664 3080 pro-

2073 3125 2194 3188 pter
2221 3113 2484 3170 malitiam
2517 3113 2575 3166 in
2605 3125 2713 3181 qua
2741 3109 2930 3164 nullus
2959 3104 3330 3162 emendationi
3362 3103 3517 3157 locus
3555 3113 3660 3163 est,

2075 3208 2375 3280 perimunt,
2399 3220 2467 3260 ne
2491 3203 2724 3275 proximi
2751 3201 2959 3271 quique
2992 3196 3255 3269 perniciei
3290 3195 3663 3265 implicentur,

2069 3308 2129 3354 ut
2161 3296 2464 3371 prudentes
2491 3292 2689 3348 medici
2734 3291 2939 3358 solent,
2969 3289 3087 3360 qui,
3114 3298 3410 3357 antequam
3447 3301 3545 3357 per
3582 3293 3666 3342 to-

2068 3402 2185 3448 tum
2214 3404 2421 3460 corpus
2449 3386 2794 3444 dlﬂ‘nndatur
2831 3382 3012 3438 morbi
3044 3382 3263 3445 vitium,
3298 3378 3549 3433 cauterio
3574 3386 3668 3432 aut

2076 3485 2331 3542 sectione
2360 3482 2627 3551 impetum
2654 3477 2783 3547 ejus
2813 3480 3126 3545 amputant.
3149 3471 3210 3526 ιιι
3235 3470 3385 3541 quod
3418 3469 3490 3529 ab
3518 3473 3668 3540 agri-
3711 3539 3716 3544 ἡ

2072 3577 2213 3635 colis
2244 3576 2411 3632 etiam
2442 3572 2695 3630 studiose
2720 3569 3075 3629 observatur,
3106 3572 3168 3620 ut
3219 3579 3348 3619 mox
3380 3563 3435 3621 in
3470 3569 3667 3618 exortu

2075 3667 2253 3722 malas
2303 3665 2506 3720 herbas
2558 3661 2865 3725 eradicent,
2890 3659 2971 3714 ‘ne
3025 3656 3167 3711 forte
3213 3654 3380 3710 simul
3429 3660 3572 3707 natae
3616 3663 3671 3707 et

2076 3772 2300 3813 sursum
2335 3755 2652 3815 tendentes,
2688 3752 2939 3806 triticum
2976 3746 3313 3818 opprimant.
3348 3743 3456 3798 Sed
3507 3753 3563 3797 et
3593 3742 3673 3797 vi-

2077 3846 2286 3900 nitores
2317 3843 2544 3897 herbam
2596 3841 2738 3895 vites
2780 3837 3167 3899 sull‘ocantem,
3195 3833 3325 3887 dum
3376 3830 3557 3885 adhuc
3596 3839 3672 3884 te-

2078 3952 2212 3992 nera
2245 3942 2355 3999 est,
2411 3942 2706 4001 antequam
2751 3930 2850 3985 viti
2904 3941 3027 3984 sese
3065 3925 3332 3995 implicet,
3378 3923 3670 3983 revellunt,

2081 4033 2179 4081 aut
2207 4024 2351 4079 l‘alce
2385 4030 2661 4085 resecant,
2683 4036 2754 4078 ne
2790 4034 2896 4075 uva
2928 4016 3183 4072 laedatur.
3217 4014 3334 4071 lloc
3356 4023 3410 4070 et
3435 4012 3672 4084 agricola

2082 4116 2176 4172 ille
2222 4122 2429 4170 nostrae
2463 4119 2678 4167 natura:
2722 4117 2779 4167 et
2814 4107 3075 4164 Ecclesiae
3111 4106 3317 4161 vinitor
3353 4104 3537 4159 facere
3580 4117 3673 4159 so-

2084 4205 2181 4259 let.
2222 4201 2538 4259 Praevidcns
2558 4200 2682 4271 ejus
2714 4198 2809 4269 qui
2846 4197 3030 4253 adhuc
3062 4196 3273 4252 lactens
3316 4193 3382 4249 ab
3410 4191 3674 4248 uberibus

2084 4296 2315 4368 pendet,
2367 4293 2740 4366 perniciosum
2787 4292 3227 4352 incrementum,
3274 4284 3497 4341 interim
3542 4282 3672 4338 dum

2084 4389 2308 4453 crescit,
2333 4386 2578 4444 eradicat
2608 4395 2664 4442 et
2702 4385 2888 4441 evellit
2914 4396 3041 4437 eum
3081 4380 3177 4451 qui
3200 4380 3347 4435 alios
3375 4378 3673 4433 cvulsurus

2084 4489 2204 4533 erat
2230 4494 2324 4548 per
2346 4492 2512 4547 opera
2544 4485 2598 4531 et
2628 4475 2912 4530 doctrinas
2933 4471 3205 4527 exitiales.
3235 4469 3342 4524 Aul
3366 4475 3675 4539 propterea,

2091 4576 2151 4623 ut
2175 4570 2247 4623 sit
2279 4569 2454 4623 levius
2495 4568 2614 4638 ipso
2643 4567 2864 4621 sublato
2902 4562 3179 4634 ﬂagellum
3212 4561 3336 4618 aliis
3362 4560 3433 4615 ob
3461 4575 3525 4615 ea
3554 4572 3679 4628 qua:

2093 4662 2149 4716 in
2178 4661 2292 4717 vita
2330 4659 2720 4731 designarunt,
2750 4657 3033 4719 debitum;
3065 4669 3190 4708 nam
3224 4652 3318 4723 qui
3367 4651 3457 4704 hic
3488 4664 3680 4720 pinnas

2093 4754 2353 4829 subeunt,
2385 4762 2440 4808 et
2493 4767 2711 4822 pinnam
2749 4746 2950 4806 futurae
2990 4747 3116 4802 vitae
3150 4745 3548 4817 prmvenientes
3585 4741 3681 4796 de-

2096 4840 2364 4911 pendunt,
2400 4839 2456 4893 in
2484 4854 2585 4895 eos
2623 4838 2756 4893 mihi
2789 4838 3004 4893 videtur
3035 4850 3145 4890 non
3185 4833 3421 4903 amplius
3453 4829 3681 4900 inquisi-

2098 4945 2212 4988 tum
2238 4933 2305 4988 iri
2334 4948 2503 5003 super
2531 4933 2599 4988 iis
2628 4932 2697 4987 de
2723 4932 2927 5002 quibus
2958 4926 3349 4984 satisfecerunt
3379 4943 3393 4979 :
3427 4939 3536 4978 non
3564 4937 3682 4992 pro.

2097 5032 2217 5095 pter
2244 5038 2308 5079 ea
2342 5037 2465 5093 quas
2510 5022 2659 5076 varie
2698 5019 2977 5076 commisit
3033 5017 3331 5083 homicida,
3379 5015 3474 5070 sed
3512 5014 3585 5070 ob
3626 5012 3681 5068 id

2099 5114 2258 5183 cujus
2284 5128 2452 5169 causa
2483 5128 2678 5169 recens
2724 5112 3020 5167 damnatus
3053 5111 3122 5166 ad
3158 5119 3390 5165 mortem
3435 5106 3676 5168 ducitur.

406 5203 471 5250 ut
509 5196 728 5251 oculum
774 5195 975 5265 pendat
1019 5211 1116 5266 pro
1148 5195 1334 5260 oculo,
1375 5195 1594 5252 dentem
1624 5214 1723 5269 pro
1758 5200 1921 5256 dente
1954 5219 1968 5255 :
1996 5205 2122 5260 item
2160 5216 2219 5263 nt
2253 5209 2346 5265 ille
2394 5208 2487 5281 qui
2526 5208 2849 5280 sanguinem
2898 5205 3111 5271 ell‘udit,
3161 5203 3557 5269 interﬁciatur,
3592 5204 3677 5257 lex

408 5288 594 5344 divina
628 5289 895 5361 praecipit.

481 5376 590 5433 Kal
620 5378 682 5432 τὸ
714 5379 790 5450 μὴ
820 5380 982 5435 πάλιν
1009 5381 1207 5447 αὐτοὺς
1230 5373 1654 5454 ἐκτιμωρεῖσθαι
1680 5386 1820 5459 ὑπὲρ
1846 5388 1982 5443 ὲκεί-

2167 5388 2232 5444 Ει
2268 5403 2338 5444 ne
2375 5402 2568 5444 rursus
2596 5381 2766 5441 iidem
2799 5381 3108 5439 adiciantur
3138 5378 3409 5452 supplicio
3453 5384 3677 5448 propter

483 5537 532 5573 ”
564 5535 721 5595 Iudae
764 5557 819 5608 v,
853 5542 911 5597 6.
985 5544 1032 5576 ⁸⁵
1064 5542 1262 5615 Ephes.
1302 5562 1344 5613 I,
1373 5546 1479 5617 2|;
1517 5548 1730 5607 Coloss.
1763 5567 1801 5618 ι,
1841 5551 1926 5607 l6.
2004 5551 2047 5584 "
2090 5549 2196 5606 lsa.
2232 5564 2347 5615 xw,
2378 5547 2465 5603 12.

483 5698 600 5770 (i5)
636 5700 785 5754 Ὑπὸ
822 5701 1111 5770 Ἰεζεκιήλ.
1131 5703 1313 5759 Locus
1330 5706 1397 5759 ab
1414 5716 1641 5764 auctore
1658 5710 1859 5766 citatus
1880 5729 1987 5770 non

420 5769 596 5827 exstat
621 5770 766 5843 apud
792 5769 1156 5842 Ezechielcm,
1182 5773 1279 5830 sed
1307 5774 1506 5846 legitur
1535 5779 1641 5836 tsa.
1665 5796 1773 5851 xw,
1807 5783 1891 5838 12.

2090 5780 2134 5839 Ε
2164 5713 2299 5783 (15⁸)
2353 5706 2927 5781 Προαποτινοῦντες.
2958 5702 3121 5762 Forte
3168 5696 3675 5774 προαποτιννύντες.

2111 5798 2251 5839 'mr.

2111 5798 2251 5839 th'l'.
