2000 3213
225 183 277 210 315

226 243 320 271 eadem
336 241 446 273 delicta,
465 242 559 274 aperte
573 239 695 266 dicitur:
712 236 774 265 Non
791 238 876 272 capiet
890 235 1015 263 ultionem

225 290 357 317 Dominus
372 288 411 315 bis
425 287 457 314 de
474 286 564 314 eodem
572 286 606 313 ".
621 285 716 320 Neque
732 284 803 312 enim
818 284 870 311 hoc
884 281 955 317 apud
966 288 1018 309 nos

225 342 334 370 aequum
354 337 409 366 est,
429 333 481 360 sub
501 331 609 359 duobus
623 330 763 365 judicibus
786 328 877 364 puniri
898 327 1018 362 aliquem

226 387 316 407 reum.
338 378 406 405 Nam
427 378 490 404 dum
507 376 549 402 hic
562 375 728 410 judicumur,
740 382 756 400 a
772 373 883 400 Domino
901 371 1018 405 castiga-

227 433 298 457 mur,
321 432 352 450 ne
368 431 426 450 cunt
452 422 548 448 mundo
570 421 726 447 damnamur
737 418 771 445 ⁸³.
790 418 823 445 Ει
837 417 955 444 eximius
977 416 1019 442 in—

228 470 288 505 quit
305 468 453 504 Apostolus
469 476 476 494 :
491 467 574 500 Quem
596 465 682 500 diligit
699 464 826 491 Dominus
855 462 978 497 castigat,
995 465 1019 487 et

229 515 338 549 corripit
363 522 465 541 onmem
490 513 576 547 filium
596 519 672 547 quem
691 510 801 544 suscipit
812 509 845 535 “.
868 508 928 535 Non
951 507 1020 534 alios

182 565 188 570 '
230 560 339 595 quidem
354 558 481 594 suscipit,
497 557 566 585 alios
580 564 645 584 vero
660 556 769 591 rejicit;
785 554 833 583 sed
849 554 896 581 alii
910 553 1019 588 quidem

232 606 286 636 hie,
305 604 349 630 alii
375 611 438 631 vero
459 604 514 630 illic
536 603 564 629 id
591 603 704 634 faciunt,
733 600 896 636 recipienles
920 599 1020 633 ipsum,

231 654 279 676 aut
302 649 478 683 repudiautes
496 655 543 683 per
563 648 620 682 ipsa
646 646 785 673 mandata.
807 644 866 671 Non
885 643 955 670 enim
978 642 1020 668 via

232 696 305 729 regia
325 702 437 721 causam
451 694 552 729 praebet
566 692 769 721 oll'endentibus
788 695 835 717 aut
848 689 1020 719 cadentibus,

231 741 278 768 sed
302 741 409 775 ipsimet
427 740 492 767 dum
510 739 598 767 oculis
618 739 868 772 circumvagantur,
887 738 914 762 et
928 735 1023 761 incau-

231 785 268 812 tis
285 785 401 820 pedibus
420 785 560 812 incedunt.
576 782 688 810 Tollunt
702 782 786 817 igitur
799 780 886 815 angeli
908 786 956 806 eos
976 778 1021 812 qui

230 829 260 857 in
279 830 383 856 malitia
399 833 585 864 perseverant,
607 829 771 854 conservant
784 833 849 853 vero
865 832 912 852 eos
929 824 975 859 qui
991 823 1023 849 ad

231 874 362 902 virtutem
381 882 442 902 sese
456 878 630 901 convertunt.
647 872 776 907 Egressus
807 871 879 898 enim
895 874 933 896 est
947 877 1024 903 ange-

233 927 274 947 lus
295 919 400 946 Domini
411 927 442 946 ea:
461 920 567 950 castris,
583 924 607 945 et
622 918 753 952 interfecit
771 922 875 945 centum
889 915 1022 950 octoginta

233 966 346 999 quinque
372 965 457 991 millia
482 965 691 999 alienigenarum
702 964 736 995 ⁸⁵,
764 963 893 997 inquiunt
917 960 1026 987 Littera:

233 1018 330 1038 sacrae.
349 1011 416 1038 Item
446 1010 561 1045 angelus
579 1010 723 1037 suifocavit
746 1007 925 1043 primogenita
942 1006 1026 1040 {Egy-

233 1057 284 1091 pti.
301 1057 333 1083 Et
359 1057 472 1091 angelus
492 1055 658 1091 impediebat
675 1054 873 1088 proiectionem
893 1051 1026 1082 Balaami,

233 1101 325 1128 euntis
349 1100 383 1127 ad
406 1100 563 1132 Balaacum,
581 1105 610 1127 ut
624 1099 707 1127 Israel
724 1102 930 1131 exsecraretur,
947 1104 1027 1132 quem

238 1146 281 1172 ubi
309 1146 453 1180 conspexit
475 1146 642 1181 jumentum,
672 1145 746 1180 quod
778 1146 867 1179 ipsum
889 1143 1027 1178 portabat,

235 1195 310 1219 metu
325 1192 550 1227 perhorrescens,
563 1192 699 1223 substitit,
720 1192 840 1218 humana
852 1198 919 1217 voce
937 1194 1029 1216 vecto-

236 1247 293 1267 rem
318 1239 532 1275 reprehendens.
554 1239 705 1267 Michaelus
730 1238 912 1273 archangelus
932 1236 965 1263 ad
986 1235 1030 1262 Je-

237 1293 298 1313 sum
315 1285 389 1314 Nave
402 1286 486 1313 ﬁlium
509 1286 648 1318 mittitur;
664 1285 808 1312 Gabrielus
826 1284 858 1311 ad
877 1282 1028 1313 Danielum,

238 1334 269 1357 ut
279 1330 506 1365 interpretaretur
518 1330 543 1358 ei
559 1330 682 1361 somnia;
700 1329 734 1356 ad
750 1329 924 1360 Zachariam,
941 1332 970 1354 ut
986 1334 1031 1353 an-

237 1375 379 1402 nuntiaret
389 1375 503 1403 Joannis
527 1375 715 1407 nativitatem;
733 1374 766 1400 ad
785 1377 900 1400 matrem
917 1377 942 1399 et
960 1380 1032 1399 sem—

237 1427 288 1455 per
309 1425 466 1447 manentem
489 1420 624 1454 virginem
644 1419 771 1452 Mariam,
793 1418 827 1445 de
840 1418 888 1444 Dei
903 1421 931 1444 et
949 1416 1032 1443 Verbi

238 1467 440 1501 conceptione;
463 1465 497 1493 ad
517 1465 631 1493 Tobiam
663 1465 820 1499 Raphaelus
843 1463 972 1494 mittitur,
998 1462 1031 1488 ad

239 1511 405 1545 portandum
433 1510 494 1546 ejus
521 1518 625 1546 peram,
652 1515 678 1537 ct
703 1510 735 1536 ad
762 1509 948 1536 comitantium
967 1514 1032 1541 qua-

238 1556 392 1584 tuordecim
406 1556 475 1589 dies,
488 1564 657 1590 uxoremque
668 1555 815 1590 legitimam
830 1551 1031 1588 copulandum;

239 1607 266 1630 ct
291 1603 325 1630 ad
353 1602 536 1638 separandum
566 1602 600 1628 ab
622 1602 797 1628 interfectore
826 1599 948 1626 daemone
971 1605 1031 1624 eam

239 1655 301 1682 qua:
318 1648 378 1675 viro
389 1655 436 1682 per
451 1648 542 1682 ipsum
555 1646 650 1681 juncta
668 1650 738 1677 erat,
757 1649 784 1672 et
801 1644 834 1671 ad
852 1643 1031 1679 aperiendum

239 1693 336 1721 oeulos
353 1700 450 1721 socero
463 1699 581 1727 sponsae,
603 1692 746 1719 volucrum
766 1696 888 1718 stercore
904 1694 1031 1719 caecatos,

240 1743 269 1766 et
284 1746 415 1774 expressa
434 1739 519 1773 piseis
537 1738 593 1766 bile
611 1738 764 1765 restitutos.
785 1736 838 1763 Sed
856 1739 884 1762 et
901 1734 955 1761 alia
972 1734 1033 1768 plu-

242 1784 313 1810 rima
331 1784 490 1818 angelorum
513 1783 637 1810 invenies
654 1782 819 1814 ministeria,
840 1781 867 1807 in
884 1779 1035 1807 Abrahami

241 1830 309 1862 vita,
325 1834 352 1857 et
376 1830 470 1861 Mosis,
495 1834 522 1857 et
543 1828 657 1860 Maneat,
681 1828 753 1864 apud
778 1826 991 1857 Bethlehemum,
1009 1830 1035 1852 et

242 1883 378 1912 pastores,
407 1877 478 1910 apud
503 1880 711 1905 monumentum
737 1874 851 1908 Christi,
877 1879 904 1902 et
925 1875 952 1901 in
975 1873 1034 1908 ejus

242 1923 415 1951 ascensione.

412 1967 671 1996 INTERROGATIO
687 1967 763 2001 XLV,
778 1966 870 1994 XLVI.

280 2013 363 2050 Atqui
382 2015 405 2042 si
427 2022 472 2042 res
492 2014 601 2041 futuras
626 2014 754 2049 ignorant
777 2012 877 2048 angeli,
898 2010 1036 2047 quomodo

245 2059 359 2088 Danielo
373 2060 497 2095 pratdicit
518 2060 544 2086 in
571 2060 708 2095 Babylone
736 2059 857 2091 Gabriel,
881 2061 943 2094 post
969 2065 1037 2092 qua-

245 2106 407 2141 dringentos
440 2106 579 2141 octoginta
605 2111 717 2140 tresque
747 2112 835 2132 annos
864 2104 1036 2131 nasciturum

246 2151 387 2180 Christum
399 2151 488 2179 lNam
502 2152 645 2187 sexaginta
668 2158 765 2179 novem
784 2150 982 2180 hebdomadas,
1004 2147 1038 2174 de

246 2197 348 2232 quibus
366 2197 399 2224 ad
414 2198 504 2232 ipsum
521 2197 698 2232 loquebatur,
711 2195 884 2230 septuaginta
902 2200 1037 2221 annorum

249 2242 435 2270 hebdomadas
451 2250 513 2270 esse
528 2243 694 2276 interpretes
707 2240 829 2268 tradunt.

567 2286 720 2320 Responsio.

284 2331 338 2360 Sed
354 2339 409 2359 non
429 2331 539 2366 propria
555 2330 727 2367 praescientia
743 2329 771 2356 id
785 2328 931 2362 indicavit;
944 2335 1037 2356 verum

249 2385 418 2412 quaecunque
431 2377 519 2412 angeli
539 2385 553 2403 a
571 2383 690 2412 superna
703 2374 839 2411 sapientia
855 2374 976 2407 discunt,
993 2374 1038 2412 illa

249 2425 354 2452 dicunt.
375 2422 490 2451 Sanetas
505 2423 578 2450 enim
591 2430 635 2450 res
647 2429 662 2449 a
677 2410 755 2450 sacra
773 2421 906 2448 Trinitate
918 2410 1038 2453 discunt,

250 2474 277 2497 ct
291 2470 326 2497 ab
339 2470 407 2505 ipsis
433 2476 530 2496 rursus
551 2468 687 2499 homines,
715 2467 792 2494 etab
817 2467 973 2495 hominibus
993 2467 1038 2494 alii

251 2517 312 2542 loco
331 2514 479 2542 inferiores
494 2521 555 2549 qua:
572 2518 737 2548 sequuntur.

451 2570 713 2598 INTERROGATIO
734 2569 836 2597 XLVII.

285 2619 313 2646 Si
327 2625 393 2652 ergo
417 2624 465 2652 per
495 2617 647 2644 doctrinam
672 2616 837 2652 percipiunt,
866 2621 979 2642 necesse
998 2617 1041 2641 est

251 2667 326 2698 ipsos
343 2662 442 2690 libellis
470 2666 497 2688 et
524 2662 629 2689 chartis
649 2662 686 2688 uti
714 2669 790 2688 more
818 2664 924 2688 nostro.
952 2658 1041 2686 Voces

251 2709 324 2737 enim
339 2712 366 2736 et
381 2708 488 2735 decreta
505 2715 560 2735 non
578 2707 680 2742 scripta
699 2714 763 2734 mox
781 2705 912 2733 oblivioni
929 2705 1041 2732 dantur.

251 2753 319 2782 Nam
337 2754 358 2782 si
374 2761 456 2781 voces
473 2753 500 2780 in
528 2753 660 2781 memoria
690 2751 830 2779 durabiles
855 2753 959 2781 essent,
986 2756 1043 2776 non

254 2808 321 2828 sane
336 2799 425 2827 Moses
443 2799 471 2826 in
483 2799 585 2827 tabulis
601 2798 716 2833 lapideis
732 2798 759 2824 in
774 2800 867 2824 monte
884 2796 958 2831 ipsas
973 2794 1043 2823 scri-

759 179 788 206 S.
809 175 1139 210 C/ES.\I{II,GREGORII
1158 175 1308 203 FRATRIS

1805 167 1856 198 916

1070 243 1132 267 νων,
1152 234 1299 270 διαρρήδην
1314 233 1372 268 βοᾷ·
1385 233 1445 259 οὐκ
1455 230 1608 265 ἐκδικήσει
1620 229 1728 263 Κύρὶος
1741 227 1790 261 δὶς
1808 228 1855 254 ἐπὶ

1070 281 1103 308 τὸ
1118 280 1204 307 αὐτό.
1216 279 1284 306 Οὐδὲ
1298 277 1353 313 γὰρ
1366 277 1430 312 παρ’
1447 277 1513 312 ἡμῖν
1533 274 1611 302 τοῦτο
1627 274 1731 300 δίκαιον
1747 271 1802 299 ὑπὸ
1812 272 1858 298 δύο

1070 326 1172 363 κριτῶν
1188 325 1349 357 κολάζεσθαι
1376 323 1422 350 τὸν
1442 322 1598 350 κατάδικον.
1613 320 1790 355 Κρινόμενοι
1805 318 1858 353 γὰρ

1070 372 1217 405 ἐνταῦθα,
1239 371 1298 398 ὑπὸ
1320 370 1431 404 Κυρίου
1451 367 1659 401 παιδευόμεθα,
1673 366 1723 392 ἵνα
1733 364 1779 399 μὴ
1800 364 1858 391 σὺν

1071 418 1110 450 τῷ
1135 418 1238 452 κόσμῳ
1263 414 1503 449 κατακριθῶμεν’
1533 412 1579 439 καί
1607 419 1689 447 φησιν
1717 411 1732 437 ό
1759 409 1859 444 ὑψηλὸς

1078 464 1246 495 Ἀπόστολος·
1262 463 1313 489 Ὃν
1325 460 1425 496 ἀγαπᾷ
1439 461 1557 494 Κύριος,
1567 458 1709 485 παιδεύει·
1720 455 1861 491 μαστιγοῖ

1071 510 1105 536 δὲ
1124 509 1222 536 πάντα
1236 508 1304 535 υἱὸν
1319 507 1355 534 ὃν
1371 505 1577 540 παραδέχεται.
1592 504 1630 530 Οὐ
1645 504 1709 534 τοὺς
1725 502 1776 537 μὲν
1793 502 1858 528 ἀπο-

1072 555 1191 590 δέχεται,
1207 555 1269 586 τοὺς
1281 553 1309 580 δὲ
1328 552 1494 580 ἀπωθεῖται·
1512 550 1569 577 ἀλλ’
1584 550 1609 576 οί
1623 548 1673 584 μὲν
1693 547 1825 579 ἐνταῦθα,
1837 548 1860 573 οἱ

1072 601 1099 626 δὲ
1125 601 1183 626 ἐκεῖ
1198 598 1277 625 τοῦτο
1300 597 1405 624 ποιοῦσι
1418 618 1424 629 ,
1441 595 1652 632 παραδεχόμενοι
1668 593 1760 624 αὑτὸν,
1779 593 1797 627 ἢ
1812 593 1860 618 ἀπ-

1072 646 1220 680 (ιδθούμενοι
1231 645 1275 671 διὰ
1287 644 1340 670 τῶν
1354 643 1476 670 ἐντολῶν.
1489 643 1526 668 Οὐ
1540 642 1593 677 γὰρ
1607 640 1680 668 αίτία
1695 641 1712 674 ἡ
1728 637 1862 673 λεωφόρος

1073 694 1129 723 τοῖς
1152 692 1370 726 προσκόπτουσιν
1391 690 1407 722 ἦ
1432 689 1585 718 πίπτουσιν,
1610 686 1667 713 ἀλλ’
1689 686 1790 711 ἐκεῖνοι
1813 683 1863 716 ἔξω

1075 739 1178 773 ταύτης
1191 739 1237 764 τὸν
1261 736 1403 772 ὀφθαλμὸν
1427 735 1617 770 περιάγοντες,
1636 732 1683 758 καὶ
1698 730 1864 766 ἀφυλάκτοκ

1077 785 1139 810 ποσὶ
1156 783 1317 819 βαδίζοντες.
1340 780 1491 815 Ἀναιροῦσι
1508 780 1599 805 τοίνυν
1614 777 1724 812 ἄγγελοι
1747 774 1863 810 πονηρίᾳ

1077 829 1255 864 ἐμμένοντας,
1271 827 1431 859 διασώζουσι
1455 826 1483 852 δὲ
1511 825 1573 856 τοὺς
1591 824 1633 850 ἐπ’
1650 823 1753 858 ἀρετὴν
1767 828 1864 857 τρεπο-

1078 876 1183 910 μένους.
1205 874 1331 907 Ἐξῆλθε
1344 870 1398 905 γὰρ
1417 872 1541 906 ἅγγελος
1554 870 1663 903 Κιιρίου
1673 868 1707 895 ἐκ
1720 867 1777 901 τῆς

1076 909 1216 954 ἐμϐολῆς,
1241 919 1289 945 καί
1307 917 1427 944 ἀνεῖλεν
1446 914 1553 942 ἑκατὸν
1575 912 1762 948 ὀγδοήκοντα
1779 909 1865 936 πέντε

1079 966 1215 1001 χιλιάδας
1235 964 1426 998 ἀίλοφύὰων,
1454 962 1536 997 φησὶν
1560 961 1576 995 ὴ
1595 959 1655 986 Θεία
1678 957 1793 992 Πυχτή·
1818 955 1863 982 καὶ

1082 1013 1206 1048 ἄγγελος,
1256 1011 1349 1045 φησιν,
1373 1010 1465 1043 ἔπνιγε
1482 1008 1515 1034 τὰ
1536 1006 1674 1040 Αἰγύπτου
1696 1002 1865 1038 πρωτότοκα,

1079 1045 1255 1091 καὶνᾶγγελος
1281 1054 1356 1090 εἶργε
1382 1055 1429 1088 τῆς
1444 1053 1556 1087 πορείας
1578 1051 1624 1077 τὸν
1641 1048 1776 1082 Βαλαὰμ,
1803 1045 1867 1091 τερξις

1080 1103 1188 1129 Βαλαὰκ
1207 1101 1387 1136 πτρευὸμενον
1409 1099 1453 1126 τὸν
1475 1096 1582 1132 Ἰσραὴλ
1602 1092 1824 1129 καταράσασθαι,
1840 1090 1868 1116 δν

1080 1149 1109 1175 τὸ
1122 1149 1204 1184 φέρον
1218 1146 1298 1174 αὐτὸν
1311 1145 1466 1179 ὑποζύγιον,
1480 1143 1657 1177 θεασάμενον,
1671 1134 1783 1175 τιξ›’δέει

1082 1196 1128 1227 ξαν
1148 1193 1324 1223 συνεκάθισε,
1345 1190 1502 1226 ἀνθρωπεία
1526 1190 1602 1223 φωνῇ
1625 1188 1671 1213 τὸν
1686 1184 1868 1220 ἐποχούμενοι

1081 1226 1226 1272 έιελέγχον,
1253 1236 1363 1271 Μιχαὴλ
1385 1236 1398 1261 ὸ
1420 1233 1588 1269 ἀρχάγγελος
1615 1231 1682 1266 πρὸς
1703 1230 1749 1256 τδν
1770 1226 1869 1263 Ἰησοῦν

1082 1285 1128 1311 τοῦ
1149 1285 1227 1319 Ναυῆ
1248 1282 1444 1310 ἀποστέλλεται
1456 1290 1462 1295 ·
1483 1278 1603 1314 Γαϐριὴλ
1616 1278 1684 1313 πρὸς
1700 1276 1746 1302 τὸν
1763 1272 1868 1308 Δανιὴλ,

1082 1330 1287 1365 διασαφηνίζειν
1313 1328 1387 1362 αὐτῷ
1404 1327 1447 1361 ι’τόι
1470 1326 1610 1361 ὀνείρατα·
1633 1324 1700 1359 πρὸς
1722 1320 1868 1358 Ζαχαρίαν,

1082 1378 1131 1412 τὴν
1162 1376 1285 1402 Ἰωάννου
1309 1375 1417 1408 γένεσιν
1435 1372 1509 1407 αὑτῷ
1530 1369 1760 1405 εὐαγγελίσασθαι
1775 1376 1782 1384 ’
1806 1365 1870 1401 πρδς

1083 1410 1131 1457 τίῆν
1152 1422 1256 1458 μητέρα
1280 1421 1407 1447 ἀείτιαιδα
1433 1419 1560 1454 Μαρίαν,
1582 1417 1646 1452 περὶ
1667 1416 1716 1450 τῆς
1737 1414 1786 1441 τοῦ
1808 1410 1868 1439 Θεοῦ

1085 1457 1171 1501 Λόγου
1189 1467 1344 1501 συλλήψεως
1356 1475 1362 1481 ⁸
1385 1465 1452 1501 πρὸς
1470 1464 1515 1492 τδν
1531 1462 1625 1498 ’Τοεὴτ
1641 1463 1655 1488 ὁ
1678 1459 1812 1495 Ῥαφαὴλ,
1825 1457 1869 1492 τὴν

1084 1509 1176 1549 πήραν
1188 1512 1269 1539 αὑτοῦ
1287 1512 1432 1547 βαστάσαι,
1449 1511 1496 1537 καὶ
1510 1507 1667 1535 συνοδεῦσαι
1683 1506 1818 1540 τέτταρας
1826 1501 1871 1530 καὶ

1086 1546 1151 1586 δέκα
1168 1546 1291 1594 ἡμέραςέ
1310 1558 1357 1584 καὶ
1374 1556 1484 1591 γυναικὶ
1497 1554 1605 1589 νομίμῳ
1621 1552 1748 1586 συνάψαι,
1767 1550 1814 1578 καὶ
1827 1546 1869 1575 τοῦ

1087 1605 1263 1641 ἀνδροκτόνου
1283 1604 1410 1639 δαίμονος
1437 1601 1574 1633 διαζεῦξαι
1588 1599 1636 1634 τὴν
1662 1598 1702 1633 τῷ
1718 1596 1798 1632 ἀνδρὶ
1816 1602 1871 1621 συν-

1087 1652 1230 1687 αφθεῐσαν,
1247 1650 1293 1677 καὶ
1307 1650 1353 1676 τοῦ
1369 1648 1498 1684 κηδεστοῦ
1513 1647 1560 1682 τῆς
1575 1645 1704 1682 γημάσης
1721 1641 1871 1678 ὀφθαλμοὺς

1088 1697 1193 1730 ἀνοῖξαι
1221 1695 1330 1731 πτηνῶν
1354 1694 1459 1729 ἀφοόίᾳ,
1479 1692 1666 1728 πηρωοέντας.
1696 1690 1753 1716 Καὶ
1783 1687 1871 1723 ἑτέρας

1088 1729 1217 1773 πλείστας
1245 1729 1307 1776 πὲρὶ
1325 1740 1448 1778 ἀγγέλων
1465 1739 1592 1774 εὑρήσεις
1615 1735 1752 1766 διακονίας
1769 1734 1816 1761 ἐπὶ
1828 1729 1871 1758 τοῦ

1095 1789 1236 1823 Ἀϐραὰμ,
1258 1787 1304 1813 καὶ
1326 1786 1464 1816 Μωσέως,
1482 1784 1529 1811 καὶ
1553 1783 1668 1815 Μανωὲ,
1687 1782 1734 1808 ἐπὶ
1756 1781 1806 1816 τῆς
1823 1778 1870 1812 Βη-

1090 1834 1188 1868 Ολεὲμ,
1208 1833 1255 1859 καὶ
1274 1832 1328 1858 τῶν
1349 1831 1496 1866 ποιμένων,
1517 1830 1563 1856 ἐπὶ
1577 1829 1624 1856 τοῦ
1645 1827 1718 1855 θείου
1737 1827 1872 1862 μνήματος

1090 1880 1137 1907 καὶ
1154 1878 1324 1914 ἀναλήψεως.

1344 1965 1469 1993 ΠΕΥΣΙΣ
1493 1964 1629 1998 ME,MG".

1125 2015 1180 2041 Καὶ
1194 2014 1217 2040 εἰ
1231 2013 1359 2047 ἀγνοοῦσι
1371 2011 1404 2038 τὰ
1419 2011 1550 2046 μέλλοντα
1566 2010 1590 2036 ot
1606 2007 1728 2043 ἄγγελοι,
1743 2005 1802 2038 πῶς
1813 2010 1872 2040 πρυ-

1090 2062 1163 2095 λέγει
1180 2062 1194 2087 ὁ
1210 2059 1329 2095 Γαϐριὴλ
1343 2059 1373 2085 ὲν
1390 2057 1531 2084 Βαὸυλῶνι
1547 2056 1587 2091 τῷ
1602 2054 1712 2089 Δανιὴλ,
1731 2053 1801 2089 μετὰ
1818 2051 1872 2083 υιιγο

1092 2107 1140 2141 ἔτη
1156 2105 1302 2140 γεννᾶσθαι
1315 2104 1360 2131 τὸν
1372 2103 1505 2139 Χριστόνς
1516 2103 1571 2133 Τὰς
1588 2101 1642 2137 γὰρ
1658 2100 1792 2135 ἑξήκοντα
1803 2095 1872 2125 ἐννέα

1092 2152 1242 2187 ἑϐδομάδας
1253 2171 1259 2183 ,
1277 2151 1311 2181 ἃς
1326 2149 1400 2185 αὑτῴ
1411 2148 1502 2182 εἶπεν,
1518 2147 1586 2175 ὲτῶν
1599 2146 1785 2182 ἐϐδομήκοντα
1797 2142 1874 2176 ὑπάρ·

1090 2206 1147 2232 χειν
1164 2197 1249 2227 αὑτὰς
1262 2198 1286 2222 οἱ
1301 2197 1429 2231 ἑρμηνεῖς
1443 2194 1621 2228 διεσάφησαν.

1391 2284 1574 2318 Ἀπόκρισις.

1136 2332 1205 2358 Ἀλλ’
1224 2331 1273 2358 οὐκ
1291 2330 1380 2365 οἰκείᾳ
1401 2317 1556 2363 προγνώσει
1574 2327 1654 2354 τοῦτο
1669 2326 1786 2361 ἔφραζεν
1797 2332 1803 2339 ·
1823 2317 1874 2350 ἀλλ’

1094 2379 1143 2405 ὅσα
1157 2378 1232 2413 παρὰ
1247 2377 1296 2412 τῆς
1310 2376 1366 2403 ἄνω
1379 2375 1475 2410 σοφίας
1488 2374 1670 2404 παιδεύονται,
1683 2372 1774 2399 ἐκεῖνά
1787 2367 1873 2405 gmw/-

1097 2424 1224 2458 ’Ἄγγελοι
1238 2423 1292 2458 γὰρ
1313 2421 1389 2457 παρὰ
1405 2421 1454 2456 τῆς
1470 2419 1546 2452 θείας
1563 2419 1677 2455 Τριάδος
1695 2417 1874 2444 διδάσκονται,

1096 2470 1161 2505 παρ’
1180 2469 1270 2496 αὐτῶν
1283 2468 1311 2494 δὲ
1325 2467 1473 2502 ἄνθρωποι,
1486 2467 1550 2501 παρ’
1564 2465 1642 2500 ἡμῶν
1655 2464 1683 2490 δὲ
1700 2463 1735 2490 τὰ
1753 2462 1875 2498 ἑπόμεναι

1383 2565 1509 2593 ΠΕΥΣΙΣ
1526 2565 1591 2592 ΜΖ’.

1131 2612 1162 2638 Εἰ
1176 2608 1221 2638 οὖν
1241 2611 1360 2637 διδακτοί
1381 2611 1465 2643 εἰσιν,
1482 2610 1589 2645 ἀνάγκη
1603 2607 1703 2639 αὐτοὺς
1721 2606 1821 2637 δέλτοις
1835 2600 1877 2629 καὶ

1097 2658 1211 2693 χὰρταις
1226 2656 1374 2692 κεχρῆσθαι
1390 2655 1451 2682 καθ’
1470 2656 1554 2691 ἡμᾶς.
1570 2654 1659 2681 Φωναὶ
1674 2653 1729 2689 γὰρ
1744 2653 1791 2680 καὶ
1800 2650 1877 2687 ψῆφοι

1098 2703 1135 2738 μὴ
1150 2701 1335 2737 γραφόμεναι,
1351 2701 1458 2736 ταχέως
1471 2700 1542 2737 λήθῃ
1565 2699 1767 2736 παραδίδονται,
1783 2698 1813 2725 Εί
1828 2693 1876 2738 γὲιρ

1147 2747 1240 2782 μνήμῃ
1256 2746 1411 2781 παρέμενον
1437 2746 1464 2772 αἱ
1483 2745 1587 2780 φωναὶ,
1611 2745 1662 2771 οὐκ
1681 2743 1715 2770 ἂν
1734 2741 1832 2776 Μωσῆς
1851 2737 1877 2783 ἐν

1099 2779 1181 2823 eius.
1193 2779 1310 2822 λιθίναις
1332 2779 1380 2816 ἐπὶ
1406 2790 1452 2816 τοῦ
1472 2779 1553 2826 ὅρους
1580 2787 1776 2824 γεγραμμένας
1800 2779 1876 2812 αὑτᾶς

289 2891 311 2907 υ
326 2890 430 2918 Nahum
450 2899 468 2924 I,
482 2891 498 2917 9
547 2890 569 2906 ⁸³
590 2890 671 2918 lCor.
688 2897 726 2922 τι,
741 2889 786 2916 '52.
825 2887 847 2903 θ’
868 2886 948 2915 Hebr.
969 2894 1017 2921 xu,

1103 2887 1123 2902 '5
1144 2885 1210 2920 Reg.
1229 2891 1286 2916 xix,
1303 2884 1346 2911 55.
