4000 6402
283 348 387 406 937

288 462 501 526 ἐδέξατο
521 478 532 491 ·
575 457 778 513 τούτων
803 458 859 513 δὲ
912 457 1323 524 συντριϐέντων,
1350 460 1630 531 δευτέρων
1661 465 1763 517 οὐκ
1792 463 1859 518 ἂν

195 596 203 605 .
284 552 501 623 ἐδεήθη.
528 553 578 605 εί
603 551 672 604 τὰ
695 552 754 603 ὲν
774 552 894 614 ταῖς
925 549 1170 620 πρώταις
1195 550 1476 621 γραφέντα
1502 552 1858 621 ὲμνημόνευε.

905 728 1258 794 Ἀπόκρισις.

356 818 564 889 Μωσῆς
598 804 703 886 μὲν
727 819 787 870 ὲν
811 819 935 879 ταῖς
982 816 1148 883 πλαξὶ
1194 817 1328 871 δέκα
1365 816 1557 885 λόγους
1588 817 1747 871 θείων
1780 817 1867 869 δο-

286 910 532 981 γμάτων,
589 907 759 979 χωρὶς
799 906 1157 979 λαξευτηρίου
1202 908 1236 978 ἢ
1281 908 1546 979 γραφίδος
1595 908 1725 979 θείῳ
1774 910 1867 963 δα-

286 1001 469 1071 κτύλῳ
497 998 911 1071 ἑντορευθέντας
931 998 1168 1062 ἐδέξατο.
1198 997 1322 1061 Πῶς
1346 998 1389 1051 δ’
1420 1001 1450 1052 ὁ
1476 999 1636 1063 αὐτὸς
1661 1000 1867 1071 γέγρα-

288 1109 411 1162 φεν,
437 1091 583 1162 ᾇπερ
605 1092 744 1164 μόνῃ
771 1092 838 1161 τῇ
867 1091 1059 1163 μνήμῃ
1082 1088 1373 1160 κατασχὼν
1403 1090 1540 1144 Θεοῦ
1571 1090 1869 1159 φάσκοντος

290 1184 420 1255 περὶ
456 1183 665 1253 κόσμου
695 1182 1044 1251 γεννήσεως;
1090 1178 1210 1244 πῶς
1237 1179 1296 1233 δὲ
1327 1180 1517 1253 μνήμῃ
1563 1180 1872 1235 ἐντυπωσά-

295 1289 455 1342 μενος
485 1272 583 1343 τὴν
633 1268 1091 1340 παραδειχθεῖσαν
1118 1269 1211 1321 ἐπὶ
1244 1269 1343 1339 τῆς
1377 1269 1686 1341 ἀκρωρείας
1721 1268 1869 1323 θείαν

294 1363 499 1433 σκηνὴν
535 1360 625 1415 διὰ
655 1359 751 1413 τοῦ
801 1358 959 1428 λόγου
1004 1358 1098 1411 τὸν
1132 1356 1394 1428 Βεσελεὴλ
1445 1358 1752 1423 ἐπαίδευσε,
1801 1358 1870 1410 δι’

292 1453 426 1524 ὕλης
457 1453 556 1523 τὴν
597 1451 758 1507 ἀῦλον
792 1449 1171 1521 μιμήσασθαιξ
1216 1448 1335 1514 πῶς
1370 1449 1428 1502 δὲ
1468 1450 1563 1503 καὶ
1594 1449 1796 1514 πάντες
1820 1452 1869 1503 oi

293 1545 575 1599 θεσπέσιοι
599 1543 878 1613 προφῆται
912 1541 1005 1594 καὶ
1030 1540 1351 1603 ἀπόστολοι,
1382 1540 1444 1593 οὐ
1474 1538 1563 1593 διὰ
1611 1538 1870 1610 μαθημά-

293 1655 424 1702 των,
454 1636 571 1690 ἀλλ’
599 1635 676 1696 ὡς
708 1634 889 1697 αὐτοῖς
926 1636 954 1686 ὁ
973 1632 1145 1701 Λόγος
1188 1632 1440 1701 ὲνήχησε,
1467 1631 1561 1685 καὶ
1586 1634 1652 1702 τῇ
1682 1633 1872 1703 μνήμῃ

295 1728 597 1800 παρέθεντο
617 1765 634 1790 ,
663 1728 730 1796 τῇ
760 1724 1054 1793 οἰκουμένῃ
1084 1724 1404 1793 ἐκήρυττον,
1435 1722 1708 1776 Γαλιλαῖοι
1742 1739 1870 1774 παι-

302 1818 490 1871 δευταί
525 1815 822 1886 Ῥωμαίοις
848 1812 1257 1882 ἐπιφοιτῶντες,
1286 1812 1421 1884 πρὸς
1448 1812 1679 1865 ἕκαστον
1720 1812 1874 1877 ἔθνος

294 1912 363 1981 τῇ
394 1907 615 1980 γλώττῃ
643 1902 1136 1977 μετατυπούμενοι;
1160 1902 1364 1974 Πάρθοι
1391 1902 1520 1975 γάρ,
1552 1902 1645 1956 καὶ
1672 1902 1869 1973 Μῆδοι,

297 2001 394 2054 καὶ
429 1998 709 2067 Ἐλαμῖται
750 1994 942 2050 καὶτὰ
986 1992 1149 2046 λοιπὰ
1186 1992 1314 2063 ἔθνη
1344 1994 1543 2065 ἢκουον
1580 1996 1681 2065 τῆς
1720 1994 1873 2063 σφῶν

297 2090 578 2144 διαλέκτου
608 2088 838 2150 ἕκαστος
865 2086 1173 2139 λαλούντων
1195 2085 1263 2139 τὰ
1302 2085 1565 2157 μεγαλεῖα
1596 2085 1689 2139 τοῦ
1710 2086 1869 2139 Θεοῦ.

299 2183 479 2254 ’Ἃπερ
518 2180 580 2232 οὐ
635 2180 995 2249 γραμματικῇ
1036 2176 1287 2247 παιδείᾳ,
1340 2176 1475 2230 ἀλλὰ
1528 2180 1870 2247 πνευματικῇ

293 2272 546 2343 ἐνεργείᾳ
583 2272 902 2340 ἐκήρυττον.
934 2266 1214 2337 Ὠφθησαν
1249 2266 1357 2337 γὰρ
1400 2267 1586 2330 αὐτοῖς
1621 2267 1871 2338 διαμερι-

295 2363 522 2433 ζόμεναι
563 2360 808 2430 γλῶσσαι
854 2359 988 2411 ὡσεὶ
1044 2358 1217 2429 πυρὸς
1262 2357 1635 2428 (πεντηκοστῇ
1667 2358 1725 2410 δὲ
1772 2358 1873 2428 τῆς

296 2453 668 2518 ἀναστάσεως,
692 2452 891 2521 δεκάτῃ
920 2449 977 2502 δὲ
1008 2450 1107 2520 τῆς
1133 2448 1455 2517 ἀναλήψεως
1475 2450 1513 2511 )°
1547 2449 1656 2503 Kal
1676 2449 1873 2502 ἐκάθι-

298 2561 414 2599 σεν
432 2545 523 2614 ἐρ’
552 2544 661 2599 ἕνα
683 2544 946 2598 ἕκαστον
974 2541 1190 2607 αὐτῶν,
1220 2543 1384 2612 φησὶν
1413 2544 1440 2596 ὁ
1466 2541 1606 2605 θεῖος
1633 2542 1869 2605 Λουκᾶς,

302 2636 531 2709 ἱστορῶν
563 2636 632 2691 τὰ
656 2632 777 2690 κατ’
816 2634 1031 2698 αὐτούς.
1272 2706 1279 2713 _

302 2732 662 2796 surreetione,
696 2729 907 2785 decima
941 2744 1070 2785 vero
1103 2728 1174 2784 ab
1216 2726 1559 2783 ascensione.
1603 2722 1672 2779 Et
1723 2723 1857 2778 sedit

298 2838 486 2880 eorum
510 2836 778 2879 enarrans
806 2831 981 2892 gesta.
1040 2860 1045 2865 -

884 2928 1132 2985 ΠΕΥΣῐΣ
1157 2929 1300 2985 MH’.

372 3021 437 3074 Εἰ
469 3017 752 3089 ἀσώματοί
785 3020 922 3072 εἰσιν
954 3019 1003 3072 oi
1044 3017 1266 3087 ἄγγελοι
1286 3056 1302 3082 ,
1339 3018 1472 3083 ,πῶς
1505 3018 1726 3088 γυναιξὶ
1755 3018 1877 3088 ἑμί-

302 3126 498 3179 γησαν,
526 3106 587 3173 ἐξ
615 3099 693 3161 ὧν
726 3110 990 3178 προῆὶθον
1023 3107 1075 3161 οί
1100 3108 1388 3176 γίγαντες;
1430 3107 1547 3173 πῶς
1571 3108 1627 3161 δὲ
1654 3109 1750 3161 καὶ
1783 3108 1879 3161 ἄν·

299 3195 505 3264 θρωποι
531 3197 643 3259 τοῖς
670 3195 846 3265 ἁγίοις
884 3198 1185 3268 φαίνονται,
1226 3199 1383 3271 εἴπερ
1413 3198 1696 3271 ἀσώματοι
1724 3200 1867 3266 είσι;

296 3285 433 3355 Φησὶ
470 3286 577 3357 γὰρ
610 3288 642 3357 ἡ
685 3287 805 3341 θεία
836 3288 1027 3360 Γραφή
1051 3308 1063 3321 ·
1101 3290 1209 3345 Kal
1256 3289 1551 3359 είσῆλθον
1599 3291 1718 3345 υίοί
1766 3289 1874 3344 τοῦ

298 3374 447 3430 Θεοῦ
474 3378 625 3446 πρὸς
668 3379 777 3447 τὰς
809 3380 1137 3451 θυγατέρας
1178 3381 1298 3436 τῶν
1323 3382 1666 3452 ἀνθρώπων,
1705 3380 1765 3447 ἐξ
1795 3374 1870 3435 ὧν

296 3467 509 3536 λέγουσί
538 3487 680 3535 τινες
706 3474 994 3541 γεννᾶσθαι
1018 3477 1145 3540 τοὺς
1171 3475 1453 3545 γίγαντας.

922 3640 1275 3708 Ἀπόκρισις.

389 3726 693 3799 Ἀσώματοι
743 3730 842 3800 μὲν
875 3730 927 3783 οί
969 3730 1193 3799 ἄγγελοι
1244 3730 1371 3785 καθ’
1409 3733 1559 3800 ἡμᾶς
1586 3749 1599 3764 ⁸
1633 3731 1794 3802 σῶμα
1825 3732 1883 3785 δὲ

304 3819 426 3875 καθ’
447 3822 692 3886 ἑαυτοὺς,
709 3822 783 3885 ὡς
800 3822 1021 3892 ἄνεμος,
1051 3820 1231 3891 ἢπῦρ,
1247 3821 1281 3891 ἢ
1303 3822 1528 3886 καπνὸς,
1551 3822 1585 3892 ἢ
1608 3823 1737 3892 ἀήρ.
1767 3822 1880 3874 Σώ-

308 3926 452 3978 ματα
480 3910 589 3982 γάρ
635 3910 941 3982 ὑπάρχουσι
980 3909 1154 3962 λεπτά
1194 3909 1285 3962 καὶ
1316 3908 1457 3962 άῦλα
1491 3907 1597 3975 ἔξω
1622 3910 1720 3978 τῆς
1746 3911 1882 3979 ἠμε-

302 4000 463 4068 τέρας
502 4000 810 4071 παχύτητος
828 4016 844 4033 ⁸
867 3998 1116 4068 Σώματα
1142 3997 1253 4068 γὰρ
1276 3996 1622 4065 ἐπουράνια,
1651 3998 1750 4052 καί
1776 3997 1884 4051 σώο

299 4109 454 4161 ματα
501 4093 751 4161 ἐπίγεια,
790 4092 954 4162 φησιν
985 4091 1013 4143 ὁ
1054 4089 1199 4161 ἱερὸς
1261 4087 1600 4153 Ἀπόστολος.
1650 4090 1882 4142 Ἀτοπον

297 4177 356 4230 δὲ
385 4178 479 4230 καὶ
523 4177 704 4246 πάσης
732 4176 917 4239 ἀνοίας
942 4215 958 4241 ,
989 4175 1376 4244 συγκαθεύδειν
1410 4176 1608 4241 αὐτοὺς
1638 4176 1881 4246 γυναιξὶν

298 4266 507 4321 οἴεσθαι
523 4286 534 4297 ·
576 4266 700 4320 ἐπεὶ
726 4266 793 4322 ἂν
824 4266 917 4321 καὶ
942 4267 1205 4338 δαίμονας
1228 4267 1613 4337 συγκαθεύδειν
1634 4269 1880 4337 γυναιξὶν

298 4358 527 4415 οἴονται.
555 4361 630 4414 Οὐ
653 4360 763 4433 γὰρ
783 4360 882 4433 τὴν
909 4361 1095 4431 φύσιν,
1127 4360 1265 4415 ἀλλά
1285 4360 1386 4432 τὴν
1415 4358 1571 4426 τάξιν
1590 4360 1877 4415 ἀπέλιπον*

297 4451 418 4507 οὐδὲ
445 4450 539 4505 τοῦ
568 4451 851 4523 μεγέθους,
896 4450 1036 4507 ἀλλὰ
1067 4451 1169 4522 τῆς
1205 4452 1520 4524 παρρησίας
1543 4453 1874 4525 ἀφῄρηνται.

298 4541 658 4612 Βλασφημίας
703 4541 884 4595 τοίνυν
918 4541 1013 4596 καὶ
1044 4541 1372 4613 νηπιότητος
1416 4543 1651 4614 ὑπάρχει
1686 4543 1746 4597 τὸ
1777 4544 1875 4598 οίε-

298 4632 424 4686 σθαι
446 4633 712 4700 ἀγγέλους
737 4632 1089 4704 θηλυμανεῖν.
1112 4632 1185 4686 Οὐ
1210 4634 1336 4707 περὶ
1357 4634 1562 4687 τούτων
1579 4635 1687 4705 γάρ
1708 4651 1874 4704 φησιν

298 4724 335 4792 ὴ
359 4721 481 4774 θεία
510 4722 723 4791 Γραφὴ,
743 4724 829 4775 ὅττι
849 4723 1158 4793 Εἰσῆλθον
1189 4726 1244 4777 οἱ
1267 4725 1383 4779 υἱοί
1408 4724 1513 4779 τοῦ
1549 4724 1697 4779 Θεοῦ
1725 4726 1874 4793 πρὸς

296 4809 404 4876 τὰς
425 4808 751 4878 θυγατέρας
764 4810 882 4865 τῶν
893 4811 1236 4879 ἀνθρώπων
1261 4815 1470 4868 οὐδέπω
1495 4815 1603 4886 γάρ
1630 4815 1870 4885 ἄγγελοι,

300 4901 401 4956 ,οἱοὶ
449 4897 588 4954 Θεοῦ
634 4901 1161 4971 προσαγορεύονταιο
1211 4903 1326 4956 ἀλλ’
1374 4909 1422 4958 oi
1470 4905 1565 4959 τοῦ
1628 4906 1735 4977 Σὴθ
1778 4911 1871 4964 καὶ

306 4990 473 5056 Ἑνὼς
493 4991 620 5056 υίοὶ,
651 4990 755 5043 ὑπὸ
779 4991 887 5044 τῶν
920 4993 1041 5044 κατ’
1082 4994 1322 5057 ἐκείνους
1354 4996 1583 5067 καιροὺς
1612 4998 1868 5071 ἧρξαντο.

291 5076 479 5147 Οὗτος
533 5080 645 5152 γὰρ
677 5080 901 5150 ἤρξατο
955 5079 1187 5150 πρῶτος
1228 5085 1648 5141 ἐπικαλεῖσθαι
1700 5089 1870 5157 Θεὸν,

295 5171 461 5239 φησὶν
487 5171 522 5241 ή
539 5172 751 5244 Γραφή.
783 5173 896 5227 Καὶ
918 5172 997 5244 τῷ
1019 5175 1209 5229 Μωσεῖ
1230 5193 1394 5247 φησιν
1420 5179 1450 5231 ό
1476 5178 1702 5250 Κύριος⁹
1727 5182 1875 5236 Θεὸν

294 5258 525 5315 δέδωκά
561 5276 637 5318 σε
660 5264 742 5329 τῷ
778 5266 1021 5335 Φαραώ·
1053 5269 1148 5321 καὶ
1178 5269 1306 5340 περὶ
1346 5269 1455 5324 τῶν
1483 5268 1640 5325 θείων
1672 5274 1875 5344 κριτῶν

1695 349 2036 407 DIALOGUS
2073 349 2113 405 1.

3438 356 3555 413 918η

1969 475 2092 536 ptas
2125 466 2467 537 accepisset,
2496 466 2674 538 iisque
2703 468 3023 536 contractis,
3087 472 3211 528 aliis
3251 488 3359 528 non
3403 472 3542 527 tuis--

1966 564 2045 612 set
2072 571 2234 626 opus,
2266 556 2541 626 siquidem
2591 573 2952 637 eorumquae
2994 561 3053 625 in,
3089 563 3370 631 prioribus
3404 567 3540 619 δαὶς

1969 646 2144 717 pluris
2184 654 2364 711 erant,
2395 664 2606 705 memor
2629 650 2851 707 fuisset.

2600 740 2909 810 Responsio.

2037 826 2219 883 Moses
2246 828 2470 899 quidem
2505 829 2560 884 in
2592 831 2795 887 tabulis
2824 832 3075 904 Decalogi
3099 833 3410 888 divinorum
3442 833 3540 887 de—

1968 928 2241 973 cretorum
2270 920 2478 990 absque
2500 922 3151 993 ezelatorioseriptoriove
3171 925 3543 981 instrumento

1969 1004 2139 1074 digito
2164 1004 2258 1060 Dei
2286 1008 2599 1077 exsculptas
2629 1023 2788 1064 voces
2820 1010 3050 1080 accepit.
3098 1010 3383 1077 Quomodo
3416 1024 3548 1066 vero

1970 1091 2113 1146 idem
2155 1093 2498 1163 perscripsit,
2553 1094 2622 1150 de
2665 1096 2782 1151 sola
2814 1098 3081 1152 memoria
3121 1109 3375 1169 prompta
3410 1113 3551 1168 quaa-

1970 1193 2186 1249 cunque
2217 1177 2362 1235 Deus
2396 1182 2623 1250 protulit
2666 1181 2735 1237 de
2766 1183 2982 1254 origine
3027 1186 3256 1239 mundi?
3298 1194 3392 1240 aut
3420 1200 3552 1255 quo-

1973 1268 2134 1324 modo
2163 1284 2261 1339 per
2299 1272 2619 1325 memoriam
2661 1288 2924 1345 expresso
2962 1276 3079 1344 illo,
3131 1278 3277 1348 quod
3329 1278 3553 1333 demon-

1973 1368 2205 1415 stratum
2234 1370 2352 1417 erat
2377 1362 2480 1431 ipsi
2514 1363 2570 1416 in
2618 1372 2805 1420 monte
2837 1367 3251 1423 tabernaculum
3306 1369 3550 1424 divinum

1973 1449 2224 1504 oratione
2271 1442 2389 1505 sola
2424 1451 2762 1508 Beseleelum
2797 1455 2986 1511 docuit
3028 1473 3123 1528 per
3170 1458 3457 1515 materiam
3498 1459 3550 1513 id

1974 1540 2200 1605 imitari,
2223 1541 2375 1611 quod
2403 1550 2523 1596 erat
2553 1559 2751 1614 expers
2768 1547 3049 1602 materiae?
3096 1534 3381 1614 Quomodo
3424 1550 3554 1604 item

1974 1646 2167 1687 omnes
2205 1632 2376 1687 divini
2416 1643 2568 1689 vates
2606 1644 2662 1689 et
2706 1638 2961 1705 apostoli,
3012 1654 3117 1691 iu-n
3166 1656 3258 1708 per
3306 1640 3555 1709 discipli-

1975 1736 2097 1786 nas,
2129 1722 2226 1778 sed
2260 1724 2725 1794 quemadmodum
2774 1726 2829 1780 in
2861 1726 2999 1796 ipsis
3033 1726 3267 1781 Verbum
3299 1733 3551 1793 seruabat,

1979 1812 2112 1868 licet
2140 1814 2346 1884 aliquid
2375 1815 2431 1870 in
2462 1818 2727 1872 memoria
2762 1828 3110 1888 reponerent,
3139 1820 3257 1875 orbi
3286 1830 3554 1875 terrarum

1981 1903 2375 1973 praedicabant,
2412 1905 2617 1963 Galilaei
2669 1907 2923 1965 doctores
2958 1925 3082 1964 cum
3124 1909 3386 1968 Romanis
3434 1928 3556 1967 con-

1980 1997 2328 2050 suetudinem
2385 1996 2670 2063 babentes,
2729 1999 2911 2068 lingua
2975 2001 3201 2055 cuilibet
3246 2005 3390 2071 genti
3418 2017 3553 2057 con:

1980 2086 2186 2143 formes
2219 2087 2671 2146 ﬂebantll‘arthi
2699 2092 2867 2155 enim,
2901 2101 2955 2149 ct
3005 2092 3167 2156 Medi,
3207 2104 3257 2147 et
3293 2092 3581 2160 Elamitath

1978 2187 2033 2231 et
2058 2176 2282 2247 reliquae
2312 2186 2502 2247 gentes
2535 2177 2831 2233 audiebant
2874 2181 3108 2251 quisque
3151 2183 3237 2237 sui
3285 2186 3558 2239 sermonis

1981 2267 2154 2321 forma
2200 2267 2540 2336 proferentes
2582 2269 2730 2339 ipsos
2785 2273 3200 2342 amplitudinem
3246 2289 3427 2329 rerum
3470 2275 3558 2328 di-

1982 2358 2254 2425 vinarum,
2310 2374 2449 2428 quas
2501 2375 2611 2415 non
2664 2377 2762 2431 per
2812 2363 3158 2434 disciplinam
3210 2365 3575 2429 litterariam,

1981 2445 2075 2502 sed
2101 2461 2199 2515 per
2234 2446 2607 2503 eﬂicaeitatem
2636 2465 2700 2504 ac
2732 2452 2838 2505 vim
2880 2453 3177 2523 quamdam
3216 2455 3559 2525 spiritualth

1981 2538 2373 2607 praedicabant.
2407 2537 2730 2610 Conspecta:
2762 2551 2894 2597 sunt
2931 2544 3077 2597 enim
3119 2545 3173 2597 in
3201 2545 3338 2614 ipsis
3365 2545 3558 2600 divisae

1982 2630 2182 2701 linguae
2212 2631 2359 2685 velut
2388 2631 2577 2701 igneae,
2597 2647 2789 2703 nempe
2815 2634 3268 2706 quinquagesima
3299 2637 3388 2690 dic
3419 2650 3448 2687 a
3476 2650 3560 2687 res

1914 2738 2070 2791 super
2124 2739 2541 2794 unumquemque
2577 2725 2810 2794 ipsorum
2858 2726 2926 2792 ⁸⁸,
2965 2726 3143 2797 inquit
3172 2725 3330 2782 divus
3361 2725 3570 2790 Lucas,

2391 2899 2906 2957 INTERROGATIO
2938 2901 3167 2958 XLVIII.

2056 2994 2113 3050 Si
2148 2995 2459 3066 incorporei
2487 3006 2616 3049 sunt
2646 2995 2847 3065 angeli,
2891 2996 3170 3064 quomodo
3209 3010 3332 3049 cum
3363 2996 3564 3052 mulie-

1985 3088 2140 3143 ribus
2156 3088 2613 3143 consuetudinem
2637 3088 2972 3149 habuerunt,
2994 3104 3058 3141 ex
3084 3088 3285 3156 quibus
3309 3090 3563 3160 prognati

1986 3179 2275 3250 gigantes?
2297 3177 2583 3244 Quomodo
2613 3178 2763 3242 item,
2814 3185 2874 3231 ut
2901 3176 3177 3238 homines.
3225 3180 3433 3233 sanctis
3469 3194 3564 3250 ap-

1986 3277 2203 3340 parent,
2260 3271 2307 3323 si
2357 3268 2579 3338 quidem
2619 3266 2932 3337 incorporei
2970 3268 3141 3323 sunt?
3194 3265 3373 3337 lnquit
3417 3267 3563 3323 enim

1989 3360 2274 3432 Scriptura
2310 3372 2467 3414 sacra
2500 3378 2513 3413 :
2550 3358 2616 3433 Ισξι
2664 3360 2889 3428 ingressi
2919 3367 3040 3411 sicut
3070 3359 3170 3427 ﬁlii
3212 3358 3308 3411 Dei
3331 3359 3399 3411 ad
3416 3360 3565 3429 ﬁlias

1983 3452 2334 3513 hominum",
2394 3466 2461 3506 ex
2490 3451 2690 3522 quibus
2735 3451 2900 3521 aliqui
2938 3451 3092 3504 aiunt
3134 3460 3292 3505 natos
3325 3466 3448 3507 esse
3486 3455 3567 3521 gi-

1982 3558 2195 3614 ganlcs.

2619 3632 2925 3703 Responsio.

2058 3726 2369 3796 lncorporei
2406 3737 2535 3780 sunt
2559 3727 2760 3797 angeli,
2812 3728 3029 3780 ratione
3072 3733 3436 3795 respectuque
3474 3738 3567 3779 na-

1985 3825 2122 3870 tura:
2153 3825 2390 3881 nostrae;
2432 3832 2633 3885 corpus
2666 3831 2795 3869 vero
2813 3817 3035 3878 habent,
3070 3815 3371 3870 secundum
3404 3822 3566 3867 natu-

1984 3922 2100 3960 ram
2131 3921 2310 3971 suam,
2344 3914 2402 3959 ut
2434 3914 2653 3970 ventus,
2669 3906 2752 3960 vel
2782 3906 2943 3976 ignis,
2974 3906 3059 3961 vel
3084 3905 3286 3965 fumus.
3320 3906 3401 3960 vel
3421 3920 3515 3958 aer
3545 3924 3557 3957 :

1984 4011 2215 4066 corpora
2247 3997 2392 4051 enim
2427 4003 2557 4050 sunt
2585 3996 2827 4062 subtilia,
2848 4011 3051 4051 crassae
3084 3996 3331 4051 materiei
3362 4003 3563 4051 nostrae

1983 4087 2250 4158 expertia.
2298 4086 2507 4155 Quippe
2556 4102 2782 4154 corpora
2833 4087 3077 4156 qmrdam
3132 4097 3253 4140 sum
3307 4087 3559 4149 cwleslia,

1983 4175 2229 4245 quicdam
2259 4176 2553 4241 terrestria,
2579 4174 2759 4245 inquit
2794 4182 3021 4229 sanctus
3053 4176 3143 4230 ille
3173 4175 3556 4243 Apostolus".

1984 4269 2299 4323 Absurdum
2353 4282 2483 4322 vero
2509 4275 2564 4321 et
2625 4268 2786 4336 plane
2834 4267 3061 4322 stultum
3124 4266 3307 4331 fuerit,
3368 4278 3563 4340 putare

1985 4358 2136 4427 ipsos
2163 4357 2368 4412 cubare
2422 4372 2550 4412 cum
2600 4357 2946 4419 mulieribus,
3008 4358 3150 4413 sicut
3189 4367 3243 4411 et
3284 4360 3562 4417 daemones

1986 4445 2225 4500 dormire
2256 4460 2383 4500 cum
2422 4427 2748 4500 mulieribus
2772 4446 3159 4502 existimantur
3190 4467 3203 4502 :
3235 4450 3328 4520 qui
3382 4461 3559 4505 tamen

1982 4534 2128 4589 baud
2161 4545 2434 4599 naturam,
2464 4534 2559 4591 sed
2598 4543 2801 4590 statum
2838 4537 3175 4607 reliquerunt
3202 4556 3215 4604 ;
3241 4556 3416 4611 neque
3449 4559 3559 4596 Illa-

1983 4625 2293 4696 gnitudine,
2317 4625 2415 4682 sed
2447 4626 2702 4682 libertate
2735 4628 2983 4684 destituti
3017 4640 3165 4686 sunt.
3200 4631 3559 4703 Blaspliemia:

1983 4715 2152 4785 igitur
2186 4725 2241 4771 et
2272 4716 2521 4772 stultitiae
2549 4724 2655 4783 est,
2695 4727 2887 4788 putare
2915 4721 3061 4791 quod
3104 4724 3283 4793 angeli
3326 4725 3560 4785 feminas

1981 4807 2298 4878 depereant.
2338 4807 2526 4879 Neque
2545 4809 2690 4863 enim
2723 4811 2789 4864 de
2820 4811 2905 4866 bis
2939 4814 3117 4882 inquit
3158 4814 3443 4885 Scriptura
3474 4836 3560 4875 sa-

1981 4916 2099 4965 cra,
2131 4899 2275 4971 quod
2310 4899 2542 4969 ingressi
2572 4900 2684 4955 sint
2720 4901 2813 4955 lilii
2848 4902 2938 4958 Dei
2963 4904 3032 4958 ad
3059 4904 3196 4961 tilias
3238 4906 3553 4966 hominum:

1982 5007 2250 5061 nusquam
2272 4992 2422 5047 enim
2449 4992 2629 5063 angeli
2659 4993 2754 5047 lilii
2799 4993 2890 5047 Dei
2921 4997 3283 5065 appellantur,
3329 4998 3423 5053 sed
3457 4998 3551 5054 ﬁlii

1982 5081 2132 5138 Sethi
2156 5090 2212 5137 et
2239 5083 2401 5137 Enosi
2434 5098 2530 5152 per
2547 5083 2668 5139 illas
2694 5086 2937 5155 corrupti
2962 5096 3109 5142 sunt.
3133 5086 3375 5143 Deiticari
3409 5091 3552 5144 enim

1981 5171 2184 5228 Setlius
2207 5181 2262 5227 et
2296 5171 2510 5227 Enosus
2541 5173 2652 5229 illis
2689 5176 3030 5245 temporibus
3066 5188 3383 5247 coeperunt:
3420 5181 3552 5250 quia

1978 5263 2167 5320 Setlms
2190 5265 2341 5330 cwpit
2369 5265 2573 5333 primus
2594 5265 2837 5319 invocare
2868 5265 3056 5331 Deum,
3090 5269 3266 5338 inquit
3310 5268 3555 5340 Scriptu-

293 5366 430 5423 φησι
455 5369 470 5384 ·
508 5353 692 5420 Θεοὺς
722 5357 835 5411 οὐκ
867 5358 1021 5426 ἐρεῖς
1070 5360 1285 5425 κακῶς,
1330 5362 1429 5415 καὶ
1468 5361 1731 5432 ἄρχοντα
1763 5363 1872 5419 τοῦ

1982 5371 2029 5410 ra
2049 5357 2118 5410 ⁸⁸.
2169 5356 2276 5411 Sed
2303 5364 2359 5410 et
2390 5356 2566 5425 Moysi
2600 5355 2777 5425 inquit
2817 5354 3084 5421 Dominus
3115 5378 3128 5414 :
3159 5359 3322 5429 Deum
3352 5370 3403 5414 te
3435 5377 3554 5416 con-

297 5439 447 5496 λαοῦ
475 5456 613 5497 σου.
650 5436 894 5511 Είκότως
925 5445 1040 5517 οῦν,
1072 5451 1122 5529 oi
1156 5452 1251 5506 τοῦ
1286 5452 1518 5522 Σὴθ.καὶ
1557 5453 1723 5517 Ἐνὼς
1746 5456 1872 5509 παῖ-

296 5535 401 5598 δες,
436 5533 542 5589 υἱοὶ
564 5533 699 5589 Θεοῦ
729 5537 1057 5593 νοείσθωσαν
1081 5559 1093 5573 ·
1126 5541 1323 5607 οἵτινες
1345 5543 1612 5616 ἀκολασίᾳ
1630 5543 1871 5610 ἁλόντες,

366 5707 424 5739 ⁸⁸
468 5706 586 5762 Aet.
627 5728 709 5778 ιιι,
744 5713 795 5767 5.

912 5714 955 5744 ⁸⁷
997 5713 1133 5770 Gen.
1159 5732 1235 5783 vr,
1258 5717 1311 5773 2.

303 5791 436 5847 nn,
485 5777 573 5835 28.

1443 5720 1489 5751 ⁸⁸
1524 5717 1543 5773 1
1574 5720 1699 5776 Cor.
1731 5736 1819 5790 xv,
1872 5719 1959 5776 40.

1974 5448 2124 5502 δεξιαί
2150 5445 2427 5500 Pharaoni
2442 5446 2510 5500 ’°.
2558 5444 2623 5499 Et
2654 5445 2724 5502 de
2751 5446 2956 5503 divinis
2988 5447 3270 5517 iudicibus
3316 5451 3493 5520 inquit
3527 5464 3544 5503 :

1983 5539 2100 5595 Diis
2135 5556 2236 5594 non
2266 5537 2565 5603 maledices,
2595 5554 2687 5593 nec
2714 5539 3039 5608 principibus
3088 5541 3348 5612 populi".
3384 5541 3549 5596 Recte

2074 5717 2117 5750 ³³
2158 5712 2293 5769 Gen.
2338 5728 2411 5779 iv,
2448 5712 2536 5768 9.6.
2680 5715 2724 5745 ὀ
2766 5711 2935 5767 Exod.
2976 5727 3069 5775 vn.
3118 5711 3161 5765 Ι.
3277 5709 3326 5743 ’δ
3365 5709 3543 5765 Exod.
