  <div class='ocr_page' id='page_1' title='image "/cluster/home/n/w/nwhite01/storage/ocr_20150623/38:no.4/coo.31924054869353/469.png"; bbox 0 0 4000 6428; ppageno 0'>
   <div class='ocr_carea' id='block_1_1' title="bbox 466 356 571 412">
    <p class='ocr_par' dir='ltr' id='par_1_1' title="bbox 466 356 571 412">
     <span class='ocr_line' id='line_1_1' title="bbox 466 356 571 412; baseline 0.01 -2"><span class='ocrx_word' id='word_1_1' title='bbox 466 356 571 412; x_wconf 63' lang='grc' dir='ltr'>ιιιιι</span> 
     </span>
    </p>
   </div>
   <div class='ocr_carea' id='block_1_2' title="bbox 469 470 2045 544">
    <p class='ocr_par' dir='ltr' id='par_1_2' title="bbox 469 470 2045 544">
     <span class='ocr_line' id='line_1_2' title="bbox 469 470 2045 544; baseline -0.001 -16"><span class='ocrx_word' id='word_1_2' title='bbox 469 474 634 540; x_wconf 71' lang='lat' dir='ltr'><strong>igitur</strong></span> <span class='ocrx_word' id='word_1_3' title='bbox 663 473 757 529; x_wconf 80' lang='lat' dir='ltr'><strong>lilii</strong></span> <span class='ocrx_word' id='word_1_4' title='bbox 788 470 944 530; x_wconf 82' lang='lat' dir='ltr'><strong>Sethi</strong></span> <span class='ocrx_word' id='word_1_5' title='bbox 972 482 1029 530; x_wconf 83' lang='lat' dir='ltr'><strong>et</strong></span> <span class='ocrx_word' id='word_1_6' title='bbox 1060 472 1252 542; x_wconf 84' lang='lat' dir='ltr'><strong>Enosi,</strong></span> <span class='ocrx_word' id='word_1_7' title='bbox 1285 473 1380 529; x_wconf 78' lang='lat' dir='ltr'><strong>lilii</strong></span> <span class='ocrx_word' id='word_1_8' title='bbox 1402 472 1851 544; x_wconf 83' lang='lat' dir='ltr'><strong>Deiintelligendi</strong></span> <span class='ocrx_word' id='word_1_9' title='bbox 1880 482 2045 540; x_wconf 87' lang='lat' dir='ltr'><strong>sunt;</strong></span> 
     </span>
    </p>
   </div>
   <div class='ocr_carea' id='block_1_3' title="bbox 467 564 2052 639">
    <p class='ocr_par' dir='ltr' id='par_1_3' title="bbox 467 564 2052 639">
     <span class='ocr_line' id='line_1_3' title="bbox 467 564 2052 639; baseline 0.003 -19"><span class='ocrx_word' id='word_1_10' title='bbox 467 564 564 636; x_wconf 81' lang='lat' dir='ltr'><strong>qui</strong></span> <span class='ocrx_word' id='word_1_11' title='bbox 591 580 690 637; x_wconf 89' lang='lat' dir='ltr'><strong>per</strong></span> <span class='ocrx_word' id='word_1_12' title='bbox 734 564 1022 621; x_wconf 81' lang='lat' dir='ltr'><strong>libidinem</strong></span> <span class='ocrx_word' id='word_1_13' title='bbox 1071 567 1239 636; x_wconf 88' lang='lat' dir='ltr'><strong>capti,</strong></span> <span class='ocrx_word' id='word_1_14' title='bbox 1293 567 1361 622; x_wconf 84' lang='lat' dir='ltr'><strong>ad</strong></span> <span class='ocrx_word' id='word_1_15' title='bbox 1407 566 1551 623; x_wconf 80' lang='lat' dir='ltr'><strong>tilias</strong></span> <span class='ocrx_word' id='word_1_16' title='bbox 1602 567 1761 622; x_wconf 82' lang='lat' dir='ltr'><strong>Caini</strong></span> <span class='ocrx_word' id='word_1_17' title='bbox 1814 568 2052 639; x_wconf 80' lang='lat' dir='ltr'><strong>ingressi</strong></span> 
     </span>
    </p>
   </div>
   <div class='ocr_carea' id='block_1_4' title="bbox 472 660 2054 730">
    <p class='ocr_par' dir='ltr' id='par_1_4' title="bbox 472 660 2054 730">
     <span class='ocr_line' id='line_1_4' title="bbox 472 660 2054 730; baseline 0.002 -19"><span class='ocrx_word' id='word_1_18' title='bbox 472 664 625 720; x_wconf 84' lang='lat' dir='ltr'><strong>sunt,</strong></span> <span class='ocrx_word' id='word_1_19' title='bbox 679 673 746 713; x_wconf 75' lang='lat' dir='ltr'><strong>ex</strong></span> <span class='ocrx_word' id='word_1_20' title='bbox 774 673 1011 727; x_wconf 90' lang='lat' dir='ltr'><strong>quorum</strong></span> <span class='ocrx_word' id='word_1_21' title='bbox 1057 668 1247 714; x_wconf 90' lang='lat' dir='ltr'><strong>mutua</strong></span> <span class='ocrx_word' id='word_1_22' title='bbox 1293 660 1761 715; x_wconf 87' lang='lat' dir='ltr'><strong>contaminatione</strong></span> <span class='ocrx_word' id='word_1_23' title='bbox 1821 660 2054 730; x_wconf 82' lang='lat' dir='ltr'><strong>nuptiali</strong></span> 
     </span>
    </p>
   </div>
   <div class='ocr_carea' id='block_1_5' title="bbox 471 750 2058 821">
    <p class='ocr_par' dir='ltr' id='par_1_5' title="bbox 471 750 2058 821">
     <span class='ocr_line' id='line_1_5' title="bbox 471 750 2058 821; baseline 0 -17"><span class='ocrx_word' id='word_1_24' title='bbox 471 750 529 804; x_wconf 89' lang='lat' dir='ltr'><strong>in</strong></span> <span class='ocrx_word' id='word_1_25' title='bbox 564 750 733 804; x_wconf 87' lang='lat' dir='ltr'><strong>vitam</strong></span> <span class='ocrx_word' id='word_1_26' title='bbox 774 750 907 805; x_wconf 91' lang='lat' dir='ltr'><strong>editi</strong></span> <span class='ocrx_word' id='word_1_27' title='bbox 935 758 1066 806; x_wconf 90' lang='lat' dir='ltr'><strong>sunt</strong></span> <span class='ocrx_word' id='word_1_28' title='bbox 1099 751 1365 821; x_wconf 86' lang='lat' dir='ltr'><strong>gigantes,</strong></span> <span class='ocrx_word' id='word_1_29' title='bbox 1415 757 1640 821; x_wconf 77' lang='lat' dir='ltr'><strong>propter</strong></span> <span class='ocrx_word' id='word_1_30' title='bbox 1670 750 1884 820; x_wconf 82' lang='lat' dir='ltr'><strong>justum</strong></span> <span class='ocrx_word' id='word_1_31' title='bbox 1932 751 2058 820; x_wconf 85' lang='lat' dir='ltr'><strong>qui-</strong></span> 
     </span>
    </p>
   </div>
   <div class='ocr_carea' id='block_1_6' title="bbox 472 838 2057 910">
    <p class='ocr_par' dir='ltr' id='par_1_6' title="bbox 472 838 2057 910">
     <span class='ocr_line' id='line_1_6' title="bbox 472 838 2057 910; baseline 0.001 -17"><span class='ocrx_word' id='word_1_32' title='bbox 472 839 595 896; x_wconf 87' lang='lat' dir='ltr'><strong>dem</strong></span> <span class='ocrx_word' id='word_1_33' title='bbox 627 839 864 904; x_wconf 78' lang='lat' dir='ltr'><strong>robusti,</strong></span> <span class='ocrx_word' id='word_1_34' title='bbox 894 847 1119 910; x_wconf 85' lang='lat' dir='ltr'><strong>propter</strong></span> <span class='ocrx_word' id='word_1_35' title='bbox 1148 840 1380 895; x_wconf 85' lang='lat' dir='ltr'><strong>Cainum</strong></span> <span class='ocrx_word' id='word_1_36' title='bbox 1414 847 1597 896; x_wconf 90' lang='lat' dir='ltr'><strong>autem</strong></span> <span class='ocrx_word' id='word_1_37' title='bbox 1637 840 1791 898; x_wconf 88' lang='lat' dir='ltr'><strong>mali.</strong></span> <span class='ocrx_word' id='word_1_38' title='bbox 1822 838 1892 894; x_wconf 84' lang='lat' dir='ltr'><strong>Et</strong></span> <span class='ocrx_word' id='word_1_39' title='bbox 1924 853 2057 895; x_wconf 85' lang='lat' dir='ltr'><strong>vero</strong></span> 
     </span>
    </p>
   </div>
   <div class='ocr_carea' id='block_1_7' title="bbox 473 931 2058 1003">
    <p class='ocr_par' dir='ltr' id='par_1_7' title="bbox 473 931 2058 1003">
     <span class='ocr_line' id='line_1_7' title="bbox 473 931 2058 1003; baseline 0.001 -17"><span class='ocrx_word' id='word_1_40' title='bbox 473 945 716 1002; x_wconf 89' lang='lat' dir='ltr'><strong>quonam</strong></span> <span class='ocrx_word' id='word_1_41' title='bbox 747 939 906 1002; x_wconf 89' lang='lat' dir='ltr'><strong>pacto</strong></span> <span class='ocrx_word' id='word_1_42' title='bbox 951 931 1213 988; x_wconf 83' lang='lat' dir='ltr'><strong>mulieres</strong></span> <span class='ocrx_word' id='word_1_43' title='bbox 1257 947 1383 986; x_wconf 92' lang='lat' dir='ltr'><strong>cum</strong></span> <span class='ocrx_word' id='word_1_44' title='bbox 1415 931 1627 1003; x_wconf 87' lang='lat' dir='ltr'><strong>angelis</strong></span> <span class='ocrx_word' id='word_1_45' title='bbox 1679 931 1923 987; x_wconf 81' lang='lat' dir='ltr'><strong>dormire</strong></span> <span class='ocrx_word' id='word_1_46' title='bbox 1959 947 2058 1002; x_wconf 91' lang='lat' dir='ltr'><strong>po-</strong></span> 
     </span>
    </p>
   </div>
   <div class='ocr_carea' id='block_1_8' title="bbox 473 1023 2062 1094">
    <p class='ocr_par' dir='ltr' id='par_1_8' title="bbox 473 1023 2062 1094">
     <span class='ocr_line' id='line_1_8' title="bbox 473 1023 2062 1094; baseline 0.001 -17"><span class='ocrx_word' id='word_1_47' title='bbox 473 1032 684 1091; x_wconf 84' lang='lat' dir='ltr'><strong>terant,</strong></span> <span class='ocrx_word' id='word_1_48' title='bbox 737 1024 960 1094; x_wconf 87' lang='lat' dir='ltr'><strong>quando</strong></span> <span class='ocrx_word' id='word_1_49' title='bbox 1001 1024 1108 1079; x_wconf 88' lang='lat' dir='ltr'><strong>viri</strong></span> <span class='ocrx_word' id='word_1_50' title='bbox 1156 1023 1224 1079; x_wconf 92' lang='lat' dir='ltr'><strong>ad</strong></span> <span class='ocrx_word' id='word_1_51' title='bbox 1275 1024 1494 1079; x_wconf 90' lang='lat' dir='ltr'><strong>illorum</strong></span> <span class='ocrx_word' id='word_1_52' title='bbox 1532 1032 1819 1094; x_wconf 81' lang='lat' dir='ltr'><strong>aspectum</strong></span> <span class='ocrx_word' id='word_1_53' title='bbox 1868 1024 2062 1080; x_wconf 86' lang='lat' dir='ltr'><strong>obstu-</strong></span> 
     </span>
    </p>
   </div>
   <div class='ocr_carea' id='block_1_9' title="bbox 481 1115 2064 1186">
    <p class='ocr_par' dir='ltr' id='par_1_9' title="bbox 481 1115 2064 1186">
     <span class='ocr_line' id='line_1_9' title="bbox 481 1115 2064 1186; baseline 0 -16"><span class='ocrx_word' id='word_1_54' title='bbox 481 1123 737 1184; x_wconf 89' lang='lat' dir='ltr'><strong>puerunt,</strong></span> <span class='ocrx_word' id='word_1_55' title='bbox 769 1115 917 1186; x_wconf 89' lang='lat' dir='ltr'><strong>iique</strong></span> <span class='ocrx_word' id='word_1_56' title='bbox 946 1129 1058 1170; x_wconf 90' lang='lat' dir='ltr'><strong>non</strong></span> <span class='ocrx_word' id='word_1_57' title='bbox 1087 1115 1364 1186; x_wconf 75' lang='lat' dir='ltr'><strong>vulgares,</strong></span> <span class='ocrx_word' id='word_1_58' title='bbox 1412 1115 1510 1170; x_wconf 91' lang='lat' dir='ltr'><strong>sed</strong></span> <span class='ocrx_word' id='word_1_59' title='bbox 1546 1116 1750 1171; x_wconf 89' lang='lat' dir='ltr'><strong>virtute</strong></span> <span class='ocrx_word' id='word_1_60' title='bbox 1794 1125 2064 1185; x_wconf 69' lang='lat' dir='ltr'><strong>praestan-</strong></span> 
     </span>
    </p>
   </div>
   <div class='ocr_carea' id='block_1_10' title="bbox 476 1205 2065 1276">
    <p class='ocr_par' dir='ltr' id='par_1_10' title="bbox 476 1205 2065 1276">
     <span class='ocr_line' id='line_1_10' title="bbox 476 1205 2065 1276; baseline 0.001 -17"><span class='ocrx_word' id='word_1_61' title='bbox 476 1207 604 1263; x_wconf 85' lang='lat' dir='ltr'><strong>tes?</strong></span> <span class='ocrx_word' id='word_1_62' title='bbox 631 1205 744 1261; x_wconf 87' lang='lat' dir='ltr'><strong>llac</strong></span> <span class='ocrx_word' id='word_1_63' title='bbox 771 1207 916 1261; x_wconf 87' lang='lat' dir='ltr'><strong>enim</strong></span> <span class='ocrx_word' id='word_1_64' title='bbox 964 1205 1035 1261; x_wconf 90' lang='lat' dir='ltr'><strong>de</strong></span> <span class='ocrx_word' id='word_1_65' title='bbox 1080 1219 1250 1262; x_wconf 88' lang='lat' dir='ltr'><strong>causa</strong></span> <span class='ocrx_word' id='word_1_66' title='bbox 1300 1205 1566 1262; x_wconf 87' lang='lat' dir='ltr'><strong>Danielus</strong></span> <span class='ocrx_word' id='word_1_67' title='bbox 1605 1205 1846 1261; x_wconf 83' lang='lat' dir='ltr'><strong>Gabrieli</strong></span> <span class='ocrx_word' id='word_1_68' title='bbox 1905 1220 2065 1276; x_wconf 80' lang='lat' dir='ltr'><strong>aspe-</strong></span> 
     </span>
    </p>
   </div>
   <div class='ocr_carea' id='block_1_11' title="bbox 477 1296 2066 1360">
    <p class='ocr_par' dir='ltr' id='par_1_11' title="bbox 477 1296 2066 1360">
     <span class='ocr_line' id='line_1_11' title="bbox 477 1296 2066 1360; baseline 0 -10"><span class='ocrx_word' id='word_1_69' title='bbox 477 1308 629 1353; x_wconf 87' lang='lat' dir='ltr'><strong>ctum</strong></span> <span class='ocrx_word' id='word_1_70' title='bbox 665 1310 774 1351; x_wconf 91' lang='lat' dir='ltr'><strong>non</strong></span> <span class='ocrx_word' id='word_1_71' title='bbox 811 1296 1118 1360; x_wconf 78' lang='lat' dir='ltr'><strong>sustinens,</strong></span> <span class='ocrx_word' id='word_1_72' title='bbox 1181 1312 1309 1352; x_wconf 79' lang='lat' dir='ltr'><strong>mox</strong></span> <span class='ocrx_word' id='word_1_73' title='bbox 1350 1297 1420 1357; x_wconf 90' lang='lat' dir='ltr'><strong>in</strong></span> <span class='ocrx_word' id='word_1_74' title='bbox 1453 1303 1658 1352; x_wconf 84' lang='lat' dir='ltr'><strong>terram</strong></span> <span class='ocrx_word' id='word_1_75' title='bbox 1716 1298 1966 1360; x_wconf 82' lang='lat' dir='ltr'><strong>cadebat,</strong></span> <span class='ocrx_word' id='word_1_76' title='bbox 2011 1301 2066 1351; x_wconf 86' lang='lat' dir='ltr'><strong>et</strong></span> 
     </span>
    </p>
   </div>
   <div class='ocr_carea' id='block_1_12' title="bbox 479 1383 2065 1458">
    <p class='ocr_par' dir='ltr' id='par_1_12' title="bbox 479 1383 2065 1458">
     <span class='ocr_line' id='line_1_12' title="bbox 479 1383 2065 1458; baseline -0.002 -16"><span class='ocrx_word' id='word_1_77' title='bbox 479 1402 597 1458; x_wconf 70' lang='lat' dir='ltr'><strong>pra:</strong></span> <span class='ocrx_word' id='word_1_78' title='bbox 636 1395 785 1442; x_wconf 89' lang='lat' dir='ltr'><strong>metu</strong></span> <span class='ocrx_word' id='word_1_79' title='bbox 822 1395 1034 1442; x_wconf 91' lang='lat' dir='ltr'><strong>tantum</strong></span> <span class='ocrx_word' id='word_1_80' title='bbox 1072 1402 1184 1442; x_wconf 92' lang='lat' dir='ltr'><strong>non</strong></span> <span class='ocrx_word' id='word_1_81' title='bbox 1217 1387 1675 1458; x_wconf 89' lang='lat' dir='ltr'><strong>colliquescebat.</strong></span> <span class='ocrx_word' id='word_1_82' title='bbox 1734 1386 1842 1443; x_wconf 88' lang='lat' dir='ltr'><strong>Sed</strong></span> <span class='ocrx_word' id='word_1_83' title='bbox 1871 1395 1926 1443; x_wconf 91' lang='lat' dir='ltr'><strong>et</strong></span> <span class='ocrx_word' id='word_1_84' title='bbox 1944 1383 2065 1439; x_wconf 71' lang='lat' dir='ltr'><strong>Za—</strong></span> 
     </span>
    </p>
   </div>
   <div class='ocr_carea' id='block_1_13' title="bbox 478 1477 2067 1553">
    <p class='ocr_par' dir='ltr' id='par_1_13' title="bbox 478 1477 2067 1553">
     <span class='ocr_line' id='line_1_13' title="bbox 478 1477 2067 1553; baseline 0.001 -24"><span class='ocrx_word' id='word_1_85' title='bbox 478 1478 696 1535; x_wconf 74' lang='lat' dir='ltr'><strong>charias</strong></span> <span class='ocrx_word' id='word_1_86' title='bbox 758 1479 912 1535; x_wconf 89' lang='lat' dir='ltr'><strong>illum</strong></span> <span class='ocrx_word' id='word_1_87' title='bbox 960 1479 1199 1542; x_wconf 88' lang='lat' dir='ltr'><strong>horruit,</strong></span> <span class='ocrx_word' id='word_1_88' title='bbox 1248 1488 1305 1534; x_wconf 85' lang='lat' dir='ltr'><strong>et</strong></span> <span class='ocrx_word' id='word_1_89' title='bbox 1373 1478 1443 1533; x_wconf 88' lang='lat' dir='ltr'><strong>ad</strong></span> <span class='ocrx_word' id='word_1_90' title='bbox 1492 1477 1731 1549; x_wconf 88' lang='lat' dir='ltr'><strong>primum</strong></span> <span class='ocrx_word' id='word_1_91' title='bbox 1782 1485 2067 1553; x_wconf 88' lang='lat' dir='ltr'><strong>aspectum</strong></span> 
     </span>
    </p>
   </div>
   <div class='ocr_carea' id='block_1_14' title="bbox 479 1568 2069 1639">
    <p class='ocr_par' dir='ltr' id='par_1_14' title="bbox 479 1568 2069 1639">
     <span class='ocr_line' id='line_1_14' title="bbox 479 1568 2069 1639; baseline -0.001 -17"><span class='ocrx_word' id='word_1_92' title='bbox 479 1575 668 1625; x_wconf 89' lang='lat' dir='ltr'><strong>mutus</strong></span> <span class='ocrx_word' id='word_1_93' title='bbox 698 1568 902 1633; x_wconf 80' lang='lat' dir='ltr'><strong>factus,</strong></span> <span class='ocrx_word' id='word_1_94' title='bbox 965 1569 1168 1623; x_wconf 84' lang='lat' dir='ltr'><strong>timore</strong></span> <span class='ocrx_word' id='word_1_95' title='bbox 1201 1568 1527 1639; x_wconf 83' lang='lat' dir='ltr'><strong>palpitabat,</strong></span> <span class='ocrx_word' id='word_1_96' title='bbox 1584 1568 1785 1639; x_wconf 69' lang='lat' dir='ltr'><strong>lingua:</strong></span> <span class='ocrx_word' id='word_1_97' title='bbox 1831 1584 1935 1623; x_wconf 90' lang='lat' dir='ltr'><strong>usu</strong></span> <span class='ocrx_word' id='word_1_98' title='bbox 1970 1582 2069 1624; x_wconf 78' lang='lat' dir='ltr'><strong>ca-</strong></span> 
     </span>
    </p>
   </div>
   <div class='ocr_carea' id='block_1_15' title="bbox 482 1658 2069 1732">
    <p class='ocr_par' dir='ltr' id='par_1_15' title="bbox 482 1658 2069 1732">
     <span class='ocr_line' id='line_1_15' title="bbox 482 1658 2069 1732; baseline 0 -20"><span class='ocrx_word' id='word_1_99' title='bbox 482 1674 612 1717; x_wconf 87' lang='lat' dir='ltr'><strong>rens</strong></span> <span class='ocrx_word' id='word_1_100' title='bbox 639 1675 821 1732; x_wconf 88' lang='lat' dir='ltr'><strong>usque</strong></span> <span class='ocrx_word' id='word_1_101' title='bbox 843 1660 912 1715; x_wconf 89' lang='lat' dir='ltr'><strong>ad</strong></span> <span class='ocrx_word' id='word_1_102' title='bbox 933 1658 1167 1715; x_wconf 80' lang='lat' dir='ltr'><strong>Joannis</strong></span> <span class='ocrx_word' id='word_1_103' title='bbox 1191 1660 1558 1723; x_wconf 90' lang='lat' dir='ltr'><strong>nativitatem,</strong></span> <span class='ocrx_word' id='word_1_104' title='bbox 1596 1659 1827 1715; x_wconf 86' lang='lat' dir='ltr'><strong>nutibus</strong></span> <span class='ocrx_word' id='word_1_105' title='bbox 1847 1666 2069 1714; x_wconf 89' lang='lat' dir='ltr'><strong>tantum</strong></span> 
     </span>
    </p>
   </div>
   <div class='ocr_carea' id='block_1_16' title="bbox 482 1750 2059 1823">
    <p class='ocr_par' dir='ltr' id='par_1_16' title="bbox 482 1750 2059 1823">
     <span class='ocr_line' id='line_1_16' title="bbox 482 1750 2059 1823; baseline -0.002 -16"><span class='ocrx_word' id='word_1_106' title='bbox 482 1753 786 1812; x_wconf 82' lang='lat' dir='ltr'><strong>voluntatis</strong></span> <span class='ocrx_word' id='word_1_107' title='bbox 817 1751 1020 1823; x_wconf 89' lang='lat' dir='ltr'><strong>placita</strong></span> <span class='ocrx_word' id='word_1_108' title='bbox 1044 1750 1385 1821; x_wconf 81' lang='lat' dir='ltr'><strong>signiﬁcans.</strong></span> <span class='ocrx_word' id='word_1_109' title='bbox 1420 1752 1477 1806; x_wconf 93' lang='lat' dir='ltr'><strong>ld</strong></span> <span class='ocrx_word' id='word_1_110' title='bbox 1509 1752 1807 1822; x_wconf 86' lang='lat' dir='ltr'><strong>quodmihi</strong></span> <span class='ocrx_word' id='word_1_111' title='bbox 1839 1751 2059 1807; x_wconf 90' lang='lat' dir='ltr'><strong>videtur</strong></span> 
     </span>
    </p>
   </div>
   <div class='ocr_carea' id='block_1_17' title="bbox 484 1842 2067 1916">
    <p class='ocr_par' dir='ltr' id='par_1_17' title="bbox 484 1842 2067 1916">
     <span class='ocr_line' id='line_1_17' title="bbox 484 1842 2067 1916; baseline -0.004 -15"><span class='ocrx_word' id='word_1_112' title='bbox 484 1843 857 1916; x_wconf 62' lang='lat' dir='ltr'><strong>praenuntiare</strong></span> <span class='ocrx_word' id='word_1_113' title='bbox 886 1843 1166 1899; x_wconf 86' lang='lat' dir='ltr'><strong>silentium</strong></span> <span class='ocrx_word' id='word_1_114' title='bbox 1201 1843 1338 1915; x_wconf 88' lang='lat' dir='ltr'><strong>legis</strong></span> <span class='ocrx_word' id='word_1_115' title='bbox 1368 1852 1423 1899; x_wconf 88' lang='lat' dir='ltr'><strong>et</strong></span> <span class='ocrx_word' id='word_1_116' title='bbox 1450 1843 1654 1900; x_wconf 87' lang='lat' dir='ltr'><strong>veteris</strong></span> <span class='ocrx_word' id='word_1_117' title='bbox 1681 1844 1867 1899; x_wconf 87' lang='lat' dir='ltr'><strong>cultus</strong></span> <span class='ocrx_word' id='word_1_118' title='bbox 1898 1842 2067 1906; x_wconf 88' lang='lat' dir='ltr'><strong>sacri,</strong></span> 
     </span>
    </p>
   </div>
   <div class='ocr_carea' id='block_1_18' title="bbox 485 1933 2071 2009">
    <p class='ocr_par' dir='ltr' id='par_1_18' title="bbox 485 1933 2071 2009">
     <span class='ocr_line' id='line_1_18' title="bbox 485 1933 2071 2009; baseline -0.003 -15"><span class='ocrx_word' id='word_1_119' title='bbox 485 1938 554 1994; x_wconf 87' lang='lat' dir='ltr'><strong>ad</strong></span> <span class='ocrx_word' id='word_1_120' title='bbox 589 1934 999 2009; x_wconf 66' lang='lat' dir='ltr'><strong>prmstantioris</strong></span> <span class='ocrx_word' id='word_1_121' title='bbox 1020 1934 1339 1990; x_wconf 78' lang='lat' dir='ltr'><strong>adventum.</strong></span> <span class='ocrx_word' id='word_1_122' title='bbox 1365 1933 1473 1990; x_wconf 89' lang='lat' dir='ltr'><strong>Sed</strong></span> <span class='ocrx_word' id='word_1_123' title='bbox 1507 1935 1672 2005; x_wconf 92' lang='lat' dir='ltr'><strong>paulo</strong></span> <span class='ocrx_word' id='word_1_124' title='bbox 1700 1941 1825 2005; x_wconf 85' lang='lat' dir='ltr'><strong>post</strong></span> <span class='ocrx_word' id='word_1_125' title='bbox 1861 1934 2071 1989; x_wconf 85' lang='lat' dir='ltr'><strong>clarius</strong></span> 
     </span>
    </p>
   </div>
   <div class='ocr_carea' id='block_1_19' title="bbox 487 2023 2075 2098">
    <p class='ocr_par' dir='ltr' id='par_1_19' title="bbox 487 2023 2075 2098">
     <span class='ocr_line' id='line_1_19' title="bbox 487 2023 2075 2098; baseline -0.003 -18"><span class='ocrx_word' id='word_1_126' title='bbox 487 2029 670 2098; x_wconf 87' lang='lat' dir='ltr'><strong>ipsum</strong></span> <span class='ocrx_word' id='word_1_127' title='bbox 698 2040 920 2081; x_wconf 89' lang='lat' dir='ltr'><strong>sensum</strong></span> <span class='ocrx_word' id='word_1_128' title='bbox 948 2024 1476 2080; x_wconf 87' lang='lat' dir='ltr'><strong>demonstrabimus.</strong></span> <span class='ocrx_word' id='word_1_129' title='bbox 1533 2023 1807 2079; x_wconf 69' lang='lat' dir='ltr'><strong>Przeterea</strong></span> <span class='ocrx_word' id='word_1_130' title='bbox 1846 2031 1902 2081; x_wconf 88' lang='lat' dir='ltr'><strong>et</strong></span> <span class='ocrx_word' id='word_1_131' title='bbox 1950 2038 2075 2077; x_wconf 92' lang='lat' dir='ltr'><strong>mu-</strong></span> 
     </span>
    </p>
   </div>
   <div class='ocr_carea' id='block_1_20' title="bbox 488 2115 2065 2187">
    <p class='ocr_par' dir='ltr' id='par_1_20' title="bbox 488 2115 2065 2187">
     <span class='ocr_line' id='line_1_20' title="bbox 488 2115 2065 2187; baseline -0.003 -14"><span class='ocrx_word' id='word_1_132' title='bbox 488 2118 731 2174; x_wconf 61' lang='lat' dir='ltr'><strong>liercula:</strong></span> <span class='ocrx_word' id='word_1_133' title='bbox 756 2116 825 2171; x_wconf 91' lang='lat' dir='ltr'><strong>ad</strong></span> <span class='ocrx_word' id='word_1_134' title='bbox 855 2115 1168 2172; x_wconf 88' lang='lat' dir='ltr'><strong>Servatoris</strong></span> <span class='ocrx_word' id='word_1_135' title='bbox 1191 2118 1507 2187; x_wconf 87' lang='lat' dir='ltr'><strong>sepulcrum</strong></span> <span class='ocrx_word' id='word_1_136' title='bbox 1545 2132 1671 2171; x_wconf 92' lang='lat' dir='ltr'><strong>cum</strong></span> <span class='ocrx_word' id='word_1_137' title='bbox 1708 2115 2065 2172; x_wconf 77' lang='lat' dir='ltr'><strong>festinatione</strong></span> 
     </span>
    </p>
   </div>
   <div class='ocr_carea' id='block_1_21' title="bbox 488 2208 2078 2279">
    <p class='ocr_par' dir='ltr' id='par_1_21' title="bbox 488 2208 2078 2279">
     <span class='ocr_line' id='line_1_21' title="bbox 488 2208 2078 2279; baseline -0.003 -15"><span class='ocrx_word' id='word_1_138' title='bbox 488 2208 909 2275; x_wconf 84' lang='lat' dir='ltr'><strong>contendentes,</strong></span> <span class='ocrx_word' id='word_1_139' title='bbox 951 2209 1174 2263; x_wconf 90' lang='lat' dir='ltr'><strong>illorum</strong></span> <span class='ocrx_word' id='word_1_140' title='bbox 1220 2208 1539 2279; x_wconf 75' lang='lat' dir='ltr'><strong>angelorum</strong></span> <span class='ocrx_word' id='word_1_141' title='bbox 1600 2216 1827 2279; x_wconf 89' lang='lat' dir='ltr'><strong>aspectu</strong></span> <span class='ocrx_word' id='word_1_142' title='bbox 1885 2208 2078 2262; x_wconf 83' lang='lat' dir='ltr'><strong>obstu-</strong></span> 
     </span>
    </p>
   </div>
   <div class='ocr_carea' id='block_1_22' title="bbox 493 2292 2074 2366">
    <p class='ocr_par' dir='ltr' id='par_1_22' title="bbox 493 2292 2074 2366">
     <span class='ocr_line' id='line_1_22' title="bbox 493 2292 2074 2366; baseline -0.003 -15"><span class='ocrx_word' id='word_1_143' title='bbox 493 2300 757 2366; x_wconf 87' lang='lat' dir='ltr'><strong>puerunt,</strong></span> <span class='ocrx_word' id='word_1_144' title='bbox 775 2301 829 2348; x_wconf 90' lang='lat' dir='ltr'><strong>et</strong></span> <span class='ocrx_word' id='word_1_145' title='bbox 856 2292 1054 2349; x_wconf 85' lang='lat' dir='ltr'><strong>timore</strong></span> <span class='ocrx_word' id='word_1_146' title='bbox 1070 2293 1340 2363; x_wconf 78' lang='lat' dir='ltr'><strong>perculsae</strong></span> <span class='ocrx_word' id='word_1_147' title='bbox 1358 2307 1467 2348; x_wconf 91' lang='lat' dir='ltr'><strong>non</strong></span> <span class='ocrx_word' id='word_1_148' title='bbox 1503 2294 1906 2348; x_wconf 89' lang='lat' dir='ltr'><strong>annuntiarunt</strong></span> <span class='ocrx_word' id='word_1_149' title='bbox 1948 2308 2074 2364; x_wconf 70' lang='lat' dir='ltr'><strong>apo-</strong></span> 
     </span>
    </p>
   </div>
   <div class='ocr_carea' id='block_1_23' title="bbox 495 2380 2074 2454">
    <p class='ocr_par' dir='ltr' id='par_1_23' title="bbox 495 2380 2074 2454">
     <span class='ocr_line' id='line_1_23' title="bbox 495 2380 2074 2454; baseline -0.001 -14"><span class='ocrx_word' id='word_1_150' title='bbox 495 2385 654 2440; x_wconf 88' lang='lat' dir='ltr'><strong>stolis</strong></span> <span class='ocrx_word' id='word_1_151' title='bbox 681 2398 801 2454; x_wconf 66' lang='lat' dir='ltr'><strong>quaa</strong></span> <span class='ocrx_word' id='word_1_152' title='bbox 828 2382 932 2439; x_wconf 84' lang='lat' dir='ltr'><strong>sibi</strong></span> <span class='ocrx_word' id='word_1_153' title='bbox 956 2395 1114 2439; x_wconf 86' lang='lat' dir='ltr'><strong>erant</strong></span> <span class='ocrx_word' id='word_1_154' title='bbox 1141 2383 1388 2451; x_wconf 89' lang='lat' dir='ltr'><strong>injuncta</strong></span> <span class='ocrx_word' id='word_1_155' title='bbox 1419 2400 1434 2437; x_wconf 90' lang='lat'><strong>:</strong></span> <span class='ocrx_word' id='word_1_156' title='bbox 1467 2380 1746 2438; x_wconf 78' lang='lat' dir='ltr'><strong>Invaserat</strong></span> <span class='ocrx_word' id='word_1_157' title='bbox 1768 2385 1907 2439; x_wconf 84' lang='lat' dir='ltr'><strong>enim</strong></span> <span class='ocrx_word' id='word_1_158' title='bbox 1929 2386 2074 2454; x_wconf 71' lang='lat' dir='ltr'><strong>ipsa:</strong></span> 
     </span>
    </p>
   </div>
   <div class='ocr_carea' id='block_1_24' title="bbox 496 2475 2076 2550">
    <p class='ocr_par' dir='ltr' id='par_1_24' title="bbox 496 2475 2076 2550">
     <span class='ocr_line' id='line_1_24' title="bbox 496 2475 2076 2550; baseline 0.004 -23"><span class='ocrx_word' id='word_1_159' title='bbox 496 2484 694 2529; x_wconf 83' lang='lat' dir='ltr'><strong>tremor</strong></span> <span class='ocrx_word' id='word_1_160' title='bbox 717 2484 766 2528; x_wconf 86' lang='lat' dir='ltr'><strong>et</strong></span> <span class='ocrx_word' id='word_1_161' title='bbox 791 2483 998 2545; x_wconf 80' lang='lat' dir='ltr'><strong>stupor,</strong></span> <span class='ocrx_word' id='word_1_162' title='bbox 1020 2483 1077 2527; x_wconf 72' lang='lat' dir='ltr'><strong>ut</strong></span> <span class='ocrx_word' id='word_1_163' title='bbox 1106 2475 1240 2528; x_wconf 78' lang='lat' dir='ltr'><strong>nihil</strong></span> <span class='ocrx_word' id='word_1_164' title='bbox 1268 2476 1515 2546; x_wconf 69' lang='lat' dir='ltr'><strong>cuiquam</strong></span> <span class='ocrx_word' id='word_1_165' title='bbox 1534 2475 1770 2532; x_wconf 85' lang='lat' dir='ltr'><strong>dicerent</strong></span> <span class='ocrx_word' id='word_1_166' title='bbox 1795 2479 1866 2542; x_wconf 67' lang='grc' dir='ltr'><strong>θ’,</strong></span> <span class='ocrx_word' id='word_1_167' title='bbox 1896 2479 2076 2550; x_wconf 91' lang='lat' dir='ltr'><strong>inquit</strong></span> 
     </span>
    </p>
   </div>
   <div class='ocr_carea' id='block_1_25' title="bbox 494 2565 2074 2641">
    <p class='ocr_par' dir='ltr' id='par_1_25' title="bbox 494 2565 2074 2641">
     <span class='ocr_line' id='line_1_25' title="bbox 494 2565 2074 2641; baseline 0.003 -20"><span class='ocrx_word' id='word_1_168' title='bbox 494 2567 659 2622; x_wconf 88' lang='lat' dir='ltr'><strong>divus</strong></span> <span class='ocrx_word' id='word_1_169' title='bbox 688 2568 1048 2636; x_wconf 75' lang='lat' dir='ltr'><strong>evangelista.</strong></span> <span class='ocrx_word' id='word_1_170' title='bbox 1095 2565 1156 2621; x_wconf 89' lang='lat' dir='ltr'><strong>Si</strong></span> <span class='ocrx_word' id='word_1_171' title='bbox 1187 2568 1354 2637; x_wconf 83' lang='lat' dir='ltr'><strong>igitur</strong></span> <span class='ocrx_word' id='word_1_172' title='bbox 1384 2581 1454 2622; x_wconf 90' lang='lat' dir='ltr'><strong>ne</strong></span> <span class='ocrx_word' id='word_1_173' title='bbox 1500 2570 1820 2640; x_wconf 90' lang='lat' dir='ltr'><strong>angelorum</strong></span> <span class='ocrx_word' id='word_1_174' title='bbox 1852 2570 2074 2641; x_wconf 89' lang='lat' dir='ltr'><strong>quidem</strong></span> 
     </span>
    </p>
   </div>
   <div class='ocr_carea' id='block_1_26' title="bbox 496 2658 2077 2732">
    <p class='ocr_par' dir='ltr' id='par_1_26' title="bbox 496 2658 2077 2732">
     <span class='ocr_line' id='line_1_26' title="bbox 496 2658 2077 2732; baseline 0.001 -18"><span class='ocrx_word' id='word_1_175' title='bbox 496 2660 891 2716; x_wconf 88' lang='lat' dir='ltr'><strong>demissionem</strong></span> <span class='ocrx_word' id='word_1_176' title='bbox 926 2660 1032 2713; x_wconf 88' lang='lat' dir='ltr'><strong>viri</strong></span> <span class='ocrx_word' id='word_1_177' title='bbox 1069 2658 1253 2731; x_wconf 86' lang='lat' dir='ltr'><strong>magni</strong></span> <span class='ocrx_word' id='word_1_178' title='bbox 1279 2661 1555 2716; x_wconf 89' lang='lat' dir='ltr'><strong>sustinere</strong></span> <span class='ocrx_word' id='word_1_179' title='bbox 1586 2667 1903 2731; x_wconf 88' lang='lat' dir='ltr'><strong>potuerunt,</strong></span> <span class='ocrx_word' id='word_1_180' title='bbox 1936 2675 2077 2732; x_wconf 83' lang='lat' dir='ltr'><strong>quo-</strong></span> 
     </span>
    </p>
   </div>
   <div class='ocr_carea' id='block_1_27' title="bbox 497 2747 2075 2823">
    <p class='ocr_par' dir='ltr' id='par_1_27' title="bbox 497 2747 2075 2823">
     <span class='ocr_line' id='line_1_27' title="bbox 497 2747 2075 2823; baseline 0.004 -23"><span class='ocrx_word' id='word_1_181' title='bbox 497 2747 665 2802; x_wconf 91' lang='lat' dir='ltr'><strong>modo</strong></span> <span class='ocrx_word' id='word_1_182' title='bbox 693 2755 897 2803; x_wconf 73' lang='lat' dir='ltr'><strong>tenera:</strong></span> <span class='ocrx_word' id='word_1_183' title='bbox 922 2748 1183 2804; x_wconf 86' lang='lat' dir='ltr'><strong>mulieres</strong></span> <span class='ocrx_word' id='word_1_184' title='bbox 1205 2748 1425 2804; x_wconf 90' lang='lat' dir='ltr'><strong>illorum</strong></span> <span class='ocrx_word' id='word_1_185' title='bbox 1454 2752 1955 2823; x_wconf 82' lang='lat' dir='ltr'><strong>contrectationem</strong></span> <span class='ocrx_word' id='word_1_186' title='bbox 1979 2759 2075 2806; x_wconf 89' lang='lat' dir='ltr'><strong>aut</strong></span> 
     </span>
    </p>
   </div>
   <div class='ocr_carea' id='block_1_28' title="bbox 498 2837 2080 2909">
    <p class='ocr_par' dir='ltr' id='par_1_28' title="bbox 498 2837 2080 2909">
     <span class='ocr_line' id='line_1_28' title="bbox 498 2837 2080 2909; baseline 0.004 -19"><span class='ocrx_word' id='word_1_187' title='bbox 498 2837 855 2891; x_wconf 88' lang='lat' dir='ltr'><strong>concubitum</strong></span> <span class='ocrx_word' id='word_1_188' title='bbox 904 2838 1048 2892; x_wconf 84' lang='lat' dir='ltr'><strong>ferre</strong></span> <span class='ocrx_word' id='word_1_189' title='bbox 1087 2839 1347 2908; x_wconf 79' lang='lat' dir='ltr'><strong>possent?</strong></span> <span class='ocrx_word' id='word_1_190' title='bbox 1373 2838 1730 2909; x_wconf 80' lang='lat' dir='ltr'><strong>Nequaquam</strong></span> <span class='ocrx_word' id='word_1_191' title='bbox 1758 2842 1906 2896; x_wconf 91' lang='lat' dir='ltr'><strong>enim</strong></span> <span class='ocrx_word' id='word_1_192' title='bbox 1943 2842 2080 2897; x_wconf 89' lang='lat' dir='ltr'><strong>satis</strong></span> 
     </span>
    </p>
   </div>
   <div class='ocr_carea' id='block_1_29' title="bbox 502 2926 2079 3001">
    <p class='ocr_par' dir='ltr' id='par_1_29' title="bbox 502 2926 2079 3001">
     <span class='ocr_line' id='line_1_29' title="bbox 502 2926 2079 3001; baseline 0.003 -19"><span class='ocrx_word' id='word_1_193' title='bbox 502 2926 662 2982; x_wconf 79' lang='lat' dir='ltr'><strong>ﬁrma</strong></span> <span class='ocrx_word' id='word_1_194' title='bbox 692 2935 778 2984; x_wconf 88' lang='lat' dir='ltr'><strong>est</strong></span> <span class='ocrx_word' id='word_1_195' title='bbox 821 2926 1087 2986; x_wconf 84' lang='lat' dir='ltr'><strong>adversus</strong></span> <span class='ocrx_word' id='word_1_196' title='bbox 1128 2931 1240 2985; x_wconf 85' lang='lat' dir='ltr'><strong>vim</strong></span> <span class='ocrx_word' id='word_1_197' title='bbox 1273 2930 1635 3001; x_wconf 86' lang='lat' dir='ltr'><strong>propinquam</strong></span> <span class='ocrx_word' id='word_1_198' title='bbox 1672 2932 1899 3000; x_wconf 82' lang='lat' dir='ltr'><strong>stipula.</strong></span> <span class='ocrx_word' id='word_1_199' title='bbox 1948 2933 2079 2989; x_wconf 87' lang='lat' dir='ltr'><strong>Per-</strong></span> 
     </span>
    </p>
   </div>
   <div class='ocr_carea' id='block_1_30' title="bbox 502 3014 2079 3090">
    <p class='ocr_par' dir='ltr' id='par_1_30' title="bbox 502 3014 2079 3090">
     <span class='ocr_line' id='line_1_30' title="bbox 502 3014 2079 3090; baseline 0.004 -16"><span class='ocrx_word' id='word_1_200' title='bbox 502 3014 770 3090; x_wconf 79' lang='lat' dir='ltr'><strong>scrlptum</strong></span> <span class='ocrx_word' id='word_1_201' title='bbox 791 3022 967 3077; x_wconf 79' lang='lat' dir='ltr'><strong>sacris</strong></span> <span class='ocrx_word' id='word_1_202' title='bbox 990 3031 1073 3079; x_wconf 85' lang='lat' dir='ltr'><strong>est</strong></span> <span class='ocrx_word' id='word_1_203' title='bbox 1106 3022 1160 3078; x_wconf 89' lang='lat' dir='ltr'><strong>in</strong></span> <span class='ocrx_word' id='word_1_204' title='bbox 1192 3021 1448 3080; x_wconf 82' lang='lat' dir='ltr'><strong>Litteris:</strong></span> <span class='ocrx_word' id='word_1_205' title='bbox 1480 3023 1621 3078; x_wconf 70' lang='lat' dir='ltr'><strong>Vixit</strong></span> <span class='ocrx_word' id='word_1_206' title='bbox 1650 3024 1889 3079; x_wconf 81' lang='lat' dir='ltr'><strong>Adamus</strong></span> <span class='ocrx_word' id='word_1_207' title='bbox 1913 3043 2079 3081; x_wconf 80' lang='lat' dir='ltr'><strong>annos</strong></span> 
     </span>
    </p>
   </div>
   <div class='ocr_carea' id='block_1_31' title="bbox 503 3112 2078 3188">
    <p class='ocr_par' dir='ltr' id='par_1_31' title="bbox 503 3112 2078 3188">
     <span class='ocr_line' id='line_1_31' title="bbox 503 3112 2078 3188; baseline 0.007 -23"><span class='ocrx_word' id='word_1_208' title='bbox 503 3112 759 3168; x_wconf 77' lang='lat' dir='ltr'><strong>ducentos</strong></span> <span class='ocrx_word' id='word_1_209' title='bbox 787 3125 834 3169; x_wconf 85' lang='lat' dir='ltr'><strong>et</strong></span> <span class='ocrx_word' id='word_1_210' title='bbox 867 3116 1109 3187; x_wconf 75' lang='lat' dir='ltr'><strong>triginta,</strong></span> <span class='ocrx_word' id='word_1_211' title='bbox 1146 3119 1423 3188; x_wconf 86' lang='lat' dir='ltr'><strong>genuitque</strong></span> <span class='ocrx_word' id='word_1_212' title='bbox 1459 3120 1629 3188; x_wconf 83' lang='lat' dir='ltr'><strong>ﬁlium</strong></span> <span class='ocrx_word' id='word_1_213' title='bbox 1667 3121 1736 3175; x_wconf 86' lang='lat' dir='ltr'><strong>ad</strong></span> <span class='ocrx_word' id='word_1_214' title='bbox 1765 3122 2078 3176; x_wconf 78' lang='lat' dir='ltr'><strong>similitudi-</strong></span> 
     </span>
    </p>
   </div>
   <div class='ocr_carea' id='block_1_32' title="bbox 504 3208 2076 3280">
    <p class='ocr_par' dir='ltr' id='par_1_32' title="bbox 504 3208 2076 3280">
     <span class='ocr_line' id='line_1_32' title="bbox 504 3208 2076 3280; baseline 0.008 -22"><span class='ocrx_word' id='word_1_215' title='bbox 504 3221 621 3259; x_wconf 81' lang='lat' dir='ltr'><strong>nem</strong></span> <span class='ocrx_word' id='word_1_216' title='bbox 653 3222 807 3259; x_wconf 83' lang='lat' dir='ltr'><strong>suam</strong></span> <span class='ocrx_word' id='word_1_217' title='bbox 844 3216 895 3261; x_wconf 88' lang='lat' dir='ltr'><strong>et</strong></span> <span class='ocrx_word' id='word_1_218' title='bbox 928 3209 1215 3262; x_wconf 81' lang='lat' dir='ltr'><strong>secundum</strong></span> <span class='ocrx_word' id='word_1_219' title='bbox 1243 3208 1529 3280; x_wconf 78' lang='lat' dir='ltr'><strong>imagineni</strong></span> <span class='ocrx_word' id='word_1_220' title='bbox 1553 3229 1708 3266; x_wconf 84' lang='lat' dir='ltr'><strong>suam</strong></span> <span class='ocrx_word' id='word_1_221' title='bbox 1736 3214 1804 3277; x_wconf 78' lang='lat'><strong>”,</strong></span> <span class='ocrx_word' id='word_1_222' title='bbox 1839 3214 1943 3269; x_wconf 89' lang='lat' dir='ltr'><strong>hoc</strong></span> <span class='ocrx_word' id='word_1_223' title='bbox 1968 3224 2076 3280; x_wconf 84' lang='lat' dir='ltr'><strong>est,</strong></span> 
     </span>
    </p>
   </div>
   <div class='ocr_carea' id='block_1_33' title="bbox 512 3299 2079 3375">
    <p class='ocr_par' dir='ltr' id='par_1_33' title="bbox 512 3299 2079 3375">
     <span class='ocr_line' id='line_1_33' title="bbox 512 3299 2079 3375; baseline 0.007 -23"><span class='ocrx_word' id='word_1_224' title='bbox 512 3299 732 3368; x_wconf 86' lang='lat' dir='ltr'><strong>qualem</strong></span> <span class='ocrx_word' id='word_1_225' title='bbox 769 3300 962 3355; x_wconf 83' lang='lat' dir='ltr'><strong>habuit</strong></span> <span class='ocrx_word' id='word_1_226' title='bbox 996 3302 1065 3357; x_wconf 86' lang='lat' dir='ltr'><strong>ab</strong></span> <span class='ocrx_word' id='word_1_227' title='bbox 1096 3302 1277 3368; x_wconf 89' lang='lat' dir='ltr'><strong>initio,</strong></span> <span class='ocrx_word' id='word_1_228' title='bbox 1308 3306 1533 3375; x_wconf 87' lang='lat' dir='ltr'><strong>quando</strong></span> <span class='ocrx_word' id='word_1_229' title='bbox 1566 3305 1746 3362; x_wconf 83' lang='lat' dir='ltr'><strong>factus</strong></span> <span class='ocrx_word' id='word_1_230' title='bbox 1775 3314 1860 3363; x_wconf 86' lang='lat' dir='ltr'><strong>est</strong></span> <span class='ocrx_word' id='word_1_231' title='bbox 1884 3322 1914 3361; x_wconf 91' lang='lat' dir='ltr'><strong>a</strong></span> <span class='ocrx_word' id='word_1_232' title='bbox 1944 3307 2079 3373; x_wconf 86' lang='lat' dir='ltr'><strong>Deo,</strong></span> 
     </span>
    </p>
   </div>
   <div class='ocr_carea' id='block_1_34' title="bbox 511 3388 2082 3463">
    <p class='ocr_par' dir='ltr' id='par_1_34' title="bbox 511 3388 2082 3463">
     <span class='ocr_line' id='line_1_34' title="bbox 511 3388 2082 3463; baseline 0.006 -21"><span class='ocrx_word' id='word_1_233' title='bbox 511 3388 807 3461; x_wconf 80' lang='lat' dir='ltr'><strong>imaginem</strong></span> <span class='ocrx_word' id='word_1_234' title='bbox 837 3399 888 3447; x_wconf 87' lang='lat' dir='ltr'><strong>et</strong></span> <span class='ocrx_word' id='word_1_235' title='bbox 929 3395 1275 3463; x_wconf 88' lang='lat' dir='ltr'><strong>splendorem</strong></span> <span class='ocrx_word' id='word_1_236' title='bbox 1312 3397 1368 3451; x_wconf 91' lang='lat' dir='ltr'><strong>in</strong></span> <span class='ocrx_word' id='word_1_237' title='bbox 1399 3395 1564 3463; x_wconf 76' lang='lat' dir='ltr'><strong>facie,</strong></span> <span class='ocrx_word' id='word_1_238' title='bbox 1589 3407 1640 3452; x_wconf 87' lang='lat' dir='ltr'><strong>et</strong></span> <span class='ocrx_word' id='word_1_239' title='bbox 1663 3400 1862 3453; x_wconf 77' lang='lat' dir='ltr'><strong>rocavit</strong></span> <span class='ocrx_word' id='word_1_240' title='bbox 1895 3415 2082 3454; x_wconf 87' lang='lat' dir='ltr'><strong>nomen</strong></span> 
     </span>
    </p>
   </div>
   <div class='ocr_carea' id='block_1_35' title="bbox 515 3480 2086 3553">
    <p class='ocr_par' dir='ltr' id='par_1_35' title="bbox 515 3480 2086 3553">
     <span class='ocr_line' id='line_1_35' title="bbox 515 3480 2086 3553; baseline 0.006 -19"><span class='ocrx_word' id='word_1_241' title='bbox 515 3480 632 3549; x_wconf 81' lang='lat' dir='ltr'><strong>ejus</strong></span> <span class='ocrx_word' id='word_1_242' title='bbox 669 3480 884 3547; x_wconf 82' lang='lat' dir='ltr'><strong>Sethus,</strong></span> <span class='ocrx_word' id='word_1_243' title='bbox 917 3484 1021 3538; x_wconf 89' lang='lat' dir='ltr'><strong>hoc</strong></span> <span class='ocrx_word' id='word_1_244' title='bbox 1045 3492 1130 3539; x_wconf 88' lang='lat' dir='ltr'><strong>est</strong></span> <span class='ocrx_word' id='word_1_245' title='bbox 1164 3487 1537 3541; x_wconf 88' lang='lat' dir='ltr'><strong>resuscitatio.</strong></span> <span class='ocrx_word' id='word_1_246' title='bbox 1567 3486 1839 3553; x_wconf 82' lang='lat' dir='ltr'><strong>Quoniam</strong></span> <span class='ocrx_word' id='word_1_247' title='bbox 1867 3490 2086 3545; x_wconf 88' lang='lat' dir='ltr'><strong>videbat</strong></span> 
     </span>
    </p>
   </div>
   <div class='ocr_carea' id='block_1_36' title="bbox 509 3571 2089 3644">
    <p class='ocr_par' dir='ltr' id='par_1_36' title="bbox 509 3571 2089 3644">
     <span class='ocr_line' id='line_1_36' title="bbox 509 3571 2089 3644; baseline 0.009 -21"><span class='ocrx_word' id='word_1_248' title='bbox 509 3572 565 3625; x_wconf 90' lang='lat' dir='ltr'><strong>in</strong></span> <span class='ocrx_word' id='word_1_249' title='bbox 602 3571 724 3641; x_wconf 89' lang='lat' dir='ltr'><strong>ipso</strong></span> <span class='ocrx_word' id='word_1_250' title='bbox 753 3573 1043 3644; x_wconf 85' lang='lat' dir='ltr'><strong>pristinam</strong></span> <span class='ocrx_word' id='word_1_251' title='bbox 1082 3583 1136 3631; x_wconf 88' lang='lat' dir='ltr'><strong>et</strong></span> <span class='ocrx_word' id='word_1_252' title='bbox 1169 3577 1553 3633; x_wconf 89' lang='lat' dir='ltr'><strong>admirandam</strong></span> <span class='ocrx_word' id='word_1_253' title='bbox 1586 3580 1735 3634; x_wconf 88' lang='lat' dir='ltr'><strong>illam</strong></span> <span class='ocrx_word' id='word_1_254' title='bbox 1771 3580 2003 3636; x_wconf 79' lang='lat' dir='ltr'><strong>formam</strong></span> <span class='ocrx_word' id='word_1_255' title='bbox 2035 3592 2089 3637; x_wconf 89' lang='lat' dir='ltr'><strong>et</strong></span> 
     </span>
    </p>
   </div>
   <div class='ocr_carea' id='block_1_37' title="bbox 510 3660 2090 3744">
    <p class='ocr_par' dir='ltr' id='par_1_37' title="bbox 510 3660 2090 3744">
     <span class='ocr_line' id='line_1_37' title="bbox 510 3660 2090 3744; baseline 0.008 -30"><span class='ocrx_word' id='word_1_256' title='bbox 510 3660 746 3725; x_wconf 82' lang='lat' dir='ltr'><strong>gratiam</strong></span> <span class='ocrx_word' id='word_1_257' title='bbox 770 3675 1116 3730; x_wconf 85' lang='lat' dir='ltr'><strong>renovatam,</strong></span> <span class='ocrx_word' id='word_1_258' title='bbox 1142 3675 1197 3723; x_wconf 91' lang='lat' dir='ltr'><strong>et</strong></span> <span class='ocrx_word' id='word_1_259' title='bbox 1220 3669 1569 3739; x_wconf 85' lang='lat' dir='ltr'><strong>splendorem</strong></span> <span class='ocrx_word' id='word_1_260' title='bbox 1595 3673 1936 3727; x_wconf 86' lang='lat' dir='ltr'><strong>sacrosancti</strong></span> <span class='ocrx_word' id='word_1_261' title='bbox 1966 3671 2090 3744; x_wconf 84' lang='lat' dir='ltr'><strong>Spi-</strong></span> 
     </span>
    </p>
   </div>
   <div class='ocr_carea' id='block_1_38' title="bbox 513 3754 2090 3830">
    <p class='ocr_par' dir='ltr' id='par_1_38' title="bbox 513 3754 2090 3830">
     <span class='ocr_line' id='line_1_38' title="bbox 513 3754 2090 3830; baseline 0.01 -27"><span class='ocrx_word' id='word_1_262' title='bbox 513 3754 675 3818; x_wconf 89' lang='lat' dir='ltr'><strong>ritus,</strong></span> <span class='ocrx_word' id='word_1_263' title='bbox 696 3770 860 3825; x_wconf 89' lang='lat' dir='ltr'><strong>quem</strong></span> <span class='ocrx_word' id='word_1_264' title='bbox 891 3756 1141 3814; x_wconf 77' lang='lat' dir='ltr'><strong>videntes</strong></span> <span class='ocrx_word' id='word_1_265' title='bbox 1170 3759 1320 3816; x_wconf 92' lang='lat' dir='ltr'><strong>illius</strong></span> <span class='ocrx_word' id='word_1_266' title='bbox 1351 3763 1616 3830; x_wconf 84' lang='lat' dir='ltr'><strong>temporis</strong></span> <span class='ocrx_word' id='word_1_267' title='bbox 1636 3762 1890 3820; x_wconf 83' lang='lat' dir='ltr'><strong>homines</strong></span> <span class='ocrx_word' id='word_1_268' title='bbox 1920 3762 2090 3819; x_wconf 85' lang='lat' dir='ltr'><strong>Deum</strong></span> 
     </span>
    </p>
   </div>
   <div class='ocr_carea' id='block_1_39' title="bbox 510 3846 2092 3929">
    <p class='ocr_par' dir='ltr' id='par_1_39' title="bbox 510 3846 2092 3929">
     <span class='ocr_line' id='line_1_39' title="bbox 510 3846 2092 3929; baseline 0.01 -32"><span class='ocrx_word' id='word_1_269' title='bbox 510 3846 944 3916; x_wconf 85' lang='lat' dir='ltr'><strong>appellaverunt.</strong></span> <span class='ocrx_word' id='word_1_270' title='bbox 988 3850 1065 3906; x_wconf 88' lang='lat' dir='ltr'><strong>Ac</strong></span> <span class='ocrx_word' id='word_1_271' title='bbox 1100 3860 1391 3923; x_wconf 87' lang='lat' dir='ltr'><strong>propterea</strong></span> <span class='ocrx_word' id='word_1_272' title='bbox 1437 3851 1724 3929; x_wconf 79' lang='lat' dir='ltr'><strong>Scriptura</strong></span> <span class='ocrx_word' id='word_1_273' title='bbox 1754 3856 1909 3923; x_wconf 88' lang='lat' dir='ltr'><strong>dicit,</strong></span> <span class='ocrx_word' id='word_1_274' title='bbox 1947 3858 2092 3928; x_wconf 90' lang='lat' dir='ltr'><strong>quod</strong></span> 
     </span>
    </p>
   </div>
   <div class='ocr_carea' id='block_1_40' title="bbox 510 3936 2097 4018">
    <p class='ocr_par' dir='ltr' id='par_1_40' title="bbox 510 3936 2097 4018">
     <span class='ocr_line' id='line_1_40' title="bbox 510 3936 2097 4018; baseline 0.009 -30"><span class='ocrx_word' id='word_1_275' title='bbox 510 3936 774 3995; x_wconf 80' lang='lat' dir='ltr'><strong>videntes</strong></span> <span class='ocrx_word' id='word_1_276' title='bbox 800 3940 896 3996; x_wconf 86' lang='lat' dir='ltr'><strong>lilii</strong></span> <span class='ocrx_word' id='word_1_277' title='bbox 929 3939 1082 3998; x_wconf 80' lang='lat' dir='ltr'><strong>Sethi</strong></span> <span class='ocrx_word' id='word_1_278' title='bbox 1110 3943 1249 4000; x_wconf 80' lang='lat' dir='ltr'><strong>ﬁlias</strong></span> <span class='ocrx_word' id='word_1_279' title='bbox 1284 3944 1567 4000; x_wconf 81' lang='lat' dir='ltr'><strong>hominum</strong></span> <span class='ocrx_word' id='word_1_280' title='bbox 1586 3962 1708 4017; x_wconf 75' lang='lat' dir='ltr'><strong>quae</strong></span> <span class='ocrx_word' id='word_1_281' title='bbox 1737 3956 1978 4003; x_wconf 81' lang='lat' dir='ltr'><strong>erantex</strong></span> <span class='ocrx_word' id='word_1_282' title='bbox 2005 3963 2097 4018; x_wconf 89' lang='lat' dir='ltr'><strong>ge-</strong></span> 
     </span>
    </p>
   </div>
   <div class='ocr_carea' id='block_1_41' title="bbox 509 4024 2100 4105">
    <p class='ocr_par' dir='ltr' id='par_1_41' title="bbox 509 4024 2100 4105">
     <span class='ocr_line' id='line_1_41' title="bbox 509 4024 2100 4105; baseline 0.008 -22"><span class='ocrx_word' id='word_1_283' title='bbox 509 4043 643 4087; x_wconf 87' lang='lat' dir='ltr'><strong>nere</strong></span> <span class='ocrx_word' id='word_1_284' title='bbox 674 4031 853 4097; x_wconf 79' lang='lat' dir='ltr'><strong>Caini,</strong></span> <span class='ocrx_word' id='word_1_285' title='bbox 881 4042 1215 4105; x_wconf 88' lang='lat' dir='ltr'><strong>acceperunt</strong></span> <span class='ocrx_word' id='word_1_286' title='bbox 1254 4037 1358 4094; x_wconf 86' lang='lat' dir='ltr'><strong>sibi</strong></span> <span class='ocrx_word' id='word_1_287' title='bbox 1392 4053 1489 4094; x_wconf 85' lang='lat' dir='ltr'><strong>eas</strong></span> <span class='ocrx_word' id='word_1_288' title='bbox 1521 4038 1574 4093; x_wconf 91' lang='lat' dir='ltr'><strong>in</strong></span> <span class='ocrx_word' id='word_1_289' title='bbox 1606 4055 1828 4096; x_wconf 84' lang='lat' dir='ltr'><strong>uxores.</strong></span> <span class='ocrx_word' id='word_1_290' title='bbox 1865 4024 2100 4096; x_wconf 68' lang='lat' dir='ltr'><strong>Partici-</strong></span> 
     </span>
    </p>
   </div>
   <div class='ocr_carea' id='block_1_42' title="bbox 1554 312 2665 419">
    <p class='ocr_par' dir='ltr' id='par_1_42' title="bbox 1554 312 2665 419">
     <span class='ocr_line' id='line_1_42' title="bbox 1554 312 2665 419; baseline -0.002 -9"><span class='ocrx_word' id='word_1_291' title='bbox 1554 356 1610 411; x_wconf 89' lang='lat' dir='ltr'><strong>s.</strong></span> <span class='ocrx_word' id='word_1_292' title='bbox 1656 353 1976 419; x_wconf 59' lang='lat' dir='ltr'><strong>cessauit,</strong></span> <span class='ocrx_word' id='word_1_293' title='bbox 2000 352 2334 412; x_wconf 69' lang='lat' dir='ltr'><strong>caseos&quot;</strong></span> <span class='ocrx_word' id='word_1_294' title='bbox 2362 312 2665 408; x_wconf 61' lang='lat' dir='ltr'><strong>sanans</strong></span> 
     </span>
    </p>
   </div>
   <div class='ocr_carea' id='block_1_43' title="bbox 2156 462 3723 547">
    <p class='ocr_par' dir='ltr' id='par_1_43' title="bbox 2156 462 3723 547">
     <span class='ocr_line' id='line_1_43' title="bbox 2156 462 3723 547; baseline -0.001 -19"><span class='ocrx_word' id='word_1_295' title='bbox 2156 475 2293 547; x_wconf 78' lang='grc' dir='ltr'>πρὸς</span> <span class='ocrx_word' id='word_1_296' title='bbox 2319 474 2421 539; x_wconf 70' lang='grc' dir='ltr'>τὰς</span> <span class='ocrx_word' id='word_1_297' title='bbox 2444 472 2751 543; x_wconf 82' lang='grc' dir='ltr'>θυγατέρας</span> <span class='ocrx_word' id='word_1_298' title='bbox 2778 470 2920 525; x_wconf 81' lang='grc' dir='ltr'>Κατν</span> <span class='ocrx_word' id='word_1_299' title='bbox 2950 470 3196 543; x_wconf 81' lang='grc' dir='ltr'>είσῆλθον</span> <span class='ocrx_word' id='word_1_300' title='bbox 3224 488 3236 504; x_wconf 90' lang='grc'><strong>·</strong></span> <span class='ocrx_word' id='word_1_301' title='bbox 3262 470 3322 538; x_wconf 78' lang='grc' dir='ltr'><strong>ἐξ</strong></span> <span class='ocrx_word' id='word_1_302' title='bbox 3343 462 3418 524; x_wconf 80' lang='grc' dir='ltr'>ὧν</span> <span class='ocrx_word' id='word_1_303' title='bbox 3442 469 3540 542; x_wconf 75' lang='grc' dir='ltr'>τῆς</span> <span class='ocrx_word' id='word_1_304' title='bbox 3555 473 3723 529; x_wconf 60' lang='lat' dir='ltr'><strong>dna:-</strong></span> 
     </span>
    </p>
   </div>
   <div class='ocr_carea' id='block_1_44' title="bbox 2154 560 3723 639">
    <p class='ocr_par' dir='ltr' id='par_1_44' title="bbox 2154 560 3723 639">
     <span class='ocr_line' id='line_1_44' title="bbox 2154 560 3723 639; baseline -0.002 -19"><span class='ocrx_word' id='word_1_305' title='bbox 2154 567 2383 639; x_wconf 83' lang='grc' dir='ltr'>αλλήλου</span> <span class='ocrx_word' id='word_1_306' title='bbox 2422 562 2752 637; x_wconf 85' lang='grc' dir='ltr'>μιαιγαμίας</span> <span class='ocrx_word' id='word_1_307' title='bbox 2799 561 3186 630; x_wconf 75' lang='grc' dir='ltr'>ζωογονοῦνται</span> <span class='ocrx_word' id='word_1_308' title='bbox 3223 562 3275 614; x_wconf 83' lang='lat' dir='ltr'><strong>oi</strong></span> <span class='ocrx_word' id='word_1_309' title='bbox 3328 560 3605 630; x_wconf 75' lang='grc' dir='ltr'><strong>γίγαντες,</strong></span> <span class='ocrx_word' id='word_1_310' title='bbox 3636 563 3723 618; x_wconf 73' lang='grc' dir='ltr'>διὰ</span> 
     </span>
    </p>
   </div>
   <div class='ocr_carea' id='block_1_45' title="bbox 2158 652 3721 731">
    <p class='ocr_par' dir='ltr' id='par_1_45' title="bbox 2158 652 3721 731">
     <span class='ocr_line' id='line_1_45' title="bbox 2158 652 3721 731; baseline -0.002 -19"><span class='ocrx_word' id='word_1_311' title='bbox 2158 661 2259 731; x_wconf 84' lang='grc' dir='ltr'>μὲν</span> <span class='ocrx_word' id='word_1_312' title='bbox 2284 658 2376 711; x_wconf 77' lang='grc' dir='ltr'>τὸν</span> <span class='ocrx_word' id='word_1_313' title='bbox 2404 656 2612 711; x_wconf 87' lang='grc' dir='ltr'>δίκαιον</span> <span class='ocrx_word' id='word_1_314' title='bbox 2659 654 2888 725; x_wconf 77' lang='grc' dir='ltr'>ίσχυροὶ,</span> <span class='ocrx_word' id='word_1_315' title='bbox 2936 653 3026 707; x_wconf 79' lang='grc' dir='ltr'>διὰ</span> <span class='ocrx_word' id='word_1_316' title='bbox 3049 653 3105 706; x_wconf 77' lang='grc' dir='ltr'>δὲ</span> <span class='ocrx_word' id='word_1_317' title='bbox 3156 653 3247 706; x_wconf 80' lang='grc' dir='ltr'>τὸν</span> <span class='ocrx_word' id='word_1_318' title='bbox 3276 652 3435 718; x_wconf 74' lang='grc' dir='ltr'>Καῒν,</span> <span class='ocrx_word' id='word_1_319' title='bbox 3473 658 3721 727; x_wconf 86' lang='grc' dir='ltr'>πονηροί.</span> 
     </span>
    </p>
   </div>
   <div class='ocr_carea' id='block_1_46' title="bbox 2159 744 3720 819">
    <p class='ocr_par' dir='ltr' id='par_1_46' title="bbox 2159 744 3720 819">
     <span class='ocr_line' id='line_1_46' title="bbox 2159 744 3720 819; baseline -0.003 -17"><span class='ocrx_word' id='word_1_320' title='bbox 2159 752 2282 813; x_wconf 82' lang='grc' dir='ltr'>Πῶς</span> <span class='ocrx_word' id='word_1_321' title='bbox 2313 751 2373 804; x_wconf 77' lang='grc' dir='ltr'>δὲ</span> <span class='ocrx_word' id='word_1_322' title='bbox 2402 751 2661 819; x_wconf 74' lang='grc' dir='ltr'>γυναῖκες</span> <span class='ocrx_word' id='word_1_323' title='bbox 2689 746 2942 818; x_wconf 74' lang='grc' dir='ltr'><strong>ἀγγέλοις</strong></span> <span class='ocrx_word' id='word_1_324' title='bbox 2963 744 3355 814; x_wconf 81' lang='grc' dir='ltr'><strong>συγκαθεύδειν</strong></span> <span class='ocrx_word' id='word_1_325' title='bbox 3383 745 3720 815; x_wconf 83' lang='grc' dir='ltr'>δυνήσονται,</span> 
     </span>
    </p>
   </div>
   <div class='ocr_carea' id='block_1_47' title="bbox 2158 834 3727 913">
    <p class='ocr_par' dir='ltr' id='par_1_47' title="bbox 2158 834 3727 913">
     <span class='ocr_line' id='line_1_47' title="bbox 2158 834 3727 913; baseline -0.006 -17"><span class='ocrx_word' id='word_1_326' title='bbox 2158 842 2363 896; x_wconf 79' lang='grc' dir='ltr'><strong>ὁπόταν</strong></span> <span class='ocrx_word' id='word_1_327' title='bbox 2394 840 2586 913; x_wconf 76' lang='grc' dir='ltr'>ἄνδρες</span> <span class='ocrx_word' id='word_1_328' title='bbox 2615 838 2716 909; x_wconf 81' lang='grc' dir='ltr'>τὴν</span> <span class='ocrx_word' id='word_1_329' title='bbox 2746 837 2973 892; x_wconf 71' lang='grc' dir='ltr'>ἐκείνων</span> <span class='ocrx_word' id='word_1_330' title='bbox 3010 835 3320 907; x_wconf 72' lang='grc' dir='ltr'>ὲνάρκησαν</span> <span class='ocrx_word' id='word_1_331' title='bbox 3342 834 3486 903; x_wconf 72' lang='grc' dir='ltr'>ὄψιν,</span> <span class='ocrx_word' id='word_1_332' title='bbox 3518 834 3613 887; x_wconf 72' lang='grc' dir='ltr'>καὶ</span> <span class='ocrx_word' id='word_1_333' title='bbox 3631 835 3727 905; x_wconf 86' lang='grc' dir='ltr'><strong>οὐχ</strong></span> 
     </span>
    </p>
   </div>
   <div class='ocr_carea' id='block_1_48' title="bbox 2159 923 3726 1003">
    <p class='ocr_par' dir='ltr' id='par_1_48' title="bbox 2159 923 3726 1003">
     <span class='ocr_line' id='line_1_48' title="bbox 2159 923 3726 1003; baseline -0.006 -16"><span class='ocrx_word' id='word_1_334' title='bbox 2159 936 2209 987; x_wconf 83' lang='grc' dir='ltr'>οἱ</span> <span class='ocrx_word' id='word_1_335' title='bbox 2238 931 2511 1003; x_wconf 79' lang='grc' dir='ltr'><strong>τυχόντες,</strong></span> <span class='ocrx_word' id='word_1_336' title='bbox 2543 929 2660 984; x_wconf 84' lang='grc' dir='ltr'>ἀλλ’</span> <span class='ocrx_word' id='word_1_337' title='bbox 2688 927 3076 1000; x_wconf 78' lang='grc' dir='ltr'>ὑπερέχοντεςς</span> <span class='ocrx_word' id='word_1_338' title='bbox 3116 924 3320 996; x_wconf 80' lang='grc' dir='ltr'>Δανιὴλ</span> <span class='ocrx_word' id='word_1_339' title='bbox 3344 923 3476 993; x_wconf 82' lang='grc' dir='ltr'>γοῦν</span> <span class='ocrx_word' id='word_1_340' title='bbox 3500 924 3598 977; x_wconf 79' lang='grc' dir='ltr'><strong>τοῦ</strong></span> <span class='ocrx_word' id='word_1_341' title='bbox 3626 925 3726 978; x_wconf 86' lang='grc' dir='ltr'><strong>Γα-</strong></span> 
     </span>
    </p>
   </div>
   <div class='ocr_carea' id='block_1_49' title="bbox 2161 1011 3728 1098">
    <p class='ocr_par' dir='ltr' id='par_1_49' title="bbox 2161 1011 3728 1098">
     <span class='ocr_line' id='line_1_49' title="bbox 2161 1011 3728 1098; baseline -0.008 -19"><span class='ocrx_word' id='word_1_342' title='bbox 2161 1024 2323 1098; x_wconf 75' lang='grc' dir='ltr'>ϐριὴλ</span> <span class='ocrx_word' id='word_1_343' title='bbox 2348 1023 2445 1095; x_wconf 77' lang='grc' dir='ltr'>τὴν</span> <span class='ocrx_word' id='word_1_344' title='bbox 2476 1022 2599 1091; x_wconf 72' lang='grc' dir='ltr'>ὄψιν</span> <span class='ocrx_word' id='word_1_345' title='bbox 2631 1021 3008 1091; x_wconf 84' lang='grc' dir='ltr'>μὴ’χωρήσας,</span> <span class='ocrx_word' id='word_1_346' title='bbox 3056 1011 3212 1079; x_wconf 77' lang='grc' dir='ltr'>αὖθις</span> <span class='ocrx_word' id='word_1_347' title='bbox 3247 1016 3338 1068; x_wconf 75' lang='grc' dir='ltr'><strong>ἐπὶ</strong></span> <span class='ocrx_word' id='word_1_348' title='bbox 3366 1013 3460 1068; x_wconf 80' lang='grc' dir='ltr'><strong>τοῦ</strong></span> <span class='ocrx_word' id='word_1_349' title='bbox 3504 1013 3728 1081; x_wconf 75' lang='grc' dir='ltr'><strong>ἐδάφους</strong></span> 
     </span>
    </p>
   </div>
   <div class='ocr_carea' id='block_1_50' title="bbox 2164 1102 3729 1185">
    <p class='ocr_par' dir='ltr' id='par_1_50' title="bbox 2164 1102 3729 1185">
     <span class='ocr_line' id='line_1_50' title="bbox 2164 1102 3729 1185; baseline -0.012 -14"><span class='ocrx_word' id='word_1_350' title='bbox 2164 1115 2367 1179; x_wconf 84' lang='grc' dir='ltr'>πεσὼν,</span> <span class='ocrx_word' id='word_1_351' title='bbox 2401 1111 2733 1185; x_wconf 88' lang='grc' dir='ltr'>χωνεύεσθαι</span> <span class='ocrx_word' id='word_1_352' title='bbox 2760 1109 2838 1180; x_wconf 84' lang='grc' dir='ltr'>τῷ</span> <span class='ocrx_word' id='word_1_353' title='bbox 2877 1107 2990 1162; x_wconf 82' lang='grc' dir='ltr'>δέει</span> <span class='ocrx_word' id='word_1_354' title='bbox 3036 1104 3377 1162; x_wconf 73' lang='grc' dir='ltr'>ἐκινδύνευεν</span> <span class='ocrx_word' id='word_1_355' title='bbox 3414 1121 3430 1137; x_wconf 77' lang='grc' dir='ltr'><strong><em>ο</em></strong></span> <span class='ocrx_word' id='word_1_356' title='bbox 3470 1102 3609 1156; x_wconf 79' lang='grc' dir='ltr'>ἀλλὰ</span> <span class='ocrx_word' id='word_1_357' title='bbox 3640 1104 3729 1155; x_wconf 74' lang='grc' dir='ltr'>καὶ</span> 
     </span>
    </p>
   </div>
   <div class='ocr_carea' id='block_1_51' title="bbox 2166 1190 3732 1278">
    <p class='ocr_par' dir='ltr' id='par_1_51' title="bbox 2166 1190 3732 1278">
     <span class='ocr_line' id='line_1_51' title="bbox 2166 1190 3732 1278; baseline -0.012 -15"><span class='ocrx_word' id='word_1_358' title='bbox 2166 1206 2443 1278; x_wconf 73' lang='grc' dir='ltr'><strong>Ζαχαρίας</strong></span> <span class='ocrx_word' id='word_1_359' title='bbox 2496 1205 2703 1257; x_wconf 72' lang='grc' dir='ltr'>ἐκεῖνον</span> <span class='ocrx_word' id='word_1_360' title='bbox 2746 1198 2956 1270; x_wconf 80' lang='grc' dir='ltr'>πτήξας</span> <span class='ocrx_word' id='word_1_361' title='bbox 2981 1237 2997 1264; x_wconf 95' lang='grc'><strong>,</strong></span> <span class='ocrx_word' id='word_1_362' title='bbox 3104 1192 3223 1266; x_wconf 79' lang='grc' dir='ltr'>ἃμα</span> <span class='ocrx_word' id='word_1_363' title='bbox 3333 1190 3428 1245; x_wconf 83' lang='grc' dir='ltr'><strong>τοῦ</strong></span> <span class='ocrx_word' id='word_1_364' title='bbox 3509 1192 3732 1260; x_wconf 73' lang='grc' dir='ltr'>ὀφθῆναι</span> 
     </span>
    </p>
   </div>
   <div class='ocr_carea' id='block_1_52' title="bbox 2166 1283 3732 1369">
    <p class='ocr_par' dir='ltr' id='par_1_52' title="bbox 2166 1283 3732 1369">
     <span class='ocr_line' id='line_1_52' title="bbox 2166 1283 3732 1369; baseline -0.013 -14"><span class='ocrx_word' id='word_1_365' title='bbox 2166 1297 2475 1369; x_wconf 72' lang='grc' dir='ltr'>κωερωθεὶς,</span> <span class='ocrx_word' id='word_1_366' title='bbox 2506 1294 2585 1366; x_wconf 82' lang='grc' dir='ltr'><strong>τῷ</strong></span> <span class='ocrx_word' id='word_1_367' title='bbox 2613 1292 2763 1363; x_wconf 76' lang='grc' dir='ltr'><strong>φόϐῳ</strong></span> <span class='ocrx_word' id='word_1_368' title='bbox 2798 1288 3147 1362; x_wconf 86' lang='grc' dir='ltr'>κραδαίνεται</span> <span class='ocrx_word' id='word_1_369' title='bbox 3166 1325 3182 1350; x_wconf 95' lang='grc'><strong>,</strong></span> <span class='ocrx_word' id='word_1_370' title='bbox 3204 1286 3271 1356; x_wconf 78' lang='grc' dir='ltr'>τῇ</span> <span class='ocrx_word' id='word_1_371' title='bbox 3297 1283 3513 1357; x_wconf 80' lang='grc' dir='ltr'><strong>γλώττῃ</strong></span> <span class='ocrx_word' id='word_1_372' title='bbox 3543 1283 3732 1337; x_wconf 81' lang='grc' dir='ltr'>πεδού-</span> 
     </span>
    </p>
   </div>
   <div class='ocr_carea' id='block_1_53' title="bbox 2173 1376 3728 1464">
    <p class='ocr_par' dir='ltr' id='par_1_53' title="bbox 2173 1376 3728 1464">
     <span class='ocr_line' id='line_1_53' title="bbox 2173 1376 3728 1464; baseline -0.012 -19"><span class='ocrx_word' id='word_1_373' title='bbox 2173 1408 2353 1464; x_wconf 87' lang='grc' dir='ltr'>μενος,</span> <span class='ocrx_word' id='word_1_374' title='bbox 2386 1389 2546 1460; x_wconf 81' lang='grc' dir='ltr'>μέχρι</span> <span class='ocrx_word' id='word_1_375' title='bbox 2572 1385 2672 1456; x_wconf 78' lang='grc' dir='ltr'>τῆς</span> <span class='ocrx_word' id='word_1_376' title='bbox 2725 1382 2971 1437; x_wconf 81' lang='grc' dir='ltr'><strong>Ἰωάννου</strong></span> <span class='ocrx_word' id='word_1_377' title='bbox 3003 1380 3339 1450; x_wconf 79' lang='grc' dir='ltr'><strong>γεννήσεως,</strong></span> <span class='ocrx_word' id='word_1_378' title='bbox 3371 1376 3604 1447; x_wconf 79' lang='grc' dir='ltr'><strong>νεύμασι</strong></span> <span class='ocrx_word' id='word_1_379' title='bbox 3641 1376 3728 1447; x_wconf 83' lang='grc' dir='ltr'><strong>μό-</strong></span> 
     </span>
    </p>
   </div>
   <div class='ocr_carea' id='block_1_54' title="bbox 2169 1467 3737 1552">
    <p class='ocr_par' dir='ltr' id='par_1_54' title="bbox 2169 1467 3737 1552">
     <span class='ocr_line' id='line_1_54' title="bbox 2169 1467 3737 1552; baseline -0.011 -15"><span class='ocrx_word' id='word_1_380' title='bbox 2169 1499 2259 1537; x_wconf 91' lang='grc' dir='ltr'><strong>νον</strong></span> <span class='ocrx_word' id='word_1_381' title='bbox 2291 1479 2572 1552; x_wconf 80' lang='grc' dir='ltr'>σημαίνων</span> <span class='ocrx_word' id='word_1_382' title='bbox 2602 1475 2672 1530; x_wconf 82' lang='grc' dir='ltr'>τὰ</span> <span class='ocrx_word' id='word_1_383' title='bbox 2694 1472 2984 1546; x_wconf 69' lang='grc' dir='ltr'>ἑρούμενω</span> <span class='ocrx_word' id='word_1_384' title='bbox 3011 1471 3149 1540; x_wconf 83' lang='grc' dir='ltr'>ὅπερ</span> <span class='ocrx_word' id='word_1_385' title='bbox 3180 1486 3270 1540; x_wconf 90' lang='grc' dir='ltr'><strong>μοι</strong></span> <span class='ocrx_word' id='word_1_386' title='bbox 3295 1469 3443 1522; x_wconf 78' lang='grc' dir='ltr'>δοκεῖ</span> <span class='ocrx_word' id='word_1_387' title='bbox 3485 1467 3737 1535; x_wconf 77' lang='grc' dir='ltr'>σιγᾶσθαι</span> 
     </span>
    </p>
   </div>
   <div class='ocr_carea' id='block_1_55' title="bbox 2170 1556 3740 1642">
    <p class='ocr_par' dir='ltr' id='par_1_55' title="bbox 2170 1556 3740 1642">
     <span class='ocr_line' id='line_1_55' title="bbox 2170 1556 3740 1642; baseline -0.014 -15"><span class='ocrx_word' id='word_1_388' title='bbox 2170 1574 2262 1628; x_wconf 72' lang='grc' dir='ltr'><strong>τδν</strong></span> <span class='ocrx_word' id='word_1_389' title='bbox 2294 1570 2459 1642; x_wconf 83' lang='grc' dir='ltr'>νόμον</span> <span class='ocrx_word' id='word_1_390' title='bbox 2485 1566 2583 1622; x_wconf 78' lang='grc' dir='ltr'>καὶ</span> <span class='ocrx_word' id='word_1_391' title='bbox 2615 1566 2713 1638; x_wconf 81' lang='grc' dir='ltr'>τὴν</span> <span class='ocrx_word' id='word_1_392' title='bbox 2743 1560 2982 1618; x_wconf 84' lang='grc' dir='ltr'>παλαιὰν</span> <span class='ocrx_word' id='word_1_393' title='bbox 3011 1559 3122 1613; x_wconf 85' lang='grc' dir='ltr'><strong>τῶν</strong></span> <span class='ocrx_word' id='word_1_394' title='bbox 3151 1557 3314 1629; x_wconf 83' lang='grc' dir='ltr'>ἱερῶν</span> <span class='ocrx_word' id='word_1_395' title='bbox 3338 1556 3584 1627; x_wconf 80' lang='grc' dir='ltr'>τελετὴν,</span> <span class='ocrx_word' id='word_1_396' title='bbox 3613 1571 3740 1625; x_wconf 84' lang='grc' dir='ltr'>προ-</span> 
     </span>
    </p>
   </div>
   <div class='ocr_carea' id='block_1_56' title="bbox 2177 1643 3743 1736">
    <p class='ocr_par' dir='ltr' id='par_1_56' title="bbox 2177 1643 3743 1736">
     <span class='ocr_line' id='line_1_56' title="bbox 2177 1643 3743 1736; baseline -0.039 0"><span class='ocrx_word' id='word_1_397' title='bbox 2177 1662 2395 1736; x_wconf 77' lang='grc' dir='ltr'>μηνύων</span> <span class='ocrx_word' id='word_1_398' title='bbox 2419 1659 2508 1726; x_wconf 77' lang='grc' dir='ltr'><strong>(ιθ</strong></span> <span class='ocrx_word' id='word_1_399' title='bbox 2532 1659 2574 1729; x_wconf 86' lang='grc'>),</span> <span class='ocrx_word' id='word_1_400' title='bbox 2598 1660 2664 1728; x_wconf 77' lang='grc' dir='ltr'><strong>τῇ</strong></span> <span class='ocrx_word' id='word_1_401' title='bbox 2702 1653 2973 1724; x_wconf 78' lang='grc' dir='ltr'>παρουσίᾳ</span> <span class='ocrx_word' id='word_1_402' title='bbox 2998 1648 3094 1703; x_wconf 81' lang='grc' dir='ltr'><strong>τοῦ</strong></span> <span class='ocrx_word' id='word_1_403' title='bbox 3124 1647 3454 1719; x_wconf 85' lang='grc' dir='ltr'>κρείττονος·</span> <span class='ocrx_word' id='word_1_404' title='bbox 3484 1644 3674 1717; x_wconf 75' lang='grc' dir='ltr'>μικρδν</span> <span class='ocrx_word' id='word_1_405' title='bbox 3702 1643 3743 1736; x_wconf 45' lang='grc' dir='ltr'><strong>δι</strong></span> 
     </span>
    </p>
   </div>
   <div class='ocr_carea' id='block_1_57' title="bbox 2177 1734 3747 1823">
    <p class='ocr_par' dir='ltr' id='par_1_57' title="bbox 2177 1734 3747 1823">
     <span class='ocr_line' id='line_1_57' title="bbox 2177 1734 3747 1823; baseline -0.014 -15"><span class='ocrx_word' id='word_1_406' title='bbox 2177 1734 2403 1823; x_wconf 76' lang='grc' dir='ltr'>ὐστερον</span> <span class='ocrx_word' id='word_1_407' title='bbox 2440 1747 2844 1819; x_wconf 73' lang='grc' dir='ltr'><strong>ἐμφανέστερον</strong></span> <span class='ocrx_word' id='word_1_408' title='bbox 2887 1741 2949 1796; x_wconf 79' lang='grc' dir='ltr'>τὸ</span> <span class='ocrx_word' id='word_1_409' title='bbox 2998 1738 3191 1810; x_wconf 78' lang='grc' dir='ltr'>νοηθὲν</span> <span class='ocrx_word' id='word_1_410' title='bbox 3227 1736 3607 1806; x_wconf 77' lang='grc' dir='ltr'>ἀποδείξομεν.</span> <span class='ocrx_word' id='word_1_411' title='bbox 3645 1734 3747 1788; x_wconf 76' lang='grc' dir='ltr'><strong>Καὶ</strong></span> 
     </span>
    </p>
   </div>
   <div class='ocr_carea' id='block_1_58' title="bbox 2175 1823 3746 1911">
    <p class='ocr_par' dir='ltr' id='par_1_58' title="bbox 2175 1823 3746 1911">
     <span class='ocr_line' id='line_1_58' title="bbox 2175 1823 3746 1911; baseline -0.015 -13"><span class='ocrx_word' id='word_1_412' title='bbox 2175 1844 2245 1898; x_wconf 75' lang='grc' dir='ltr'>τὰ</span> <span class='ocrx_word' id='word_1_413' title='bbox 2269 1842 2467 1911; x_wconf 84' lang='grc' dir='ltr'>γύναια</span> <span class='ocrx_word' id='word_1_414' title='bbox 2493 1838 2573 1905; x_wconf 78' lang='grc' dir='ltr'>δὲ,</span> <span class='ocrx_word' id='word_1_415' title='bbox 2607 1837 2701 1889; x_wconf 70' lang='grc' dir='ltr'><strong>ἐπὶ</strong></span> <span class='ocrx_word' id='word_1_416' title='bbox 2722 1835 2784 1888; x_wconf 79' lang='grc' dir='ltr'>τὸ</span> <span class='ocrx_word' id='word_1_417' title='bbox 2810 1833 3080 1903; x_wconf 81' lang='grc' dir='ltr'>σωτήριον</span> <span class='ocrx_word' id='word_1_418' title='bbox 3115 1828 3310 1900; x_wconf 83' lang='grc' dir='ltr'>μνῆμα</span> <span class='ocrx_word' id='word_1_419' title='bbox 3341 1823 3746 1883; x_wconf 82' lang='grc' dir='ltr'>ὠκυποδοῦντα,</span> 
     </span>
    </p>
   </div>
   <div class='ocr_carea' id='block_1_59' title="bbox 2170 1915 3750 2005">
    <p class='ocr_par' dir='ltr' id='par_1_59' title="bbox 2170 1915 3750 2005">
     <span class='ocr_line' id='line_1_59' title="bbox 2170 1915 3750 2005; baseline -0.013 -18"><span class='ocrx_word' id='word_1_420' title='bbox 2170 1934 2271 2005; x_wconf 78' lang='grc' dir='ltr'>τὴν</span> <span class='ocrx_word' id='word_1_421' title='bbox 2304 1930 2527 1985; x_wconf 70' lang='grc' dir='ltr'>ἐκείνων</span> <span class='ocrx_word' id='word_1_422' title='bbox 2567 1925 2816 1996; x_wconf 84' lang='grc' dir='ltr'>ἀγγέλων</span> <span class='ocrx_word' id='word_1_423' title='bbox 2848 1923 2963 1994; x_wconf 88' lang='lat' dir='ltr'><strong>(l7)</strong></span> <span class='ocrx_word' id='word_1_424' title='bbox 2998 1922 3383 1991; x_wconf 81' lang='grc' dir='ltr'>ναρκήσαντα,</span> <span class='ocrx_word' id='word_1_425' title='bbox 3413 1917 3509 1972; x_wconf 71' lang='grc' dir='ltr'>καὶ</span> <span class='ocrx_word' id='word_1_426' title='bbox 3545 1915 3622 1986; x_wconf 81' lang='grc' dir='ltr'>τῷ</span> <span class='ocrx_word' id='word_1_427' title='bbox 3645 1915 3750 1968; x_wconf 84' lang='grc' dir='ltr'>δέει</span> 
     </span>
    </p>
   </div>
   <div class='ocr_carea' id='block_1_60' title="bbox 2175 2007 3751 2086">
    <p class='ocr_par' dir='ltr' id='par_1_60' title="bbox 2175 2007 3751 2086">
     <span class='ocr_line' id='line_1_60' title="bbox 2175 2007 3751 2086; baseline -0.011 -8"><span class='ocrx_word' id='word_1_428' title='bbox 2175 2019 2641 2084; x_wconf 80' lang='grc' dir='ltr'>συσταλέντα,οὐκ</span> <span class='ocrx_word' id='word_1_429' title='bbox 2663 2013 3004 2086; x_wconf 85' lang='grc' dir='ltr'>ἀπήγγειλαν</span> <span class='ocrx_word' id='word_1_430' title='bbox 3026 2015 3139 2075; x_wconf 83' lang='grc' dir='ltr'>τοῖς</span> <span class='ocrx_word' id='word_1_431' title='bbox 3164 2010 3485 2074; x_wconf 82' lang='grc' dir='ltr'>ἀποστόλοις</span> <span class='ocrx_word' id='word_1_432' title='bbox 3506 2007 3581 2062; x_wconf 80' lang='grc' dir='ltr'>τὰ</span> <span class='ocrx_word' id='word_1_433' title='bbox 3597 2023 3751 2080; x_wconf 84' lang='grc' dir='ltr'>προσ-</span> 
     </span>
    </p>
   </div>
   <div class='ocr_carea' id='block_1_61' title="bbox 2174 2100 3748 2186">
    <p class='ocr_par' dir='ltr' id='par_1_61' title="bbox 2174 2100 3748 2186">
     <span class='ocr_line' id='line_1_61' title="bbox 2174 2100 3748 2186; baseline -0.012 -17"><span class='ocrx_word' id='word_1_434' title='bbox 2174 2114 2461 2186; x_wconf 82' lang='grc' dir='ltr'>ταχθέντα.</span> <span class='ocrx_word' id='word_1_435' title='bbox 2498 2106 2644 2180; x_wconf 80' lang='grc' dir='ltr'>Εἶχε</span> <span class='ocrx_word' id='word_1_436' title='bbox 2675 2107 2785 2178; x_wconf 74' lang='grc' dir='ltr'>γὰρ</span> <span class='ocrx_word' id='word_1_437' title='bbox 2816 2103 3003 2170; x_wconf 83' lang='grc' dir='ltr'>αὑτὰς</span> <span class='ocrx_word' id='word_1_438' title='bbox 3035 2104 3220 2172; x_wconf 65' lang='grc' dir='ltr'>φόϐος</span> <span class='ocrx_word' id='word_1_439' title='bbox 3244 2141 3259 2167; x_wconf 94' lang='grc'><strong>,</strong></span> <span class='ocrx_word' id='word_1_440' title='bbox 3308 2100 3408 2154; x_wconf 76' lang='grc' dir='ltr'>καὶ</span> <span class='ocrx_word' id='word_1_441' title='bbox 3445 2100 3748 2186; x_wconf 73' lang='grc' dir='ltr'>ἔκστασις,</span> 
     </span>
    </p>
   </div>
   <div class='ocr_carea' id='block_1_62' title="bbox 2177 2185 3750 2266">
    <p class='ocr_par' dir='ltr' id='par_1_62' title="bbox 2177 2185 3750 2266">
     <span class='ocr_line' id='line_1_62' title="bbox 2177 2185 3750 2266; baseline -0.014 -7"><span class='ocrx_word' id='word_1_442' title='bbox 2299 2199 2504 2256; x_wconf 75' lang='grc' dir='ltr'>οὐδενὶ</span> <span class='ocrx_word' id='word_1_443' title='bbox 2529 2195 2709 2253; x_wconf 79' lang='grc' dir='ltr'>οὐδὲν</span> <span class='ocrx_word' id='word_1_444' title='bbox 2727 2191 2920 2266; x_wconf 77' lang='grc' dir='ltr'>εἷπον,</span> <span class='ocrx_word' id='word_1_445' title='bbox 2947 2191 3111 2263; x_wconf 73' lang='grc' dir='ltr'>φησὶν</span> <span class='ocrx_word' id='word_1_446' title='bbox 3131 2190 3160 2242; x_wconf 87' lang='grc' dir='ltr'><strong>ὁ</strong></span> <span class='ocrx_word' id='word_1_447' title='bbox 3175 2187 3320 2250; x_wconf 86' lang='grc' dir='ltr'>θεῖος</span> <span class='ocrx_word' id='word_1_448' title='bbox 3344 2185 3750 2255; x_wconf 81' lang='grc' dir='ltr'>εὐαγγελιστὴς.</span> 
     </span>
    </p>
   </div>
   <div class='ocr_carea' id='block_1_63' title="bbox 2180 2271 3753 2358">
    <p class='ocr_par' dir='ltr' id='par_1_63' title="bbox 2180 2271 3753 2358">
     <span class='ocr_line' id='line_1_63' title="bbox 2180 2271 3753 2358; baseline -0.017 -7"><span class='ocrx_word' id='word_1_449' title='bbox 2180 2298 2243 2350; x_wconf 85' lang='grc' dir='ltr'><strong>Εἰ</strong></span> <span class='ocrx_word' id='word_1_450' title='bbox 2274 2291 2368 2350; x_wconf 77' lang='grc' dir='ltr'><strong>οὐν</strong></span> <span class='ocrx_word' id='word_1_451' title='bbox 2410 2291 2531 2346; x_wconf 80' lang='grc' dir='ltr'>οὐδὲ</span> <span class='ocrx_word' id='word_1_452' title='bbox 2559 2285 2972 2358; x_wconf 80' lang='grc' dir='ltr'>συγκατάὀασιν</span> <span class='ocrx_word' id='word_1_453' title='bbox 2998 2279 3248 2350; x_wconf 80' lang='grc' dir='ltr'>ἀγγέλων</span> <span class='ocrx_word' id='word_1_454' title='bbox 3282 2279 3331 2330; x_wconf 79' lang='lat' dir='ltr'><strong>oi</strong></span> <span class='ocrx_word' id='word_1_455' title='bbox 3366 2276 3596 2348; x_wconf 82' lang='grc' dir='ltr'>μεγάλοι</span> <span class='ocrx_word' id='word_1_456' title='bbox 3626 2271 3753 2344; x_wconf 80' lang='grc' dir='ltr'><strong>ἐχώ-</strong></span> 
     </span>
    </p>
   </div>
   <div class='ocr_carea' id='block_1_64' title="bbox 2184 2363 3755 2456">
    <p class='ocr_par' dir='ltr' id='par_1_64' title="bbox 2184 2363 3755 2456">
     <span class='ocr_line' id='line_1_64' title="bbox 2184 2363 3755 2456; baseline -0.016 -18"><span class='ocrx_word' id='word_1_457' title='bbox 2184 2400 2376 2456; x_wconf 88' lang='grc' dir='ltr'>ρησαν,</span> <span class='ocrx_word' id='word_1_458' title='bbox 2406 2378 2524 2442; x_wconf 86' lang='grc' dir='ltr'><strong>πῶς</strong></span> <span class='ocrx_word' id='word_1_459' title='bbox 2549 2374 2746 2445; x_wconf 82' lang='grc' dir='ltr'>εὐτελῆ</span> <span class='ocrx_word' id='word_1_460' title='bbox 2772 2371 2976 2442; x_wconf 90' lang='grc' dir='ltr'>γύναια</span> <span class='ocrx_word' id='word_1_461' title='bbox 3002 2370 3103 2440; x_wconf 84' lang='grc' dir='ltr'>τὴν</span> <span class='ocrx_word' id='word_1_462' title='bbox 3136 2366 3365 2421; x_wconf 72' lang='grc' dir='ltr'>ἐκείνων</span> <span class='ocrx_word' id='word_1_463' title='bbox 3390 2365 3538 2435; x_wconf 78' lang='grc' dir='ltr'>ἁφὴν</span> <span class='ocrx_word' id='word_1_464' title='bbox 3569 2363 3755 2456; x_wconf 11' lang='grc' dir='ltr'>ἢᾼσυγ-</span> 
     </span>
    </p>
   </div>
   <div class='ocr_carea' id='block_1_65' title="bbox 2182 2453 3752 2540">
    <p class='ocr_par' dir='ltr' id='par_1_65' title="bbox 2182 2453 3752 2540">
     <span class='ocr_line' id='line_1_65' title="bbox 2182 2453 3752 2540; baseline -0.015 -11"><span class='ocrx_word' id='word_1_465' title='bbox 2182 2453 2509 2529; x_wconf 77' lang='grc' dir='ltr'>κατεύνασιν</span> <span class='ocrx_word' id='word_1_466' title='bbox 2533 2468 2720 2540; x_wconf 80' lang='grc' dir='ltr'>φέρειν</span> <span class='ocrx_word' id='word_1_467' title='bbox 2741 2461 2931 2528; x_wconf 55' lang='lat' dir='ltr'><strong>orare;</strong></span> <span class='ocrx_word' id='word_1_468' title='bbox 2951 2461 3130 2515; x_wconf 78' lang='grc' dir='ltr'>σθένει</span> <span class='ocrx_word' id='word_1_469' title='bbox 3145 2459 3255 2531; x_wconf 81' lang='grc' dir='ltr'>γὰρ</span> <span class='ocrx_word' id='word_1_470' title='bbox 3277 2456 3530 2528; x_wconf 81' lang='grc' dir='ltr'>οὐδαμῶς</span> <span class='ocrx_word' id='word_1_471' title='bbox 3547 2453 3752 2524; x_wconf 83' lang='grc' dir='ltr'>καλάμη</span> 
     </span>
    </p>
   </div>
   <div class='ocr_carea' id='block_1_66' title="bbox 2184 2545 3756 2636">
    <p class='ocr_par' dir='ltr' id='par_1_66' title="bbox 2184 2545 3756 2636">
     <span class='ocr_line' id='line_1_66' title="bbox 2184 2545 3756 2636; baseline -0.012 -19"><span class='ocrx_word' id='word_1_472' title='bbox 2184 2563 2321 2636; x_wconf 76' lang='grc' dir='ltr'>πρὸς</span> <span class='ocrx_word' id='word_1_473' title='bbox 2333 2561 2505 2633; x_wconf 83' lang='grc' dir='ltr'>πυρὸς</span> <span class='ocrx_word' id='word_1_474' title='bbox 2516 2556 2983 2629; x_wconf 69' lang='grc' dir='ltr'>έγγύτητα.Φησὶν</span> <span class='ocrx_word' id='word_1_475' title='bbox 2996 2555 3029 2624; x_wconf 78' lang='grc' dir='ltr'>ἡ</span> <span class='ocrx_word' id='word_1_476' title='bbox 3043 2552 3255 2622; x_wconf 84' lang='grc' dir='ltr'>Γραφή·</span> <span class='ocrx_word' id='word_1_477' title='bbox 3265 2546 3475 2616; x_wconf 75' lang='grc' dir='ltr'>Ἕζησε</span> <span class='ocrx_word' id='word_1_478' title='bbox 3489 2546 3564 2600; x_wconf 85' lang='grc' dir='ltr'>δὲ</span> <span class='ocrx_word' id='word_1_479' title='bbox 3590 2545 3756 2613; x_wconf 82' lang='grc' dir='ltr'>Ἀδὰμ</span> 
     </span>
    </p>
   </div>
   <div class='ocr_carea' id='block_1_67' title="bbox 2185 2637 3755 2731">
    <p class='ocr_par' dir='ltr' id='par_1_67' title="bbox 2185 2637 3755 2731">
     <span class='ocr_line' id='line_1_67' title="bbox 2185 2637 3755 2731; baseline -0.013 -22"><span class='ocrx_word' id='word_1_480' title='bbox 2185 2655 2292 2722; x_wconf 74' lang='grc' dir='ltr'>ἔτη</span> <span class='ocrx_word' id='word_1_481' title='bbox 2324 2656 2445 2719; x_wconf 77' lang='grc' dir='ltr'>σλ’,</span> <span class='ocrx_word' id='word_1_482' title='bbox 2476 2650 2575 2705; x_wconf 80' lang='grc' dir='ltr'>καὶ</span> <span class='ocrx_word' id='word_1_483' title='bbox 2611 2647 2944 2731; x_wconf 75' lang='grc' dir='ltr'>ἐγέννησεν</span> <span class='ocrx_word' id='word_1_484' title='bbox 2963 2643 3099 2698; x_wconf 82' lang='grc' dir='ltr'>υίὸν</span> <span class='ocrx_word' id='word_1_485' title='bbox 3139 2639 3290 2696; x_wconf 80' lang='grc' dir='ltr'>κατὰ</span> <span class='ocrx_word' id='word_1_486' title='bbox 3313 2640 3428 2708; x_wconf 79' lang='grc' dir='ltr'>τὴν</span> <span class='ocrx_word' id='word_1_487' title='bbox 3457 2638 3626 2693; x_wconf 81' lang='grc' dir='ltr'>ίδέαν</span> <span class='ocrx_word' id='word_1_488' title='bbox 3658 2637 3755 2731; x_wconf 64' lang='grc' dir='ltr'><strong>αὑ-</strong></span> 
     </span>
    </p>
   </div>
   <div class='ocr_carea' id='block_1_68' title="bbox 2189 2727 3753 2808">
    <p class='ocr_par' dir='ltr' id='par_1_68' title="bbox 2189 2727 3753 2808">
     <span class='ocr_line' id='line_1_68' title="bbox 2189 2727 3753 2808; baseline -0.01 -10"><span class='ocrx_word' id='word_1_489' title='bbox 2189 2745 2319 2808; x_wconf 75' lang='grc' dir='ltr'>τοῦ,</span> <span class='ocrx_word' id='word_1_490' title='bbox 2351 2742 2452 2797; x_wconf 78' lang='grc' dir='ltr'><strong>καί</strong></span> <span class='ocrx_word' id='word_1_491' title='bbox 2480 2740 2631 2795; x_wconf 79' lang='grc' dir='ltr'>κατὰ</span> <span class='ocrx_word' id='word_1_492' title='bbox 2658 2737 2774 2806; x_wconf 77' lang='grc' dir='ltr'>τὴν</span> <span class='ocrx_word' id='word_1_493' title='bbox 2799 2727 3007 2791; x_wconf 78' lang='grc' dir='ltr'>εἰκόνα</span> <span class='ocrx_word' id='word_1_494' title='bbox 3035 2732 3222 2787; x_wconf 81' lang='grc' dir='ltr'>αὐτοῦ</span> <span class='ocrx_word' id='word_1_495' title='bbox 3247 2730 3267 2803; x_wconf 91' lang='grc'>(</span> <span class='ocrx_word' id='word_1_496' title='bbox 3288 2730 3434 2784; x_wconf 68' lang='grc' dir='ltr'>τοῦτ’</span> <span class='ocrx_word' id='word_1_497' title='bbox 3455 2729 3628 2796; x_wconf 71' lang='grc' dir='ltr'>ἐστιν,</span> <span class='ocrx_word' id='word_1_498' title='bbox 3650 2727 3753 2782; x_wconf 78' lang='grc' dir='ltr'>οἵαν</span> 
     </span>
    </p>
   </div>
   <div class='ocr_carea' id='block_1_69' title="bbox 2191 2816 3759 2907">
    <p class='ocr_par' dir='ltr' id='par_1_69' title="bbox 2191 2816 3759 2907">
     <span class='ocr_line' id='line_1_69' title="bbox 2191 2816 3759 2907; baseline -0.012 -17"><span class='ocrx_word' id='word_1_499' title='bbox 2191 2832 2336 2907; x_wconf 78' lang='grc' dir='ltr'>εἶχεν</span> <span class='ocrx_word' id='word_1_500' title='bbox 2366 2834 2461 2888; x_wconf 85' lang='grc' dir='ltr'><strong>ἀπ’</strong></span> <span class='ocrx_word' id='word_1_501' title='bbox 2493 2831 2691 2902; x_wconf 74' lang='grc' dir='ltr'>ἀρχῆς,</span> <span class='ocrx_word' id='word_1_502' title='bbox 2718 2830 2809 2883; x_wconf 85' lang='grc' dir='ltr'>ὅτε</span> <span class='ocrx_word' id='word_1_503' title='bbox 2853 2827 3079 2897; x_wconf 89' lang='grc' dir='ltr'>γέγονεν</span> <span class='ocrx_word' id='word_1_504' title='bbox 3114 2823 3221 2878; x_wconf 83' lang='grc' dir='ltr'>ὐπὸ</span> <span class='ocrx_word' id='word_1_505' title='bbox 3250 2820 3409 2887; x_wconf 81' lang='grc' dir='ltr'>Θεοῦ,</span> <span class='ocrx_word' id='word_1_506' title='bbox 3460 2819 3646 2874; x_wconf 84' lang='grc' dir='ltr'>εἰκόνα</span> 
     </span>
    </p>
   </div>
   <div class='ocr_carea' id='block_1_70' title="bbox 2193 2905 3757 2998">
    <p class='ocr_par' dir='ltr' id='par_1_70' title="bbox 2193 2905 3757 2998">
     <span class='ocr_line' id='line_1_70' title="bbox 2193 2905 3757 2998; baseline -0.013 -16"><span class='ocrx_word' id='word_1_507' title='bbox 2193 2905 2467 2998; x_wconf 71' lang='grc' dir='ltr'>ἔκλαμψιν</span> <span class='ocrx_word' id='word_1_508' title='bbox 2512 2923 2606 2975; x_wconf 74' lang='grc' dir='ltr'><strong>ἐπὶ</strong></span> <span class='ocrx_word' id='word_1_509' title='bbox 2648 2920 2742 2975; x_wconf 79' lang='grc' dir='ltr'><strong>τοῦ</strong></span> <span class='ocrx_word' id='word_1_510' title='bbox 2773 2914 3129 2992; x_wconf 77' lang='grc' dir='ltr'>προσώπου),</span> <span class='ocrx_word' id='word_1_511' title='bbox 3167 2914 3268 2969; x_wconf 76' lang='grc' dir='ltr'><strong>καὶ</strong></span> <span class='ocrx_word' id='word_1_512' title='bbox 3299 2911 3659 2980; x_wconf 80' lang='grc' dir='ltr'>ἐπωνόμασε</span> <span class='ocrx_word' id='word_1_513' title='bbox 3698 2905 3757 2961; x_wconf 81' lang='grc' dir='ltr'>τὸ</span> 
     </span>
    </p>
   </div>
   <div class='ocr_carea' id='block_1_71' title="bbox 2195 2997 3763 3087">
    <p class='ocr_par' dir='ltr' id='par_1_71' title="bbox 2195 2997 3763 3087">
     <span class='ocr_line' id='line_1_71' title="bbox 2195 2997 3763 3087; baseline -0.014 -15"><span class='ocrx_word' id='word_1_514' title='bbox 2195 2997 2383 3087; x_wconf 81' lang='grc' dir='ltr'>ὄνομα</span> <span class='ocrx_word' id='word_1_515' title='bbox 2409 3012 2596 3068; x_wconf 83' lang='grc' dir='ltr'>αὐτοῦ</span> <span class='ocrx_word' id='word_1_516' title='bbox 2625 3010 2751 3078; x_wconf 77' lang='grc' dir='ltr'><strong>Σὴθ</strong></span> <span class='ocrx_word' id='word_1_517' title='bbox 2769 3049 2785 3075; x_wconf 93' lang='grc'><strong>,</strong></span> <span class='ocrx_word' id='word_1_518' title='bbox 2829 3006 2975 3062; x_wconf 76' lang='grc' dir='ltr'>τοῦτ’</span> <span class='ocrx_word' id='word_1_519' title='bbox 3000 3002 3152 3059; x_wconf 74' lang='grc' dir='ltr'>ἐστιν</span> <span class='ocrx_word' id='word_1_520' title='bbox 3185 3002 3569 3071; x_wconf 76' lang='grc' dir='ltr'>ἐξανάστασιν.</span> <span class='ocrx_word' id='word_1_521' title='bbox 3620 2997 3763 3052; x_wconf 73' lang='grc' dir='ltr'>Ἐπεὶ</span> 
     </span>
    </p>
   </div>
   <div class='ocr_carea' id='block_1_72' title="bbox 2200 3089 3765 3172">
    <p class='ocr_par' dir='ltr' id='par_1_72' title="bbox 2200 3089 3765 3172">
     <span class='ocr_line' id='line_1_72' title="bbox 2200 3089 3765 3172; baseline -0.013 -11"><span class='ocrx_word' id='word_1_522' title='bbox 2200 3103 2337 3161; x_wconf 80' lang='grc' dir='ltr'>εἶδεν</span> <span class='ocrx_word' id='word_1_523' title='bbox 2368 3105 2426 3158; x_wconf 83' lang='grc' dir='ltr'>ὲν</span> <span class='ocrx_word' id='word_1_524' title='bbox 2458 3100 2609 3172; x_wconf 85' lang='grc' dir='ltr'>αὐτῷ</span> <span class='ocrx_word' id='word_1_525' title='bbox 2640 3098 3109 3154; x_wconf 82' lang='grc' dir='ltr'>ἁνακαινισθεῖσαν</span> <span class='ocrx_word' id='word_1_526' title='bbox 3137 3095 3236 3165; x_wconf 77' lang='grc' dir='ltr'>τὴν</span> <span class='ocrx_word' id='word_1_527' title='bbox 3257 3091 3492 3163; x_wconf 84' lang='grc' dir='ltr'>ἀρχαίαν</span> <span class='ocrx_word' id='word_1_528' title='bbox 3533 3089 3629 3143; x_wconf 73' lang='grc' dir='ltr'>καὶ</span> <span class='ocrx_word' id='word_1_529' title='bbox 3664 3102 3765 3141; x_wconf 73' lang='grc' dir='ltr'><strong>παι</strong></span> 
     </span>
    </p>
   </div>
   <div class='ocr_carea' id='block_1_73' title="bbox 2196 3173 3760 3271">
    <p class='ocr_par' dir='ltr' id='par_1_73' title="bbox 2196 3173 3760 3271">
     <span class='ocr_line' id='line_1_73' title="bbox 2196 3173 3760 3271; baseline -0.016 -18"><span class='ocrx_word' id='word_1_530' title='bbox 2196 3196 2415 3271; x_wconf 78' lang='grc' dir='ltr'>ράδοξον</span> <span class='ocrx_word' id='word_1_531' title='bbox 2436 3194 2651 3263; x_wconf 75' lang='grc' dir='ltr'>ἐκείνην</span> <span class='ocrx_word' id='word_1_532' title='bbox 2686 3189 2920 3264; x_wconf 80' lang='grc' dir='ltr'>μορφὴν,</span> <span class='ocrx_word' id='word_1_533' title='bbox 2943 3187 3039 3241; x_wconf 69' lang='grc' dir='ltr'>καὶ</span> <span class='ocrx_word' id='word_1_534' title='bbox 3059 3187 3242 3257; x_wconf 84' lang='grc' dir='ltr'>χάριν,</span> <span class='ocrx_word' id='word_1_535' title='bbox 3270 3183 3364 3238; x_wconf 70' lang='grc' dir='ltr'>καὶ</span> <span class='ocrx_word' id='word_1_536' title='bbox 3388 3180 3653 3250; x_wconf 70' lang='grc' dir='ltr'>ἕλλαμψιν</span> <span class='ocrx_word' id='word_1_537' title='bbox 3680 3173 3760 3271; x_wconf 81' lang='grc' dir='ltr'>τοῦ</span> 
     </span>
    </p>
   </div>
   <div class='ocr_carea' id='block_1_74' title="bbox 2192 3267 3762 3356">
    <p class='ocr_par' dir='ltr' id='par_1_74' title="bbox 2192 3267 3762 3356">
     <span class='ocr_line' id='line_1_74' title="bbox 2192 3267 3762 3356; baseline -0.015 -12"><span class='ocrx_word' id='word_1_538' title='bbox 2192 3267 2461 3356; x_wconf 74' lang='grc' dir='ltr'>παναγὶου</span> <span class='ocrx_word' id='word_1_539' title='bbox 2495 3282 2813 3354; x_wconf 81' lang='grc' dir='ltr'>Πνεύματος</span> <span class='ocrx_word' id='word_1_540' title='bbox 2838 3298 2851 3311; x_wconf 89' lang='grc'><strong>·</strong></span> <span class='ocrx_word' id='word_1_541' title='bbox 2875 3279 2936 3332; x_wconf 85' lang='grc' dir='ltr'>ὃν</span> <span class='ocrx_word' id='word_1_542' title='bbox 2970 3278 3170 3340; x_wconf 85' lang='grc' dir='ltr'>ίδόντες</span> <span class='ocrx_word' id='word_1_543' title='bbox 3205 3277 3253 3330; x_wconf 82' lang='lat' dir='ltr'><strong>ei</strong></span> <span class='ocrx_word' id='word_1_544' title='bbox 3284 3272 3406 3328; x_wconf 78' lang='grc' dir='ltr'>κατ’</span> <span class='ocrx_word' id='word_1_545' title='bbox 3446 3273 3657 3326; x_wconf 78' lang='grc' dir='ltr'>ἐκεῖνον</span> <span class='ocrx_word' id='word_1_546' title='bbox 3680 3267 3762 3321; x_wconf 75' lang='grc' dir='ltr'>τὸν</span> 
     </span>
    </p>
   </div>
   <div class='ocr_carea' id='block_1_75' title="bbox 2198 3360 3764 3455">
    <p class='ocr_par' dir='ltr' id='par_1_75' title="bbox 2198 3360 3764 3455">
     <span class='ocr_line' id='line_1_75' title="bbox 2198 3360 3764 3455; baseline -0.015 -17"><span class='ocrx_word' id='word_1_547' title='bbox 2198 3382 2407 3455; x_wconf 77' lang='grc' dir='ltr'>καιρὸν,</span> <span class='ocrx_word' id='word_1_548' title='bbox 2422 3380 2555 3435; x_wconf 78' lang='grc' dir='ltr'>Θεὸν</span> <span class='ocrx_word' id='word_1_549' title='bbox 2582 3378 2744 3434; x_wconf 81' lang='grc' dir='ltr'>αὐτὸν</span> <span class='ocrx_word' id='word_1_550' title='bbox 2772 3373 3243 3446; x_wconf 74' lang='grc' dir='ltr'>προσηγόρευσαν.</span> <span class='ocrx_word' id='word_1_551' title='bbox 3268 3369 3380 3422; x_wconf 76' lang='grc' dir='ltr'><strong>Καὶ</strong></span> <span class='ocrx_word' id='word_1_552' title='bbox 3407 3365 3495 3455; x_wconf 67' lang='grc' dir='ltr'><strong>δια</strong></span> <span class='ocrx_word' id='word_1_553' title='bbox 3515 3365 3673 3455; x_wconf 79' lang='grc' dir='ltr'>τοῦτο</span> <span class='ocrx_word' id='word_1_554' title='bbox 3687 3360 3764 3414; x_wconf 78' lang='grc' dir='ltr'><strong>λέ-</strong></span> 
     </span>
    </p>
   </div>
   <div class='ocr_carea' id='block_1_76' title="bbox 2199 3453 3764 3541">
    <p class='ocr_par' dir='ltr' id='par_1_76' title="bbox 2199 3453 3764 3541">
     <span class='ocr_line' id='line_1_76' title="bbox 2199 3453 3764 3541; baseline -0.013 -15"><span class='ocrx_word' id='word_1_555' title='bbox 2199 3453 2351 3541; x_wconf 46' lang='grc' dir='ltr'>γειλὴ</span> <span class='ocrx_word' id='word_1_556' title='bbox 2371 3468 2582 3540; x_wconf 80' lang='grc' dir='ltr'>Γραφὴ,</span> <span class='ocrx_word' id='word_1_557' title='bbox 2605 3467 2689 3520; x_wconf 84' lang='grc' dir='ltr'>ὅτι</span> <span class='ocrx_word' id='word_1_558' title='bbox 2719 3465 2916 3528; x_wconf 83' lang='grc' dir='ltr'>ίδόντες</span> <span class='ocrx_word' id='word_1_559' title='bbox 2944 3462 3052 3515; x_wconf 75' lang='grc' dir='ltr'>υἱοὶ</span> <span class='ocrx_word' id='word_1_560' title='bbox 3080 3459 3175 3514; x_wconf 74' lang='grc' dir='ltr'>τοῦ</span> <span class='ocrx_word' id='word_1_561' title='bbox 3200 3458 3306 3530; x_wconf 83' lang='grc' dir='ltr'><strong>Σὴθ</strong></span> <span class='ocrx_word' id='word_1_562' title='bbox 3337 3456 3435 3520; x_wconf 82' lang='grc' dir='ltr'>τὰς</span> <span class='ocrx_word' id='word_1_563' title='bbox 3467 3453 3764 3522; x_wconf 78' lang='grc' dir='ltr'>θυγατέρας</span> 
     </span>
    </p>
   </div>
   <div class='ocr_carea' id='block_1_77' title="bbox 2200 3542 3765 3630">
    <p class='ocr_par' dir='ltr' id='par_1_77' title="bbox 2200 3542 3765 3630">
     <span class='ocr_line' id='line_1_77' title="bbox 2200 3542 3765 3630; baseline -0.014 -13"><span class='ocrx_word' id='word_1_564' title='bbox 2200 3563 2311 3618; x_wconf 83' lang='grc' dir='ltr'><strong>τῶν</strong></span> <span class='ocrx_word' id='word_1_565' title='bbox 2356 3558 2679 3630; x_wconf 82' lang='grc' dir='ltr'>ἀνθρώπων,</span> <span class='ocrx_word' id='word_1_566' title='bbox 2731 3558 2832 3621; x_wconf 82' lang='grc' dir='ltr'>τὰς</span> <span class='ocrx_word' id='word_1_567' title='bbox 2865 3553 2960 3609; x_wconf 80' lang='grc' dir='ltr'><strong>τοῦ</strong></span> <span class='ocrx_word' id='word_1_568' title='bbox 3001 3552 3193 3621; x_wconf 80' lang='grc' dir='ltr'>γένους</span> <span class='ocrx_word' id='word_1_569' title='bbox 3237 3549 3331 3603; x_wconf 81' lang='grc' dir='ltr'><strong>τοῦ</strong></span> <span class='ocrx_word' id='word_1_570' title='bbox 3382 3545 3556 3613; x_wconf 82' lang='grc' dir='ltr'>Καῒν,</span> <span class='ocrx_word' id='word_1_571' title='bbox 3591 3542 3765 3598; x_wconf 82' lang='grc' dir='ltr'>έλαόσν</span> 
     </span>
    </p>
   </div>
   <div class='ocr_carea' id='block_1_78' title="bbox 2202 3633 3766 3717">
    <p class='ocr_par' dir='ltr' id='par_1_78' title="bbox 2202 3633 3766 3717">
     <span class='ocr_line' id='line_1_78' title="bbox 2202 3633 3766 3717; baseline -0.013 -13"><span class='ocrx_word' id='word_1_572' title='bbox 2202 3652 2412 3713; x_wconf 77' lang='grc' dir='ltr'>ἑαυτοῖς</span> <span class='ocrx_word' id='word_1_573' title='bbox 2434 3648 2717 3717; x_wconf 72' lang='grc' dir='ltr'>γυναῖκας.</span> <span class='ocrx_word' id='word_1_574' title='bbox 2734 3646 2998 3714; x_wconf 85' lang='grc' dir='ltr'>Μετεϊχον</span> <span class='ocrx_word' id='word_1_575' title='bbox 3022 3642 3130 3712; x_wconf 83' lang='grc' dir='ltr'><strong>γὰρ</strong></span> <span class='ocrx_word' id='word_1_576' title='bbox 3152 3639 3246 3694; x_wconf 72' lang='grc' dir='ltr'><strong>καὶ</strong></span> <span class='ocrx_word' id='word_1_577' title='bbox 3271 3637 3424 3692; x_wconf 75' lang='grc' dir='ltr'>αὐτοὶ</span> <span class='ocrx_word' id='word_1_578' title='bbox 3439 3639 3539 3707; x_wconf 80' lang='grc' dir='ltr'>τῆς</span> <span class='ocrx_word' id='word_1_579' title='bbox 3560 3633 3766 3705; x_wconf 78' lang='grc' dir='ltr'>χάριτος</span> 
     </span>
    </p>
   </div>
   <div class='ocr_carea' id='block_1_79' title="bbox 2203 3720 3764 3810">
    <p class='ocr_par' dir='ltr' id='par_1_79' title="bbox 2203 3720 3764 3810">
     <span class='ocr_line' id='line_1_79' title="bbox 2203 3720 3764 3810; baseline -0.013 -13"><span class='ocrx_word' id='word_1_580' title='bbox 2203 3742 2299 3797; x_wconf 81' lang='grc' dir='ltr'>τοῦ</span> <span class='ocrx_word' id='word_1_581' title='bbox 2329 3740 2484 3810; x_wconf 85' lang='grc' dir='ltr'>ἁγίου</span> <span class='ocrx_word' id='word_1_582' title='bbox 2516 3737 2855 3808; x_wconf 85' lang='grc' dir='ltr'>Πνεύματος,</span> <span class='ocrx_word' id='word_1_583' title='bbox 2894 3736 2999 3798; x_wconf 77' lang='grc' dir='ltr'>ἓως</span> <span class='ocrx_word' id='word_1_584' title='bbox 3030 3731 3183 3787; x_wconf 79' lang='grc' dir='ltr'>εἶπεν</span> <span class='ocrx_word' id='word_1_585' title='bbox 3209 3734 3238 3785; x_wconf 90' lang='grc' dir='ltr'>ὁ</span> <span class='ocrx_word' id='word_1_586' title='bbox 3261 3730 3415 3793; x_wconf 75' lang='grc' dir='ltr'>Θεὸς,</span> <span class='ocrx_word' id='word_1_587' title='bbox 3455 3729 3539 3782; x_wconf 82' lang='grc' dir='ltr'>ὅτι</span> <span class='ocrx_word' id='word_1_588' title='bbox 3579 3728 3657 3781; x_wconf 82' lang='grc' dir='ltr'><strong>οὐ</strong></span> <span class='ocrx_word' id='word_1_589' title='bbox 3693 3720 3764 3793; x_wconf 77' lang='grc' dir='ltr'>μὴ</span> 
     </span>
    </p>
   </div>
   <div class='ocr_carea' id='block_1_80' title="bbox 2207 3810 3766 3904">
    <p class='ocr_par' dir='ltr' id='par_1_80' title="bbox 2207 3810 3766 3904">
     <span class='ocr_line' id='line_1_80' title="bbox 2207 3810 3766 3904; baseline -0.013 -14"><span class='ocrx_word' id='word_1_590' title='bbox 2207 3831 2535 3904; x_wconf 76' lang='grc' dir='ltr'>καταμείνῃ</span> <span class='ocrx_word' id='word_1_591' title='bbox 2556 3830 2623 3885; x_wconf 86' lang='grc' dir='ltr'>τὸ</span> <span class='ocrx_word' id='word_1_592' title='bbox 2646 3810 2896 3899; x_wconf 29' lang='grc' dir='ltr'><strong>Πνεῦμάθ</strong></span> <span class='ocrx_word' id='word_1_593' title='bbox 2899 3845 3020 3897; x_wconf 89' lang='grc' dir='ltr'><strong>μου</strong></span> <span class='ocrx_word' id='word_1_594' title='bbox 3048 3827 3119 3880; x_wconf 77' lang='grc' dir='ltr'>ἐν</span> <span class='ocrx_word' id='word_1_595' title='bbox 3141 3824 3268 3891; x_wconf 84' lang='grc' dir='ltr'>τοῖς</span> <span class='ocrx_word' id='word_1_596' title='bbox 3295 3819 3628 3891; x_wconf 80' lang='grc' dir='ltr'>ἀνθρώποις</span> <span class='ocrx_word' id='word_1_597' title='bbox 3648 3816 3766 3872; x_wconf 82' lang='grc' dir='ltr'>τού·</span> 
     </span>
    </p>
   </div>
   <div class='ocr_carea' id='block_1_81' title="bbox 2207 3908 3769 3992">
    <p class='ocr_par' dir='ltr' id='par_1_81' title="bbox 2207 3908 3769 3992">
     <span class='ocr_line' id='line_1_81' title="bbox 2207 3908 3769 3992; baseline -0.013 -12"><span class='ocrx_word' id='word_1_598' title='bbox 2207 3942 2356 3991; x_wconf 83' lang='grc' dir='ltr'>τοις.</span> <span class='ocrx_word' id='word_1_599' title='bbox 2387 3923 2449 3975; x_wconf 78' lang='grc' dir='ltr'>Ὀ</span> <span class='ocrx_word' id='word_1_600' title='bbox 2485 3919 2667 3992; x_wconf 81' lang='grc' dir='ltr'>μέντοι</span> <span class='ocrx_word' id='word_1_601' title='bbox 2687 3918 2795 3991; x_wconf 82' lang='grc' dir='ltr'><strong>Σὴθ</strong></span> <span class='ocrx_word' id='word_1_602' title='bbox 2824 3918 2919 3971; x_wconf 77' lang='grc' dir='ltr'><strong>ἐπὶ</strong></span> <span class='ocrx_word' id='word_1_603' title='bbox 2948 3914 3340 3976; x_wconf 81' lang='grc' dir='ltr'>πεντακοσίους</span> <span class='ocrx_word' id='word_1_604' title='bbox 3371 3910 3534 3965; x_wconf 82' lang='grc' dir='ltr'>πέντε</span> <span class='ocrx_word' id='word_1_605' title='bbox 3559 3908 3769 3983; x_wconf 79' lang='grc' dir='ltr'>χρόνους</span> 
     </span>
    </p>
   </div>
   <div class='ocr_carea' id='block_1_82' title="bbox 2210 4004 3317 4088">
    <p class='ocr_par' dir='ltr' id='par_1_82' title="bbox 2210 4004 3317 4088">
     <span class='ocr_line' id='line_1_82' title="bbox 2210 4004 3317 4088; baseline -0.013 -17"><span class='ocrx_word' id='word_1_606' title='bbox 2210 4016 2480 4088; x_wconf 66' lang='grc' dir='ltr'>διέμεινεν</span> <span class='ocrx_word' id='word_1_607' title='bbox 2510 4011 2650 4084; x_wconf 72' lang='grc' dir='ltr'>ἔχων</span> <span class='ocrx_word' id='word_1_608' title='bbox 2664 4010 2769 4081; x_wconf 46' lang='grc' dir='ltr'>τὴν.</span> <span class='ocrx_word' id='word_1_609' title='bbox 2789 4006 3049 4078; x_wconf 83' lang='grc' dir='ltr'>τοιαύτην</span> <span class='ocrx_word' id='word_1_610' title='bbox 3079 4004 3317 4078; x_wconf 72' lang='grc' dir='ltr'>μορφήν.</span> 
     </span>
    </p>
   </div>
   <div class='ocr_carea' id='block_1_83' title="bbox 526 4124 3756 4203">
    <p class='ocr_par' dir='ltr' id='par_1_83' title="bbox 526 4124 3756 4203">
     <span class='ocr_line' id='line_1_83' title="bbox 526 4124 3756 4203; baseline -0 -25"><span class='ocrx_word' id='word_1_611' title='bbox 526 4137 623 4193; x_wconf 88' lang='lat' dir='ltr'><strong>pes</strong></span> <span class='ocrx_word' id='word_1_612' title='bbox 655 4125 801 4179; x_wconf 90' lang='lat' dir='ltr'><strong>enim</strong></span> <span class='ocrx_word' id='word_1_613' title='bbox 831 4133 886 4180; x_wconf 88' lang='lat' dir='ltr'><strong>et</strong></span> <span class='ocrx_word' id='word_1_614' title='bbox 920 4125 1025 4197; x_wconf 89' lang='lat' dir='ltr'><strong>ipsi</strong></span> <span class='ocrx_word' id='word_1_615' title='bbox 1068 4136 1229 4184; x_wconf 88' lang='lat' dir='ltr'><strong>erant</strong></span> <span class='ocrx_word' id='word_1_616' title='bbox 1268 4130 1459 4200; x_wconf 76' lang='lat' dir='ltr'><strong>gratia:</strong></span> <span class='ocrx_word' id='word_1_617' title='bbox 1489 4129 1665 4185; x_wconf 88' lang='lat' dir='ltr'><strong>sancti</strong></span> <span class='ocrx_word' id='word_1_618' title='bbox 1696 4129 1958 4202; x_wconf 85' lang='lat' dir='ltr'><strong>Spiritus,</strong></span> <span class='ocrx_word' id='word_1_619' title='bbox 1994 4148 2171 4203; x_wconf 88' lang='lat' dir='ltr'><strong>usque</strong></span> <span class='ocrx_word' id='word_1_620' title='bbox 2198 4133 2327 4188; x_wconf 86' lang='lat' dir='ltr'><strong>dum</strong></span> <span class='ocrx_word' id='word_1_621' title='bbox 2356 4130 2497 4185; x_wconf 84' lang='lat' dir='ltr'><strong>dixit</strong></span> <span class='ocrx_word' id='word_1_622' title='bbox 2521 4131 2667 4186; x_wconf 80' lang='lat' dir='ltr'><strong>Deus</strong></span> <span class='ocrx_word' id='word_1_623' title='bbox 2697 4146 2712 4184; x_wconf 89' lang='lat'><strong>:</strong></span> <span class='ocrx_word' id='word_1_624' title='bbox 2754 4129 2875 4184; x_wconf 86' lang='lat' dir='ltr'><strong>Non</strong></span> <span class='ocrx_word' id='word_1_625' title='bbox 2904 4128 3229 4199; x_wconf 74' lang='lat' dir='ltr'><strong>permanebit</strong></span> <span class='ocrx_word' id='word_1_626' title='bbox 3273 4128 3504 4198; x_wconf 79' lang='lat' dir='ltr'><strong>Spiritus</strong></span> <span class='ocrx_word' id='word_1_627' title='bbox 3533 4143 3670 4182; x_wconf 75' lang='lat' dir='ltr'><strong>meus</strong></span> <span class='ocrx_word' id='word_1_628' title='bbox 3706 4124 3756 4178; x_wconf 85' lang='lat' dir='ltr'><strong>in</strong></span> 
     </span>
    </p>
   </div>
   <div class='ocr_carea' id='block_1_84' title="bbox 513 4217 3539 4297">
    <p class='ocr_par' dir='ltr' id='par_1_84' title="bbox 513 4217 3539 4297">
     <span class='ocr_line' id='line_1_84' title="bbox 513 4217 3539 4297; baseline 0.002 -27"><span class='ocrx_word' id='word_1_629' title='bbox 513 4217 813 4272; x_wconf 81' lang='lat' dir='ltr'><strong>hominibus</strong></span> <span class='ocrx_word' id='word_1_630' title='bbox 840 4219 958 4273; x_wconf 78' lang='lat' dir='ltr'><strong>istis</strong></span> <span class='ocrx_word' id='word_1_631' title='bbox 985 4220 1049 4275; x_wconf 74' lang='grc'><strong>’⁸.</strong></span> <span class='ocrx_word' id='word_1_632' title='bbox 1078 4221 1257 4293; x_wconf 78' lang='lat' dir='ltr'><strong>Atque</strong></span> <span class='ocrx_word' id='word_1_633' title='bbox 1282 4219 1487 4278; x_wconf 90' lang='lat' dir='ltr'><strong>Sethus</strong></span> <span class='ocrx_word' id='word_1_634' title='bbox 1520 4223 1740 4294; x_wconf 87' lang='lat' dir='ltr'><strong>quidem</strong></span> <span class='ocrx_word' id='word_1_635' title='bbox 1772 4222 1838 4278; x_wconf 90' lang='lat' dir='ltr'><strong>ad</strong></span> <span class='ocrx_word' id='word_1_636' title='bbox 1865 4221 2201 4293; x_wconf 85' lang='lat' dir='ltr'><strong>quingentos</strong></span> <span class='ocrx_word' id='word_1_637' title='bbox 2222 4227 2463 4297; x_wconf 79' lang='lat' dir='ltr'><strong>quinque</strong></span> <span class='ocrx_word' id='word_1_638' title='bbox 2481 4238 2656 4277; x_wconf 89' lang='lat' dir='ltr'><strong>annos</strong></span> <span class='ocrx_word' id='word_1_639' title='bbox 2691 4222 2831 4278; x_wconf 88' lang='lat' dir='ltr'><strong>hanc</strong></span> <span class='ocrx_word' id='word_1_640' title='bbox 2854 4225 3013 4278; x_wconf 68' lang='lat' dir='ltr'><strong>tatem</strong></span> <span class='ocrx_word' id='word_1_641' title='bbox 3042 4222 3268 4276; x_wconf 82' lang='lat' dir='ltr'><strong>l‘m-mam</strong></span> <span class='ocrx_word' id='word_1_642' title='bbox 3295 4224 3539 4277; x_wconf 70' lang='lat' dir='ltr'><strong>rrliuttii.</strong></span> 
     </span>
    </p>
   </div>
   <div class='ocr_carea' id='block_1_85' title="bbox 911 4325 1657 4383">
    <p class='ocr_par' dir='ltr' id='par_1_85' title="bbox 911 4325 1657 4383">
     <span class='ocr_line' id='line_1_85' title="bbox 911 4325 1657 4383; baseline 0.001 -2"><span class='ocrx_word' id='word_1_643' title='bbox 911 4325 1433 4383; x_wconf 74' lang='lat' dir='ltr'><strong>INTERROGATIO</strong></span> <span class='ocrx_word' id='word_1_644' title='bbox 1470 4325 1657 4382; x_wconf 79' lang='lat' dir='ltr'><strong>XLIX.</strong></span> 
     </span>
    </p>
   </div>
   <div class='ocr_carea' id='block_1_86' title="bbox 572 4414 2085 4477">
    <p class='ocr_par' dir='ltr' id='par_1_86' title="bbox 572 4414 2085 4477">
     <span class='ocr_line' id='line_1_86' title="bbox 572 4414 2085 4477; baseline -0.005 -4"><span class='ocrx_word' id='word_1_645' title='bbox 572 4415 631 4473; x_wconf 86' lang='lat' dir='ltr'><strong>Si</strong></span> <span class='ocrx_word' id='word_1_646' title='bbox 670 4433 865 4473; x_wconf 88' lang='lat' dir='ltr'><strong>versus</strong></span> <span class='ocrx_word' id='word_1_647' title='bbox 899 4417 967 4472; x_wconf 86' lang='lat' dir='ltr'><strong>ad</strong></span> <span class='ocrx_word' id='word_1_648' title='bbox 999 4419 1244 4474; x_wconf 88' lang='lat' dir='ltr'><strong>deterius</strong></span> <span class='ocrx_word' id='word_1_649' title='bbox 1276 4416 1533 4471; x_wconf 85' lang='lat' dir='ltr'><strong>diabolus</strong></span> <span class='ocrx_word' id='word_1_650' title='bbox 1565 4431 1633 4470; x_wconf 67' lang='lat' dir='ltr'><strong>ex</strong></span> <span class='ocrx_word' id='word_1_651' title='bbox 1664 4416 1822 4470; x_wconf 72' lang='lat' dir='ltr'><strong>cmlis</strong></span> <span class='ocrx_word' id='word_1_652' title='bbox 1850 4414 2085 4477; x_wconf 86' lang='lat' dir='ltr'><strong>decidit,</strong></span> 
     </span>
    </p>
   </div>
   <div class='ocr_carea' id='block_1_87' title="bbox 499 4506 2089 4580">
    <p class='ocr_par' dir='ltr' id='par_1_87' title="bbox 499 4506 2089 4580">
     <span class='ocr_line' id='line_1_87' title="bbox 499 4506 2089 4580; baseline -0.005 -15"><span class='ocrx_word' id='word_1_653' title='bbox 499 4523 669 4580; x_wconf 86' lang='lat' dir='ltr'><strong>supra</strong></span> <span class='ocrx_word' id='word_1_654' title='bbox 714 4525 775 4565; x_wconf 88' lang='lat' dir='ltr'><strong>se</strong></span> <span class='ocrx_word' id='word_1_655' title='bbox 813 4509 1022 4564; x_wconf 88' lang='lat' dir='ltr'><strong>habens</strong></span> <span class='ocrx_word' id='word_1_656' title='bbox 1067 4524 1165 4565; x_wconf 91' lang='lat' dir='ltr'><strong>eos</strong></span> <span class='ocrx_word' id='word_1_657' title='bbox 1208 4509 1300 4578; x_wconf 91' lang='lat' dir='ltr'><strong>qui</strong></span> <span class='ocrx_word' id='word_1_658' title='bbox 1353 4514 1777 4579; x_wconf 85' lang='lat' dir='ltr'><strong>permanserunt</strong></span> <span class='ocrx_word' id='word_1_659' title='bbox 1826 4506 2089 4559; x_wconf 57' lang='lat' dir='ltr'><strong>immuta-</strong></span> 
     </span>
    </p>
   </div>
   <div class='ocr_carea' id='block_1_88' title="bbox 500 4596 2092 4672">
    <p class='ocr_par' dir='ltr' id='par_1_88' title="bbox 500 4596 2092 4672">
     <span class='ocr_line' id='line_1_88' title="bbox 500 4596 2092 4672; baseline -0.004 -16"><span class='ocrx_word' id='word_1_660' title='bbox 500 4602 672 4670; x_wconf 81' lang='lat' dir='ltr'><strong>biles,</strong></span> <span class='ocrx_word' id='word_1_661' title='bbox 706 4601 983 4672; x_wconf 87' lang='lat' dir='ltr'><strong>quomodo</strong></span> <span class='ocrx_word' id='word_1_662' title='bbox 1017 4599 1122 4671; x_wconf 89' lang='lat' dir='ltr'><strong>ipsi</strong></span> <span class='ocrx_word' id='word_1_663' title='bbox 1160 4600 1289 4655; x_wconf 87' lang='lat' dir='ltr'><strong>licet</strong></span> <span class='ocrx_word' id='word_1_664' title='bbox 1327 4598 1483 4655; x_wconf 65' lang='lat' dir='ltr'><strong>cwlis</strong></span> <span class='ocrx_word' id='word_1_665' title='bbox 1527 4596 2002 4668; x_wconf 88' lang='lat' dir='ltr'><strong>appropinquare,</strong></span> <span class='ocrx_word' id='word_1_666' title='bbox 2037 4603 2092 4651; x_wconf 88' lang='lat' dir='ltr'><strong>et</strong></span> 
     </span>
    </p>
   </div>
   <div class='ocr_carea' id='block_1_89' title="bbox 501 4685 2092 4763">
    <p class='ocr_par' dir='ltr' id='par_1_89' title="bbox 501 4685 2092 4763">
     <span class='ocr_line' id='line_1_89' title="bbox 501 4685 2092 4763; baseline -0.003 -15"><span class='ocrx_word' id='word_1_667' title='bbox 501 4707 627 4748; x_wconf 91' lang='lat' dir='ltr'><strong>cum</strong></span> <span class='ocrx_word' id='word_1_668' title='bbox 662 4692 872 4763; x_wconf 91' lang='lat' dir='ltr'><strong>angelis</strong></span> <span class='ocrx_word' id='word_1_669' title='bbox 902 4690 1015 4747; x_wconf 91' lang='lat' dir='ltr'><strong>Deo</strong></span> <span class='ocrx_word' id='word_1_670' title='bbox 1053 4692 1346 4755; x_wconf 86' lang='lat' dir='ltr'><strong>assistere,</strong></span> <span class='ocrx_word' id='word_1_671' title='bbox 1398 4704 1464 4745; x_wconf 89' lang='lat' dir='ltr'><strong>ac</strong></span> <span class='ocrx_word' id='word_1_672' title='bbox 1507 4689 1806 4761; x_wconf 86' lang='lat' dir='ltr'><strong>deposcere</strong></span> <span class='ocrx_word' id='word_1_673' title='bbox 1843 4685 2092 4743; x_wconf 86' lang='lat' dir='ltr'><strong>Jobum?</strong></span> 
     </span>
    </p>
   </div>
   <div class='ocr_carea' id='block_1_90' title="bbox 506 4778 2089 4856">
    <p class='ocr_par' dir='ltr' id='par_1_90' title="bbox 506 4778 2089 4856">
     <span class='ocr_line' id='line_1_90' title="bbox 506 4778 2089 4856; baseline -0.004 -16"><span class='ocrx_word' id='word_1_674' title='bbox 506 4785 686 4856; x_wconf 89' lang='lat' dir='ltr'><strong>lnquit</strong></span> <span class='ocrx_word' id='word_1_675' title='bbox 711 4785 857 4840; x_wconf 91' lang='lat' dir='ltr'><strong>enim</strong></span> <span class='ocrx_word' id='word_1_676' title='bbox 891 4784 961 4841; x_wconf 89' lang='lat' dir='ltr'><strong>de</strong></span> <span class='ocrx_word' id='word_1_677' title='bbox 987 4784 1109 4853; x_wconf 92' lang='lat' dir='ltr'><strong>ipso</strong></span> <span class='ocrx_word' id='word_1_678' title='bbox 1134 4782 1344 4852; x_wconf 87' lang='lat' dir='ltr'><strong>scripta</strong></span> <span class='ocrx_word' id='word_1_679' title='bbox 1372 4780 1605 4835; x_wconf 88' lang='lat' dir='ltr'><strong>historia</strong></span> <span class='ocrx_word' id='word_1_680' title='bbox 1633 4798 1645 4834; x_wconf 89' lang='lat'>:</span> <span class='ocrx_word' id='word_1_681' title='bbox 1689 4778 1958 4834; x_wconf 83' lang='lat' dir='ltr'><strong>Venerunt</strong></span> <span class='ocrx_word' id='word_1_682' title='bbox 1990 4797 2089 4834; x_wconf 89' lang='lat' dir='ltr'><strong>an-</strong></span> 
     </span>
    </p>
   </div>
   <div class='ocr_carea' id='block_1_91' title="bbox 501 4870 2121 4952">
    <p class='ocr_par' dir='ltr' id='par_1_91' title="bbox 501 4870 2121 4952">
     <span class='ocr_line' id='line_1_91' title="bbox 501 4870 2121 4952; baseline -0.002 -22"><span class='ocrx_word' id='word_1_683' title='bbox 501 4876 605 4947; x_wconf 76' lang='lat' dir='ltr'><strong>geli</strong></span> <span class='ocrx_word' id='word_1_684' title='bbox 630 4875 758 4942; x_wconf 87' lang='lat' dir='ltr'><strong>Dei,</strong></span> <span class='ocrx_word' id='word_1_685' title='bbox 783 4884 833 4930; x_wconf 83' lang='lat' dir='ltr'><strong>et</strong></span> <span class='ocrx_word' id='word_1_686' title='bbox 865 4873 1114 4929; x_wconf 83' lang='lat' dir='ltr'><strong>diabolus</strong></span> <span class='ocrx_word' id='word_1_687' title='bbox 1142 4874 1196 4927; x_wconf 85' lang='lat' dir='ltr'><strong>in</strong></span> <span class='ocrx_word' id='word_1_688' title='bbox 1227 4871 1399 4925; x_wconf 84' lang='lat' dir='ltr'><strong>medie</strong></span> <span class='ocrx_word' id='word_1_689' title='bbox 1424 4871 1662 4942; x_wconf 82' lang='lat' dir='ltr'><strong>ipsorum</strong></span> <span class='ocrx_word' id='word_1_690' title='bbox 1690 4870 1760 4937; x_wconf 70' lang='grc'><strong>⁸⁸,</strong></span> <span class='ocrx_word' id='word_1_691' title='bbox 1791 4879 1845 4926; x_wconf 85' lang='lat' dir='ltr'><strong>et</strong></span> <span class='ocrx_word' id='word_1_692' title='bbox 1872 4880 2121 4952; x_wconf 36' lang='lat' dir='ltr'><strong>cmtera.’</strong></span> 
     </span>
    </p>
   </div>
   <div class='ocr_carea' id='block_1_92' title="bbox 1148 5046 1456 5118">
    <p class='ocr_par' dir='ltr' id='par_1_92' title="bbox 1148 5046 1456 5118">
     <span class='ocr_line' id='line_1_92' title="bbox 1148 5046 1456 5118; baseline 0 -17"><span class='ocrx_word' id='word_1_693' title='bbox 1148 5046 1456 5118; x_wconf 84' lang='lat' dir='ltr'><strong>Responsio.</strong></span> 
     </span>
    </p>
   </div>
   <div class='ocr_carea' id='block_1_93' title="bbox 575 5139 2096 5214">
    <p class='ocr_par' dir='ltr' id='par_1_93' title="bbox 575 5139 2096 5214">
     <span class='ocr_line' id='line_1_93' title="bbox 575 5139 2096 5214; baseline -0.002 -17"><span class='ocrx_word' id='word_1_694' title='bbox 575 5139 695 5197; x_wconf 89' lang='lat' dir='ltr'><strong>Non</strong></span> <span class='ocrx_word' id='word_1_695' title='bbox 724 5142 872 5214; x_wconf 90' lang='lat' dir='ltr'><strong>quod</strong></span> <span class='ocrx_word' id='word_1_696' title='bbox 909 5139 1084 5211; x_wconf 90' lang='lat' dir='ltr'><strong>possit</strong></span> <span class='ocrx_word' id='word_1_697' title='bbox 1127 5141 1181 5196; x_wconf 93' lang='lat' dir='ltr'><strong>in</strong></span> <span class='ocrx_word' id='word_1_698' title='bbox 1230 5142 1402 5197; x_wconf 82' lang='lat' dir='ltr'><strong>caelos</strong></span> <span class='ocrx_word' id='word_1_699' title='bbox 1448 5141 1781 5208; x_wconf 89' lang='lat' dir='ltr'><strong>ascendere,</strong></span> <span class='ocrx_word' id='word_1_700' title='bbox 1827 5140 1923 5212; x_wconf 91' lang='lat' dir='ltr'><strong>qui</strong></span> <span class='ocrx_word' id='word_1_701' title='bbox 1969 5139 2096 5195; x_wconf 89' lang='lat' dir='ltr'><strong>inde</strong></span> 
     </span>
    </p>
   </div>
   <div class='ocr_carea' id='block_1_94' title="bbox 507 5236 2094 5310">
    <p class='ocr_par' dir='ltr' id='par_1_94' title="bbox 507 5236 2094 5310">
     <span class='ocr_line' id='line_1_94' title="bbox 507 5236 2094 5310; baseline -0.003 -19"><span class='ocrx_word' id='word_1_702' title='bbox 507 5236 883 5310; x_wconf 69' lang='lat' dir='ltr'><strong>praecipitatus</strong></span> <span class='ocrx_word' id='word_1_703' title='bbox 904 5247 987 5293; x_wconf 89' lang='lat' dir='ltr'><strong>est</strong></span> <span class='ocrx_word' id='word_1_704' title='bbox 1033 5238 1104 5294; x_wconf 87' lang='lat' dir='ltr'><strong>ob</strong></span> <span class='ocrx_word' id='word_1_705' title='bbox 1151 5237 1394 5295; x_wconf 87' lang='lat' dir='ltr'><strong>furorem</strong></span> <span class='ocrx_word' id='word_1_706' title='bbox 1447 5253 1607 5295; x_wconf 89' lang='lat' dir='ltr'><strong>suum</strong></span> <span class='ocrx_word' id='word_1_707' title='bbox 1663 5237 1948 5300; x_wconf 83' lang='lat' dir='ltr'><strong>diabolus,</strong></span> <span class='ocrx_word' id='word_1_708' title='bbox 1998 5240 2094 5287; x_wconf 87' lang='lat' dir='ltr'><strong>aut</strong></span> 
     </span>
    </p>
   </div>
   <div class='ocr_carea' id='block_1_95' title="bbox 507 5328 2095 5419">
    <p class='ocr_par' dir='ltr' id='par_1_95' title="bbox 507 5328 2095 5419">
     <span class='ocr_line' id='line_1_95' title="bbox 507 5328 2095 5419; baseline -0.004 -32"><span class='ocrx_word' id='word_1_709' title='bbox 507 5346 633 5389; x_wconf 89' lang='lat' dir='ltr'><strong>cum</strong></span> <span class='ocrx_word' id='word_1_710' title='bbox 667 5331 878 5419; x_wconf 69' lang='lat' dir='ltr'><strong>angelis</strong></span> <span class='ocrx_word' id='word_1_711' title='bbox 909 5329 976 5385; x_wconf 90' lang='lat' dir='ltr'><strong>ad</strong></span> <span class='ocrx_word' id='word_1_712' title='bbox 1011 5328 1179 5386; x_wconf 86' lang='lat' dir='ltr'><strong>Deum</strong></span> <span class='ocrx_word' id='word_1_713' title='bbox 1212 5330 1503 5395; x_wconf 88' lang='lat' dir='ltr'><strong>accedere,</strong></span> <span class='ocrx_word' id='word_1_714' title='bbox 1543 5336 1639 5383; x_wconf 89' lang='lat' dir='ltr'><strong>aut</strong></span> <span class='ocrx_word' id='word_1_715' title='bbox 1681 5328 1791 5382; x_wconf 89' lang='lat' dir='ltr'><strong>ulla</strong></span> <span class='ocrx_word' id='word_1_716' title='bbox 1835 5342 1903 5381; x_wconf 83' lang='lat' dir='ltr'><strong>ex</strong></span> <span class='ocrx_word' id='word_1_717' title='bbox 1937 5332 2095 5395; x_wconf 89' lang='lat' dir='ltr'><strong>parte</strong></span> 
     </span>
    </p>
   </div>
   <div class='ocr_carea' id='block_1_96' title="bbox 508 5417 2093 5497">
    <p class='ocr_par' dir='ltr' id='par_1_96' title="bbox 508 5417 2093 5497">
     <span class='ocr_line' id='line_1_96' title="bbox 508 5417 2093 5497; baseline -0.008 -14"><span class='ocrx_word' id='word_1_718' title='bbox 508 5417 696 5497; x_wconf 76' lang='lat' dir='ltr'><strong>supra</strong></span> <span class='ocrx_word' id='word_1_719' title='bbox 730 5425 997 5481; x_wconf 75' lang='lat' dir='ltr'><strong>ccelorum</strong></span> <span class='ocrx_word' id='word_1_720' title='bbox 1049 5423 1551 5481; x_wconf 83' lang='lat' dir='ltr'><strong>circumferentiam</strong></span> <span class='ocrx_word' id='word_1_721' title='bbox 1596 5420 1813 5484; x_wconf 87' lang='lat' dir='ltr'><strong>venire,</strong></span> <span class='ocrx_word' id='word_1_722' title='bbox 1868 5417 1974 5472; x_wconf 89' lang='lat' dir='ltr'><strong>hoc</strong></span> <span class='ocrx_word' id='word_1_723' title='bbox 2017 5417 2093 5472; x_wconf 88' lang='lat' dir='ltr'><strong>ita</strong></span> 
     </span>
    </p>
   </div>
   <div class='ocr_carea' id='block_1_97' title="bbox 2768 4308 3185 4365">
    <p class='ocr_par' dir='ltr' id='par_1_97' title="bbox 2768 4308 3185 4365">
     <span class='ocr_line' id='line_1_97' title="bbox 2768 4308 3185 4365; baseline -0.012 1"><span class='ocrx_word' id='word_1_724' title='bbox 2768 4311 3014 4365; x_wconf 86' lang='grc' dir='ltr'><strong>ΠΕΥΣΙΣ</strong></span> <span class='ocrx_word' id='word_1_725' title='bbox 3050 4308 3185 4363; x_wconf 84' lang='grc' dir='ltr'><strong>ΜΘ’.</strong></span> 
     </span>
    </p>
   </div>
   <div class='ocr_carea' id='block_1_98' title="bbox 2261 4388 3753 4479">
    <p class='ocr_par' dir='ltr' id='par_1_98' title="bbox 2261 4388 3753 4479">
     <span class='ocr_line' id='line_1_98' title="bbox 2261 4388 3753 4479; baseline -0.013 -18"><span class='ocrx_word' id='word_1_726' title='bbox 2261 4411 2320 4461; x_wconf 57' lang='lat' dir='ltr'><strong>lui</strong></span> <span class='ocrx_word' id='word_1_727' title='bbox 2352 4406 2576 4479; x_wconf 73' lang='grc' dir='ltr'>τραπεὶς</span> <span class='ocrx_word' id='word_1_728' title='bbox 2610 4406 2703 4458; x_wconf 70' lang='grc' dir='ltr'><strong>ἐπὶ</strong></span> <span class='ocrx_word' id='word_1_729' title='bbox 2728 4404 2787 4457; x_wconf 84' lang='grc' dir='ltr'>τὸ</span> <span class='ocrx_word' id='word_1_730' title='bbox 2811 4406 2988 4475; x_wconf 79' lang='grc' dir='ltr'>χεῖρον</span> <span class='ocrx_word' id='word_1_731' title='bbox 3017 4403 3045 4454; x_wconf 85' lang='grc' dir='ltr'>ὁ</span> <span class='ocrx_word' id='word_1_732' title='bbox 3071 4397 3340 4463; x_wconf 76' lang='grc' dir='ltr'>διάϐολος,</span> <span class='ocrx_word' id='word_1_733' title='bbox 3377 4394 3487 4448; x_wconf 83' lang='grc' dir='ltr'>τῶν</span> <span class='ocrx_word' id='word_1_734' title='bbox 3518 4388 3753 4463; x_wconf 78' lang='grc' dir='ltr'>οὐρανῶν</span> 
     </span>
    </p>
   </div>
   <div class='ocr_carea' id='block_1_99' title="bbox 2187 4486 3755 4566">
    <p class='ocr_par' dir='ltr' id='par_1_99' title="bbox 2187 4486 3755 4566">
     <span class='ocr_line' id='line_1_99' title="bbox 2187 4486 3755 4566; baseline -0.01 -15"><span class='ocrx_word' id='word_1_735' title='bbox 2187 4498 2482 4564; x_wconf 80' lang='grc' dir='ltr'>κατέπεσε,</span> <span class='ocrx_word' id='word_1_736' title='bbox 2531 4495 2676 4551; x_wconf 83' lang='grc' dir='ltr'>κατὰ</span> <span class='ocrx_word' id='word_1_737' title='bbox 2716 4495 2962 4566; x_wconf 80' lang='grc' dir='ltr'>κεφαλῆς</span> <span class='ocrx_word' id='word_1_738' title='bbox 3011 4493 3057 4546; x_wconf 80' lang='grc' dir='ltr'>δ’</span> <span class='ocrx_word' id='word_1_739' title='bbox 3099 4490 3239 4561; x_wconf 74' lang='grc' dir='ltr'>ἔχων</span> <span class='ocrx_word' id='word_1_740' title='bbox 3294 4488 3421 4551; x_wconf 82' lang='grc' dir='ltr'>τοὺς</span> <span class='ocrx_word' id='word_1_741' title='bbox 3479 4486 3755 4558; x_wconf 81' lang='grc' dir='ltr'>μείναντας</span> 
     </span>
    </p>
   </div>
   <div class='ocr_carea' id='block_1_100' title="bbox 2186 4574 3756 4662">
    <p class='ocr_par' dir='ltr' id='par_1_100' title="bbox 2186 4574 3756 4662">
     <span class='ocr_line' id='line_1_100' title="bbox 2186 4574 3756 4662; baseline -0.011 -18"><span class='ocrx_word' id='word_1_742' title='bbox 2186 4589 2577 4662; x_wconf 82' lang='grc' dir='ltr'>ἀμεταθέτους,</span> <span class='ocrx_word' id='word_1_743' title='bbox 2615 4587 2734 4650; x_wconf 82' lang='grc' dir='ltr'><strong>πῶς</strong></span> <span class='ocrx_word' id='word_1_744' title='bbox 2767 4584 2915 4655; x_wconf 85' lang='grc' dir='ltr'><strong>αὐτῷ</strong></span> <span class='ocrx_word' id='word_1_745' title='bbox 2944 4584 3153 4652; x_wconf 75' lang='grc' dir='ltr'>ἔξεστιν</span> <span class='ocrx_word' id='word_1_746' title='bbox 3181 4578 3423 4650; x_wconf 75' lang='grc' dir='ltr'>ἐγγίζειν</span> <span class='ocrx_word' id='word_1_747' title='bbox 3448 4578 3575 4640; x_wconf 78' lang='grc' dir='ltr'><strong>τούς</strong></span> <span class='ocrx_word' id='word_1_748' title='bbox 3599 4574 3756 4662; x_wconf 87' lang='grc' dir='ltr'>οὐρα·-</span> 
     </span>
    </p>
   </div>
   <div class='ocr_carea' id='block_1_101' title="bbox 2186 4661 3759 4748">
    <p class='ocr_par' dir='ltr' id='par_1_101' title="bbox 2186 4661 3759 4748">
     <span class='ocr_line' id='line_1_101' title="bbox 2186 4661 3759 4748; baseline -0.015 -11"><span class='ocrx_word' id='word_1_749' title='bbox 2186 4661 2331 4746; x_wconf 79' lang='grc' dir='ltr'><strong>νούς,</strong></span> <span class='ocrx_word' id='word_1_750' title='bbox 2377 4680 2470 4735; x_wconf 74' lang='grc' dir='ltr'>καὶ</span> <span class='ocrx_word' id='word_1_751' title='bbox 2510 4677 2628 4748; x_wconf 85' lang='grc' dir='ltr'>μετ’</span> <span class='ocrx_word' id='word_1_752' title='bbox 2660 4675 2906 4747; x_wconf 85' lang='grc' dir='ltr'>ἀγγέλων</span> <span class='ocrx_word' id='word_1_753' title='bbox 2936 4672 3055 4745; x_wconf 86' lang='grc' dir='ltr'><strong>Θεῷ</strong></span> <span class='ocrx_word' id='word_1_754' title='bbox 3088 4666 3475 4743; x_wconf 73' lang='grc' dir='ltr'>παρίστασθαι,</span> <span class='ocrx_word' id='word_1_755' title='bbox 3502 4664 3595 4718; x_wconf 73' lang='grc' dir='ltr'>καὶ</span> <span class='ocrx_word' id='word_1_756' title='bbox 3624 4661 3759 4748; x_wconf 59' lang='grc' dir='ltr'>ὲξαιέ</span> 
     </span>
    </p>
   </div>
   <div class='ocr_carea' id='block_1_102' title="bbox 2188 4744 3758 4839">
    <p class='ocr_par' dir='ltr' id='par_1_102' title="bbox 2188 4744 3758 4839">
     <span class='ocr_line' id='line_1_102' title="bbox 2188 4744 3758 4839; baseline -0.013 -14"><span class='ocrx_word' id='word_1_757' title='bbox 2188 4744 2303 4826; x_wconf 86' lang='grc' dir='ltr'>τεῒν</span> <span class='ocrx_word' id='word_1_758' title='bbox 2335 4769 2426 4825; x_wconf 80' lang='grc' dir='ltr'>τὸν</span> <span class='ocrx_word' id='word_1_759' title='bbox 2466 4744 2622 4837; x_wconf 70' lang='grc' dir='ltr'><strong>Ἰω6;</strong></span> <span class='ocrx_word' id='word_1_760' title='bbox 2665 4744 2803 4839; x_wconf 73' lang='grc' dir='ltr'>Φησὶ</span> <span class='ocrx_word' id='word_1_761' title='bbox 2827 4764 2935 4836; x_wconf 87' lang='grc' dir='ltr'><strong>γὰρ</strong></span> <span class='ocrx_word' id='word_1_762' title='bbox 2960 4766 2994 4836; x_wconf 81' lang='grc' dir='ltr'><strong>ἡ</strong></span> <span class='ocrx_word' id='word_1_763' title='bbox 3035 4761 3155 4817; x_wconf 86' lang='grc' dir='ltr'>κατ’</span> <span class='ocrx_word' id='word_1_764' title='bbox 3179 4759 3339 4814; x_wconf 81' lang='grc' dir='ltr'>αὐτὸν</span> <span class='ocrx_word' id='word_1_765' title='bbox 3377 4756 3584 4828; x_wconf 83' lang='grc' dir='ltr'>ἱστορία</span> <span class='ocrx_word' id='word_1_766' title='bbox 3605 4770 3619 4784; x_wconf 94' lang='grc'><strong>·</strong></span> <span class='ocrx_word' id='word_1_767' title='bbox 3657 4744 3758 4807; x_wconf 69' lang='grc' dir='ltr'>Καῖ</span> 
     </span>
    </p>
   </div>
   <div class='ocr_carea' id='block_1_103' title="bbox 2189 4840 3761 4935">
    <p class='ocr_par' dir='ltr' id='par_1_103' title="bbox 2189 4840 3761 4935">
     <span class='ocr_line' id='line_1_103' title="bbox 2189 4840 3761 4935; baseline -0.017 -16"><span class='ocrx_word' id='word_1_768' title='bbox 2189 4861 2382 4935; x_wconf 74' lang='grc' dir='ltr'>ἦλθον</span> <span class='ocrx_word' id='word_1_769' title='bbox 2412 4865 2467 4916; x_wconf 81' lang='grc' dir='ltr'>οἱ</span> <span class='ocrx_word' id='word_1_770' title='bbox 2497 4861 2738 4932; x_wconf 74' lang='grc' dir='ltr'>ἄγγελοι</span> <span class='ocrx_word' id='word_1_771' title='bbox 2762 4856 2869 4911; x_wconf 85' lang='grc' dir='ltr'>τοῦ</span> <span class='ocrx_word' id='word_1_772' title='bbox 2903 4854 3073 4918; x_wconf 87' lang='grc' dir='ltr'>Θεοῦ,</span> <span class='ocrx_word' id='word_1_773' title='bbox 3103 4852 3202 4907; x_wconf 76' lang='grc' dir='ltr'>καὶ</span> <span class='ocrx_word' id='word_1_774' title='bbox 3224 4854 3257 4905; x_wconf 84' lang='grc' dir='ltr'><em>ὁ</em></span> <span class='ocrx_word' id='word_1_775' title='bbox 3280 4849 3561 4911; x_wconf 77' lang='grc' dir='ltr'>διάϐολος</span> <span class='ocrx_word' id='word_1_776' title='bbox 3585 4840 3761 4916; x_wconf 75' lang='grc' dir='ltr'>ἦλθεν</span> 
     </span>
    </p>
   </div>
   <div class='ocr_carea' id='block_1_104' title="bbox 2190 4945 3096 5024">
    <p class='ocr_par' dir='ltr' id='par_1_104' title="bbox 2190 4945 3096 5024">
     <span class='ocr_line' id='line_1_104' title="bbox 2190 4945 3096 5024; baseline -0.012 -15"><span class='ocrx_word' id='word_1_777' title='bbox 2190 4955 2260 5009; x_wconf 82' lang='grc' dir='ltr'>ἐν</span> <span class='ocrx_word' id='word_1_778' title='bbox 2277 4954 2446 5024; x_wconf 80' lang='grc' dir='ltr'>μέσῳ</span> <span class='ocrx_word' id='word_1_779' title='bbox 2481 4950 2702 5014; x_wconf 79' lang='grc' dir='ltr'>αὐτῶν,</span> <span class='ocrx_word' id='word_1_780' title='bbox 2740 4949 2832 5003; x_wconf 69' lang='grc' dir='ltr'>καὶ</span> <span class='ocrx_word' id='word_1_781' title='bbox 2859 4945 2927 5000; x_wconf 85' lang='grc' dir='ltr'><strong>τὰ</strong></span> <span class='ocrx_word' id='word_1_782' title='bbox 2952 4946 3096 5016; x_wconf 77' lang='grc' dir='ltr'>ἑξῆς.</span> 
     </span>
    </p>
   </div>
   <div class='ocr_carea' id='block_1_105' title="bbox 2263 5112 3763 5211">
    <p class='ocr_par' dir='ltr' id='par_1_105' title="bbox 2263 5112 3763 5211">
     <span class='ocr_line' id='line_1_105' title="bbox 2263 5112 3763 5211; baseline -0.018 -18"><span class='ocrx_word' id='word_1_783' title='bbox 2263 5139 2374 5211; x_wconf 85' lang='grc' dir='ltr'><strong>Οὐχ</strong></span> <span class='ocrx_word' id='word_1_784' title='bbox 2404 5139 2486 5191; x_wconf 80' lang='grc' dir='ltr'>ὅτι</span> <span class='ocrx_word' id='word_1_785' title='bbox 2511 5131 2624 5200; x_wconf 71' lang='grc' dir='ltr'>οἷός</span> <span class='ocrx_word' id='word_1_786' title='bbox 2651 5153 2711 5189; x_wconf 85' lang='grc' dir='ltr'><strong>τε</strong></span> <span class='ocrx_word' id='word_1_787' title='bbox 2753 5135 2987 5204; x_wconf 75' lang='grc' dir='ltr'>ὑπάρχει</span> <span class='ocrx_word' id='word_1_788' title='bbox 3013 5132 3092 5194; x_wconf 87' lang='grc' dir='ltr'><strong>είς</strong></span> <span class='ocrx_word' id='word_1_789' title='bbox 3121 5125 3384 5200; x_wconf 76' lang='grc' dir='ltr'>οὐρανοὺς</span> <span class='ocrx_word' id='word_1_790' title='bbox 3412 5112 3763 5211; x_wconf 64' lang='grc' dir='ltr'>ἀναϐαίνεινό</span> 
     </span>
    </p>
   </div>
   <div class='ocr_carea' id='block_1_106' title="bbox 2195 5203 3761 5300">
    <p class='ocr_par' dir='ltr' id='par_1_106' title="bbox 2195 5203 3761 5300">
     <span class='ocr_line' id='line_1_106' title="bbox 2195 5203 3761 5300; baseline -0.015 -14"><span class='ocrx_word' id='word_1_791' title='bbox 2195 5203 2406 5286; x_wconf 67' lang='grc' dir='ltr'>ἐκεῖθεν</span> <span class='ocrx_word' id='word_1_792' title='bbox 2434 5228 2789 5300; x_wconf 80' lang='grc' dir='ltr'>ἐξοιστρήσας</span> <span class='ocrx_word' id='word_1_793' title='bbox 2826 5203 3090 5286; x_wconf 77' lang='grc' dir='ltr'>διάϐολος,</span> <span class='ocrx_word' id='word_1_794' title='bbox 3129 5219 3163 5290; x_wconf 86' lang='grc' dir='ltr'>ἢ</span> <span class='ocrx_word' id='word_1_795' title='bbox 3202 5216 3319 5289; x_wconf 83' lang='grc' dir='ltr'>μετ’</span> <span class='ocrx_word' id='word_1_796' title='bbox 3359 5212 3604 5282; x_wconf 84' lang='grc' dir='ltr'>ἀγγέλων</span> <span class='ocrx_word' id='word_1_797' title='bbox 3637 5203 3761 5300; x_wconf 53' lang='grc' dir='ltr'><strong>πρύς</strong></span> 
     </span>
    </p>
   </div>
   <div class='ocr_carea' id='block_1_107' title="bbox 2195 5294 3761 5394">
    <p class='ocr_par' dir='ltr' id='par_1_107' title="bbox 2195 5294 3761 5394">
     <span class='ocr_line' id='line_1_107' title="bbox 2195 5294 3761 5394; baseline -0.019 -17"><span class='ocrx_word' id='word_1_798' title='bbox 2195 5323 2327 5377; x_wconf 75' lang='grc' dir='ltr'>Θεὸν</span> <span class='ocrx_word' id='word_1_799' title='bbox 2355 5294 2773 5394; x_wconf 75' lang='grc' dir='ltr'>παραγίνεσθαι,</span> <span class='ocrx_word' id='word_1_800' title='bbox 2804 5317 2837 5387; x_wconf 83' lang='grc' dir='ltr'><strong>ἢ</strong></span> <span class='ocrx_word' id='word_1_801' title='bbox 2882 5315 3019 5378; x_wconf 81' lang='grc' dir='ltr'>ὅλως</span> <span class='ocrx_word' id='word_1_802' title='bbox 3051 5311 3193 5383; x_wconf 78' lang='grc' dir='ltr'>ὑπὲρ</span> <span class='ocrx_word' id='word_1_803' title='bbox 3219 5309 3320 5379; x_wconf 81' lang='grc' dir='ltr'>τὴν</span> <span class='ocrx_word' id='word_1_804' title='bbox 3349 5304 3516 5375; x_wconf 51' lang='lat' dir='ltr'><strong>eatea</strong></span> <span class='ocrx_word' id='word_1_805' title='bbox 3548 5300 3653 5352; x_wconf 82' lang='grc' dir='ltr'><strong>τῶν</strong></span> <span class='ocrx_word' id='word_1_806' title='bbox 3682 5294 3761 5394; x_wconf 47' lang='grc' dir='ltr'><strong>οὑξ</strong></span> 
     </span>
    </p>
   </div>
   <div class='ocr_carea' id='block_1_108' title="bbox 2200 5381 3765 5488">
    <p class='ocr_par' dir='ltr' id='par_1_108' title="bbox 2200 5381 3765 5488">
     <span class='ocr_line' id='line_1_108' title="bbox 2200 5381 3765 5488; baseline -0.019 -18"><span class='ocrx_word' id='word_1_807' title='bbox 2200 5414 2378 5488; x_wconf 85' lang='grc' dir='ltr'>ρανῶν</span> <span class='ocrx_word' id='word_1_808' title='bbox 2427 5381 2707 5483; x_wconf 68' lang='grc' dir='ltr'>γίνεσθαιθ</span> <span class='ocrx_word' id='word_1_809' title='bbox 2755 5381 2870 5463; x_wconf 62' lang='grc' dir='ltr'>ἀλλ’</span> <span class='ocrx_word' id='word_1_810' title='bbox 2902 5405 3028 5459; x_wconf 74' lang='grc' dir='ltr'>ἐπεὶ</span> <span class='ocrx_word' id='word_1_811' title='bbox 3077 5402 3139 5456; x_wconf 76' lang='grc' dir='ltr'>τδ</span> <span class='ocrx_word' id='word_1_812' title='bbox 3166 5381 3363 5465; x_wconf 14' lang='grc' dir='ltr'>νΘεῖον,</span> <span class='ocrx_word' id='word_1_813' title='bbox 3411 5396 3631 5488; x_wconf 73' lang='grc' dir='ltr'>ἀποσον,</span> <span class='ocrx_word' id='word_1_814' title='bbox 3676 5381 3765 5441; x_wconf 70' lang='grc' dir='ltr'>καὶ</span> 
     </span>
    </p>
   </div>
   <div class='ocr_carea' id='block_1_109' title="bbox 507 5481 2077 5590">
    <p class='ocr_par' dir='ltr' id='par_1_109' title="bbox 507 5481 2077 5590">
     <span class='ocr_line' id='line_1_109' title="bbox 507 5481 2077 5590; baseline -0.008 -15"><span class='ocrx_word' id='word_1_815' title='bbox 507 5481 871 5590; x_wconf 59' lang='lat' dir='ltr'><strong>peiscriptum</strong></span> <span class='ocrx_word' id='word_1_816' title='bbox 898 5523 1013 5578; x_wconf 86' lang='lat' dir='ltr'><strong>est,</strong></span> <span class='ocrx_word' id='word_1_817' title='bbox 1043 5515 1138 5571; x_wconf 87' lang='lat' dir='ltr'><strong>sed</strong></span> <span class='ocrx_word' id='word_1_818' title='bbox 1165 5514 1294 5586; x_wconf 88' lang='lat' dir='ltr'><strong>quia</strong></span> <span class='ocrx_word' id='word_1_819' title='bbox 1324 5513 1509 5569; x_wconf 85' lang='lat' dir='ltr'><strong>divina</strong></span> <span class='ocrx_word' id='word_1_820' title='bbox 1539 5518 1733 5566; x_wconf 89' lang='lat' dir='ltr'><strong>natura</strong></span> <span class='ocrx_word' id='word_1_821' title='bbox 1763 5507 2077 5579; x_wconf 82' lang='lat' dir='ltr'><strong>quantitatis</strong></span> 
     </span>
    </p>
   </div>
   <div class='ocr_carea' id='block_1_110' title="bbox 2183 5481 3762 5590">
    <p class='ocr_par' dir='ltr' id='par_1_110' title="bbox 2193 5481 3762 5578">
     <span class='ocr_line' id='line_1_110' title="bbox 2193 5481 3762 5578; baseline -0.016 -17"><span class='ocrx_word' id='word_1_822' title='bbox 2193 5506 2480 5578; x_wconf 78' lang='grc' dir='ltr'>ἀμέγεθες,</span> <span class='ocrx_word' id='word_1_823' title='bbox 2508 5504 2602 5557; x_wconf 70' lang='grc' dir='ltr'>καὶ</span> <span class='ocrx_word' id='word_1_824' title='bbox 2622 5500 2992 5572; x_wconf 84' lang='grc' dir='ltr'>ἀπερίληπτον</span> <span class='ocrx_word' id='word_1_825' title='bbox 3020 5494 3286 5565; x_wconf 79' lang='grc' dir='ltr'>ὑπάρχον,</span> <span class='ocrx_word' id='word_1_826' title='bbox 3319 5489 3494 5558; x_wconf 74' lang='grc' dir='ltr'>πάντη</span> <span class='ocrx_word' id='word_1_827' title='bbox 3523 5481 3762 5553; x_wconf 71' lang='grc' dir='ltr'>πάρεστι.</span> 
     </span>
    </p>
   </div>
   <div class='ocr_carea' id='block_1_111' title="bbox 578 5614 2077 5696">
    <p class='ocr_par' dir='ltr' id='par_1_111' title="bbox 578 5620 2040 5696">
     <span class='ocr_line' id='line_1_111' title="bbox 578 5620 2040 5696; baseline -0.01 -8"><span class='ocrx_word' id='word_1_828' title='bbox 578 5633 625 5667; x_wconf 67' lang='grc' dir='ltr'>’ί</span> <span class='ocrx_word' id='word_1_829' title='bbox 654 5632 825 5688; x_wconf 80' lang='lat' dir='ltr'><strong>Marc.</strong></span> <span class='ocrx_word' id='word_1_830' title='bbox 877 5646 991 5696; x_wconf 78' lang='lat' dir='ltr'><strong>xw,</strong></span> <span class='ocrx_word' id='word_1_831' title='bbox 1023 5626 1080 5684; x_wconf 89' lang='lat'><strong>8.</strong></span> <span class='ocrx_word' id='word_1_832' title='bbox 1154 5628 1201 5660; x_wconf 75' lang='grc'><strong>’³</strong></span> <span class='ocrx_word' id='word_1_833' title='bbox 1240 5626 1377 5683; x_wconf 86' lang='lat' dir='ltr'><strong>Gen.</strong></span> <span class='ocrx_word' id='word_1_834' title='bbox 1413 5642 1471 5691; x_wconf 91' lang='lat' dir='ltr'><strong>v,</strong></span> <span class='ocrx_word' id='word_1_835' title='bbox 1505 5625 1562 5690; x_wconf 80' lang='lat'><strong>3,</strong></span> <span class='ocrx_word' id='word_1_836' title='bbox 1602 5637 1714 5680; x_wconf 89' lang='lat' dir='ltr'><strong>sec.</strong></span> <span class='ocrx_word' id='word_1_837' title='bbox 1742 5620 1914 5677; x_wconf 80' lang='lat' dir='ltr'><strong>LXX.</strong></span> <span class='ocrx_word' id='word_1_838' title='bbox 1992 5620 2040 5655; x_wconf 65' lang='grc' dir='ltr'><strong>ἰ</strong></span> 
     </span>
    </p>
   </div>
   <div class='ocr_carea' id='block_1_112' title="bbox 2183 5614 2844 5696">
    <p class='ocr_par' dir='ltr' id='par_1_112' title="bbox 2183 5614 2844 5689">
     <span class='ocr_line' id='line_1_112' title="bbox 2183 5614 2844 5689; baseline -0.011 -14"><span class='ocrx_word' id='word_1_839' title='bbox 2183 5637 2217 5676; x_wconf 79' lang='lat' dir='ltr'><strong>r.</strong></span> <span class='ocrx_word' id='word_1_840' title='bbox 2251 5637 2326 5689; x_wconf 87' lang='lat' dir='ltr'><strong>vt,</strong></span> <span class='ocrx_word' id='word_1_841' title='bbox 2349 5622 2404 5677; x_wconf 81' lang='grc'>5.</span> <span class='ocrx_word' id='word_1_842' title='bbox 2481 5619 2529 5652; x_wconf 83' lang='grc'><strong>⁸⁸</strong></span> <span class='ocrx_word' id='word_1_843' title='bbox 2567 5617 2669 5687; x_wconf 80' lang='lat' dir='ltr'><strong>Job</strong></span> <span class='ocrx_word' id='word_1_844' title='bbox 2695 5631 2758 5679; x_wconf 85' lang='lat' dir='ltr'><strong>ll,</strong></span> <span class='ocrx_word' id='word_1_845' title='bbox 2792 5614 2844 5669; x_wconf 78' lang='grc' dir='ltr'><strong>ί.</strong></span> 
     </span>
    </p>
   </div>
   <div class='ocr_carea' id='block_1_113' title="bbox 584 5773 1903 5886">
    <p class='ocr_par' dir='ltr' id='par_1_113' title="bbox 584 5773 1903 5886">
     <span class='ocr_line' id='line_1_113' title="bbox 584 5773 1903 5886; baseline -0.01 -14"><span class='ocrx_word' id='word_1_846' title='bbox 584 5818 720 5886; x_wconf 62' lang='lat' dir='ltr'><strong>ill?)</strong></span> <span class='ocrx_word' id='word_1_847' title='bbox 753 5814 1140 5886; x_wconf 78' lang='grc' dir='ltr'>Προμηνύων.</span> <span class='ocrx_word' id='word_1_848' title='bbox 1183 5810 1349 5869; x_wconf 82' lang='lat' dir='ltr'><strong>Forte</strong></span> <span class='ocrx_word' id='word_1_849' title='bbox 1384 5807 1739 5883; x_wconf 85' lang='grc' dir='ltr'>προμηνύειν.</span> <span class='ocrx_word' id='word_1_850' title='bbox 1774 5805 1853 5863; x_wconf 77' lang='lat' dir='ltr'><strong>In.</strong></span> <span class='ocrx_word' id='word_1_851' title='bbox 1894 5773 1903 5777; x_wconf 32' lang='lat'><strong>-</strong></span> 
     </span>
    </p>
   </div>
   <div class='ocr_carea' id='block_1_114' title="bbox 2275 5725 3146 5809">
    <p class='ocr_par' dir='ltr' id='par_1_114' title="bbox 2275 5725 3146 5809">
     <span class='ocr_line' id='line_1_114' title="bbox 2275 5725 3146 5809; baseline -0.022 -11"><span class='ocrx_word' id='word_1_852' title='bbox 2275 5739 2387 5809; x_wconf 87' lang='lat' dir='ltr'><strong>(l7)</strong></span> <span class='ocrx_word' id='word_1_853' title='bbox 2415 5737 2615 5795; x_wconf 86' lang='lat' dir='ltr'><strong>Dccsse</strong></span> <span class='ocrx_word' id='word_1_854' title='bbox 2641 5734 2858 5791; x_wconf 87' lang='lat' dir='ltr'><strong>videtur</strong></span> <span class='ocrx_word' id='word_1_855' title='bbox 2884 5729 3028 5801; x_wconf 71' lang='grc' dir='ltr'>ὄψιν.</span> <span class='ocrx_word' id='word_1_856' title='bbox 3067 5725 3146 5781; x_wconf 77' lang='lat' dir='ltr'><strong>In.</strong></span> 
     </span>
    </p>
   </div>
  </div>
