4000 6400
352 364 419 421 τε
430 368 445 415 l

339 476 433 530 καὶ
469 471 646 526 πάντα
691 471 907 541 πληροῖ.
964 470 1025 524 '0
1056 471 1166 544 γὰρ
1200 472 1345 538 Θεὸς
1375 472 1564 543 ἡμῶν,
1607 473 1674 524 ἐν
1704 471 1786 538 τῷ
1827 474 1930 526 οὐ·

335 562 526 629 ρανῷ,
567 552 670 617 αἰαὶ
705 561 776 614 ἐν
800 561 877 630 τῇ
915 560 1014 631 τῇ,
1042 562 1113 615 ἐν
1148 562 1279 629 ταῖς
1311 564 1672 628 θαλάσσαις.
1717 562 1818 616 καὶ
1866 562 1938 615 ἐν

346 653 573 718 πάσαις
596 652 727 718 ταῖς
755 653 1074 720 ἀϐύσσοις,
1110 655 1274 725 φησὶν
1307 656 1335 707 6
1363 655 1548 718 Δαϐὶδ,
1580 656 1610 706 6
1638 653 1747 706 τῶν
1777 652 1937 706 θείων

352 747 606 818 μελῳδός.
674 745 764 811 Ἐξ
810 740 884 802 ὧν
931 747 1317 818 παιδευόμεθα,
1353 750 1436 802 ὅτι
1490 747 1721 801 ἐνώπιον
1770 746 1936 800 αὐτοῦ

350 839 676 910 ὑπάρχουσι,
708 839 803 893 καὶ
825 838 1055 910 ὁρᾶσθαι
1080 838 1229 910 αύτῷ
1257 841 1318 893 ού
1346 840 1506 910 μόνον
1531 838 1815 908 ἀγγέλους,
1844 837 1937 891 ἀλ-

349 930 417 983 λά
459 931 553 984 καὶ
594 929 859 992 διάϐολον,
899 930 994 984 καὶ
1023 930 1305 1001 δαίμονας,
1341 932 1433 985 καὶ
1459 929 1801 1002 ἀνθρώπους,
1841 928 1936 981 καὶ

354 1024 550 1092 κτήνη,
587 1022 679 1074 καὶ
710 1021 779 1074 τά
820 1020 1134 1091 σύμπαντα.
1177 1024 1288 1077 Καὶ
1330 1024 1439 1093 γάρ
1467 1024 1560 1076 ἐπὶ
1609 1022 1711 1092 γῆς
1761 1020 1933 1084 ὄντες,

350 1112 471 1183 θεῷ
496 1113 914 1184 παριστάμεθα’
945 1113 1126 1178 καθώς
1152 1131 1317 1186 φησιν
1359 1114 1542 1178 Ἠλίας
1565 1117 1593 1168 6
1627 1113 1931 1176 θεσπέσιος·

352 1204 440 1273 Ζῇ
467 1206 704 1274 Κύριος,
733 1198 782 1272 ᾧ
802 1206 1121 1276 παρέστην
1147 1207 1405 1261 ἐνώπιον
1429 1207 1615 1261 αὑτοῦ
1645 1205 1965 1275 σήμερον.

353 1297 417 1350 Ei
444 1296 553 1370 γὰρ
579 1297 657 1369 τῷ
684 1298 810 1369 ἀέρι
844 1298 1022 1352 πάντα
1068 1300 1452 1371 ἐμπεριέχεται
1472 1342 1487 1366 ,
1522 1298 1701 1369 πολλῷ
1736 1297 1935 1368 μᾶλλον

353 1388 432 1460 τῷ
474 1389 682 1444 ἐκείνου
726 1393 923 1462 ποιητῇ
973 1392 1366 1458 ἐναπείληπται
1414 1394 1447 1463 ἡ
1487 1392 1799 1463 τετραφυὴς
1826 1390 1937 1444 τῶν

351 1480 489 1533 ὅλων
523 1481 874 1547 κατάστασις,
906 1484 940 1554 ἡ
969 1483 1231 1551 ἄσαρκος,
1262 1484 1424 1554 νοερά
1448 1501 1505 1537 τε
1531 1484 1626 1538 καὶ
1652 1482 1867 1555 λογικὴ,
1899 1483 1933 1554 ἡ

354 1571 587 1643 αἰσθητὴ
614 1572 709 1626 καὶ
758 1572 1038 1645 ἔνσαρκος,
1094 1576 1127 1645 ὴ
1172 1574 1451 1647 κτηνὼδης
1500 1577 1594 1629 καὶ
1639 1575 1852 1643 ἄλογος,
1900 1576 1934 1645 ἡ

354 1662 559 1734 ἄψυχος
582 1666 678 1716 καὶ
705 1664 1045 1735 ἀναίσθητος.
1086 1665 1289 1721 Πάντα
1325 1666 1437 1736 γὰρ
1467 1667 1665 1735 γυμνὰ
1704 1664 1805 1719 καὶ
1842 1682 1934 1718 τεο

354 1755 806 1825 τραχηλισμένα
858 1756 982 1824 τοῖς
1026 1759 1356 1827 ὀφθαλμοῖς
1401 1759 1589 1813 αὐτοῦ
1614 1798 1630 1821 ,
1677 1758 1776 1812 καὶ
1819 1760 1933 1812 οὐκ

354 1845 487 1899 ἐστι
517 1847 714 1915 κτίσις
746 1849 989 1919 ἀφανὴς
1014 1849 1274 1906 ἐνώπιον
1293 1851 1501 1917 αὐτοῦ,
1543 1852 1706 1922 φησὶν
1740 1852 1768 1905 6
1794 1850 1937 1914 θεῖος

368 1938 706 2005 Ἀπόστολος.
1531 1968 1537 1975 ι

958 2139 1208 2195 ΠΕΥΣΙΣ
1246 2141 1328 2195 N'.

422 2248 576 2302 Διατί
606 2251 849 2323 Μωῦσῆς
886 2252 960 2324 μὴ
1008 2254 1105 2308 ἀπ’
1152 2252 1400 2323 ἀγγέλων
1434 2253 1637 2325 ἤρξατο
1691 2252 1782 2306 καὶ
1830 2251 1938 2305 τῶν

356 2338 490 2401 ἄνω.
517 2343 617 2413 τῆς
646 2346 968 2416 συγγραφῆς
984 2362 1000 2379 ο
1031 2345 1168 2399 ἀλλά
1191 2344 1565 2417 παραδραμὼν
1585 2347 1712 2409 τοὺς
1732 2345 1940 2416 δήμους

359 2431 636 2500 ἀγγέλων,
672 2435 765 2488 καὶ
800 2435 872 2489 τά
901 2437 1269 2508 ύπερουράνια
1318 2436 1493 2490 πάντα
1513 2478 1530 2503 ,
1579 2438 1675 2491 ἀπ’
1706 2436 1937 2509 ούρανοῦ

362 2522 455 2575 καὶ
483 2522 584 2595 γῆς
610 2524 702 2578 τοῦ
729 2527 1105 2598 συντάγματος
1131 2528 1368 2600 ἧρξατος

982 2703 1335 2773 Ἀπόκρισις.

435 2784 841 2860 Ἀρμόττουσαν
885 2796 998 2857 τοῖς
1039 2798 1248 2866 καιροῖς
1267 2836 1283 2862 ,
1331 2795 1426 2848 καὶ
1467 2796 1582 2858 τοῖς
1630 2792 1939 2864 ἀνθρώποις

357 2880 743 2952 συμφέρουσαν
788 2883 888 2954 τὴν
935 2884 1111 2956 ἀρχὴν
1154 2886 1250 2940 τοῦ
1298 2885 1630 2957 γράμματος
1684 2884 1934 2948 τέθεικε,

358 2971 685 3041 προσφάτως
730 2972 1002 3028 Ἰουδαίων
1033 2977 1132 3046 τῆς
1160 2976 1436 3045 Αἰγύπτου
1462 2976 1814 3047 ἁπαράντων,
1844 2974 1941 3030 καὶ

360 3060 558 3114 ἔναυλα
583 3064 703 3125 ταῖς
729 3064 918 3129 ἀκοαῖς
957 3066 1028 3120 τά
1054 3067 1153 3137 τῆς
1182 3068 1405 3123 ἐκείνων
1433 3067 1643 3138 πλάνης
1682 3066 1936 3139 ἑχόντων.

254 3214 261 3221 ε
361 3149 425 3201 Oi
455 3150 553 3219 μὲν
580 3152 686 3223 γὰρ
715 3153 823 3207 τῶν
866 3154 1042 3208 ἀθέων
1087 3157 1177 3209 τὸν
1219 3157 1465 3227 οὐρανὸν,
1499 3159 1548 3210 οἱ
1596 3157 1653 3209 δὲ
1700 3158 1799 3229 τὴν
1836 3157 1941 3227 γῆν

362 3238 736 3313 έθεοποίησαν,
760 3244 1035 3317 πνεύμασι
1065 3247 1160 3300 καὶ
1186 3248 1439 3316 νεφέλαις
1466 3248 1827 3321 ἀλλοιούμενα
1845 3251 1941 3304 καὶ

362 3332 692 3404 τρεπόμενα.
746 3336 964 3410 Ἕτεροι
1009 3338 1065 3392 δὲ
1109 3339 1244 3411 ἡλίῳ
1290 3342 1385 3394 καὶ
1428 3341 1625 3415 σελήνῃ
1666 3342 1727 3397 τὸ
1778 3341 1944 3409 σέϐας

362 3423 665 3495 ἀπένεμον*
694 3427 760 3479 ἵν’
789 3429 837 3481 οἱ
871 3428 969 3498 μὲν
995 3430 1233 3504 νύκτωρ,
1270 3433 1319 3485 οἱ
1353 3432 1410 3486 δὲ
1445 3433 1660 3506 ἡμέρας
1691 3438 1757 3508 τῇ
1795 3434 1943 3489 δύσει

361 3516 468 3571 τῶν
493 3520 793 3589 φωστήρων
820 3520 968 3575 ἄθεοι
999 3524 1272 3593 μείνωσιν.
1303 3528 1365 3580 Oi
1396 3527 1493 3598 μὲν
1514 3527 1624 3599 γὰρ
1651 3529 1741 3582 τὸν
1765 3527 1942 3596 νυκτὶ,

363 3608 458 3660 καὶ
486 3610 702 3682 ὁμίχλῃ,
741 3613 834 3667 καὶ
863 3614 1009 3667 κόνει
1044 3616 1500 3689 ἐπισκοτούμενον
1529 3620 1905 3685 ἐκθειάζουσιν
1927 3636 1940 3650 ·

364 3700 413 3752 οἱ
448 3699 504 3753 δὲ
526 3700 624 3771 τὴν
659 3703 974 3772 φθίνουσαν,
1010 3707 1104 3761 καὶ
1141 3710 1225 3771 εἰς
1261 3709 1321 3762 τὸ
1355 3709 1528 3781 βραχὺ
1564 3712 1945 3782 ἀπολήγουσαν

366 3795 780 3877 προσκυνοῦσιν.
843 3799 1062 3869 Ἔτεροι
1118 3801 1199 3863 δὲ,
1230 3803 1438 3872 κρήνας
1510 3804 1606 3856 καὶ
1669 3806 1946 3874 ποταμοὺς

365 3880 723 3956 θεολογοῦσιν,
772 3888 859 3944 ἵνα
887 3891 946 3942 ἐν
986 3889 1132 3960 θέρει
1176 3891 1275 3962 μὲν
1302 3892 1592 3963 λήγοντας.
1633 3895 1693 3946 ὲν
1733 3894 1791 3946 δὲ
1832 3912 1947 3964 χει-

368 3972 509 4042 μῶνι
529 3978 968 4048 κορυφουμένους
991 3980 1082 4032 καὶ
1113 3980 1501 4046 ὲξοιδαίνοντας
1520 3985 1588 4054 τῇ
1619 3982 1943 4055 πλημμύρᾳ,

365 4065 532 4129 θεοὺς
554 4067 767 4136 ἔχωσιν.
796 4070 1024 4143 Θάτεροι
1053 4073 1108 4125 δὲ
1135 4074 1196 4127 τὸ
1225 4073 1336 4143 πῦρ
1356 4075 1432 4137 ὡς
1461 4074 1592 4127 Θεὸν
1614 4075 1944 4145 πεφρίκασι’

366 4155 427 4208 τὸ
448 4157 492 4210 δ’
525 4159 745 4232 ἐπιϐολῇ
781 4161 971 4226 ὓδατος
998 4163 1376 4236 σϐεννύμενον,
1409 4168 1442 4238 ἢ
1483 4167 1659 4239 ἐνδείᾳ
1683 4169 1780 4238 τῆς
1812 4170 1947 4222 ὑπο-

366 4249 673 4320 τρεφούσης
693 4251 826 4323 ὕλης
863 4256 1282 4327 μαραινόμενον.
1327 4259 1391 4311 Ὢ
1421 4259 1520 4329 τῆς
1550 4260 1843 4325 ἀϐουλίαςε
1880 4260 1948 4314 τὰ

370 4339 519 4408 σφῶν
556 4342 909 4419 εὐτελέστερα
953 4342 1339 4413 ἐκθειάζουσιν“
1356 4352 1406 4404 οἱ
1450 4352 1809 4406 εἰκαιόϐουλοι
1857 4356 1950 4407 καὶ

370 4435 787 4508 μαοεαιὸφρονες,
817 4440 986 4505 ὅντως
1016 4441 1150 4495 Θεοῦ
1185 4442 1289 4498 ὑπὸ
1335 4444 1437 4515 τῆς
1481 4446 1689 4517 πλάνης
1738 4446 1948 4515 ἀπαγό-

370 4545 543 4599 μενοι.
574 4531 652 4584 Δι’
677 4531 773 4597 οὓς
801 4533 1025 4605 Μωσῆς,
1062 4536 1092 4589 6
1115 4536 1223 4589 τῶν
1250 4536 1411 4591 θείων
1442 4540 1811 4612 συγγραφεὺς,
1842 4557 1945 4593 κα-

368 4620 610 4675 ταλιπὼν
657 4622 728 4676 τὰ
773 4624 1119 4698 ύπερκόσμια
1145 4667 1160 4691 ,
1209 4630 1274 4682 ἐκ
1312 4629 1419 4706 τῶν
1448 4631 1824 4702 ὑποκειμένων
1851 4631 1953 4701 τῆς

314 4750 325 4759 ς
372 4708 681 4782 ἐξηγήσεως
715 4713 959 4786 ἄρχεται,
984 4717 1073 4771 διά
1100 4719 1207 4772 τῶν
1245 4721 1517 4790 αἰσθητῶν
1546 4708 1640 4775 καὶ
1659 4722 1952 4792 ὁρωμένων

373 4804 624 4873 ποδηγῶν
646 4806 841 4872 αὐτοὺς
866 4811 1001 4880 πρὸς
1020 4810 1089 4863 τά
1109 4814 1289 4882 νοερὰ,
1307 4815 1401 4867 καὶ
1422 4815 1513 4868 τὸν
1531 4814 1761 4884 ἀόρατον
1784 4814 1954 4879 ὅντως

371 4892 523 4948 Θεὸν.
564 4895 967 4967 Παραπλησίως
1007 4899 1063 4951 δὲ
1101 4902 1275 4970 τούτῳ
1303 4903 1397 4955 καὶ
1426 4904 1475 4957 οἱ
1506 4904 1633 4975 περὶ
1661 4902 1751 4957 τὸν
1797 4904 1955 4958 Ἀνα-

371 4986 491 5040 νίαν
528 4985 805 5040 θεσπέσιοι
832 4989 924 5040 τὸν
953 4989 1294 5045 Βαϐυλώνιον
1327 4993 1480 5059 Θεὸν,
1508 4992 1663 5064 δίκην
1691 4995 1864 5065 πυροῦ
1893 4994 1955 5049 τὸ

371 5080 484 5152 πῦρ
513 5081 979 5144 καταπατοῦντες,
1010 5081 1070 5134 τὸ
1099 5081 1299 5154 νάερθῃ,
1344 5084 1437 5137 καὶ
1477 5084 1668 5157 πίσσῃ,
1701 5086 1795 5138 καὶ
1825 5085 1957 5156 κλη-

376 5172 554 5239 ματίδι
580 5172 1008 5244 κορυφούμενον,
1041 5171 1195 5226 ὕδατι
1226 5173 1283 5227 δὲ
1315 5173 1733 5246 θανατούμενον,
1760 5177 1955 5230 Ei:le-

374 5262 549 5331 γεῖτε,
584 5264 783 5319 πάντα
805 5268 878 5321 τὰ
916 5268 1061 5337 ἔργα
1095 5268 1340 5335 Κυρίου,
1366 5267 1473 5319 τὸν
1494 5265 1735 5336 Κύριον,
1768 5268 1955 5338 φασὶν,

374 5353 467 5405 ἐπὶ
496 5354 587 5408 τὸν
615 5356 776 5411 ἀῦλόν
807 5375 867 5411 τε
908 5360 1003 5414 καὶ
1037 5357 1452 5430 ἀχειροποίητον
1480 5358 1613 5412 Θεὸν
1658 5359 1958 5424 Χαλδαίους

372 5444 499 5507 τοὺς
538 5443 729 5511 ἀθέους
776 5447 1212 5520 καθηγούμενοι,
1250 5450 1456 5512 πάντας
1511 5450 1637 5515 τοὺς
1688 5448 1959 5520 Ἕλληνας

374 5538 531 5602 θεοὺς
559 5541 833 5612 κτίσματα
865 5544 961 5597 καὶ
1001 5542 1141 5614 ἔργα
1170 5544 1435 5617 ὑπάρχειν
1476 5543 1569 5599 τοῦ
1612 5545 1784 5609 ὅντως
1824 5546 1958 5617 ἀλη-

373 5630 522 5684 θινοῦ
548 5633 644 5686 καὶ
673 5634 928 5688 ἀκτίστου
957 5634 1094 5688 Θεοῦ
1118 5635 1431 5707 δηλοῦντες·
1466 5639 1788 5709 Εὑλογεῖτε
1824 5640 1953 5712 γὰρ,

444 5807 492 5841 ⁸⁸
530 5807 676 5866 Psal.
708 5826 925 5882 cxxxtv,
957 5813 1012 5872 6.
1088 5816 1134 5849 "
1172 5814 1238 5871 IV
1273 5817 1403 5891 Reg.
1432 5834 1514 5885 Ill,
1551 5818 1633 5875 ιι.
1711 5821 1756 5856 ⁸⁸
1797 5820 1943 5880 Hebr

2047 5840 2069 5894 ‘,
2108 5823 2192 5882 15.
2272 5826 2314 5860 '9
2347 5822 2482 5882 Dan.
2526 5840 2606 5896 ut,
2638 5824 2704 5881 57
2743 5837 2897 5894 seqq.

1793 354 2139 417 DIALOGUS
2176 359 2217 418 1.

3508 361 3615 416 9‘22

2038 484 2094 532 et
2127 474 2523 545 magnitudinis
2547 489 2743 546 expers
2771 486 2826 531 et
2865 472 3465 544 incomprehensibilis,
3499 471 3617 527 ubi-

2034 581 2144 636 que
2180 581 2423 636 praesens
2458 567 2566 632 sit,
2595 574 2651 620 et
2680 566 2862 621 omnia
2898 565 3139 635 impleat.
3176 563 3312 617 Nam
3358 562 3493 617 Dens
3523 578 3617 616 uo-

2036 666 2145 711 ster
2175 658 2228 710 in
2260 657 2389 711 ewlo
2420 669 2498 711 est
2530 666 2580 712 et
2608 658 2662 711 iu
2704 668 2845 711 terra
2869 695 2884 720 ,
2928 657 2983 709 in
3020 656 3156 709 mari
3194 664 3243 708 et
3282 656 3337 707 in
3374 653 3615 707 omnibus

2036 748 2282 817 abyssis,
2335 749 2515 818 inquit
2562 748 2797 803 Davides
2832 749 2900 812 ",
2943 746 3254 801 divinorum
3308 745 3616 799 carminum

2037 847 2251 894 auctor.
2285 840 2588 908 l'lx‘qnibus
2612 841 2873 895 docemur
2903 840 2955 893 in
2981 844 3281 907 conspectu
3311 837 3432 904 ejus
3460 849 3609 902 esse,

2035 939 2091 986 et
2114 931 2362 1001 conspici
2392 932 2461 985 ab
2491 933 2613 1001 ipso
2645 945 2753 984 non
2785 930 2965 984 solum
2995 929 3222 999 angelos
3243 967 3258 991 ,
3297 925 3392 982 sed
3419 933 3473 979 et
3502 924 3618 979 dia-

2036 1022 2223 1077 bolum
2252 1029 2307 1077 et
2334 1022 2644 1087 daemones,
2674 1028 2730 1078 et
2760 1022 3014 1077 homines
3034 1064 3049 1088 ,
3072 1021 3394 1089 etjumenta
3415 1057 3431 1081 ,
3461 1027 3510 1073 et
3542 1016 3622 1072 si-

2037 1111 2152 1166 mul
2181 1112 2237 1167 in
2268 1113 2586 1167 universum
2611 1114 2820 1168 omnia.
2855 1111 3326 1178 Quemadmodum
3354 1110 3503 1164 Elias
3529 1109 3623 1163 ille

2039 1204 2261 1260 divinus
2290 1205 2407 1260 ait:
2446 1203 2584 1258 Vivit
2617 1204 2911 1268 Dominus,
2943 1206 3000 1259 in
3032 1202 3185 1269 cuius
3215 1212 3495 1269 conspectu
3526 1217 3621 1271 ego

2037 1305 2120 1350 sto
2152 1296 2305 1350 hodie
2333 1295 2402 1350 ’⁷.
2434 1294 2567 1349 Nam
2597 1296 2642 1350 si
2677 1310 2803 1350 acre
2828 1293 3015 1349 omnia
3044 1293 3419 1354 continentur,
3446 1290 3623 1344 multo

2039 1388 2213 1457 magis
2243 1387 2299 1442 in
2332 1387 2483 1442 illius
2509 1386 2794 1441 conditore
2818 1384 3218 1454 comprehensa
3242 1390 3327 1438 est
3353 1383 3470 1436 haec
3491 1395 3624 1451 qua-

2041 1479 2333 1550 dripartila
2369 1487 2582 1535 naturae
2620 1477 3001 1534 universitatis
3039 1490 3223 1531 rerum
3257 1472 3618 1534 constitutio,

2036 1589 2272 1645 quarum
2298 1587 2408 1627 una
2436 1571 2622 1627 carnis
2646 1580 2726 1628 est
2752 1585 2952 1640 expers
2971 1610 2986 1634 ,
3016 1558 3347 1623 intellectilis
3371 1572 3426 1620 et
3452 1564 3624 1617 ratio-

2039 1666 2181 1721 nalis
2198 1704 2214 1729 ,
2243 1664 2415 1720 altera
2445 1663 2667 1719 scnsilis
2690 1673 2747 1718 et
2770 1677 2936 1717 carne
2960 1661 3186 1732 pra-dita
3214 1668 3269 1714 et
3295 1654 3583 1713 rationalis
3601 1693 3617 1715 .

2038 1758 2199 1814 tertia
2230 1756 2468 1811 animata
2494 1763 2550 1811 et
2577 1753 2919 1809 irrationalis
2940 1794 2955 1820 ,
2986 1759 3185 1823 quarta
3223 1750 3528 1805 iuanimata
3561 1753 3621 1802 et

2042 1864 2239 1906 sensus
2267 1864 2486 1919 expers.
2526 1845 2723 1903 Omnia
2749 1846 2885 1900 enim
2915 1844 3060 1898 nuda
3090 1850 3214 1898 sunt
3239 1850 3289 1897 et
3317 1839 3624 1909 resupinato

2040 1957 2223 1996 coram
2255 1939 2423 1994 oculis
2452 1936 2568 2007 ejus
2589 1978 2604 2005 ,
2637 1952 2728 1990 nec
2764 1944 2843 1989 est
2874 1945 3122 2011 creatura
3155 1930 3368 1986 occulta
3401 1929 3456 1985 in
3493 1943 3622 1982 cons

2038 2043 2219 2104 specta
2243 2032 2360 2102 ejus
2380 2072 2396 2099 ,
2426 2031 2604 2102 inquit
2633 2030 2794 2084 divus
2822 2026 3121 2097 Apostolus
3151 2026 3219 2076 ".

2517 2137 3039 2198 lNTERROGATlO
3078 2137 3137 2190 [ι.

2111 2256 2291 2322 Quare
2323 2254 2501 2311 Moses
2536 2269 2645 2308 non
2679 2254 2748 2308 ah
2779 2251 3025 2321 angelis,
3055 2259 3108 2304 et
3137 2249 3205 2301 ah
3239 2247 3306 2301 iis
3340 2259 3460 2315 qua:
3490 2250 3619 2298 sunt

2041 2349 2096 2403 in
2133 2348 2424 2416 supernis,
2463 2360 2695 2401 exorsus
2728 2352 2813 2398 est
2845 2341 3270 2411 descriptionem
3297 2375 3311 2402 ,
3348 2336 3443 2392 sed
3482 2350 3623 2405 prae—

2040 2439 2222 2495 teritis
2280 2437 2601 2508 angelorum
2657 2433 3017 2496 nationibus,
3072 2430 3441 2498 omnibusque
3502 2441 3627 2497 qtue

2041 2545 2206 2600 supra
2265 2529 2439 2585 ctelos
2497 2535 2663 2593 sunt,
2711 2543 2742 2582 a
2805 2525 2949 2580 coelo
3001 2523 3071 2578 et'
3098 2530 3247 2577 terra
3300 2526 3619 2574 contextum

2039 2637 2201 2679 orsus
2232 2629 2316 2677 est
2339 2621 2363 2674 ?

2680 2712 2988 2781 Responsio.

2112 2807 2456 2863 Conveniens
2491 2804 2835 2875 temporibus
2867 2810 2922 2858 et
2953 2799 3274 2856 hominibus
3307 2796 3443 2853 utile
3476 2795 3631 2875 prin:

2041 2902 2244 2971 cipium
2278 2897 2469 2968 scripti
2500 2896 2587 2951 sui
2607 2868 2855 2960 statuit,
2898 2892 3124 2964 quando
3168 2891 3221 2945 id
3261 2886 3526 2958 temporis
3563 2868 3628 2940 εἴ

2040 2992 2277 3065 Egypto
2300 2989 2476 3046 Judaei
2504 2989 2790 3051 exierant,
2817 2993 2872 3041 et
2904 2984 3218 3039 insinuatas
3250 2981 3483 3036 auribus
3511 2978 3633 3033 illo-

2042 3099 2164 3137 rum
2194 3097 2414 3138 errores
2442 3078 2739 3135 habebant.
2770 3076 2904 3129 Nam
2932 3074 3024 3129 alii
3049 3073 3263 3144 quidem
3297 3070 3593 3140 impiorum
3613 3106 3630 3129 ,

2053 3174 2254 3230 cmlum
2279 3191 2295 3241 ;
2329 3172 2419 3226 alii
2452 3186 2584 3226 vero
2614 3180 2814 3224 terram
2844 3166 3279 3229 deiﬁcaverunt:
3311 3176 3433 3232 quae
3461 3161 3571 3215 duo
3600 3154 3631 3212 ἐι

2044 3265 2225 3323 ventis
2260 3273 2317 3321 et
2347 3262 2589 3320 nubibus
2621 3266 2927 3314 mutantur.
2964 3255 3072 3310 Alii
3109 3263 3292 3308 autem
3324 3252 3427 3309 soli
3457 3258 3513 3305 et
3541 3250 3633 3305 lu-.
3732 3260 3737 3265 '

2045 3373 2131 3417 me
2151 3353 2521 3413 venerationis
2546 3352 2753 3406 cultum
2783 3348 3184 3409 exhibucrunt,
3210 3352 3273 3399 ut
3299 3342 3393 3398 alii
3415 3340 3633 3412 quidem

2048 3458 2242 3512 noctu,
2287 3446 2380 3501 alii
2427 3458 2557 3499 vero
2588 3441 2826 3497 interdiu
2858 3456 2956 3510 per
2984 3448 3244 3493 occasum
3273 3432 3632 3491 luminarium

2049 3541 2198 3614 impii
2240 3545 2558 3604 manerent;
2597 3549 2723 3589 nam
2758 3532 2815 3588 hi
2851 3531 3073 3602 quidem
3114 3544 3236 3599 qua:
3265 3537 3427 3583 nocte
3458 3532 3512 3579 et
3542 3540 3638 3578 ne-

2047 3633 2177 3689 bula
2206 3638 2259 3687 et
2295 3628 2520 3701 pulvere
2552 3625 2948 3684 obscurantur,
2996 3622 3141 3674 inter
3172 3617 3307 3675 deos
3348 3613 3636 3678 referunt;

2049 3725 2127 3780 illi
2157 3737 2291 3777 vero
2322 3721 2688 3775 iutereuntem
2708 3755 2723 3779 ,
2751 3722 2806 3769 ct
2836 3713 2998 3782 paulo
3031 3717 3155 3778 post
3181 3705 3486 3761 desituram
3513 3703 3639 3757 ado-

2050 3820 2195 3870 rant.
2244 3812 2353 3865 Alii
2390 3810 2518 3862 item
2552 3806 2734 3860 fontes
2772 3814 2826 3859 et
2868 3801 3092 3855 ﬂuiuina
3132 3798 3266 3851 deos
3314 3810 3440 3850 esse
3487 3808 3640 3848 asse-

2048 3911 2199 3967 runt,
2227 3910 2288 3957 ut
2316 3903 2370 3955 in
2397 3905 2587 3953 mstate
2612 3894 2832 3965 quidem
2858 3888 3189 3950 desinentia,
3221 3887 3278 3941 in
3307 3886 3486 3940 hieme
3508 3900 3638 3939 vero

2048 4003 2210 4052 aucta
2241 4001 2296 4050 et
2325 3988 2660 4048 exundantia
2690 3986 2822 4039 deos
2856 3982 3114 4036 habeant.
3146 3979 3255 4034 Alii
3290 3993 3420 4035 vero
3455 3977 3635 4047 ignem

2049 4088 2207 4159 quasi
2231 4085 2394 4140 deum
2421 4086 2706 4141 metuunt,
2732 4075 2822 4145 qui
2840 4061 3035 4131 tamen
3063 4072 3246 4127 infusa
3269 4084 3411 4139 aqua
3435 4070 3641 4124 exstin-

2050 4180 2255 4251 guitur,
2282 4183 2378 4230 aut
2401 4172 2619 4228 del‘ectn
2649 4168 2948 4224 nutrientis
2973 4166 3217 4221 materiae
3249 4163 3562 4220 marcescit.
3593 4160 3641 4218 ο

2050 4270 2381 4327 dementiam
2406 4265 2420 4318 ἔ
2452 4278 2574 4333 quae
2604 4277 2664 4317 se
2696 4260 2832 4331 ipsis
2859 4266 2988 4314 sunt
3017 4257 3353 4327 ahjeetiora,
3379 4254 3640 4311 deiﬁcant

2052 4361 2175 4416 vani
2209 4368 2264 4415 et
2298 4357 2651 4427 insipientes,
2690 4369 2718 4405 a
2749 4366 2881 4406 vero
2915 4349 3024 4405 Deo
3053 4364 3151 4421 per
3177 4362 3427 4413 errorem
3459 4347 3639 4402 abdu-

2052 4457 2148 4510 cti.
2177 4455 2408 4526 Propter
2436 4466 2577 4523 quos
2608 4449 2787 4505 Moses
2823 4428 3006 4503 rerum
3038 4445 3353 4501 divinarum
3398 4445 3640 4514 scriptor

2053 4547 2262 4603 relictis
2296 4542 2777 4605 ultramundanis,
2820 4540 2891 4596 ab
2940 4540 3008 4595 iis
3051 4555 3175 4609 qua:
3213 4538 3400 4610 captni
3444 4545 3640 4594 nostro

2050 4648 2180 4694 sunt
2207 4638 2483 4708 exposita,
2515 4635 2887 4691 narrationem
2923 4631 3160 4697 orditur,
3192 4645 3292 4701 per
3320 4631 3545 4686 sensilia
3582 4638 3637 4685 et

2049 4728 2403 4798 aspcetahilia
2430 4727 2639 4782 ducens
2669 4726 2734 4778 ad
2764 4721 3100 4778 intellectilia
3131 4729 3186 4776 ct
3214 4720 3283 4775 ad
3325 4721 3641 4790 inaspecta-

2049 4820 2215 4875 hilem
2246 4819 2395 4877 ilium
2425 4830 2730 4885 verumque
2761 4813 2953 4869 Deum.
3002 4811 3083 4866 Ad
3115 4810 3369 4864 eumdem
3414 4810 3639 4863 modum

2051 4908 2212 4964 etilli
2260 4908 2394 4962 socii
2454 4906 2683 4961 Ananiae
2725 4903 2899 4959 divini
2950 4901 3227 4965 hominis,
3278 4900 3637 4971 Babylonium

2059 5003 2245 5064 deum,
2283 4999 2615 5070 supplicium
2654 4997 2896 5054 fornacis
2927 5004 2982 5053 et
3012 4997 3193 5067 ignem
3224 4993 3636 5056 conculcantes,

2052 5094 2146 5164 qui
2183 5091 2426 5162 naphtha
2462 5097 2516 5144 et
2550 5090 2673 5159 pice
2705 5096 2761 5144 et
2795 5088 3096 5144 sarmentis
3134 5087 3461 5156 augebatur,
3494 5099 3638 5155 aqua

2052 5199 2185 5241 vero
2218 5182 2697 5253 cxstinguebatur,
2729 5179 3032 5235 Benedicite
3055 5221 3069 5244 ,
3113 5179 3294 5233 omnia
3328 5194 3486 5247 opera
3520 5176 3635 5230 Do-

2054 5278 2221 5342 mini,
2254 5275 2544 5330 Dominum
2575 5275 2643 5336 ⁹⁹,
2681 5272 2958 5343 inquiunt.
3009 5270 3089 5326 Ad
3134 5269 3550 5325 immaterialem
3583 5276 3638 5322 et

2057 5369 2223 5424 nullis
2256 5368 2513 5422 manibus
2545 5365 2748 5420 factum
2784 5364 2954 5419 Deum
2992 5363 3190 5436 impios
3226 5362 3513 5418 Chaldaeos
3541 5374 3635 5429 per

2054 5460 2458 5516 institutionem
2495 5458 2636 5512 hanc
2670 5455 2933 5511 ducentes
2958 5496 2973 5520 ,
3014 5470 3080 5510 ac
3116 5470 3309 5509 omnes
3349 5451 3633 5523 gentilium

2054 5552 2190 5607 deos
2217 5557 2502 5606 creaturas
2531 5556 2586 5605 et
2618 5562 2785 5618 opera
2833 5562 2957 5603 esse
3006 5562 3137 5602 vere
3176 5542 3532 5603 subsistentis
3576 5550 3634 5603 et

2062 5644 2179 5699 veri
2207 5651 2261 5698 et
2288 5641 2519 5704 inereati
2543 5640 2637 5696 Dei
2661 5640 2974 5696 innuentes.
3020 5637 3339 5701 Benedicile,
3359 5633 3631 5706 inquiunt,

3548 5788 3564 5821 Ι

3468 5890 3548 5911 »ην
3633 5892 3655 5911 α
3686 5880 3725 5922 σι,

3589 5932 3681 5942 ου--λ
