  <div class='ocr_page' id='page_1' title='image "/cluster/home/n/w/nwhite01/storage/ocr_20150623/38:no.4/coo.31924054869353/471.png"; bbox 0 0 4000 6418; ppageno 0'>
   <div class='ocr_carea' id='block_1_1' title="bbox 481 356 587 414">
    <p class='ocr_par' dir='ltr' id='par_1_1' title="bbox 481 356 587 414">
     <span class='ocr_line' id='line_1_1' title="bbox 481 356 587 414; baseline -0.028 0"><span class='ocrx_word' id='word_1_1' title='bbox 481 356 587 414; x_wconf 69' lang='grc' dir='ltr'><strong>9Ξ3</strong></span> 
     </span>
    </p>
   </div>
   <div class='ocr_carea' id='block_1_2' title="bbox 474 461 2049 537">
    <p class='ocr_par' dir='ltr' id='par_1_2' title="bbox 474 461 2049 537">
     <span class='ocr_line' id='line_1_2' title="bbox 474 461 2049 537; baseline 0.003 -21"><span class='ocrx_word' id='word_1_2' title='bbox 474 461 653 516; x_wconf 81' lang='lat' dir='ltr'><strong>omnia</strong></span> <span class='ocrx_word' id='word_1_3' title='bbox 686 477 847 531; x_wconf 82' lang='lat' dir='ltr'><strong><em>opera</em></strong></span> <span class='ocrx_word' id='word_1_4' title='bbox 883 461 1132 529; x_wconf 85' lang='lat' dir='ltr'><strong>Domini,</strong></span> <span class='ocrx_word' id='word_1_5' title='bbox 1167 464 1497 533; x_wconf 82' lang='lat' dir='ltr'><strong>Dominum;</strong></span> <span class='ocrx_word' id='word_1_6' title='bbox 1529 477 1935 537; x_wconf 91' lang='lat' dir='ltr'><strong>consequenter</strong></span> <span class='ocrx_word' id='word_1_7' title='bbox 1980 482 2049 524; x_wconf 87' lang='lat' dir='ltr'><strong>eo</strong></span> 
     </span>
    </p>
   </div>
   <div class='ocr_carea' id='block_1_3' title="bbox 475 549 2054 617">
    <p class='ocr_par' dir='ltr' id='par_1_3' title="bbox 475 549 2054 617">
     <span class='ocr_line' id='line_1_3' title="bbox 475 549 2054 617; baseline 0.004 -14"><span class='ocrx_word' id='word_1_8' title='bbox 475 550 699 604; x_wconf 86' lang='lat' dir='ltr'><strong>cantico</strong></span> <span class='ocrx_word' id='word_1_9' title='bbox 747 549 1227 617; x_wconf 87' lang='lat' dir='ltr'><strong>demonstrantes,</strong></span> <span class='ocrx_word' id='word_1_10' title='bbox 1277 553 1387 609; x_wconf 86' lang='lat' dir='ltr'><strong>Deo</strong></span> <span class='ocrx_word' id='word_1_11' title='bbox 1430 555 1594 610; x_wconf 88' lang='lat' dir='ltr'><strong>simul</strong></span> <span class='ocrx_word' id='word_1_12' title='bbox 1638 555 1693 609; x_wconf 89' lang='lat' dir='ltr'><strong>in</strong></span> <span class='ocrx_word' id='word_1_13' title='bbox 1736 556 2054 610; x_wconf 88' lang='lat' dir='ltr'><strong>universum</strong></span> 
     </span>
    </p>
   </div>
   <div class='ocr_carea' id='block_1_4' title="bbox 476 643 2056 702">
    <p class='ocr_par' dir='ltr' id='par_1_4' title="bbox 476 643 2056 702">
     <span class='ocr_line' id='line_1_4' title="bbox 476 643 2056 702; baseline 0.004 -6"><span class='ocrx_word' id='word_1_14' title='bbox 476 643 662 697; x_wconf 82' lang='lat' dir='ltr'><strong>omnia</strong></span> <span class='ocrx_word' id='word_1_15' title='bbox 713 644 779 698; x_wconf 88' lang='lat' dir='ltr'><strong>ad</strong></span> <span class='ocrx_word' id='word_1_16' title='bbox 838 644 1192 699; x_wconf 87' lang='lat' dir='ltr'><strong>serviendum</strong></span> <span class='ocrx_word' id='word_1_17' title='bbox 1257 662 1383 702; x_wconf 90' lang='lat' dir='ltr'><strong>esse</strong></span> <span class='ocrx_word' id='word_1_18' title='bbox 1436 648 1696 702; x_wconf 78' lang='lat' dir='ltr'><strong>obnoxia.</strong></span> <span class='ocrx_word' id='word_1_19' title='bbox 1756 646 2056 702; x_wconf 75' lang='lat' dir='ltr'><strong>Benedicite</strong></span> 
     </span>
    </p>
   </div>
   <div class='ocr_carea' id='block_1_5' title="bbox 475 736 2051 806">
    <p class='ocr_par' dir='ltr' id='par_1_5' title="bbox 475 736 2051 806">
     <span class='ocr_line' id='line_1_5' title="bbox 475 736 2051 806; baseline 0.002 -17"><span class='ocrx_word' id='word_1_20' title='bbox 475 739 688 805; x_wconf 89' lang='lat' dir='ltr'><strong>ipsum,</strong></span> <span class='ocrx_word' id='word_1_21' title='bbox 718 736 872 790; x_wconf 87' lang='lat' dir='ltr'><strong>aiunt</strong></span> <span class='ocrx_word' id='word_1_22' title='bbox 896 777 911 801; x_wconf 84' lang='lat'><strong>,</strong></span> <span class='ocrx_word' id='word_1_23' title='bbox 939 738 1152 806; x_wconf 84' lang='lat' dir='ltr'><strong>angeli,</strong></span> <span class='ocrx_word' id='word_1_24' title='bbox 1180 738 1299 793; x_wconf 68' lang='lat' dir='ltr'><strong>coeli</strong></span> <span class='ocrx_word' id='word_1_25' title='bbox 1316 780 1330 803; x_wconf 91' lang='lat'><strong>,</strong></span> <span class='ocrx_word' id='word_1_26' title='bbox 1358 755 1529 806; x_wconf 62' lang='lat' dir='ltr'><strong>aqua,</strong></span> <span class='ocrx_word' id='word_1_27' title='bbox 1558 743 1641 794; x_wconf 82' lang='lat' dir='ltr'><strong>sol</strong></span> <span class='ocrx_word' id='word_1_28' title='bbox 1660 780 1675 804; x_wconf 92' lang='lat'><strong>,</strong></span> <span class='ocrx_word' id='word_1_29' title='bbox 1702 740 1851 803; x_wconf 67' lang='lat' dir='ltr'><strong>lunia,</strong></span> <span class='ocrx_word' id='word_1_30' title='bbox 1881 749 2051 803; x_wconf 79' lang='lat' dir='ltr'><strong>astra,</strong></span> 
     </span>
    </p>
   </div>
   <div class='ocr_carea' id='block_1_6' title="bbox 472 824 2054 896">
    <p class='ocr_par' dir='ltr' id='par_1_6' title="bbox 472 824 2054 896">
     <span class='ocr_line' id='line_1_6' title="bbox 472 824 2054 896; baseline 0.006 -21"><span class='ocrx_word' id='word_1_31' title='bbox 472 824 647 893; x_wconf 83' lang='lat' dir='ltr'><strong>ignis,</strong></span> <span class='ocrx_word' id='word_1_32' title='bbox 684 832 858 887; x_wconf 85' lang='lat' dir='ltr'><strong>terra,</strong></span> <span class='ocrx_word' id='word_1_33' title='bbox 897 835 1121 888; x_wconf 81' lang='lat' dir='ltr'><strong>montes,</strong></span> <span class='ocrx_word' id='word_1_34' title='bbox 1158 826 1341 891; x_wconf 79' lang='lat' dir='ltr'><strong>colles,</strong></span> <span class='ocrx_word' id='word_1_35' title='bbox 1376 828 1658 896; x_wconf 77' lang='lat' dir='ltr'><strong>jumeuta.</strong></span> <span class='ocrx_word' id='word_1_36' title='bbox 1706 829 1918 894; x_wconf 67' lang='lat' dir='ltr'><strong>bestiae,</strong></span> <span class='ocrx_word' id='word_1_37' title='bbox 1967 846 2054 884; x_wconf 86' lang='lat' dir='ltr'><strong>re-</strong></span> 
     </span>
    </p>
   </div>
   <div class='ocr_carea' id='block_1_7' title="bbox 472 898 2053 991">
    <p class='ocr_par' dir='ltr' id='par_1_7' title="bbox 472 898 2053 991">
     <span class='ocr_line' id='line_1_7' title="bbox 472 898 2053 991; baseline 0.006 -25"><span class='ocrx_word' id='word_1_38' title='bbox 472 914 663 983; x_wconf 81' lang='lat' dir='ltr'><strong>ptilia,</strong></span> <span class='ocrx_word' id='word_1_39' title='bbox 699 898 975 977; x_wconf 53' lang='lat' dir='ltr'><strong>volatilia&#39;,</strong></span> <span class='ocrx_word' id='word_1_40' title='bbox 1001 923 1055 970; x_wconf 90' lang='lat' dir='ltr'><strong>et</strong></span> <span class='ocrx_word' id='word_1_41' title='bbox 1105 925 1306 972; x_wconf 56' lang='lat' dir='ltr'><strong>cetera</strong></span> <span class='ocrx_word' id='word_1_42' title='bbox 1350 933 1693 990; x_wconf 66' lang='lat' dir='ltr'><strong>quaecunque</strong></span> <span class='ocrx_word' id='word_1_43' title='bbox 1735 921 1968 991; x_wconf 73' lang='lat' dir='ltr'><strong>gentiles</strong></span> <span class='ocrx_word' id='word_1_44' title='bbox 1996 921 2053 976; x_wconf 90' lang='lat' dir='ltr'><strong>in</strong></span> 
     </span>
    </p>
   </div>
   <div class='ocr_carea' id='block_1_8' title="bbox 473 1005 1377 1062">
    <p class='ocr_par' dir='ltr' id='par_1_8' title="bbox 473 1005 1377 1062">
     <span class='ocr_line' id='line_1_8' title="bbox 473 1005 1377 1062; baseline 0.003 -3"><span class='ocrx_word' id='word_1_45' title='bbox 473 1005 699 1059; x_wconf 85' lang='lat' dir='ltr'><strong>deorum</strong></span> <span class='ocrx_word' id='word_1_46' title='bbox 731 1019 1019 1060; x_wconf 89' lang='lat' dir='ltr'><strong>numerum</strong></span> <span class='ocrx_word' id='word_1_47' title='bbox 1051 1007 1377 1062; x_wconf 82' lang='lat' dir='ltr'><strong>retulerunt.</strong></span> 
     </span>
    </p>
   </div>
   <div class='ocr_carea' id='block_1_9' title="bbox 948 1115 1589 1203">
    <p class='ocr_par' dir='ltr' id='par_1_9' title="bbox 948 1115 1589 1203">
     <span class='ocr_line' id='line_1_9' title="bbox 948 1115 1589 1203; baseline 0.006 -33"><span class='ocrx_word' id='word_1_48' title='bbox 948 1115 1467 1174; x_wconf 77' lang='lat' dir='ltr'><strong>INTERROGATIO</strong></span> <span class='ocrx_word' id='word_1_49' title='bbox 1504 1119 1589 1203; x_wconf 78' lang='lat' dir='ltr'><strong>Lt.</strong></span> 
     </span>
    </p>
   </div>
   <div class='ocr_carea' id='block_1_10' title="bbox 544 1225 2048 1305">
    <p class='ocr_par' dir='ltr' id='par_1_10' title="bbox 544 1225 2048 1305">
     <span class='ocr_line' id='line_1_10' title="bbox 544 1225 2048 1305; baseline 0.011 -27"><span class='ocrx_word' id='word_1_50' title='bbox 544 1225 828 1292; x_wconf 84' lang='lat' dir='ltr'><strong>Quomodo</strong></span> <span class='ocrx_word' id='word_1_51' title='bbox 857 1228 1065 1283; x_wconf 87' lang='lat' dir='ltr'><strong>creavit</strong></span> <span class='ocrx_word' id='word_1_52' title='bbox 1102 1228 1244 1285; x_wconf 79' lang='lat' dir='ltr'><strong>Deus</strong></span> <span class='ocrx_word' id='word_1_53' title='bbox 1282 1231 1466 1287; x_wconf 87' lang='lat' dir='ltr'><strong>omnia</strong></span> <span class='ocrx_word' id='word_1_54' title='bbox 1491 1272 1508 1297; x_wconf 93' lang='lat'><strong>,</strong></span> <span class='ocrx_word' id='word_1_55' title='bbox 1544 1233 1866 1305; x_wconf 84' lang='lat' dir='ltr'><strong>priusquam</strong></span> <span class='ocrx_word' id='word_1_56' title='bbox 1900 1237 2048 1293; x_wconf 78' lang='lat' dir='ltr'><strong>exsi-</strong></span> 
     </span>
    </p>
   </div>
   <div class='ocr_carea' id='block_1_11' title="bbox 470 1318 1382 1390">
    <p class='ocr_par' dir='ltr' id='par_1_11' title="bbox 470 1318 1382 1390">
     <span class='ocr_line' id='line_1_11' title="bbox 470 1318 1382 1390; baseline 0.003 -18"><span class='ocrx_word' id='word_1_57' title='bbox 470 1324 641 1373; x_wconf 83' lang='lat' dir='ltr'><strong>steret</strong></span> <span class='ocrx_word' id='word_1_58' title='bbox 674 1318 930 1375; x_wconf 76' lang='lat' dir='ltr'><strong>materies</strong></span> <span class='ocrx_word' id='word_1_59' title='bbox 961 1334 1067 1390; x_wconf 91' lang='lat' dir='ltr'><strong>qua</strong></span> <span class='ocrx_word' id='word_1_60' title='bbox 1098 1323 1382 1377; x_wconf 83' lang='lat' dir='ltr'><strong>uteretur?</strong></span> 
     </span>
    </p>
   </div>
   <div class='ocr_carea' id='block_1_12' title="bbox 1104 1408 1414 1480">
    <p class='ocr_par' dir='ltr' id='par_1_12' title="bbox 1104 1408 1414 1480">
     <span class='ocr_line' id='line_1_12' title="bbox 1104 1408 1414 1480; baseline 0.013 -17"><span class='ocrx_word' id='word_1_61' title='bbox 1104 1408 1414 1480; x_wconf 77' lang='lat' dir='ltr'><strong>Responsio.</strong></span> 
     </span>
    </p>
   </div>
   <div class='ocr_carea' id='block_1_13' title="bbox 539 1495 2049 1575">
    <p class='ocr_par' dir='ltr' id='par_1_13' title="bbox 539 1495 2049 1575">
     <span class='ocr_line' id='line_1_13' title="bbox 539 1495 2049 1575; baseline 0.01 -25"><span class='ocrx_word' id='word_1_62' title='bbox 539 1495 723 1554; x_wconf 89' lang='lat' dir='ltr'><strong>Primo</strong></span> <span class='ocrx_word' id='word_1_63' title='bbox 766 1500 988 1570; x_wconf 84' lang='lat' dir='ltr'><strong>quidem</strong></span> <span class='ocrx_word' id='word_1_64' title='bbox 1034 1500 1123 1556; x_wconf 88' lang='lat' dir='ltr'><strong>die</strong></span> <span class='ocrx_word' id='word_1_65' title='bbox 1168 1517 1235 1557; x_wconf 79' lang='lat' dir='ltr'><strong>ex</strong></span> <span class='ocrx_word' id='word_1_66' title='bbox 1286 1504 1437 1559; x_wconf 91' lang='lat' dir='ltr'><strong>nullo</strong></span> <span class='ocrx_word' id='word_1_67' title='bbox 1491 1505 1741 1575; x_wconf 90' lang='lat' dir='ltr'><strong>subjecto</strong></span> <span class='ocrx_word' id='word_1_68' title='bbox 1793 1508 2049 1565; x_wconf 85' lang='lat' dir='ltr'><strong>materies</strong></span> 
     </span>
    </p>
   </div>
   <div class='ocr_carea' id='block_1_14' title="bbox 468 1590 2048 1669">
    <p class='ocr_par' dir='ltr' id='par_1_14' title="bbox 468 1590 2048 1669">
     <span class='ocr_line' id='line_1_14' title="bbox 468 1590 2048 1669; baseline 0.008 -27"><span class='ocrx_word' id='word_1_69' title='bbox 468 1590 763 1660; x_wconf 79' lang='lat' dir='ltr'><strong>produxit,</strong></span> <span class='ocrx_word' id='word_1_70' title='bbox 799 1592 966 1647; x_wconf 86' lang='lat' dir='ltr'><strong>simul</strong></span> <span class='ocrx_word' id='word_1_71' title='bbox 1007 1593 1292 1662; x_wconf 75' lang='lat' dir='ltr'><strong>cogitans,</strong></span> <span class='ocrx_word' id='word_1_72' title='bbox 1336 1595 1519 1664; x_wconf 84' lang='lat' dir='ltr'><strong>qualis</strong></span> <span class='ocrx_word' id='word_1_73' title='bbox 1562 1612 1902 1669; x_wconf 61' lang='lat' dir='ltr'><strong>unaquaeque</strong></span> <span class='ocrx_word' id='word_1_74' title='bbox 1947 1615 2048 1655; x_wconf 86' lang='lat' dir='ltr'><strong>cu-</strong></span> 
     </span>
    </p>
   </div>
   <div class='ocr_carea' id='block_1_15' title="bbox 463 1678 2048 1761">
    <p class='ocr_par' dir='ltr' id='par_1_15' title="bbox 463 1678 2048 1761">
     <span class='ocr_line' id='line_1_15' title="bbox 463 1678 2048 1761; baseline 0.006 -26"><span class='ocrx_word' id='word_1_75' title='bbox 463 1682 663 1752; x_wconf 85' lang='lat' dir='ltr'><strong>jusque</strong></span> <span class='ocrx_word' id='word_1_76' title='bbox 690 1682 913 1737; x_wconf 86' lang='lat' dir='ltr'><strong>deberet</strong></span> <span class='ocrx_word' id='word_1_77' title='bbox 940 1697 1065 1737; x_wconf 90' lang='lat' dir='ltr'><strong>esse</strong></span> <span class='ocrx_word' id='word_1_78' title='bbox 1109 1685 1385 1740; x_wconf 85' lang='lat' dir='ltr'><strong>materies.</strong></span> <span class='ocrx_word' id='word_1_79' title='bbox 1436 1685 1636 1742; x_wconf 87' lang='lat' dir='ltr'><strong>Deinde</strong></span> <span class='ocrx_word' id='word_1_80' title='bbox 1686 1690 1868 1745; x_wconf 90' lang='lat' dir='ltr'><strong>statim</strong></span> <span class='ocrx_word' id='word_1_81' title='bbox 1920 1678 2048 1761; x_wconf 52' lang='lat' dir='ltr'><strong>pro;</strong></span> 
     </span>
    </p>
   </div>
   <div class='ocr_carea' id='block_1_16' title="bbox 466 1773 2039 1848">
    <p class='ocr_par' dir='ltr' id='par_1_16' title="bbox 466 1773 2039 1848">
     <span class='ocr_line' id='line_1_16' title="bbox 466 1773 2039 1848; baseline 0.006 -21"><span class='ocrx_word' id='word_1_82' title='bbox 466 1773 673 1829; x_wconf 82' lang='lat' dir='ltr'><strong>ferebat</strong></span> <span class='ocrx_word' id='word_1_83' title='bbox 698 1788 761 1829; x_wconf 89' lang='lat' dir='ltr'><strong>ea</strong></span> <span class='ocrx_word' id='word_1_84' title='bbox 794 1789 914 1844; x_wconf 67' lang='lat' dir='ltr'><strong>qua!</strong></span> <span class='ocrx_word' id='word_1_85' title='bbox 939 1774 1297 1844; x_wconf 77' lang='lat' dir='ltr'><strong>cogitaverat.</strong></span> <span class='ocrx_word' id='word_1_86' title='bbox 1334 1776 1512 1848; x_wconf 81' lang='lat' dir='ltr'><strong>Atque</strong></span> <span class='ocrx_word' id='word_1_87' title='bbox 1545 1779 1648 1834; x_wconf 87' lang='lat' dir='ltr'><strong>hoc</strong></span> <span class='ocrx_word' id='word_1_88' title='bbox 1701 1781 1822 1836; x_wconf 91' lang='lat' dir='ltr'><strong>loco</strong></span> <span class='ocrx_word' id='word_1_89' title='bbox 1870 1784 2039 1837; x_wconf 86' lang='lat' dir='ltr'><strong>nolim</strong></span> 
     </span>
    </p>
   </div>
   <div class='ocr_carea' id='block_1_17' title="bbox 464 1862 2041 1939">
    <p class='ocr_par' dir='ltr' id='par_1_17' title="bbox 464 1862 2041 1939">
     <span class='ocr_line' id='line_1_17' title="bbox 464 1862 2041 1939; baseline 0.008 -24"><span class='ocrx_word' id='word_1_90' title='bbox 464 1870 522 1916; x_wconf 86' lang='lat' dir='ltr'><strong>te</strong></span> <span class='ocrx_word' id='word_1_91' title='bbox 560 1862 694 1916; x_wconf 88' lang='lat' dir='ltr'><strong>mihi</strong></span> <span class='ocrx_word' id='word_1_92' title='bbox 727 1862 909 1917; x_wconf 81' lang='lat' dir='ltr'><strong>delabi</strong></span> <span class='ocrx_word' id='word_1_93' title='bbox 943 1863 1011 1918; x_wconf 86' lang='lat' dir='ltr'><strong>ad</strong></span> <span class='ocrx_word' id='word_1_94' title='bbox 1056 1864 1419 1934; x_wconf 79' lang='lat' dir='ltr'><strong>cogitationes</strong></span> <span class='ocrx_word' id='word_1_95' title='bbox 1444 1905 1459 1929; x_wconf 90' lang='lat'><strong>,</strong></span> <span class='ocrx_word' id='word_1_96' title='bbox 1505 1879 1563 1922; x_wconf 91' lang='lat' dir='ltr'><strong>ut</strong></span> <span class='ocrx_word' id='word_1_97' title='bbox 1608 1885 1859 1939; x_wconf 56' lang='lat' dir='ltr'><strong>quiet-ere</strong></span> <span class='ocrx_word' id='word_1_98' title='bbox 1906 1871 2041 1928; x_wconf 90' lang='lat' dir='ltr'><strong>velis</strong></span> 
     </span>
    </p>
   </div>
   <div class='ocr_carea' id='block_1_18' title="bbox 470 1951 2042 2031">
    <p class='ocr_par' dir='ltr' id='par_1_18' title="bbox 470 1951 2042 2031">
     <span class='ocr_line' id='line_1_18' title="bbox 470 1951 2042 2031; baseline 0.009 -28"><span class='ocrx_word' id='word_1_99' title='bbox 470 1965 581 2020; x_wconf 87' lang='lat' dir='ltr'><strong>quo</strong></span> <span class='ocrx_word' id='word_1_100' title='bbox 610 1951 660 2005; x_wconf 93' lang='lat' dir='ltr'><strong>id</strong></span> <span class='ocrx_word' id='word_1_101' title='bbox 695 1961 855 2022; x_wconf 87' lang='lat' dir='ltr'><strong>pacto</strong></span> <span class='ocrx_word' id='word_1_102' title='bbox 883 1953 955 2006; x_wconf 87' lang='lat' dir='ltr'><strong>sit</strong></span> <span class='ocrx_word' id='word_1_103' title='bbox 988 1952 1190 2008; x_wconf 79' lang='lat' dir='ltr'><strong>factum</strong></span> <span class='ocrx_word' id='word_1_104' title='bbox 1221 1971 1235 2019; x_wconf 94' lang='lat'>;</span> <span class='ocrx_word' id='word_1_105' title='bbox 1268 1971 1392 2010; x_wconf 92' lang='lat' dir='ltr'><strong>nam</strong></span> <span class='ocrx_word' id='word_1_106' title='bbox 1428 1968 1483 2012; x_wconf 90' lang='lat' dir='ltr'><strong>et</strong></span> <span class='ocrx_word' id='word_1_107' title='bbox 1515 1959 1764 2027; x_wconf 86' lang='lat' dir='ltr'><strong>volebat,</strong></span> <span class='ocrx_word' id='word_1_108' title='bbox 1801 1970 1854 2026; x_wconf 86' lang='lat' dir='ltr'><strong>et</strong></span> <span class='ocrx_word' id='word_1_109' title='bbox 1889 1971 2042 2031; x_wconf 90' lang='lat' dir='ltr'><strong>pote-</strong></span> 
     </span>
    </p>
   </div>
   <div class='ocr_carea' id='block_1_19' title="bbox 463 2041 2043 2108">
    <p class='ocr_par' dir='ltr' id='par_1_19' title="bbox 463 2041 2043 2108">
     <span class='ocr_line' id='line_1_19' title="bbox 463 2041 2043 2108; baseline 0.008 -13"><span class='ocrx_word' id='word_1_110' title='bbox 463 2048 550 2095; x_wconf 91' lang='lat' dir='ltr'><strong>rat</strong></span> <span class='ocrx_word' id='word_1_111' title='bbox 580 2041 761 2096; x_wconf 87' lang='lat' dir='ltr'><strong>omnia</strong></span> <span class='ocrx_word' id='word_1_112' title='bbox 796 2043 875 2098; x_wconf 85' lang='lat' dir='ltr'><strong>vis</strong></span> <span class='ocrx_word' id='word_1_113' title='bbox 906 2043 998 2097; x_wconf 89' lang='lat' dir='ltr'><strong>illa</strong></span> <span class='ocrx_word' id='word_1_114' title='bbox 1047 2045 1293 2101; x_wconf 81' lang='lat' dir='ltr'><strong>ell‘ectrix</strong></span> <span class='ocrx_word' id='word_1_115' title='bbox 1344 2048 1613 2105; x_wconf 91' lang='lat' dir='ltr'><strong>omniunt.</strong></span> <span class='ocrx_word' id='word_1_116' title='bbox 1671 2049 1751 2104; x_wconf 76' lang='lat' dir='ltr'><strong>Ex</strong></span> <span class='ocrx_word' id='word_1_117' title='bbox 1802 2052 1870 2107; x_wconf 91' lang='lat' dir='ltr'><strong>iis</strong></span> <span class='ocrx_word' id='word_1_118' title='bbox 1913 2068 2043 2108; x_wconf 87' lang='lat' dir='ltr'><strong>vero</strong></span> 
     </span>
    </p>
   </div>
   <div class='ocr_carea' id='block_1_20' title="bbox 463 2130 2041 2211">
    <p class='ocr_par' dir='ltr' id='par_1_20' title="bbox 463 2130 2041 2211">
     <span class='ocr_line' id='line_1_20' title="bbox 463 2130 2041 2211; baseline 0.011 -30"><span class='ocrx_word' id='word_1_119' title='bbox 463 2144 584 2199; x_wconf 78' lang='lat' dir='ltr'><strong>quae</strong></span> <span class='ocrx_word' id='word_1_120' title='bbox 613 2130 701 2185; x_wconf 91' lang='lat' dir='ltr'><strong>die</strong></span> <span class='ocrx_word' id='word_1_121' title='bbox 731 2132 975 2191; x_wconf 87' lang='lat' dir='ltr'><strong>condidit</strong></span> <span class='ocrx_word' id='word_1_122' title='bbox 1009 2136 1186 2205; x_wconf 86' lang='lat' dir='ltr'><strong>primo</strong></span> <span class='ocrx_word' id='word_1_123' title='bbox 1208 2177 1224 2201; x_wconf 92' lang='lat'><strong>,</strong></span> <span class='ocrx_word' id='word_1_124' title='bbox 1260 2137 1460 2193; x_wconf 90' lang='lat' dir='ltr'><strong>deinde</strong></span> <span class='ocrx_word' id='word_1_125' title='bbox 1491 2141 1704 2211; x_wconf 87' lang='lat' dir='ltr'><strong>reliqua</strong></span> <span class='ocrx_word' id='word_1_126' title='bbox 1736 2154 1921 2197; x_wconf 87' lang='lat' dir='ltr'><strong>creata</strong></span> <span class='ocrx_word' id='word_1_127' title='bbox 1955 2143 2041 2199; x_wconf 85' lang='lat' dir='ltr'><strong>fc—</strong></span> 
     </span>
    </p>
   </div>
   <div class='ocr_carea' id='block_1_21' title="bbox 462 2220 2044 2302">
    <p class='ocr_par' dir='ltr' id='par_1_21' title="bbox 462 2220 2044 2302">
     <span class='ocr_line' id='line_1_21' title="bbox 462 2220 2044 2302; baseline 0.009 -28"><span class='ocrx_word' id='word_1_128' title='bbox 462 2220 574 2287; x_wconf 89' lang='lat' dir='ltr'><strong>cit,</strong></span> <span class='ocrx_word' id='word_1_129' title='bbox 603 2220 855 2277; x_wconf 81' lang='lat' dir='ltr'><strong>videlicet</strong></span> <span class='ocrx_word' id='word_1_130' title='bbox 888 2225 1086 2278; x_wconf 64' lang='lat' dir='ltr'><strong>malum</strong></span> <span class='ocrx_word' id='word_1_131' title='bbox 1118 2229 1357 2296; x_wconf 85' lang='lat' dir='ltr'><strong>primum</strong></span> <span class='ocrx_word' id='word_1_132' title='bbox 1378 2268 1394 2290; x_wconf 82' lang='lat'><strong>,</strong></span> <span class='ocrx_word' id='word_1_133' title='bbox 1428 2245 1538 2285; x_wconf 92' lang='lat' dir='ltr'><strong>non</strong></span> <span class='ocrx_word' id='word_1_134' title='bbox 1573 2231 1707 2287; x_wconf 91' lang='lat' dir='ltr'><strong>illud</strong></span> <span class='ocrx_word' id='word_1_135' title='bbox 1741 2233 1889 2302; x_wconf 90' lang='lat' dir='ltr'><strong>quod</strong></span> <span class='ocrx_word' id='word_1_136' title='bbox 1917 2249 2044 2288; x_wconf 87' lang='lat' dir='ltr'><strong>cer-</strong></span> 
     </span>
    </p>
   </div>
   <div class='ocr_carea' id='block_1_22' title="bbox 466 2310 2039 2390">
    <p class='ocr_par' dir='ltr' id='par_1_22' title="bbox 466 2310 2039 2390">
     <span class='ocr_line' id='line_1_22' title="bbox 466 2310 2039 2390; baseline 0.009 -28"><span class='ocrx_word' id='word_1_137' title='bbox 466 2310 650 2364; x_wconf 86' lang='lat' dir='ltr'><strong>nimus</strong></span> <span class='ocrx_word' id='word_1_138' title='bbox 670 2352 685 2377; x_wconf 88' lang='lat'><strong>,</strong></span> <span class='ocrx_word' id='word_1_139' title='bbox 721 2312 815 2367; x_wconf 86' lang='lat' dir='ltr'><strong>sed</strong></span> <span class='ocrx_word' id='word_1_140' title='bbox 847 2328 1013 2383; x_wconf 86' lang='lat' dir='ltr'><strong>supra</strong></span> <span class='ocrx_word' id='word_1_141' title='bbox 1046 2318 1285 2384; x_wconf 92' lang='lat' dir='ltr'><strong>positum</strong></span> <span class='ocrx_word' id='word_1_142' title='bbox 1308 2356 1323 2381; x_wconf 89' lang='lat'><strong>,</strong></span> <span class='ocrx_word' id='word_1_143' title='bbox 1358 2318 1426 2373; x_wconf 89' lang='lat' dir='ltr'><strong>de</strong></span> <span class='ocrx_word' id='word_1_144' title='bbox 1458 2334 1564 2389; x_wconf 90' lang='lat' dir='ltr'><strong>quo</strong></span> <span class='ocrx_word' id='word_1_145' title='bbox 1593 2319 1825 2377; x_wconf 88' lang='lat' dir='ltr'><strong>Davides</strong></span> <span class='ocrx_word' id='word_1_146' title='bbox 1854 2324 2003 2376; x_wconf 87' lang='lat' dir='ltr'><strong>canit</strong></span> <span class='ocrx_word' id='word_1_147' title='bbox 2024 2364 2039 2390; x_wconf 88' lang='lat'><strong>,</strong></span> 
     </span>
    </p>
   </div>
   <div class='ocr_carea' id='block_1_23' title="bbox 463 2400 2039 2483">
    <p class='ocr_par' dir='ltr' id='par_1_23' title="bbox 463 2400 2039 2483">
     <span class='ocr_line' id='line_1_23' title="bbox 463 2400 2039 2483; baseline 0.01 -29"><span class='ocrx_word' id='word_1_148' title='bbox 463 2400 665 2454; x_wconf 73' lang='lat' dir='ltr'><strong>leum</strong></span> <span class='ocrx_word' id='word_1_149' title='bbox 692 2403 808 2456; x_wconf 70' lang='lat' dir='ltr'><strong>caeli</strong></span> <span class='ocrx_word' id='word_1_150' title='bbox 840 2403 1069 2460; x_wconf 83' lang='lat' dir='ltr'><strong>Domino</strong></span> <span class='ocrx_word' id='word_1_151' title='bbox 1110 2408 1148 2471; x_wconf 87' lang='grc'><strong>¹,</strong></span> <span class='ocrx_word' id='word_1_152' title='bbox 1181 2408 1249 2462; x_wconf 84' lang='lat' dir='ltr'><strong>ad</strong></span> <span class='ocrx_word' id='word_1_153' title='bbox 1283 2411 1503 2465; x_wconf 87' lang='lat' dir='ltr'><strong>modum</strong></span> <span class='ocrx_word' id='word_1_154' title='bbox 1539 2411 1735 2469; x_wconf 90' lang='lat' dir='ltr'><strong>domus</strong></span> <span class='ocrx_word' id='word_1_155' title='bbox 1768 2412 2039 2483; x_wconf 83' lang='lat' dir='ltr'><strong>duplicem</strong></span> 
     </span>
    </p>
   </div>
   <div class='ocr_carea' id='block_1_24' title="bbox 460 2487 2042 2570">
    <p class='ocr_par' dir='ltr' id='par_1_24' title="bbox 460 2487 2042 2570">
     <span class='ocr_line' id='line_1_24' title="bbox 460 2487 2042 2570; baseline 0.012 -27"><span class='ocrx_word' id='word_1_156' title='bbox 460 2487 724 2546; x_wconf 74' lang='lat' dir='ltr'><strong>fornicem</strong></span> <span class='ocrx_word' id='word_1_157' title='bbox 780 2494 1062 2562; x_wconf 82' lang='lat' dir='ltr'><strong>habentis,</strong></span> <span class='ocrx_word' id='word_1_158' title='bbox 1120 2498 1485 2570; x_wconf 87' lang='lat' dir='ltr'><strong>intersepiens</strong></span> <span class='ocrx_word' id='word_1_159' title='bbox 1540 2511 1595 2559; x_wconf 91' lang='lat' dir='ltr'><strong>et</strong></span> <span class='ocrx_word' id='word_1_160' title='bbox 1640 2504 1960 2562; x_wconf 85' lang='lat' dir='ltr'><strong>discernens</strong></span> <span class='ocrx_word' id='word_1_161' title='bbox 2010 2525 2042 2562; x_wconf 91' lang='lat' dir='ltr'><strong>a</strong></span> 
     </span>
    </p>
   </div>
   <div class='ocr_carea' id='block_1_25' title="bbox 461 2582 2043 2669">
    <p class='ocr_par' dir='ltr' id='par_1_25' title="bbox 461 2582 2043 2669">
     <span class='ocr_line' id='line_1_25' title="bbox 461 2582 2043 2669; baseline 0.013 -36"><span class='ocrx_word' id='word_1_162' title='bbox 461 2582 815 2639; x_wconf 85' lang='lat' dir='ltr'><strong>terrestribus</strong></span> <span class='ocrx_word' id='word_1_163' title='bbox 850 2586 1272 2644; x_wconf 89' lang='lat' dir='ltr'><strong>ultramundana</strong></span> <span class='ocrx_word' id='word_1_164' title='bbox 1294 2630 1308 2656; x_wconf 88' lang='lat'><strong>,</strong></span> <span class='ocrx_word' id='word_1_165' title='bbox 1339 2599 1394 2646; x_wconf 84' lang='lat' dir='ltr'><strong>et</strong></span> <span class='ocrx_word' id='word_1_166' title='bbox 1424 2594 1588 2649; x_wconf 88' lang='lat' dir='ltr'><strong>veluti</strong></span> <span class='ocrx_word' id='word_1_167' title='bbox 1625 2595 1870 2653; x_wconf 88' lang='lat' dir='ltr'><strong>tabulato</strong></span> <span class='ocrx_word' id='word_1_168' title='bbox 1904 2614 2043 2669; x_wconf 80' lang='lat' dir='ltr'><strong>quo-</strong></span> 
     </span>
    </p>
   </div>
   <div class='ocr_carea' id='block_1_26' title="bbox 460 2668 901 2730">
    <p class='ocr_par' dir='ltr' id='par_1_26' title="bbox 460 2668 901 2730">
     <span class='ocr_line' id='line_1_26' title="bbox 460 2668 901 2730; baseline 0.009 -6"><span class='ocrx_word' id='word_1_169' title='bbox 460 2668 585 2724; x_wconf 87' lang='lat' dir='ltr'><strong>dam</strong></span> <span class='ocrx_word' id='word_1_170' title='bbox 618 2669 901 2730; x_wconf 87' lang='lat' dir='ltr'><strong>dirimens.</strong></span> 
     </span>
    </p>
   </div>
   <div class='ocr_carea' id='block_1_27' title="bbox 917 2788 1581 2849">
    <p class='ocr_par' dir='ltr' id='par_1_27' title="bbox 917 2788 1581 2849">
     <span class='ocr_line' id='line_1_27' title="bbox 917 2788 1581 2849; baseline 0.009 -6"><span class='ocrx_word' id='word_1_171' title='bbox 917 2788 1434 2849; x_wconf 76' lang='lat' dir='ltr'><strong>INTERROGATIO</strong></span> <span class='ocrx_word' id='word_1_172' title='bbox 1472 2794 1581 2849; x_wconf 91' lang='lat' dir='ltr'><strong>LII.</strong></span> 
     </span>
    </p>
   </div>
   <div class='ocr_carea' id='block_1_28' title="bbox 529 2895 2043 2976">
    <p class='ocr_par' dir='ltr' id='par_1_28' title="bbox 529 2895 2043 2976">
     <span class='ocr_line' id='line_1_28' title="bbox 529 2895 2043 2976; baseline 0.014 -28"><span class='ocrx_word' id='word_1_173' title='bbox 529 2895 713 2962; x_wconf 81' lang='lat' dir='ltr'><strong>Quare</strong></span> <span class='ocrx_word' id='word_1_174' title='bbox 758 2914 867 2953; x_wconf 89' lang='lat' dir='ltr'><strong>non</strong></span> <span class='ocrx_word' id='word_1_175' title='bbox 915 2903 1140 2973; x_wconf 88' lang='lat' dir='ltr'><strong>scripsit</strong></span> <span class='ocrx_word' id='word_1_176' title='bbox 1193 2904 1410 2970; x_wconf 79' lang='lat' dir='ltr'><strong>Moses,</strong></span> <span class='ocrx_word' id='word_1_177' title='bbox 1454 2906 1603 2976; x_wconf 91' lang='lat' dir='ltr'><strong>quod</strong></span> <span class='ocrx_word' id='word_1_178' title='bbox 1650 2906 1844 2965; x_wconf 82' lang='lat' dir='ltr'><strong>fecerit</strong></span> <span class='ocrx_word' id='word_1_179' title='bbox 1901 2910 2043 2969; x_wconf 84' lang='lat' dir='ltr'><strong>Deus</strong></span> 
     </span>
    </p>
   </div>
   <div class='ocr_carea' id='block_1_29' title="bbox 459 2990 2012 3064">
    <p class='ocr_par' dir='ltr' id='par_1_29' title="bbox 459 2990 2012 3064">
     <span class='ocr_line' id='line_1_29' title="bbox 459 2990 2012 3064; baseline 0.018 -27"><span class='ocrx_word' id='word_1_180' title='bbox 459 2999 656 3054; x_wconf 79' lang='lat' dir='ltr'><strong>aquam</strong></span> <span class='ocrx_word' id='word_1_181' title='bbox 680 3028 696 3053; x_wconf 92' lang='lat'><strong>,</strong></span> <span class='ocrx_word' id='word_1_182' title='bbox 730 2997 824 3043; x_wconf 90' lang='lat' dir='ltr'><strong>aut</strong></span> <span class='ocrx_word' id='word_1_183' title='bbox 858 2990 1036 3060; x_wconf 83' lang='lat' dir='ltr'><strong>ignem</strong></span> <span class='ocrx_word' id='word_1_184' title='bbox 1057 3031 1073 3055; x_wconf 93' lang='lat'><strong>,</strong></span> <span class='ocrx_word' id='word_1_185' title='bbox 1109 3002 1204 3047; x_wconf 89' lang='lat' dir='ltr'><strong>aut</strong></span> <span class='ocrx_word' id='word_1_186' title='bbox 1234 3009 1360 3050; x_wconf 89' lang='lat' dir='ltr'><strong>aera</strong></span> <span class='ocrx_word' id='word_1_187' title='bbox 1383 3034 1399 3061; x_wconf 93' lang='lat'><strong>,</strong></span> <span class='ocrx_word' id='word_1_188' title='bbox 1433 3005 1493 3051; x_wconf 83' lang='lat' dir='ltr'><strong>ut</strong></span> <span class='ocrx_word' id='word_1_189' title='bbox 1523 2998 1592 3055; x_wconf 89' lang='lat' dir='ltr'><strong>de</strong></span> <span class='ocrx_word' id='word_1_190' title='bbox 1633 3005 1775 3062; x_wconf 72' lang='lat' dir='ltr'><strong>ctnlo</strong></span> <span class='ocrx_word' id='word_1_191' title='bbox 1797 3014 1853 3062; x_wconf 87' lang='lat' dir='ltr'><strong>et</strong></span> <span class='ocrx_word' id='word_1_192' title='bbox 1871 3015 2012 3064; x_wconf 88' lang='lat' dir='ltr'><strong>terra</strong></span> 
     </span>
    </p>
   </div>
   <div class='ocr_carea' id='block_1_30' title="bbox 459 3078 1125 3139">
    <p class='ocr_par' dir='ltr' id='par_1_30' title="bbox 459 3078 1125 3139">
     <span class='ocr_line' id='line_1_30' title="bbox 459 3078 1125 3139; baseline 0.009 -8"><span class='ocrx_word' id='word_1_193' title='bbox 459 3078 749 3136; x_wconf 82' lang='lat' dir='ltr'><strong>arboribus</strong></span> <span class='ocrx_word' id='word_1_194' title='bbox 780 3088 837 3137; x_wconf 87' lang='lat' dir='ltr'><strong>ct</strong></span> <span class='ocrx_word' id='word_1_195' title='bbox 864 3084 1125 3139; x_wconf 62' lang='lat' dir='ltr'><strong>caeteris?</strong></span> 
     </span>
    </p>
   </div>
   <div class='ocr_carea' id='block_1_31' title="bbox 1094 3171 1398 3239">
    <p class='ocr_par' dir='ltr' id='par_1_31' title="bbox 1094 3171 1398 3239">
     <span class='ocr_line' id='line_1_31' title="bbox 1094 3171 1398 3239; baseline 0.016 -12"><span class='ocrx_word' id='word_1_196' title='bbox 1094 3171 1398 3239; x_wconf 80' lang='lat' dir='ltr'><strong>Responsio.</strong></span> 
     </span>
    </p>
   </div>
   <div class='ocr_carea' id='block_1_32' title="bbox 527 3258 2040 3346">
    <p class='ocr_par' dir='ltr' id='par_1_32' title="bbox 527 3258 2040 3346">
     <span class='ocr_line' id='line_1_32' title="bbox 527 3258 2040 3346; baseline 0.012 -32"><span class='ocrx_word' id='word_1_197' title='bbox 527 3258 668 3316; x_wconf 84' lang='lat' dir='ltr'><strong>Num</strong></span> <span class='ocrx_word' id='word_1_198' title='bbox 708 3277 862 3334; x_wconf 78' lang='lat' dir='ltr'><strong>ergo,</strong></span> <span class='ocrx_word' id='word_1_199' title='bbox 897 3265 1026 3335; x_wconf 84' lang='lat' dir='ltr'><strong>quia</strong></span> <span class='ocrx_word' id='word_1_200' title='bbox 1074 3265 1127 3320; x_wconf 91' lang='lat' dir='ltr'><strong>id</strong></span> <span class='ocrx_word' id='word_1_201' title='bbox 1183 3267 1349 3323; x_wconf 87' lang='lat' dir='ltr'><strong>etiam</strong></span> <span class='ocrx_word' id='word_1_202' title='bbox 1401 3270 1667 3341; x_wconf 88' lang='lat' dir='ltr'><strong>scriptum</strong></span> <span class='ocrx_word' id='word_1_203' title='bbox 1727 3284 1835 3338; x_wconf 87' lang='lat' dir='ltr'><strong>cst,</strong></span> <span class='ocrx_word' id='word_1_204' title='bbox 1889 3274 2040 3346; x_wconf 84' lang='lat' dir='ltr'><strong>quod</strong></span> 
     </span>
    </p>
   </div>
   <div class='ocr_carea' id='block_1_33' title="bbox 458 3350 2038 3433">
    <p class='ocr_par' dir='ltr' id='par_1_33' title="bbox 458 3350 2038 3433">
     <span class='ocr_line' id='line_1_33' title="bbox 458 3350 2038 3433; baseline 0.008 -24"><span class='ocrx_word' id='word_1_205' title='bbox 458 3350 622 3418; x_wconf 83' lang='lat' dir='ltr'><strong>Deus,</strong></span> <span class='ocrx_word' id='word_1_206' title='bbox 654 3365 879 3423; x_wconf 89' lang='lat' dir='ltr'><strong>accepto</strong></span> <span class='ocrx_word' id='word_1_207' title='bbox 906 3358 1132 3425; x_wconf 80' lang='lat' dir='ltr'><strong>pulvere</strong></span> <span class='ocrx_word' id='word_1_208' title='bbox 1158 3366 1319 3414; x_wconf 72' lang='lat' dir='ltr'><strong>terra:</strong></span> <span class='ocrx_word' id='word_1_209' title='bbox 1373 3359 1692 3419; x_wconf 79' lang='lat' dir='ltr'><strong>formaverit</strong></span> <span class='ocrx_word' id='word_1_210' title='bbox 1733 3366 2038 3433; x_wconf 89' lang='lat' dir='ltr'><strong>hominem,</strong></span> 
     </span>
    </p>
   </div>
   <div class='ocr_carea' id='block_1_34' title="bbox 457 3436 2038 3523">
    <p class='ocr_par' dir='ltr' id='par_1_34' title="bbox 457 3436 2038 3523">
     <span class='ocr_line' id='line_1_34' title="bbox 457 3436 2038 3523; baseline 0.012 -26"><span class='ocrx_word' id='word_1_211' title='bbox 457 3436 635 3512; x_wconf 80' lang='lat' dir='ltr'><strong>neque</strong></span> <span class='ocrx_word' id='word_1_212' title='bbox 658 3445 902 3499; x_wconf 86' lang='lat' dir='ltr'><strong>additum</strong></span> <span class='ocrx_word' id='word_1_213' title='bbox 931 3448 1022 3512; x_wconf 89' lang='lat' dir='ltr'><strong>sit,</strong></span> <span class='ocrx_word' id='word_1_214' title='bbox 1060 3450 1207 3519; x_wconf 87' lang='lat' dir='ltr'><strong>quod</strong></span> <span class='ocrx_word' id='word_1_215' title='bbox 1243 3451 1293 3505; x_wconf 92' lang='lat' dir='ltr'><strong>ei</strong></span> <span class='ocrx_word' id='word_1_216' title='bbox 1327 3450 1516 3507; x_wconf 82' lang='lat' dir='ltr'><strong>fecerit</strong></span> <span class='ocrx_word' id='word_1_217' title='bbox 1551 3458 1769 3523; x_wconf 85' lang='lat' dir='ltr'><strong>oculos,</strong></span> <span class='ocrx_word' id='word_1_218' title='bbox 1809 3468 1905 3514; x_wconf 90' lang='lat' dir='ltr'><strong>aut</strong></span> <span class='ocrx_word' id='word_1_219' title='bbox 1938 3475 2038 3514; x_wconf 89' lang='lat' dir='ltr'><strong>au-</strong></span> 
     </span>
    </p>
   </div>
   <div class='ocr_carea' id='block_1_35' title="bbox 457 3533 2035 3616">
    <p class='ocr_par' dir='ltr' id='par_1_35' title="bbox 457 3533 2035 3616">
     <span class='ocr_line' id='line_1_35' title="bbox 457 3533 2035 3616; baseline 0.013 -30"><span class='ocrx_word' id='word_1_220' title='bbox 457 3545 567 3596; x_wconf 86' lang='lat' dir='ltr'><strong>res,</strong></span> <span class='ocrx_word' id='word_1_221' title='bbox 602 3543 696 3587; x_wconf 89' lang='lat' dir='ltr'><strong>aut</strong></span> <span class='ocrx_word' id='word_1_222' title='bbox 730 3533 915 3603; x_wconf 87' lang='lat' dir='ltr'><strong>pedes.</strong></span> <span class='ocrx_word' id='word_1_223' title='bbox 946 3545 1042 3590; x_wconf 85' lang='lat' dir='ltr'><strong>aut</strong></span> <span class='ocrx_word' id='word_1_224' title='bbox 1072 3538 1394 3609; x_wconf 84' lang='lat' dir='ltr'><strong>brachium;</strong></span> <span class='ocrx_word' id='word_1_225' title='bbox 1434 3544 1556 3599; x_wconf 83' lang='lat' dir='ltr'><strong>ideo</strong></span> <span class='ocrx_word' id='word_1_226' title='bbox 1606 3548 1909 3616; x_wconf 85' lang='lat' dir='ltr'><strong>putandum</strong></span> <span class='ocrx_word' id='word_1_227' title='bbox 1948 3558 2035 3606; x_wconf 86' lang='lat' dir='ltr'><strong>est</strong></span> 
     </span>
    </p>
   </div>
   <div class='ocr_carea' id='block_1_36' title="bbox 456 3621 2035 3707">
    <p class='ocr_par' dir='ltr' id='par_1_36' title="bbox 456 3621 2035 3707">
     <span class='ocr_line' id='line_1_36' title="bbox 456 3621 2035 3707; baseline 0.014 -32"><span class='ocrx_word' id='word_1_228' title='bbox 456 3637 487 3675; x_wconf 89' lang='lat' dir='ltr'><strong>a</strong></span> <span class='ocrx_word' id='word_1_229' title='bbox 526 3621 635 3677; x_wconf 86' lang='lat' dir='ltr'><strong>Deo</strong></span> <span class='ocrx_word' id='word_1_230' title='bbox 666 3637 775 3677; x_wconf 91' lang='lat' dir='ltr'><strong>non</strong></span> <span class='ocrx_word' id='word_1_231' title='bbox 810 3638 933 3680; x_wconf 89' lang='lat' dir='ltr'><strong>esse</strong></span> <span class='ocrx_word' id='word_1_232' title='bbox 958 3634 1143 3681; x_wconf 85' lang='lat' dir='ltr'><strong>creata</strong></span> <span class='ocrx_word' id='word_1_233' title='bbox 1178 3631 1363 3684; x_wconf 84' lang='lat' dir='ltr'><strong>omnia</strong></span> <span class='ocrx_word' id='word_1_234' title='bbox 1411 3641 1624 3690; x_wconf 56' lang='lat' dir='ltr'><strong>natura;</strong></span> <span class='ocrx_word' id='word_1_235' title='bbox 1651 3652 1879 3707; x_wconf 80' lang='lat' dir='ltr'><strong>organa,</strong></span> <span class='ocrx_word' id='word_1_236' title='bbox 1918 3649 2035 3697; x_wconf 92' lang='lat' dir='ltr'><strong>tum</strong></span> 
     </span>
    </p>
   </div>
   <div class='ocr_carea' id='block_1_37' title="bbox 457 3713 2036 3805">
    <p class='ocr_par' dir='ltr' id='par_1_37' title="bbox 457 3713 2036 3805">
     <span class='ocr_line' id='line_1_37' title="bbox 457 3713 2036 3805; baseline 0.015 -40"><span class='ocrx_word' id='word_1_237' title='bbox 457 3713 670 3768; x_wconf 86' lang='lat' dir='ltr'><strong>interna</strong></span> <span class='ocrx_word' id='word_1_238' title='bbox 701 3724 815 3767; x_wconf 90' lang='lat' dir='ltr'><strong>tum</strong></span> <span class='ocrx_word' id='word_1_239' title='bbox 855 3719 1119 3772; x_wconf 81' lang='lat' dir='ltr'><strong>externa?</strong></span> <span class='ocrx_word' id='word_1_240' title='bbox 1145 3718 1417 3778; x_wconf 85' lang='lat' dir='ltr'><strong>Nimirum</strong></span> <span class='ocrx_word' id='word_1_241' title='bbox 1451 3725 1505 3780; x_wconf 89' lang='lat' dir='ltr'><strong>in</strong></span> <span class='ocrx_word' id='word_1_242' title='bbox 1540 3727 1607 3782; x_wconf 92' lang='lat' dir='ltr'><strong>iis</strong></span> <span class='ocrx_word' id='word_1_243' title='bbox 1637 3745 1760 3798; x_wconf 70' lang='lat' dir='ltr'><strong>quae</strong></span> <span class='ocrx_word' id='word_1_244' title='bbox 1806 3746 2036 3805; x_wconf 83' lang='lat' dir='ltr'><strong>compo-</strong></span> 
     </span>
    </p>
   </div>
   <div class='ocr_carea' id='block_1_38' title="bbox 455 3805 2037 3889">
    <p class='ocr_par' dir='ltr' id='par_1_38' title="bbox 455 3805 2037 3889">
     <span class='ocr_line' id='line_1_38' title="bbox 455 3805 2037 3889; baseline 0.015 -30"><span class='ocrx_word' id='word_1_245' title='bbox 455 3805 587 3869; x_wconf 88' lang='lat' dir='ltr'><strong>sita,</strong></span> <span class='ocrx_word' id='word_1_246' title='bbox 618 3811 675 3859; x_wconf 86' lang='lat' dir='ltr'><strong>et</strong></span> <span class='ocrx_word' id='word_1_247' title='bbox 704 3805 1004 3876; x_wconf 86' lang='lat' dir='ltr'><strong>aliquando</strong></span> <span class='ocrx_word' id='word_1_248' title='bbox 1041 3809 1292 3878; x_wconf 85' lang='lat' dir='ltr'><strong>sejuncta</strong></span> <span class='ocrx_word' id='word_1_249' title='bbox 1339 3823 1491 3881; x_wconf 80' lang='lat' dir='ltr'><strong>sunt,</strong></span> <span class='ocrx_word' id='word_1_250' title='bbox 1535 3833 1600 3872; x_wconf 78' lang='lat' dir='ltr'><strong>ex</strong></span> <span class='ocrx_word' id='word_1_251' title='bbox 1650 3825 2037 3889; x_wconf 68' lang='lat' dir='ltr'><strong>praestantiore</strong></span> 
     </span>
    </p>
   </div>
   <div class='ocr_carea' id='block_1_39' title="bbox 454 3895 2031 3982">
    <p class='ocr_par' dir='ltr' id='par_1_39' title="bbox 454 3895 2031 3982">
     <span class='ocr_line' id='line_1_39' title="bbox 454 3895 2031 3982; baseline 0.015 -32"><span class='ocrx_word' id='word_1_252' title='bbox 454 3895 633 3964; x_wconf 85' lang='lat' dir='ltr'><strong>ipsam</strong></span> <span class='ocrx_word' id='word_1_253' title='bbox 689 3911 805 3951; x_wconf 90' lang='lat' dir='ltr'><strong>rem</strong></span> <span class='ocrx_word' id='word_1_254' title='bbox 851 3910 1248 3969; x_wconf 55' lang='lat' dir='ltr'><strong>repra‘sentare</strong></span> <span class='ocrx_word' id='word_1_255' title='bbox 1307 3920 1467 3961; x_wconf 89' lang='lat' dir='ltr'><strong>sacra</strong></span> <span class='ocrx_word' id='word_1_256' title='bbox 1524 3908 1810 3982; x_wconf 87' lang='lat' dir='ltr'><strong>Scriptura</strong></span> <span class='ocrx_word' id='word_1_257' title='bbox 1868 3919 2031 3973; x_wconf 88' lang='lat' dir='ltr'><strong>solet.</strong></span> 
     </span>
    </p>
   </div>
   <div class='ocr_carea' id='block_1_40' title="bbox 453 3987 2036 4063">
    <p class='ocr_par' dir='ltr' id='par_1_40' title="bbox 453 3987 2036 4063">
     <span class='ocr_line' id='line_1_40' title="bbox 453 3987 2036 4063; baseline 0.015 -23"><span class='ocrx_word' id='word_1_258' title='bbox 453 3987 923 4052; x_wconf 79' lang='lat' dir='ltr'><strong>Quemadmodum</strong></span> <span class='ocrx_word' id='word_1_259' title='bbox 972 3992 1285 4049; x_wconf 89' lang='lat' dir='ltr'><strong>divinorum</strong></span> <span class='ocrx_word' id='word_1_260' title='bbox 1348 4000 1655 4057; x_wconf 86' lang='lat' dir='ltr'><strong>carminum</strong></span> <span class='ocrx_word' id='word_1_261' title='bbox 1704 4016 1898 4062; x_wconf 86' lang='lat' dir='ltr'><strong>auctor</strong></span> <span class='ocrx_word' id='word_1_262' title='bbox 1948 4010 2036 4063; x_wconf 85' lang='lat' dir='ltr'><strong>in-</strong></span> 
     </span>
    </p>
   </div>
   <div class='ocr_carea' id='block_1_41' title="bbox 453 4078 2034 4168">
    <p class='ocr_par' dir='ltr' id='par_1_41' title="bbox 453 4078 2034 4168">
     <span class='ocr_line' id='line_1_41' title="bbox 453 4078 2034 4168; baseline 0.016 -39"><span class='ocrx_word' id='word_1_263' title='bbox 453 4079 593 4147; x_wconf 87' lang='lat' dir='ltr'><strong>quit,</strong></span> <span class='ocrx_word' id='word_1_264' title='bbox 630 4078 827 4134; x_wconf 81' lang='lat' dir='ltr'><strong>Beatus</strong></span> <span class='ocrx_word' id='word_1_265' title='bbox 875 4082 956 4135; x_wconf 82' lang='lat' dir='ltr'><strong>vir</strong></span> <span class='ocrx_word' id='word_1_266' title='bbox 982 4084 1072 4153; x_wconf 83' lang='lat' dir='ltr'><strong>qui</strong></span> <span class='ocrx_word' id='word_1_267' title='bbox 1128 4100 1231 4139; x_wconf 82' lang='lat' dir='ltr'><strong>non</strong></span> <span class='ocrx_word' id='word_1_268' title='bbox 1290 4089 1420 4142; x_wconf 83' lang='lat' dir='ltr'><strong>abiit</strong></span> <span class='ocrx_word' id='word_1_269' title='bbox 1481 4092 1539 4144; x_wconf 82' lang='lat' dir='ltr'><strong>in</strong></span> <span class='ocrx_word' id='word_1_270' title='bbox 1575 4096 1800 4149; x_wconf 84' lang='lat' dir='ltr'><strong>consilio</strong></span> <span class='ocrx_word' id='word_1_271' title='bbox 1840 4100 2034 4168; x_wconf 89' lang='lat' dir='ltr'><strong>impio-</strong></span> 
     </span>
    </p>
   </div>
   <div class='ocr_carea' id='block_1_42' title="bbox 455 4171 2035 4243">
    <p class='ocr_par' dir='ltr' id='par_1_42' title="bbox 455 4171 2035 4243">
     <span class='ocr_line' id='line_1_42' title="bbox 455 4171 2035 4243; baseline 0.016 -24"><span class='ocrx_word' id='word_1_272' title='bbox 455 4184 574 4220; x_wconf 79' lang='lat' dir='ltr'><strong>rum</strong></span> <span class='ocrx_word' id='word_1_273' title='bbox 600 4171 621 4200; x_wconf 78' lang='grc'>²</span> <span class='ocrx_word' id='word_1_274' title='bbox 652 4187 666 4222; x_wconf 91' lang='lat'>:</span> <span class='ocrx_word' id='word_1_275' title='bbox 703 4182 813 4225; x_wconf 89' lang='lat' dir='ltr'><strong>non</strong></span> <span class='ocrx_word' id='word_1_276' title='bbox 859 4173 1048 4242; x_wconf 87' lang='lat' dir='ltr'><strong>utique</strong></span> <span class='ocrx_word' id='word_1_277' title='bbox 1080 4188 1121 4228; x_wconf 34' lang='lat' dir='ltr'><strong>a.</strong></span> <span class='ocrx_word' id='word_1_278' title='bbox 1145 4174 1484 4235; x_wconf 87' lang='lat' dir='ltr'><strong>beatitudine</strong></span> <span class='ocrx_word' id='word_1_279' title='bbox 1533 4183 1794 4241; x_wconf 85' lang='lat' dir='ltr'><strong>mulieres</strong></span> <span class='ocrx_word' id='word_1_280' title='bbox 1843 4190 2035 4243; x_wconf 71' lang='lat' dir='ltr'><strong>evcln-</strong></span> 
     </span>
    </p>
   </div>
   <div class='ocr_carea' id='block_1_43' title="bbox 453 4259 2033 4348">
    <p class='ocr_par' dir='ltr' id='par_1_43' title="bbox 453 4259 2033 4348">
     <span class='ocr_line' id='line_1_43' title="bbox 453 4259 2033 4348; baseline 0.012 -33"><span class='ocrx_word' id='word_1_281' title='bbox 453 4259 628 4327; x_wconf 87' lang='lat' dir='ltr'><strong>deus;</strong></span> <span class='ocrx_word' id='word_1_282' title='bbox 665 4261 762 4318; x_wconf 86' lang='lat' dir='ltr'><strong>sed</strong></span> <span class='ocrx_word' id='word_1_283' title='bbox 796 4276 921 4317; x_wconf 88' lang='lat' dir='ltr'><strong>cum</strong></span> <span class='ocrx_word' id='word_1_284' title='bbox 952 4264 1145 4320; x_wconf 88' lang='lat' dir='ltr'><strong>eadem</strong></span> <span class='ocrx_word' id='word_1_285' title='bbox 1204 4267 1275 4322; x_wconf 89' lang='lat' dir='ltr'><strong>sit</strong></span> <span class='ocrx_word' id='word_1_286' title='bbox 1335 4280 1555 4335; x_wconf 86' lang='lat' dir='ltr'><strong>natura,</strong></span> <span class='ocrx_word' id='word_1_287' title='bbox 1616 4288 1681 4328; x_wconf 75' lang='lat' dir='ltr'><strong>ex</strong></span> <span class='ocrx_word' id='word_1_288' title='bbox 1745 4279 2033 4348; x_wconf 83' lang='lat' dir='ltr'><strong>principa-</strong></span> 
     </span>
    </p>
   </div>
   <div class='ocr_carea' id='block_1_44' title="bbox 454 4352 2033 4433">
    <p class='ocr_par' dir='ltr' id='par_1_44' title="bbox 454 4352 2033 4433">
     <span class='ocr_line' id='line_1_44' title="bbox 454 4352 2033 4433; baseline 0.01 -25"><span class='ocrx_word' id='word_1_289' title='bbox 454 4352 595 4408; x_wconf 86' lang='lat' dir='ltr'><strong>liore</strong></span> <span class='ocrx_word' id='word_1_290' title='bbox 620 4366 840 4408; x_wconf 89' lang='lat' dir='ltr'><strong>carmen</strong></span> <span class='ocrx_word' id='word_1_291' title='bbox 867 4355 1103 4409; x_wconf 89' lang='lat' dir='ltr'><strong>orditur.</strong></span> <span class='ocrx_word' id='word_1_292' title='bbox 1163 4356 1239 4411; x_wconf 79' lang='lat' dir='ltr'><strong>Ex</strong></span> <span class='ocrx_word' id='word_1_293' title='bbox 1298 4357 1367 4414; x_wconf 90' lang='lat' dir='ltr'><strong>iis</strong></span> <span class='ocrx_word' id='word_1_294' title='bbox 1405 4360 1574 4430; x_wconf 80' lang='lat' dir='ltr'><strong>igitur</strong></span> <span class='ocrx_word' id='word_1_295' title='bbox 1631 4380 1754 4433; x_wconf 70' lang='lat' dir='ltr'><strong>qua:</strong></span> <span class='ocrx_word' id='word_1_296' title='bbox 1816 4367 1872 4421; x_wconf 91' lang='lat' dir='ltr'><strong>in</strong></span> <span class='ocrx_word' id='word_1_297' title='bbox 1923 4368 2033 4423; x_wconf 88' lang='lat' dir='ltr'><strong>isto</strong></span> 
     </span>
    </p>
   </div>
   <div class='ocr_carea' id='block_1_45' title="bbox 452 4441 2033 4521">
    <p class='ocr_par' dir='ltr' id='par_1_45' title="bbox 452 4441 2033 4521">
     <span class='ocr_line' id='line_1_45' title="bbox 452 4441 2033 4521; baseline 0.011 -26"><span class='ocrx_word' id='word_1_298' title='bbox 452 4441 696 4497; x_wconf 88' lang='lat' dir='ltr'><strong>carmine</strong></span> <span class='ocrx_word' id='word_1_299' title='bbox 723 4444 1102 4512; x_wconf 64' lang='lat' dir='ltr'><strong>praestantiora</strong></span> <span class='ocrx_word' id='word_1_300' title='bbox 1134 4452 1299 4509; x_wconf 88' lang='lat' dir='ltr'><strong>sunt,</strong></span> <span class='ocrx_word' id='word_1_301' title='bbox 1345 4449 1511 4502; x_wconf 83' lang='lat' dir='ltr'><strong>etiam</strong></span> <span class='ocrx_word' id='word_1_302' title='bbox 1565 4450 1633 4505; x_wconf 87' lang='lat' dir='ltr'><strong>de</strong></span> <span class='ocrx_word' id='word_1_303' title='bbox 1672 4457 2033 4521; x_wconf 83' lang='lat' dir='ltr'><strong>sequentibus</strong></span> 
     </span>
    </p>
   </div>
   <div class='ocr_carea' id='block_1_46' title="bbox 449 4530 2033 4613">
    <p class='ocr_par' dir='ltr' id='par_1_46' title="bbox 449 4530 2033 4613">
     <span class='ocr_line' id='line_1_46' title="bbox 449 4530 2033 4613; baseline 0.01 -29"><span class='ocrx_word' id='word_1_304' title='bbox 449 4530 721 4600; x_wconf 89' lang='lat' dir='ltr'><strong>judicium</strong></span> <span class='ocrx_word' id='word_1_305' title='bbox 757 4531 871 4585; x_wconf 83' lang='lat' dir='ltr'><strong>ﬁat.</strong></span> <span class='ocrx_word' id='word_1_306' title='bbox 907 4530 1038 4585; x_wconf 75' lang='lat' dir='ltr'><strong>Nam</strong></span> <span class='ocrx_word' id='word_1_307' title='bbox 1073 4536 1595 4592; x_wconf 83' lang='lat' dir='ltr'><strong>commemoratione</strong></span> <span class='ocrx_word' id='word_1_308' title='bbox 1619 4541 1746 4594; x_wconf 83' lang='lat' dir='ltr'><strong>coeli</strong></span> <span class='ocrx_word' id='word_1_309' title='bbox 1773 4551 1827 4596; x_wconf 90' lang='lat' dir='ltr'><strong>et</strong></span> <span class='ocrx_word' id='word_1_310' title='bbox 1852 4551 2033 4613; x_wconf 67' lang='lat' dir='ltr'><strong>terrae,</strong></span> 
     </span>
    </p>
   </div>
   <div class='ocr_carea' id='block_1_47' title="bbox 455 4620 2031 4707">
    <p class='ocr_par' dir='ltr' id='par_1_47' title="bbox 455 4620 2031 4707">
     <span class='ocr_line' id='line_1_47' title="bbox 455 4620 2031 4707; baseline 0.014 -33"><span class='ocrx_word' id='word_1_311' title='bbox 455 4620 769 4675; x_wconf 87' lang='lat' dir='ltr'><strong>universum</strong></span> <span class='ocrx_word' id='word_1_312' title='bbox 843 4621 947 4676; x_wconf 88' lang='lat' dir='ltr'><strong>hoc</strong></span> <span class='ocrx_word' id='word_1_313' title='bbox 999 4623 1521 4692; x_wconf 83' lang='lat' dir='ltr'><strong>comprehenditur,</strong></span> <span class='ocrx_word' id='word_1_314' title='bbox 1572 4643 1689 4696; x_wconf 88' lang='lat' dir='ltr'><strong>aer,</strong></span> <span class='ocrx_word' id='word_1_315' title='bbox 1768 4635 2031 4707; x_wconf 63' lang='lat' dir='ltr'><strong>tenebrat,</strong></span> 
     </span>
    </p>
   </div>
   <div class='ocr_carea' id='block_1_48' title="bbox 452 4711 709 4784">
    <p class='ocr_par' dir='ltr' id='par_1_48' title="bbox 452 4711 709 4784">
     <span class='ocr_line' id='line_1_48' title="bbox 452 4711 709 4784; baseline 0.004 -18"><span class='ocrx_word' id='word_1_316' title='bbox 452 4711 709 4784; x_wconf 76' lang='lat' dir='ltr'><strong>abyssus.</strong></span> 
     </span>
    </p>
   </div>
   <div class='ocr_carea' id='block_1_49' title="bbox 892 4823 1585 4889">
    <p class='ocr_par' dir='ltr' id='par_1_49' title="bbox 892 4823 1585 4889">
     <span class='ocr_line' id='line_1_49' title="bbox 892 4823 1585 4889; baseline 0.016 -11"><span class='ocrx_word' id='word_1_317' title='bbox 892 4823 1414 4886; x_wconf 77' lang='lat' dir='ltr'><strong>INTERROGATIO</strong></span> <span class='ocrx_word' id='word_1_318' title='bbox 1452 4830 1585 4889; x_wconf 83' lang='lat' dir='ltr'><strong>LIII.</strong></span> 
     </span>
    </p>
   </div>
   <div class='ocr_carea' id='block_1_50' title="bbox 520 4935 2028 5027">
    <p class='ocr_par' dir='ltr' id='par_1_50' title="bbox 520 4935 2028 5027">
     <span class='ocr_line' id='line_1_50' title="bbox 520 4935 2028 5027; baseline 0.013 -36"><span class='ocrx_word' id='word_1_319' title='bbox 520 4935 635 4992; x_wconf 85' lang='lat' dir='ltr'><strong>Cur</strong></span> <span class='ocrx_word' id='word_1_320' title='bbox 661 4943 843 4993; x_wconf 88' lang='lat' dir='ltr'><strong>autem</strong></span> <span class='ocrx_word' id='word_1_321' title='bbox 872 4938 1030 5009; x_wconf 83' lang='lat' dir='ltr'><strong>quasi</strong></span> <span class='ocrx_word' id='word_1_322' title='bbox 1065 4938 1276 4995; x_wconf 88' lang='lat' dir='ltr'><strong>viribus</strong></span> <span class='ocrx_word' id='word_1_323' title='bbox 1306 4940 1535 4997; x_wconf 81' lang='lat' dir='ltr'><strong>inferior</strong></span> <span class='ocrx_word' id='word_1_324' title='bbox 1558 4943 1759 5017; x_wconf 84' lang='lat' dir='ltr'><strong>Moses,</strong></span> <span class='ocrx_word' id='word_1_325' title='bbox 1790 4967 1902 5008; x_wconf 89' lang='lat' dir='ltr'><strong>non</strong></span> <span class='ocrx_word' id='word_1_326' title='bbox 1934 4971 2028 5027; x_wconf 80' lang='lat' dir='ltr'><strong>ag-</strong></span> 
     </span>
    </p>
   </div>
   <div class='ocr_carea' id='block_1_51' title="bbox 352 5016 2020 5111">
    <p class='ocr_par' dir='ltr' id='par_1_51' title="bbox 352 5016 2020 5111">
     <span class='ocr_line' id='line_1_51' title="bbox 352 5016 2020 5111; baseline 0.004 -28"><span class='ocrx_word' id='word_1_327' title='bbox 352 5016 355 5019; x_wconf 60' lang='grc'><em>’</em></span> <span class='ocrx_word' id='word_1_328' title='bbox 451 5045 673 5101; x_wconf 78' lang='lat' dir='ltr'><strong>gressus</strong></span> <span class='ocrx_word' id='word_1_329' title='bbox 722 5039 807 5086; x_wconf 87' lang='lat' dir='ltr'><strong>est</strong></span> <span class='ocrx_word' id='word_1_330' title='bbox 845 5031 1088 5087; x_wconf 89' lang='lat' dir='ltr'><strong>scribere</strong></span> <span class='ocrx_word' id='word_1_331' title='bbox 1130 5033 1479 5089; x_wconf 85' lang='lat' dir='ltr'><strong>tenebrarum</strong></span> <span class='ocrx_word' id='word_1_332' title='bbox 1527 5046 1581 5092; x_wconf 92' lang='lat' dir='ltr'><strong>ct</strong></span> <span class='ocrx_word' id='word_1_333' title='bbox 1637 5039 1821 5111; x_wconf 86' lang='lat' dir='ltr'><strong>abyssi</strong></span> <span class='ocrx_word' id='word_1_334' title='bbox 1867 5016 2020 5103; x_wconf 63' lang='lat' dir='ltr'><strong>crea.</strong></span> 
     </span>
    </p>
   </div>
   <div class='ocr_carea' id='block_1_52' title="bbox 450 5117 701 5172">
    <p class='ocr_par' dir='ltr' id='par_1_52' title="bbox 450 5117 701 5172">
     <span class='ocr_line' id='line_1_52' title="bbox 450 5117 701 5172; baseline -0.004 0"><span class='ocrx_word' id='word_1_335' title='bbox 450 5119 654 5172; x_wconf 86' lang='lat' dir='ltr'><strong>tionem</strong></span> <span class='ocrx_word' id='word_1_336' title='bbox 676 5117 701 5171; x_wconf 69' lang='grc' dir='ltr'><strong>ί</strong></span> 
     </span>
    </p>
   </div>
   <div class='ocr_carea' id='block_1_53' title="bbox 1089 5204 1397 5279">
    <p class='ocr_par' dir='ltr' id='par_1_53' title="bbox 1089 5204 1397 5279">
     <span class='ocr_line' id='line_1_53' title="bbox 1089 5204 1397 5279; baseline 0.016 -16"><span class='ocrx_word' id='word_1_337' title='bbox 1089 5204 1397 5279; x_wconf 67' lang='grc' dir='ltr'>Βέδροηδιυ.</span> 
     </span>
    </p>
   </div>
   <div class='ocr_carea' id='block_1_54' title="bbox 518 5298 2020 5379">
    <p class='ocr_par' dir='ltr' id='par_1_54' title="bbox 518 5298 2020 5379">
     <span class='ocr_line' id='line_1_54' title="bbox 518 5298 2020 5379; baseline 0.012 -27"><span class='ocrx_word' id='word_1_338' title='bbox 518 5298 814 5355; x_wconf 84' lang='lat' dir='ltr'><strong>Enimvero</strong></span> <span class='ocrx_word' id='word_1_339' title='bbox 847 5317 969 5372; x_wconf 68' lang='lat' dir='ltr'><strong>qua:</strong></span> <span class='ocrx_word' id='word_1_340' title='bbox 998 5302 1178 5359; x_wconf 83' lang='lat' dir='ltr'><strong>Moses</strong></span> <span class='ocrx_word' id='word_1_341' title='bbox 1211 5308 1492 5374; x_wconf 72' lang='lat' dir='ltr'><strong>praeteriit,</strong></span> <span class='ocrx_word' id='word_1_342' title='bbox 1530 5313 1830 5379; x_wconf 85' lang='lat' dir='ltr'><strong>quominus</strong></span> <span class='ocrx_word' id='word_1_343' title='bbox 1878 5316 2020 5370; x_wconf 83' lang='lat' dir='ltr'><strong>scri-</strong></span> 
     </span>
    </p>
   </div>
   <div class='ocr_carea' id='block_1_55' title="bbox 449 5391 2013 5465">
    <p class='ocr_par' dir='ltr' id='par_1_55' title="bbox 449 5391 2013 5465">
     <span class='ocr_line' id='line_1_55' title="bbox 449 5391 2013 5465; baseline 0.012 -22"><span class='ocrx_word' id='word_1_344' title='bbox 449 5391 627 5455; x_wconf 89' lang='lat' dir='ltr'><strong>beret,</strong></span> <span class='ocrx_word' id='word_1_345' title='bbox 666 5406 773 5446; x_wconf 91' lang='lat' dir='ltr'><strong>non</strong></span> <span class='ocrx_word' id='word_1_346' title='bbox 806 5394 1017 5449; x_wconf 91' lang='lat' dir='ltr'><strong>viribus</strong></span> <span class='ocrx_word' id='word_1_347' title='bbox 1044 5394 1343 5454; x_wconf 86' lang='lat' dir='ltr'><strong>destitutus</strong></span> <span class='ocrx_word' id='word_1_348' title='bbox 1379 5398 1529 5465; x_wconf 80' lang='lat' dir='ltr'><strong>fecit,</strong></span> <span class='ocrx_word' id='word_1_349' title='bbox 1565 5404 1657 5458; x_wconf 90' lang='lat' dir='ltr'><strong>sed</strong></span> <span class='ocrx_word' id='word_1_350' title='bbox 1692 5407 2013 5462; x_wconf 85' lang='lat' dir='ltr'><strong>exercitium</strong></span> 
     </span>
    </p>
   </div>
   <div class='ocr_carea' id='block_1_56' title="bbox 447 5479 2016 5561">
    <p class='ocr_par' dir='ltr' id='par_1_56' title="bbox 447 5479 2016 5561">
     <span class='ocr_line' id='line_1_56' title="bbox 447 5479 2016 5561; baseline 0.014 -31"><span class='ocrx_word' id='word_1_351' title='bbox 447 5479 608 5534; x_wconf 90' lang='lat' dir='ltr'><strong>nobis</strong></span> <span class='ocrx_word' id='word_1_352' title='bbox 640 5480 883 5551; x_wconf 90' lang='lat' dir='ltr'><strong>reliquit.</strong></span> <span class='ocrx_word' id='word_1_353' title='bbox 923 5482 1184 5540; x_wconf 84' lang='lat' dir='ltr'><strong>Solomon</strong></span> <span class='ocrx_word' id='word_1_354' title='bbox 1234 5488 1461 5557; x_wconf 88' lang='lat' dir='ltr'><strong>scripsit</strong></span> <span class='ocrx_word' id='word_1_355' title='bbox 1504 5490 1556 5544; x_wconf 91' lang='lat' dir='ltr'><strong>in</strong></span> <span class='ocrx_word' id='word_1_356' title='bbox 1609 5507 1843 5561; x_wconf 82' lang='lat' dir='ltr'><strong>persona</strong></span> <span class='ocrx_word' id='word_1_357' title='bbox 1896 5495 2016 5552; x_wconf 89' lang='lat' dir='ltr'><strong>Filii</strong></span> 
     </span>
    </p>
   </div>
   <div class='ocr_carea' id='block_1_57' title="bbox 421 5586 1483 5686">
    <p class='ocr_par' dir='ltr' id='par_1_57' title="bbox 421 5586 1483 5686">
     <span class='ocr_line' id='line_1_57' title="bbox 421 5586 1483 5686; baseline 0.011 -20"><span class='ocrx_word' id='word_1_358' title='bbox 421 5586 441 5610; x_wconf 69' lang='grc'><em>’</em></span> <span class='ocrx_word' id='word_1_359' title='bbox 520 5615 535 5644; x_wconf 82' lang='grc'><strong><em>“</em></strong></span> <span class='ocrx_word' id='word_1_360' title='bbox 579 5614 719 5672; x_wconf 80' lang='lat' dir='ltr'><strong>I’saI.</strong></span> <span class='ocrx_word' id='word_1_361' title='bbox 758 5632 913 5682; x_wconf 75' lang='lat' dir='ltr'><strong>cxnt,</strong></span> <span class='ocrx_word' id='word_1_362' title='bbox 954 5620 1040 5675; x_wconf 78' lang='grc'><strong>16.</strong></span> <span class='ocrx_word' id='word_1_363' title='bbox 1115 5625 1136 5655; x_wconf 80' lang='grc'>³</span> <span class='ocrx_word' id='word_1_364' title='bbox 1174 5621 1327 5679; x_wconf 78' lang='lat' dir='ltr'><strong>Psal.</strong></span> <span class='ocrx_word' id='word_1_365' title='bbox 1356 5639 1394 5686; x_wconf 88' lang='lat' dir='ltr'><strong>I,</strong></span> <span class='ocrx_word' id='word_1_366' title='bbox 1434 5627 1483 5678; x_wconf 42' lang='lat' dir='ltr'><strong>‘l.</strong></span> 
     </span>
    </p>
   </div>
   <div class='ocr_carea' id='block_1_58' title="bbox 521 5758 1886 5838">
    <p class='ocr_par' dir='ltr' id='par_1_58' title="bbox 521 5758 1886 5838">
     <span class='ocr_line' id='line_1_58' title="bbox 521 5758 1886 5838; baseline 0.007 -25"><span class='ocrx_word' id='word_1_367' title='bbox 521 5758 634 5825; x_wconf 71' lang='lat'><strong>(18)</strong></span> <span class='ocrx_word' id='word_1_368' title='bbox 670 5763 1106 5833; x_wconf 66' lang='lat' dir='ltr'><strong>&#39;I‘aapxodoac.</strong></span> <span class='ocrx_word' id='word_1_369' title='bbox 1145 5767 1305 5821; x_wconf 73' lang='lat' dir='ltr'><strong>Forte</strong></span> <span class='ocrx_word' id='word_1_370' title='bbox 1331 5766 1697 5838; x_wconf 75' lang='grc' dir='ltr'>ὑπαρχούσης.</span> <span class='ocrx_word' id='word_1_371' title='bbox 1730 5768 1886 5825; x_wconf 69' lang='lat' dir='ltr'><strong>lint‘r.</strong></span> 
     </span>
    </p>
   </div>
   <div class='ocr_carea' id='block_1_59' title="bbox 1555 350 2671 416">
    <p class='ocr_par' dir='ltr' id='par_1_59' title="bbox 1555 350 2671 416">
     <span class='ocr_line' id='line_1_59' title="bbox 1555 350 2671 416; baseline 0.003 -14"><span class='ocrx_word' id='word_1_372' title='bbox 1555 350 1610 404; x_wconf 93' lang='lat' dir='ltr'><strong>S.</strong></span> <span class='ocrx_word' id='word_1_373' title='bbox 1655 350 2327 416; x_wconf 57' lang='lat' dir='ltr'><strong>CxESAIlII,GREGORII</strong></span> <span class='ocrx_word' id='word_1_374' title='bbox 2370 351 2671 407; x_wconf 75' lang='lat' dir='ltr'><strong>FRATlllS</strong></span> 
     </span>
    </p>
   </div>
   <div class='ocr_carea' id='block_1_60' title="bbox 3628 355 3727 412">
    <p class='ocr_par' dir='ltr' id='par_1_60' title="bbox 3628 355 3727 412">
     <span class='ocr_line' id='line_1_60' title="bbox 3628 355 3727 412; baseline 0 -2"><span class='ocrx_word' id='word_1_375' title='bbox 3628 355 3727 412; x_wconf 59' lang='grc' dir='ltr'><strong>νει</strong></span> 
     </span>
    </p>
   </div>
   <div class='ocr_carea' id='block_1_61' title="bbox 2157 467 3734 537">
    <p class='ocr_par' dir='ltr' id='par_1_61' title="bbox 2157 467 3734 537">
     <span class='ocr_line' id='line_1_61' title="bbox 2157 467 3734 537; baseline 0.001 -14"><span class='ocrx_word' id='word_1_376' title='bbox 2157 469 2314 537; x_wconf 78' lang='grc' dir='ltr'>φασὶ,</span> <span class='ocrx_word' id='word_1_377' title='bbox 2342 468 2540 522; x_wconf 78' lang='grc' dir='ltr'>πάντα</span> <span class='ocrx_word' id='word_1_378' title='bbox 2564 468 2636 522; x_wconf 84' lang='grc' dir='ltr'>τὰ</span> <span class='ocrx_word' id='word_1_379' title='bbox 2655 467 2800 536; x_wconf 79' lang='grc' dir='ltr'>ἔργα</span> <span class='ocrx_word' id='word_1_380' title='bbox 2820 467 3061 534; x_wconf 81' lang='grc' dir='ltr'><strong>Κυρίου,</strong></span> <span class='ocrx_word' id='word_1_381' title='bbox 3090 467 3197 521; x_wconf 81' lang='grc' dir='ltr'><strong>τὸν</strong></span> <span class='ocrx_word' id='word_1_382' title='bbox 3213 468 3433 536; x_wconf 81' lang='grc' dir='ltr'><strong>Κύριον</strong></span> <span class='ocrx_word' id='word_1_383' title='bbox 3452 484 3466 499; x_wconf 78' lang='lat'><strong><em>°</em></strong></span> <span class='ocrx_word' id='word_1_384' title='bbox 3510 469 3734 525; x_wconf 74' lang='grc' dir='ltr'><strong>ἀκολού-</strong></span> 
     </span>
    </p>
   </div>
   <div class='ocr_carea' id='block_1_62' title="bbox 2156 556 3732 633">
    <p class='ocr_par' dir='ltr' id='par_1_62' title="bbox 2156 556 3732 633">
     <span class='ocr_line' id='line_1_62' title="bbox 2156 556 3732 633; baseline 0.003 -22"><span class='ocrx_word' id='word_1_385' title='bbox 2156 558 2265 623; x_wconf 75' lang='grc' dir='ltr'><strong>θως</strong></span> <span class='ocrx_word' id='word_1_386' title='bbox 2305 562 2373 630; x_wconf 77' lang='grc' dir='ltr'>τῇ</span> <span class='ocrx_word' id='word_1_387' title='bbox 2425 560 2683 631; x_wconf 75' lang='grc' dir='ltr'><strong>μελῳδίᾳ,</strong></span> <span class='ocrx_word' id='word_1_388' title='bbox 2727 558 2888 612; x_wconf 87' lang='grc' dir='ltr'>δοῦλα</span> <span class='ocrx_word' id='word_1_389' title='bbox 2929 558 3049 629; x_wconf 82' lang='grc' dir='ltr'>Θεῷ</span> <span class='ocrx_word' id='word_1_390' title='bbox 3080 556 3564 629; x_wconf 62' lang='grc' dir='ltr'>παριστῶντεξτέι</span> <span class='ocrx_word' id='word_1_391' title='bbox 3598 564 3732 633; x_wconf 82' lang='grc' dir='ltr'>σύμ-</span> 
     </span>
    </p>
   </div>
   <div class='ocr_carea' id='block_1_63' title="bbox 2157 648 3730 720">
    <p class='ocr_par' dir='ltr' id='par_1_63' title="bbox 2157 648 3730 720">
     <span class='ocr_line' id='line_1_63' title="bbox 2157 648 3730 720; baseline 0.003 -18"><span class='ocrx_word' id='word_1_392' title='bbox 2157 666 2355 712; x_wconf 75' lang='grc' dir='ltr'>παντα,</span> <span class='ocrx_word' id='word_1_393' title='bbox 2405 650 2743 720; x_wconf 75' lang='grc' dir='ltr'>Εὑλογεῖτε,</span> <span class='ocrx_word' id='word_1_394' title='bbox 2794 650 3110 719; x_wconf 77' lang='grc' dir='ltr'>φάσκοντες,</span> <span class='ocrx_word' id='word_1_395' title='bbox 3164 648 3427 719; x_wconf 76' lang='grc' dir='ltr'>ἄγγελοι,</span> <span class='ocrx_word' id='word_1_396' title='bbox 3465 654 3730 719; x_wconf 65' lang='grc' dir='ltr'>οἰιρανοί,</span> 
     </span>
    </p>
   </div>
   <div class='ocr_carea' id='block_1_64' title="bbox 2154 740 3734 811">
    <p class='ocr_par' dir='ltr' id='par_1_64' title="bbox 2154 740 3734 811">
     <span class='ocr_line' id='line_1_64' title="bbox 2154 740 3734 811; baseline 0.004 -19"><span class='ocrx_word' id='word_1_397' title='bbox 2154 740 2363 805; x_wconf 65' lang='lat' dir='ltr'><strong>ﬁdam,</strong></span> <span class='ocrx_word' id='word_1_398' title='bbox 2396 740 2591 807; x_wconf 71' lang='grc' dir='ltr'>ἣλιος,</span> <span class='ocrx_word' id='word_1_399' title='bbox 2617 740 2874 808; x_wconf 71' lang='grc' dir='ltr'>σελήνη,</span> <span class='ocrx_word' id='word_1_400' title='bbox 2900 740 3112 808; x_wconf 75' lang='grc' dir='ltr'>ἄστρα,</span> <span class='ocrx_word' id='word_1_401' title='bbox 3139 741 3278 809; x_wconf 78' lang='grc' dir='ltr'>πῦρ,</span> <span class='ocrx_word' id='word_1_402' title='bbox 3303 741 3400 811; x_wconf 76' lang='grc' dir='ltr'><strong>τῆ,</strong></span> <span class='ocrx_word' id='word_1_403' title='bbox 3435 741 3571 811; x_wconf 79' lang='grc' dir='ltr'><strong>ὄρη,</strong></span> <span class='ocrx_word' id='word_1_404' title='bbox 3589 744 3734 808; x_wconf 86' lang='grc' dir='ltr'>,βου-</span> 
     </span>
    </p>
   </div>
   <div class='ocr_carea' id='block_1_65' title="bbox 2153 828 3835 899">
    <p class='ocr_par' dir='ltr' id='par_1_65' title="bbox 2153 828 3835 899">
     <span class='ocr_line' id='line_1_65' title="bbox 2153 828 3835 899; baseline 0.005 -17"><span class='ocrx_word' id='word_1_405' title='bbox 2153 828 2269 892; x_wconf 78' lang='grc' dir='ltr'>νοί,</span> <span class='ocrx_word' id='word_1_406' title='bbox 2301 829 2515 898; x_wconf 78' lang='grc' dir='ltr'>κτήνη,</span> <span class='ocrx_word' id='word_1_407' title='bbox 2554 833 2752 899; x_wconf 80' lang='grc' dir='ltr'>θηρία,</span> <span class='ocrx_word' id='word_1_408' title='bbox 2774 830 3011 899; x_wconf 75' lang='grc' dir='ltr'>ἑρπετὰ,</span> <span class='ocrx_word' id='word_1_409' title='bbox 3038 833 3300 898; x_wconf 75' lang='grc' dir='ltr'>πετεινὰ,</span> <span class='ocrx_word' id='word_1_410' title='bbox 3326 834 3421 887; x_wconf 76' lang='grc' dir='ltr'>καὶ</span> <span class='ocrx_word' id='word_1_411' title='bbox 3446 832 3616 888; x_wconf 80' lang='grc' dir='ltr'>λοιπὰ</span> <span class='ocrx_word' id='word_1_412' title='bbox 3635 834 3733 890; x_wconf 69' lang='grc' dir='ltr'>ὅσα</span> <span class='ocrx_word' id='word_1_413' title='bbox 3826 862 3835 869; x_wconf 68' lang='grc' dir='ltr'><strong><em>ο</em></strong></span> 
     </span>
    </p>
   </div>
   <div class='ocr_carea' id='block_1_66' title="bbox 2157 917 2826 1005">
    <p class='ocr_par' dir='ltr' id='par_1_66' title="bbox 2157 917 2826 1005">
     <span class='ocr_line' id='line_1_66' title="bbox 2157 917 2826 1005; baseline 0.003 -32"><span class='ocrx_word' id='word_1_414' title='bbox 2157 917 2430 991; x_wconf 81' lang='grc' dir='ltr'>Ἕλληνες’</span> <span class='ocrx_word' id='word_1_415' title='bbox 2454 919 2826 1005; x_wconf 65' lang='grc' dir='ltr'>ὲθεοποίησαν.</span> 
     </span>
    </p>
   </div>
   <div class='ocr_carea' id='block_1_67' title="bbox 2739 1113 3153 1168">
    <p class='ocr_par' dir='ltr' id='par_1_67' title="bbox 2739 1113 3153 1168">
     <span class='ocr_line' id='line_1_67' title="bbox 2739 1113 3153 1168; baseline 0.005 -2"><span class='ocrx_word' id='word_1_416' title='bbox 2739 1113 2987 1167; x_wconf 83' lang='grc' dir='ltr'><strong>ΠΕΥΣΙΣ</strong></span> <span class='ocrx_word' id='word_1_417' title='bbox 3024 1114 3153 1168; x_wconf 82' lang='lat' dir='ltr'><strong>NA&#39;.</strong></span> 
     </span>
    </p>
   </div>
   <div class='ocr_carea' id='block_1_68' title="bbox 2095 1223 3728 1303">
    <p class='ocr_par' dir='ltr' id='par_1_68' title="bbox 2095 1223 3728 1303">
     <span class='ocr_line' id='line_1_68' title="bbox 2095 1223 3728 1303; baseline 0.007 -29"><span class='ocrx_word' id='word_1_418' title='bbox 2095 1236 2141 1273; x_wconf 80' lang='grc' dir='ltr'>ο</span> <span class='ocrx_word' id='word_1_419' title='bbox 2222 1223 2346 1288; x_wconf 78' lang='grc' dir='ltr'>Πῶς</span> <span class='ocrx_word' id='word_1_420' title='bbox 2371 1224 2583 1278; x_wconf 77' lang='grc' dir='ltr'><strong>ἔκτισεν</strong></span> <span class='ocrx_word' id='word_1_421' title='bbox 2620 1224 2649 1277; x_wconf 85' lang='grc' dir='ltr'><strong>ὁ</strong></span> <span class='ocrx_word' id='word_1_422' title='bbox 2676 1224 2808 1289; x_wconf 78' lang='grc' dir='ltr'>Θεὸς</span> <span class='ocrx_word' id='word_1_423' title='bbox 2831 1226 2900 1279; x_wconf 78' lang='grc' dir='ltr'>τὰ</span> <span class='ocrx_word' id='word_1_424' title='bbox 2926 1227 3134 1293; x_wconf 76' lang='grc' dir='ltr'>πάντας</span> <span class='ocrx_word' id='word_1_425' title='bbox 3178 1230 3611 1303; x_wconf 74' lang='grc' dir='ltr'><strong>προϋπαρχούσῃ</strong></span> <span class='ocrx_word' id='word_1_426' title='bbox 3636 1231 3728 1303; x_wconf 75' lang='grc' dir='ltr'>ὕλῃ</span> 
     </span>
    </p>
   </div>
   <div class='ocr_carea' id='block_1_69' title="bbox 2152 1314 3595 1389">
    <p class='ocr_par' dir='ltr' id='par_1_69' title="bbox 2152 1314 3595 1389">
     <span class='ocr_line' id='line_1_69' title="bbox 2152 1314 3595 1389; baseline 0.004 -22"><span class='ocrx_word' id='word_1_427' title='bbox 2152 1315 2515 1387; x_wconf 79' lang='grc' dir='ltr'>χρησάμενος,</span> <span class='ocrx_word' id='word_1_428' title='bbox 2553 1315 2586 1387; x_wconf 81' lang='grc' dir='ltr'><strong>ἦ</strong></span> <span class='ocrx_word' id='word_1_429' title='bbox 2619 1316 2713 1370; x_wconf 76' lang='grc' dir='ltr'><strong>καὶ</strong></span> <span class='ocrx_word' id='word_1_430' title='bbox 2755 1315 2857 1379; x_wconf 84' lang='grc' dir='ltr'>τὰς</span> <span class='ocrx_word' id='word_1_431' title='bbox 2884 1314 3013 1379; x_wconf 79' lang='grc' dir='ltr'>ὔλας</span> <span class='ocrx_word' id='word_1_432' title='bbox 3045 1316 3208 1380; x_wconf 67' lang='grc' dir='ltr'>αὐτὸς</span> <span class='ocrx_word' id='word_1_433' title='bbox 3232 1319 3595 1389; x_wconf 81' lang='grc' dir='ltr'>παρήγαγεν;</span> 
     </span>
    </p>
   </div>
   <div class='ocr_carea' id='block_1_70' title="bbox 2773 1409 3137 1477">
    <p class='ocr_par' dir='ltr' id='par_1_70' title="bbox 2773 1409 3137 1477">
     <span class='ocr_line' id='line_1_70' title="bbox 2773 1409 3137 1477; baseline 0.005 -16"><span class='ocrx_word' id='word_1_434' title='bbox 2773 1409 3137 1477; x_wconf 73' lang='grc' dir='ltr'><strong>Ἀπόκρισις.</strong></span> 
     </span>
    </p>
   </div>
   <div class='ocr_carea' id='block_1_71' title="bbox 2218 1496 3729 1570">
    <p class='ocr_par' dir='ltr' id='par_1_71' title="bbox 2218 1496 3729 1570">
     <span class='ocr_line' id='line_1_71' title="bbox 2218 1496 3729 1570; baseline 0.001 -18"><span class='ocrx_word' id='word_1_435' title='bbox 2218 1500 2296 1570; x_wconf 78' lang='grc' dir='ltr'>Τῇ</span> <span class='ocrx_word' id='word_1_436' title='bbox 2327 1499 2427 1570; x_wconf 72' lang='grc' dir='ltr'><strong>μὲν</strong></span> <span class='ocrx_word' id='word_1_437' title='bbox 2454 1498 2642 1567; x_wconf 83' lang='grc' dir='ltr'>πρώτῃ</span> <span class='ocrx_word' id='word_1_438' title='bbox 2676 1496 2859 1568; x_wconf 70' lang='grc' dir='ltr'>ἡμέρᾳ</span> <span class='ocrx_word' id='word_1_439' title='bbox 2895 1498 2960 1550; x_wconf 77' lang='grc' dir='ltr'>ἐκ</span> <span class='ocrx_word' id='word_1_440' title='bbox 2996 1496 3220 1568; x_wconf 79' lang='grc' dir='ltr'>μηδενὸς</span> <span class='ocrx_word' id='word_1_441' title='bbox 3249 1498 3613 1569; x_wconf 81' lang='grc' dir='ltr'>ὑποκειμένου</span> <span class='ocrx_word' id='word_1_442' title='bbox 3637 1500 3729 1563; x_wconf 74' lang='grc' dir='ltr'><strong>τὰς</strong></span> 
     </span>
    </p>
   </div>
   <div class='ocr_carea' id='block_1_72' title="bbox 2151 1588 3724 1665">
    <p class='ocr_par' dir='ltr' id='par_1_72' title="bbox 2151 1588 3724 1665">
     <span class='ocr_line' id='line_1_72' title="bbox 2151 1588 3724 1665; baseline 0.003 -22"><span class='ocrx_word' id='word_1_443' title='bbox 2151 1590 2282 1653; x_wconf 82' lang='grc' dir='ltr'>ῦλας</span> <span class='ocrx_word' id='word_1_444' title='bbox 2325 1591 2664 1661; x_wconf 80' lang='grc' dir='ltr'><strong>παρήγαγεν,</strong></span> <span class='ocrx_word' id='word_1_445' title='bbox 2710 1588 2826 1659; x_wconf 73' lang='grc' dir='ltr'>ἃμα</span> <span class='ocrx_word' id='word_1_446' title='bbox 2863 1588 2941 1659; x_wconf 83' lang='grc' dir='ltr'>τῷ</span> <span class='ocrx_word' id='word_1_447' title='bbox 2974 1590 3184 1659; x_wconf 86' lang='grc' dir='ltr'>νοῆσαι,</span> <span class='ocrx_word' id='word_1_448' title='bbox 3224 1591 3414 1645; x_wconf 83' lang='grc' dir='ltr'>ὁποίαν</span> <span class='ocrx_word' id='word_1_449' title='bbox 3453 1593 3581 1646; x_wconf 74' lang='grc' dir='ltr'>τινὰ</span> <span class='ocrx_word' id='word_1_450' title='bbox 3623 1594 3724 1665; x_wconf 79' lang='grc' dir='ltr'>χρὴ</span> 
     </span>
    </p>
   </div>
   <div class='ocr_carea' id='block_1_73' title="bbox 2152 1675 3729 1754">
    <p class='ocr_par' dir='ltr' id='par_1_73' title="bbox 2152 1675 3729 1754">
     <span class='ocr_line' id='line_1_73' title="bbox 2152 1675 3729 1754; baseline 0.001 -19"><span class='ocrx_word' id='word_1_451' title='bbox 2152 1681 2416 1752; x_wconf 75' lang='grc' dir='ltr'><strong>ὑπάρχειν</strong></span> <span class='ocrx_word' id='word_1_452' title='bbox 2460 1680 2689 1734; x_wconf 79' lang='grc' dir='ltr'>ἑκάστου</span> <span class='ocrx_word' id='word_1_453' title='bbox 2736 1678 2869 1750; x_wconf 83' lang='grc' dir='ltr'>ῦλην</span> <span class='ocrx_word' id='word_1_454' title='bbox 2892 1719 2909 1745; x_wconf 91' lang='grc'><strong>,</strong></span> <span class='ocrx_word' id='word_1_455' title='bbox 2958 1675 3115 1744; x_wconf 84' lang='grc' dir='ltr'>αὖθις</span> <span class='ocrx_word' id='word_1_456' title='bbox 3161 1683 3525 1754; x_wconf 77' lang='grc' dir='ltr'><strong>παραστήσας</strong></span> <span class='ocrx_word' id='word_1_457' title='bbox 3558 1684 3729 1754; x_wconf 80' lang='grc' dir='ltr'>ἑαυτῷ</span> 
     </span>
    </p>
   </div>
   <div class='ocr_carea' id='block_1_74' title="bbox 2148 1770 3726 1844">
    <p class='ocr_par' dir='ltr' id='par_1_74' title="bbox 2148 1770 3726 1844">
     <span class='ocr_line' id='line_1_74' title="bbox 2148 1770 3726 1844; baseline 0.003 -19"><span class='ocrx_word' id='word_1_458' title='bbox 2148 1772 2208 1825; x_wconf 82' lang='grc' dir='ltr'>τὸ</span> <span class='ocrx_word' id='word_1_459' title='bbox 2233 1770 2441 1842; x_wconf 85' lang='grc' dir='ltr'>νοηθέν.</span> <span class='ocrx_word' id='word_1_460' title='bbox 2494 1770 2603 1824; x_wconf 78' lang='grc' dir='ltr'><strong>Καὶ</strong></span> <span class='ocrx_word' id='word_1_461' title='bbox 2632 1771 2706 1843; x_wconf 80' lang='grc' dir='ltr'>μὴ</span> <span class='ocrx_word' id='word_1_462' title='bbox 2741 1770 3057 1843; x_wconf 82' lang='grc' dir='ltr'>καταπέσῃς</span> <span class='ocrx_word' id='word_1_463' title='bbox 3089 1772 3225 1843; x_wconf 82' lang='grc' dir='ltr'>πρὸς</span> <span class='ocrx_word' id='word_1_464' title='bbox 3254 1772 3576 1844; x_wconf 76' lang='grc' dir='ltr'>λογισμοὺς,</span> <span class='ocrx_word' id='word_1_465' title='bbox 3627 1793 3726 1829; x_wconf 86' lang='grc' dir='ltr'>πυ-</span> 
     </span>
    </p>
   </div>
   <div class='ocr_carea' id='block_1_75' title="bbox 2146 1860 3727 1936">
    <p class='ocr_par' dir='ltr' id='par_1_75' title="bbox 2146 1860 3727 1936">
     <span class='ocr_line' id='line_1_75' title="bbox 2146 1860 3727 1936; baseline 0.003 -22"><span class='ocrx_word' id='word_1_466' title='bbox 2146 1861 2371 1931; x_wconf 87' lang='grc' dir='ltr'>θόμενος</span> <span class='ocrx_word' id='word_1_467' title='bbox 2397 1860 2460 1913; x_wconf 82' lang='grc' dir='ltr'>τὸ</span> <span class='ocrx_word' id='word_1_468' title='bbox 2487 1860 2623 1924; x_wconf 84' lang='grc' dir='ltr'>πῶς.</span> <span class='ocrx_word' id='word_1_469' title='bbox 2684 1861 2978 1932; x_wconf 75' lang='grc' dir='ltr'>Ἐϐουλήθη</span> <span class='ocrx_word' id='word_1_470' title='bbox 3027 1861 3135 1933; x_wconf 88' lang='grc' dir='ltr'>γὰρ</span> <span class='ocrx_word' id='word_1_471' title='bbox 3179 1863 3273 1917; x_wconf 72' lang='grc' dir='ltr'><strong>καὶ</strong></span> <span class='ocrx_word' id='word_1_472' title='bbox 3305 1863 3574 1935; x_wconf 73' lang='grc' dir='ltr'>ἠδυνήθη,</span> <span class='ocrx_word' id='word_1_473' title='bbox 3604 1865 3727 1936; x_wconf 63' lang='grc' dir='ltr'>δραω</span> 
     </span>
    </p>
   </div>
   <div class='ocr_carea' id='block_1_76' title="bbox 2147 1952 3719 2028">
    <p class='ocr_par' dir='ltr' id='par_1_76' title="bbox 2147 1952 3719 2028">
     <span class='ocr_line' id='line_1_76' title="bbox 2147 1952 3719 2028; baseline 0.001 -21"><span class='ocrx_word' id='word_1_474' title='bbox 2147 1952 2343 2017; x_wconf 85' lang='grc' dir='ltr'>στικῶς</span> <span class='ocrx_word' id='word_1_475' title='bbox 2362 1952 2590 2024; x_wconf 80' lang='grc' dir='ltr'>δύναμις</span> <span class='ocrx_word' id='word_1_476' title='bbox 2611 1954 2825 2007; x_wconf 83' lang='grc' dir='ltr'>πάντων</span> <span class='ocrx_word' id='word_1_477' title='bbox 2857 1953 3196 2025; x_wconf 82' lang='grc' dir='ltr'><strong>ὑπάρχουσα.</strong></span> <span class='ocrx_word' id='word_1_478' title='bbox 3242 1955 3336 2007; x_wconf 84' lang='grc' dir='ltr'>Ἐκ</span> <span class='ocrx_word' id='word_1_479' title='bbox 3359 1955 3416 2007; x_wconf 85' lang='grc' dir='ltr'>δὲ</span> <span class='ocrx_word' id='word_1_480' title='bbox 3448 1957 3561 2009; x_wconf 82' lang='grc' dir='ltr'>τῶν</span> <span class='ocrx_word' id='word_1_481' title='bbox 3580 1958 3638 2010; x_wconf 84' lang='grc' dir='ltr'>ὲν</span> <span class='ocrx_word' id='word_1_482' title='bbox 3656 1962 3719 2028; x_wconf 78' lang='grc' dir='ltr'>τῇ</span> 
     </span>
    </p>
   </div>
   <div class='ocr_carea' id='block_1_77' title="bbox 2144 2040 3725 2117">
    <p class='ocr_par' dir='ltr' id='par_1_77' title="bbox 2144 2040 3725 2117">
     <span class='ocr_line' id='line_1_77' title="bbox 2144 2040 3725 2117; baseline 0.005 -24"><span class='ocrx_word' id='word_1_483' title='bbox 2144 2040 2334 2112; x_wconf 82' lang='grc' dir='ltr'>πρώτῃ</span> <span class='ocrx_word' id='word_1_484' title='bbox 2361 2040 2723 2112; x_wconf 83' lang='grc' dir='ltr'>μετεσκεύασε</span> <span class='ocrx_word' id='word_1_485' title='bbox 2742 2041 2808 2095; x_wconf 83' lang='grc' dir='ltr'>τὰ</span> <span class='ocrx_word' id='word_1_486' title='bbox 2830 2041 2990 2095; x_wconf 79' lang='grc' dir='ltr'>λοιπά</span> <span class='ocrx_word' id='word_1_487' title='bbox 3009 2043 3107 2113; x_wconf 85' lang='grc' dir='ltr'><strong>τῆς</strong></span> <span class='ocrx_word' id='word_1_488' title='bbox 3132 2043 3326 2113; x_wconf 74' lang='grc' dir='ltr'>δημίου</span> <span class='ocrx_word' id='word_1_489' title='bbox 3336 2046 3519 2113; x_wconf 81' lang='grc' dir='ltr'>ργίας’</span> <span class='ocrx_word' id='word_1_490' title='bbox 3545 2047 3725 2117; x_wconf 81' lang='grc' dir='ltr'>ἐποίηο</span> 
     </span>
    </p>
   </div>
   <div class='ocr_carea' id='block_1_78' title="bbox 2147 2132 3723 2209">
    <p class='ocr_par' dir='ltr' id='par_1_78' title="bbox 2147 2132 3723 2209">
     <span class='ocr_line' id='line_1_78' title="bbox 2147 2132 3723 2209; baseline 0.004 -25"><span class='ocrx_word' id='word_1_491' title='bbox 2147 2148 2239 2184; x_wconf 89' lang='grc' dir='ltr'><strong>σεν</strong></span> <span class='ocrx_word' id='word_1_492' title='bbox 2267 2132 2493 2203; x_wconf 78' lang='grc' dir='ltr'>οὐρανὸν</span> <span class='ocrx_word' id='word_1_493' title='bbox 2519 2132 2750 2203; x_wconf 82' lang='grc' dir='ltr'>πρῶτον,</span> <span class='ocrx_word' id='word_1_494' title='bbox 2780 2135 2843 2186; x_wconf 82' lang='grc' dir='ltr'>οὐ</span> <span class='ocrx_word' id='word_1_495' title='bbox 2874 2133 2966 2188; x_wconf 83' lang='grc' dir='ltr'><strong>τὸν</strong></span> <span class='ocrx_word' id='word_1_496' title='bbox 2989 2133 3284 2205; x_wconf 80' lang='grc' dir='ltr'>ὁρώμενον,</span> <span class='ocrx_word' id='word_1_497' title='bbox 3316 2136 3433 2189; x_wconf 80' lang='grc' dir='ltr'>ἀλλ’</span> <span class='ocrx_word' id='word_1_498' title='bbox 3471 2138 3723 2209; x_wconf 79' lang='grc' dir='ltr'>ὑπερκεί-</span> 
     </span>
    </p>
   </div>
   <div class='ocr_carea' id='block_1_79' title="bbox 2147 2215 3723 2296">
    <p class='ocr_par' dir='ltr' id='par_1_79' title="bbox 2147 2215 3723 2296">
     <span class='ocr_line' id='line_1_79' title="bbox 2147 2215 3723 2296; baseline 0.006 -21"><span class='ocrx_word' id='word_1_499' title='bbox 2147 2239 2335 2293; x_wconf 86' lang='grc' dir='ltr'>μενον,</span> <span class='ocrx_word' id='word_1_500' title='bbox 2383 2222 2511 2295; x_wconf 76' lang='grc' dir='ltr'>περὶ</span> <span class='ocrx_word' id='word_1_501' title='bbox 2542 2215 2603 2274; x_wconf 77' lang='grc' dir='ltr'>οὗ</span> <span class='ocrx_word' id='word_1_502' title='bbox 2654 2223 2750 2279; x_wconf 78' lang='grc' dir='ltr'>καὶ</span> <span class='ocrx_word' id='word_1_503' title='bbox 2788 2223 2954 2277; x_wconf 75' lang='grc' dir='ltr'>Δαϐὶδ</span> <span class='ocrx_word' id='word_1_504' title='bbox 2988 2224 3245 2296; x_wconf 82' lang='grc' dir='ltr'><strong>μελῳδεῖ,</strong></span> <span class='ocrx_word' id='word_1_505' title='bbox 3293 2228 3572 2294; x_wconf 67' lang='grc' dir='ltr'><strong>Οιίιρανὸν</strong></span> <span class='ocrx_word' id='word_1_506' title='bbox 3623 2229 3723 2284; x_wconf 84' lang='grc' dir='ltr'><strong>τοῦ</strong></span> 
     </span>
    </p>
   </div>
   <div class='ocr_carea' id='block_1_80' title="bbox 2145 2314 3718 2388">
    <p class='ocr_par' dir='ltr' id='par_1_80' title="bbox 2145 2314 3718 2388">
     <span class='ocr_line' id='line_1_80' title="bbox 2145 2314 3718 2388; baseline 0.004 -21"><span class='ocrx_word' id='word_1_507' title='bbox 2145 2314 2403 2382; x_wconf 81' lang='grc' dir='ltr'>οὐρανοῦ</span> <span class='ocrx_word' id='word_1_508' title='bbox 2428 2314 2509 2379; x_wconf 83' lang='grc' dir='ltr'>τῷ</span> <span class='ocrx_word' id='word_1_509' title='bbox 2539 2316 2757 2383; x_wconf 84' lang='grc' dir='ltr'>Κυρίῳ,</span> <span class='ocrx_word' id='word_1_510' title='bbox 2785 2315 2942 2387; x_wconf 85' lang='grc' dir='ltr'>δίκην</span> <span class='ocrx_word' id='word_1_511' title='bbox 2978 2316 3228 2388; x_wconf 79' lang='grc' dir='ltr'>διορόφου</span> <span class='ocrx_word' id='word_1_512' title='bbox 3264 2318 3465 2383; x_wconf 78' lang='grc' dir='ltr'>οἰκίας,</span> <span class='ocrx_word' id='word_1_513' title='bbox 3496 2318 3718 2388; x_wconf 71' lang='grc' dir='ltr'>διατρρά-</span> 
     </span>
    </p>
   </div>
   <div class='ocr_carea' id='block_1_81' title="bbox 2146 2405 3720 2482">
    <p class='ocr_par' dir='ltr' id='par_1_81' title="bbox 2146 2405 3720 2482">
     <span class='ocr_line' id='line_1_81' title="bbox 2146 2405 3720 2482; baseline 0.003 -24"><span class='ocrx_word' id='word_1_514' title='bbox 2146 2405 2239 2470; x_wconf 80' lang='grc' dir='ltr'><strong>ξας</strong></span> <span class='ocrx_word' id='word_1_515' title='bbox 2262 2406 2355 2459; x_wconf 73' lang='grc' dir='ltr'>καὶ</span> <span class='ocrx_word' id='word_1_516' title='bbox 2382 2406 2684 2477; x_wconf 78' lang='grc' dir='ltr'>ἀποκρίνας</span> <span class='ocrx_word' id='word_1_517' title='bbox 2704 2407 2817 2461; x_wconf 86' lang='grc' dir='ltr'>τῶν</span> <span class='ocrx_word' id='word_1_518' title='bbox 2843 2408 3103 2477; x_wconf 73' lang='grc' dir='ltr'>ἐπιγείων</span> <span class='ocrx_word' id='word_1_519' title='bbox 3131 2409 3200 2465; x_wconf 74' lang='grc' dir='ltr'>τὰ</span> <span class='ocrx_word' id='word_1_520' title='bbox 3230 2410 3601 2482; x_wconf 82' lang='grc' dir='ltr'>ὑπερκόσμια,</span> <span class='ocrx_word' id='word_1_521' title='bbox 3632 2411 3720 2465; x_wconf 77' lang='grc' dir='ltr'><strong>καὶ</strong></span> 
     </span>
    </p>
   </div>
   <div class='ocr_carea' id='block_1_82' title="bbox 2144 2488 3051 2568">
    <p class='ocr_par' dir='ltr' id='par_1_82' title="bbox 2144 2488 3051 2568">
     <span class='ocr_line' id='line_1_82' title="bbox 2144 2488 3051 2568; baseline 0.006 -20"><span class='ocrx_word' id='word_1_522' title='bbox 2144 2496 2274 2549; x_wconf 83' lang='grc' dir='ltr'>ὡσεὶ</span> <span class='ocrx_word' id='word_1_523' title='bbox 2303 2495 2539 2568; x_wconf 81' lang='grc' dir='ltr'>ὑπερῴῳ</span> <span class='ocrx_word' id='word_1_524' title='bbox 2568 2496 2992 2568; x_wconf 71' lang='grc' dir='ltr'>ἀπολαϐόμενος.</span> <span class='ocrx_word' id='word_1_525' title='bbox 3042 2488 3051 2495; x_wconf 73' lang='grc'><strong>’</strong></span> 
     </span>
    </p>
   </div>
   <div class='ocr_carea' id='block_1_83' title="bbox 2727 2778 3127 2833">
    <p class='ocr_par' dir='ltr' id='par_1_83' title="bbox 2727 2778 3127 2833">
     <span class='ocr_line' id='line_1_83' title="bbox 2727 2778 3127 2833; baseline 0.005 -3"><span class='ocrx_word' id='word_1_526' title='bbox 2727 2778 2975 2832; x_wconf 83' lang='grc' dir='ltr'><strong>ΠΕΥΣΙΣ</strong></span> <span class='ocrx_word' id='word_1_527' title='bbox 3001 2778 3127 2833; x_wconf 83' lang='lat' dir='ltr'><strong>NB’.</strong></span> 
     </span>
    </p>
   </div>
   <div class='ocr_carea' id='block_1_84' title="bbox 2199 2883 3712 2964">
    <p class='ocr_par' dir='ltr' id='par_1_84' title="bbox 2199 2883 3712 2964">
     <span class='ocr_line' id='line_1_84' title="bbox 2199 2883 3712 2964; baseline 0.01 -30"><span class='ocrx_word' id='word_1_528' title='bbox 2199 2883 2298 2936; x_wconf 80' lang='grc' dir='ltr'><strong>Διὰ</strong></span> <span class='ocrx_word' id='word_1_529' title='bbox 2326 2884 2379 2936; x_wconf 91' lang='grc' dir='ltr'><strong>τί</strong></span> <span class='ocrx_word' id='word_1_530' title='bbox 2424 2884 2499 2956; x_wconf 85' lang='grc' dir='ltr'>μὴ</span> <span class='ocrx_word' id='word_1_531' title='bbox 2540 2887 2746 2958; x_wconf 73' lang='grc' dir='ltr'>ἔγραψε</span> <span class='ocrx_word' id='word_1_532' title='bbox 2793 2890 3032 2961; x_wconf 84' lang='grc' dir='ltr'><strong>Μωσῆς,</strong></span> <span class='ocrx_word' id='word_1_533' title='bbox 3078 2892 3160 2944; x_wconf 81' lang='grc' dir='ltr'>ὅτι</span> <span class='ocrx_word' id='word_1_534' title='bbox 3205 2892 3463 2964; x_wconf 76' lang='grc' dir='ltr'>ἐποίησεν</span> <span class='ocrx_word' id='word_1_535' title='bbox 3512 2895 3542 2947; x_wconf 80' lang='grc' dir='ltr'>ὁ</span> <span class='ocrx_word' id='word_1_536' title='bbox 3584 2892 3712 2954; x_wconf 82' lang='grc' dir='ltr'>Θεὸς</span> 
     </span>
    </p>
   </div>
   <div class='ocr_carea' id='block_1_85' title="bbox 2136 2973 3708 3057">
    <p class='ocr_par' dir='ltr' id='par_1_85' title="bbox 2136 2973 3708 3057">
     <span class='ocr_line' id='line_1_85' title="bbox 2136 2973 3708 3057; baseline 0.006 -31"><span class='ocrx_word' id='word_1_537' title='bbox 2136 2973 2301 3044; x_wconf 80' lang='grc' dir='ltr'>ὕδωρ,</span> <span class='ocrx_word' id='word_1_538' title='bbox 2331 2974 2363 3045; x_wconf 81' lang='grc' dir='ltr'>ἦ</span> <span class='ocrx_word' id='word_1_539' title='bbox 2397 2975 2527 3047; x_wconf 89' lang='grc' dir='ltr'>πῦρ,</span> <span class='ocrx_word' id='word_1_540' title='bbox 2557 2978 2591 3047; x_wconf 84' lang='grc' dir='ltr'>ἢ</span> <span class='ocrx_word' id='word_1_541' title='bbox 2626 2980 2781 3051; x_wconf 83' lang='grc' dir='ltr'>ἀέρα,</span> <span class='ocrx_word' id='word_1_542' title='bbox 2807 2982 2884 3046; x_wconf 87' lang='grc' dir='ltr'>ὡς</span> <span class='ocrx_word' id='word_1_543' title='bbox 2909 2983 3035 3054; x_wconf 74' lang='grc' dir='ltr'>περὶ</span> <span class='ocrx_word' id='word_1_544' title='bbox 3062 2982 3313 3053; x_wconf 81' lang='grc' dir='ltr'>οὐρανοῦ,</span> <span class='ocrx_word' id='word_1_545' title='bbox 3351 2986 3444 3040; x_wconf 72' lang='grc' dir='ltr'>καὶ</span> <span class='ocrx_word' id='word_1_546' title='bbox 3480 2989 3600 3057; x_wconf 79' lang='grc' dir='ltr'>γῆς,</span> <span class='ocrx_word' id='word_1_547' title='bbox 3623 2983 3708 3038; x_wconf 68' lang='grc' dir='ltr'><strong>καὶ</strong></span> 
     </span>
    </p>
   </div>
   <div class='ocr_carea' id='block_1_86' title="bbox 2134 3065 2911 3137">
    <p class='ocr_par' dir='ltr' id='par_1_86' title="bbox 2134 3065 2911 3137">
     <span class='ocr_line' id='line_1_86' title="bbox 2134 3065 2911 3137; baseline 0.012 -19"><span class='ocrx_word' id='word_1_548' title='bbox 2134 3065 2382 3137; x_wconf 85' lang='grc' dir='ltr'>δένδρων,</span> <span class='ocrx_word' id='word_1_549' title='bbox 2419 3069 2514 3121; x_wconf 78' lang='grc' dir='ltr'><strong>καὶ</strong></span> <span class='ocrx_word' id='word_1_550' title='bbox 2544 3069 2652 3125; x_wconf 85' lang='grc' dir='ltr'><strong>τῶν</strong></span> <span class='ocrx_word' id='word_1_551' title='bbox 2681 3071 2911 3137; x_wconf 86' lang='grc' dir='ltr'>λοιπών;</span> 
     </span>
    </p>
   </div>
   <div class='ocr_carea' id='block_1_87' title="bbox 2747 3249 3102 3315">
    <p class='ocr_par' dir='ltr' id='par_1_87' title="bbox 2747 3249 3102 3315">
     <span class='ocr_line' id='line_1_87' title="bbox 2747 3249 3102 3315; baseline 0 -14"><span class='ocrx_word' id='word_1_552' title='bbox 2747 3249 3102 3315; x_wconf 78' lang='grc' dir='ltr'><strong>Ἀπόκρισις.</strong></span> 
     </span>
    </p>
   </div>
   <div class='ocr_carea' id='block_1_88' title="bbox 2203 3338 3704 3417">
    <p class='ocr_par' dir='ltr' id='par_1_88' title="bbox 2203 3338 3704 3417">
     <span class='ocr_line' id='line_1_88' title="bbox 2203 3338 3704 3417; baseline 0.002 -23"><span class='ocrx_word' id='word_1_553' title='bbox 2203 3341 2268 3394; x_wconf 89' lang='grc' dir='ltr'>Τί</span> <span class='ocrx_word' id='word_1_554' title='bbox 2310 3338 2435 3409; x_wconf 79' lang='grc' dir='ltr'><strong>οὗν;</strong></span> <span class='ocrx_word' id='word_1_555' title='bbox 2477 3343 2603 3397; x_wconf 78' lang='grc' dir='ltr'>ἐπεὶ</span> <span class='ocrx_word' id='word_1_556' title='bbox 2644 3343 2992 3416; x_wconf 85' lang='grc' dir='ltr'>γέγραπται,</span> <span class='ocrx_word' id='word_1_557' title='bbox 3040 3343 3124 3396; x_wconf 82' lang='grc' dir='ltr'>ὅτι</span> <span class='ocrx_word' id='word_1_558' title='bbox 3154 3342 3333 3398; x_wconf 77' lang='grc' dir='ltr'>λαϐὼν</span> <span class='ocrx_word' id='word_1_559' title='bbox 3363 3348 3394 3399; x_wconf 83' lang='grc' dir='ltr'><strong>ὁ</strong></span> <span class='ocrx_word' id='word_1_560' title='bbox 3419 3345 3558 3411; x_wconf 76' lang='grc' dir='ltr'>Θεὸς</span> <span class='ocrx_word' id='word_1_561' title='bbox 3585 3344 3704 3417; x_wconf 79' lang='grc' dir='ltr'>χοῦν</span> 
     </span>
    </p>
   </div>
   <div class='ocr_carea' id='block_1_89' title="bbox 2132 3434 3702 3509">
    <p class='ocr_par' dir='ltr' id='par_1_89' title="bbox 2132 3434 3702 3509">
     <span class='ocr_line' id='line_1_89' title="bbox 2132 3434 3702 3509; baseline 0.001 -21"><span class='ocrx_word' id='word_1_562' title='bbox 2132 3434 2241 3488; x_wconf 84' lang='grc' dir='ltr'><strong>ἀπὸ</strong></span> <span class='ocrx_word' id='word_1_563' title='bbox 2270 3434 2371 3505; x_wconf 80' lang='grc' dir='ltr'>τῆς</span> <span class='ocrx_word' id='word_1_564' title='bbox 2407 3436 2513 3506; x_wconf 81' lang='grc' dir='ltr'><strong>γῆς</strong></span> <span class='ocrx_word' id='word_1_565' title='bbox 2547 3435 2749 3490; x_wconf 78' lang='grc' dir='ltr'>ἔπλασε</span> <span class='ocrx_word' id='word_1_566' title='bbox 2778 3437 2871 3490; x_wconf 80' lang='grc' dir='ltr'>τὸν</span> <span class='ocrx_word' id='word_1_567' title='bbox 2900 3435 3211 3508; x_wconf 79' lang='grc' dir='ltr'>ἄνθρωπον,</span> <span class='ocrx_word' id='word_1_568' title='bbox 3244 3440 3338 3492; x_wconf 75' lang='grc' dir='ltr'>καὶ</span> <span class='ocrx_word' id='word_1_569' title='bbox 3367 3439 3471 3491; x_wconf 82' lang='grc' dir='ltr'>οὐκ</span> <span class='ocrx_word' id='word_1_570' title='bbox 3505 3439 3702 3509; x_wconf 79' lang='grc' dir='ltr'>ἐπήγα-</span> 
     </span>
    </p>
   </div>
   <div class='ocr_carea' id='block_1_90' title="bbox 2131 3522 3697 3601">
    <p class='ocr_par' dir='ltr' id='par_1_90' title="bbox 2131 3522 3697 3601">
     <span class='ocr_line' id='line_1_90' title="bbox 2131 3522 3697 3601; baseline 0.001 -20"><span class='ocrx_word' id='word_1_571' title='bbox 2131 3522 2249 3595; x_wconf 75' lang='grc' dir='ltr'>γεν,</span> <span class='ocrx_word' id='word_1_572' title='bbox 2283 3529 2366 3583; x_wconf 82' lang='grc' dir='ltr'><strong>ὅτι</strong></span> <span class='ocrx_word' id='word_1_573' title='bbox 2394 3528 2651 3599; x_wconf 77' lang='grc' dir='ltr'>εποίησεν</span> <span class='ocrx_word' id='word_1_574' title='bbox 2683 3528 2833 3599; x_wconf 84' lang='grc' dir='ltr'>αὐτῷ</span> <span class='ocrx_word' id='word_1_575' title='bbox 2884 3528 3217 3599; x_wconf 74' lang='grc' dir='ltr'>ὀφθαλμοὺς,</span> <span class='ocrx_word' id='word_1_576' title='bbox 3258 3529 3291 3600; x_wconf 82' lang='grc' dir='ltr'>ἢ</span> <span class='ocrx_word' id='word_1_577' title='bbox 3326 3523 3442 3583; x_wconf 82' lang='grc' dir='ltr'>ὦτα</span> <span class='ocrx_word' id='word_1_578' title='bbox 3468 3572 3485 3595; x_wconf 92' lang='grc'><strong>,</strong></span> <span class='ocrx_word' id='word_1_579' title='bbox 3538 3531 3570 3601; x_wconf 74' lang='grc' dir='ltr'><strong>ἢ</strong></span> <span class='ocrx_word' id='word_1_580' title='bbox 3608 3529 3697 3599; x_wconf 82' lang='grc' dir='ltr'><strong>βά-</strong></span> 
     </span>
    </p>
   </div>
   <div class='ocr_carea' id='block_1_91' title="bbox 2132 3619 3700 3694">
    <p class='ocr_par' dir='ltr' id='par_1_91' title="bbox 2132 3619 3700 3694">
     <span class='ocr_line' id='line_1_91' title="bbox 2132 3619 3700 3694; baseline -0.001 -22"><span class='ocrx_word' id='word_1_581' title='bbox 2132 3620 2336 3691; x_wconf 82' lang='grc' dir='ltr'>σεις,ῆ</span> <span class='ocrx_word' id='word_1_582' title='bbox 2385 3619 2665 3692; x_wconf 81' lang='grc' dir='ltr'>βραχίονα,</span> <span class='ocrx_word' id='word_1_583' title='bbox 2716 3619 2869 3690; x_wconf 73' lang='grc' dir='ltr'>παρὰ</span> <span class='ocrx_word' id='word_1_584' title='bbox 2920 3619 3078 3674; x_wconf 88' lang='grc' dir='ltr'>τοῦτο</span> <span class='ocrx_word' id='word_1_585' title='bbox 3124 3620 3334 3675; x_wconf 80' lang='grc' dir='ltr'>οἴεσθαι</span> <span class='ocrx_word' id='word_1_586' title='bbox 3382 3623 3523 3694; x_wconf 79' lang='grc' dir='ltr'>χρὴ,</span> <span class='ocrx_word' id='word_1_587' title='bbox 3563 3619 3700 3690; x_wconf 72' lang='grc' dir='ltr'>παρᾰ</span> 
     </span>
    </p>
   </div>
   <div class='ocr_carea' id='block_1_92' title="bbox 2130 3710 3699 3786">
    <p class='ocr_par' dir='ltr' id='par_1_92' title="bbox 2130 3710 3699 3786">
     <span class='ocr_line' id='line_1_92' title="bbox 2130 3710 3699 3786; baseline -0.003 -21"><span class='ocrx_word' id='word_1_588' title='bbox 2130 3710 2267 3766; x_wconf 84' lang='grc' dir='ltr'>Θεοῦ</span> <span class='ocrx_word' id='word_1_589' title='bbox 2300 3712 2375 3783; x_wconf 81' lang='grc' dir='ltr'>μὴ</span> <span class='ocrx_word' id='word_1_590' title='bbox 2420 3712 2709 3783; x_wconf 81' lang='grc' dir='ltr'><strong>κτισθῆναι</strong></span> <span class='ocrx_word' id='word_1_591' title='bbox 2755 3712 2933 3767; x_wconf 83' lang='grc' dir='ltr'>πάντα</span> <span class='ocrx_word' id='word_1_592' title='bbox 2980 3711 3050 3766; x_wconf 81' lang='grc' dir='ltr'>τὰ</span> <span class='ocrx_word' id='word_1_593' title='bbox 3082 3714 3182 3784; x_wconf 77' lang='grc' dir='ltr'><strong>τῆς</strong></span> <span class='ocrx_word' id='word_1_594' title='bbox 3229 3712 3445 3782; x_wconf 67' lang='grc' dir='ltr'>φύσεως</span> <span class='ocrx_word' id='word_1_595' title='bbox 3480 3714 3699 3786; x_wconf 78' lang='grc' dir='ltr'>ὄργανα,</span> 
     </span>
    </p>
   </div>
   <div class='ocr_carea' id='block_1_93' title="bbox 2130 3803 3700 3870">
    <p class='ocr_par' dir='ltr' id='par_1_93' title="bbox 2130 3803 3700 3870">
     <span class='ocr_line' id='line_1_93' title="bbox 2130 3803 3700 3870; baseline -0.004 -12"><span class='ocrx_word' id='word_1_596' title='bbox 2130 3805 2284 3869; x_wconf 72' lang='grc' dir='ltr'>ἐντός</span> <span class='ocrx_word' id='word_1_597' title='bbox 2303 3822 2362 3858; x_wconf 82' lang='grc' dir='ltr'><strong>τε</strong></span> <span class='ocrx_word' id='word_1_598' title='bbox 2384 3805 2479 3858; x_wconf 76' lang='grc' dir='ltr'>καὶ</span> <span class='ocrx_word' id='word_1_599' title='bbox 2505 3804 2660 3869; x_wconf 75' lang='grc' dir='ltr'>ἐκτός</span> <span class='ocrx_word' id='word_1_600' title='bbox 2684 3821 2699 3870; x_wconf 87' lang='lat'><strong>;</strong></span> <span class='ocrx_word' id='word_1_601' title='bbox 2735 3805 2874 3858; x_wconf 81' lang='grc' dir='ltr'>Ἀλλ’</span> <span class='ocrx_word' id='word_1_602' title='bbox 2901 3804 2995 3858; x_wconf 73' lang='grc' dir='ltr'><strong>ἐπὶ</strong></span> <span class='ocrx_word' id='word_1_603' title='bbox 3020 3803 3129 3858; x_wconf 84' lang='grc' dir='ltr'>τῶν</span> <span class='ocrx_word' id='word_1_604' title='bbox 3154 3804 3443 3868; x_wconf 84' lang='grc' dir='ltr'>συνθέτων,</span> <span class='ocrx_word' id='word_1_605' title='bbox 3473 3805 3567 3858; x_wconf 75' lang='grc' dir='ltr'><strong>καὶ</strong></span> <span class='ocrx_word' id='word_1_606' title='bbox 3590 3803 3700 3854; x_wconf 71' lang='grc' dir='ltr'>λυοο</span> 
     </span>
    </p>
   </div>
   <div class='ocr_carea' id='block_1_94' title="bbox 2134 3892 3699 3967">
    <p class='ocr_par' dir='ltr' id='par_1_94' title="bbox 2134 3892 3699 3967">
     <span class='ocr_line' id='line_1_94' title="bbox 2134 3892 3699 3967; baseline -0.004 -18"><span class='ocrx_word' id='word_1_607' title='bbox 2134 3895 2310 3967; x_wconf 77' lang='grc' dir='ltr'>μένων</span> <span class='ocrx_word' id='word_1_608' title='bbox 2343 3896 2494 3962; x_wconf 85' lang='grc' dir='ltr'>ποτὲ,</span> <span class='ocrx_word' id='word_1_609' title='bbox 2527 3898 2593 3949; x_wconf 81' lang='grc' dir='ltr'>ἑκ</span> <span class='ocrx_word' id='word_1_610' title='bbox 2626 3895 2721 3949; x_wconf 90' lang='grc' dir='ltr'><strong>τοῦ</strong></span> <span class='ocrx_word' id='word_1_611' title='bbox 2753 3896 3083 3967; x_wconf 75' lang='grc' dir='ltr'>τιμιωτέρου</span> <span class='ocrx_word' id='word_1_612' title='bbox 3119 3895 3180 3949; x_wconf 81' lang='grc' dir='ltr'><strong>τὸ</strong></span> <span class='ocrx_word' id='word_1_613' title='bbox 3226 3895 3405 3965; x_wconf 79' lang='grc' dir='ltr'>δρᾶμα</span> <span class='ocrx_word' id='word_1_614' title='bbox 3436 3892 3699 3967; x_wconf 75' lang='grc' dir='ltr'>παριστᾷν</span> 
     </span>
    </p>
   </div>
   <div class='ocr_carea' id='block_1_95' title="bbox 2130 3983 3702 4061">
    <p class='ocr_par' dir='ltr' id='par_1_95' title="bbox 2130 3983 3702 4061">
     <span class='ocr_line' id='line_1_95' title="bbox 2130 3983 3702 4061; baseline -0.004 -19"><span class='ocrx_word' id='word_1_615' title='bbox 2130 3989 2165 4059; x_wconf 83' lang='grc' dir='ltr'><strong>ή</strong></span> <span class='ocrx_word' id='word_1_616' title='bbox 2214 3989 2332 4042; x_wconf 82' lang='grc' dir='ltr'>θεία</span> <span class='ocrx_word' id='word_1_617' title='bbox 2375 3989 2585 4057; x_wconf 83' lang='grc' dir='ltr'>πέφυκε</span> <span class='ocrx_word' id='word_1_618' title='bbox 2641 3986 2867 4061; x_wconf 77' lang='grc' dir='ltr'>[φύσις]</span> <span class='ocrx_word' id='word_1_619' title='bbox 2918 3988 2955 4041; x_wconf 91' lang='grc' dir='ltr'><strong>Γ</strong></span> <span class='ocrx_word' id='word_1_620' title='bbox 2962 3988 3140 4059; x_wconf 62' lang='grc' dir='ltr'>ραφιίγ</span> <span class='ocrx_word' id='word_1_621' title='bbox 3197 3986 3379 4051; x_wconf 86' lang='grc' dir='ltr'>καθὼς</span> <span class='ocrx_word' id='word_1_622' title='bbox 3414 3990 3510 4041; x_wconf 63' lang='grc' dir='ltr'>καὶ</span> <span class='ocrx_word' id='word_1_623' title='bbox 3543 3989 3572 4041; x_wconf 85' lang='grc' dir='ltr'>ὁ</span> <span class='ocrx_word' id='word_1_624' title='bbox 3602 3983 3702 4038; x_wconf 83' lang='grc' dir='ltr'><strong>τῶν</strong></span> 
     </span>
    </p>
   </div>
   <div class='ocr_carea' id='block_1_96' title="bbox 2100 4078 3698 4150">
    <p class='ocr_par' dir='ltr' id='par_1_96' title="bbox 2100 4078 3698 4150">
     <span class='ocr_line' id='line_1_96' title="bbox 2100 4078 3698 4150; baseline -0.003 -17"><span class='ocrx_word' id='word_1_625' title='bbox 2100 4078 2292 4133; x_wconf 72' lang='grc' dir='ltr'>’θείων</span> <span class='ocrx_word' id='word_1_626' title='bbox 2318 4081 2452 4150; x_wconf 76' lang='grc' dir='ltr'><strong>φησὶ</strong></span> <span class='ocrx_word' id='word_1_627' title='bbox 2493 4080 2728 4150; x_wconf 81' lang='grc' dir='ltr'>μελῳδὸς</span> <span class='ocrx_word' id='word_1_628' title='bbox 2752 4096 2767 4111; x_wconf 75' lang='grc' dir='ltr'><strong>ο</strong></span> <span class='ocrx_word' id='word_1_629' title='bbox 2795 4079 3097 4148; x_wconf 81' lang='grc' dir='ltr'>Μακάριος</span> <span class='ocrx_word' id='word_1_630' title='bbox 3130 4079 3294 4149; x_wconf 57' lang='grc' dir='ltr'><strong>,ἀνὴρ</strong></span> <span class='ocrx_word' id='word_1_631' title='bbox 3331 4080 3400 4145; x_wconf 82' lang='grc' dir='ltr'>ὃς</span> <span class='ocrx_word' id='word_1_632' title='bbox 3436 4082 3550 4133; x_wconf 76' lang='grc' dir='ltr'>οὐκ</span> <span class='ocrx_word' id='word_1_633' title='bbox 3570 4078 3698 4131; x_wconf 74' lang='grc' dir='ltr'><strong>ἐπο-</strong></span> 
     </span>
    </p>
   </div>
   <div class='ocr_carea' id='block_1_97' title="bbox 2122 4164 3698 4242">
    <p class='ocr_par' dir='ltr' id='par_1_97' title="bbox 2122 4164 3698 4242">
     <span class='ocr_line' id='line_1_97' title="bbox 2122 4164 3698 4242; baseline -0.004 -17"><span class='ocrx_word' id='word_1_634' title='bbox 2122 4172 2311 4240; x_wconf 74' lang='grc' dir='ltr'>ρεύθη</span> <span class='ocrx_word' id='word_1_635' title='bbox 2339 4171 2410 4224; x_wconf 81' lang='grc' dir='ltr'><strong>ὲν</strong></span> <span class='ocrx_word' id='word_1_636' title='bbox 2434 4170 2641 4240; x_wconf 67' lang='grc' dir='ltr'><strong>βουνίῇ</strong></span> <span class='ocrx_word' id='word_1_637' title='bbox 2670 4168 2923 4225; x_wconf 79' lang='grc' dir='ltr'>ἀσεϐῶν.</span> <span class='ocrx_word' id='word_1_638' title='bbox 2955 4170 3069 4223; x_wconf 81' lang='grc' dir='ltr'><strong>Οὐκ</strong></span> <span class='ocrx_word' id='word_1_639' title='bbox 3096 4171 3205 4242; x_wconf 77' lang='grc' dir='ltr'>ἄρα</span> <span class='ocrx_word' id='word_1_640' title='bbox 3234 4169 3328 4223; x_wconf 89' lang='grc' dir='ltr'><strong>τοῦ</strong></span> <span class='ocrx_word' id='word_1_641' title='bbox 3358 4164 3698 4242; x_wconf 81' lang='grc' dir='ltr'>μακαρισμοῦ</span> 
     </span>
    </p>
   </div>
   <div class='ocr_carea' id='block_1_98' title="bbox 2129 4257 3696 4332">
    <p class='ocr_par' dir='ltr' id='par_1_98' title="bbox 2129 4257 3696 4332">
     <span class='ocr_line' id='line_1_98' title="bbox 2129 4257 3696 4332; baseline -0.003 -19"><span class='ocrx_word' id='word_1_642' title='bbox 2129 4260 2228 4324; x_wconf 82' lang='grc' dir='ltr'>τὰς</span> <span class='ocrx_word' id='word_1_643' title='bbox 2246 4263 2510 4329; x_wconf 83' lang='grc' dir='ltr'>γυναῖκας</span> <span class='ocrx_word' id='word_1_644' title='bbox 2531 4260 2880 4327; x_wconf 85' lang='grc' dir='ltr'>ἀποκλείσας,</span> <span class='ocrx_word' id='word_1_645' title='bbox 2906 4259 3043 4314; x_wconf 81' lang='grc' dir='ltr'>ἀλλὰ</span> <span class='ocrx_word' id='word_1_646' title='bbox 3069 4262 3198 4331; x_wconf 78' lang='grc' dir='ltr'>μιᾶς</span> <span class='ocrx_word' id='word_1_647' title='bbox 3220 4259 3572 4332; x_wconf 82' lang='grc' dir='ltr'>ὑπαρχούσας</span> <span class='ocrx_word' id='word_1_648' title='bbox 3594 4257 3696 4326; x_wconf 83' lang='grc'><strong>(18)</strong></span> 
     </span>
    </p>
   </div>
   <div class='ocr_carea' id='block_1_99' title="bbox 2130 4346 3696 4424">
    <p class='ocr_par' dir='ltr' id='par_1_99' title="bbox 2130 4346 3696 4424">
     <span class='ocr_line' id='line_1_99' title="bbox 2130 4346 3696 4424; baseline 0.002 -20"><span class='ocrx_word' id='word_1_649' title='bbox 2130 4353 2229 4421; x_wconf 85' lang='grc' dir='ltr'><strong>τῆς</strong></span> <span class='ocrx_word' id='word_1_650' title='bbox 2259 4352 2496 4421; x_wconf 81' lang='grc' dir='ltr'>φύσεως,</span> <span class='ocrx_word' id='word_1_651' title='bbox 2542 4355 2607 4407; x_wconf 82' lang='grc' dir='ltr'>ὲκ</span> <span class='ocrx_word' id='word_1_652' title='bbox 2638 4346 2742 4408; x_wconf 78' lang='grc' dir='ltr'><strong>τοῦ</strong></span> <span class='ocrx_word' id='word_1_653' title='bbox 2764 4351 3235 4424; x_wconf 80' lang='grc' dir='ltr'>ἡγεμονικωτέρου</span> <span class='ocrx_word' id='word_1_654' title='bbox 3274 4352 3372 4422; x_wconf 75' lang='grc' dir='ltr'>τῆς</span> <span class='ocrx_word' id='word_1_655' title='bbox 3417 4350 3696 4422; x_wconf 76' lang='grc' dir='ltr'>μελῳδίας.</span> 
     </span>
    </p>
   </div>
   <div class='ocr_carea' id='block_1_100' title="bbox 2132 4441 3699 4517">
    <p class='ocr_par' dir='ltr' id='par_1_100' title="bbox 2132 4441 3699 4517">
     <span class='ocr_line' id='line_1_100' title="bbox 2132 4441 3699 4517; baseline -0.003 -23"><span class='ocrx_word' id='word_1_656' title='bbox 2132 4442 2202 4495; x_wconf 80' lang='grc' dir='ltr'>τὰ</span> <span class='ocrx_word' id='word_1_657' title='bbox 2224 4443 2463 4511; x_wconf 77' lang='grc' dir='ltr'>ἑπόμενα</span> <span class='ocrx_word' id='word_1_658' title='bbox 2480 4443 2580 4514; x_wconf 83' lang='grc' dir='ltr'>τῆς</span> <span class='ocrx_word' id='word_1_659' title='bbox 2602 4443 2964 4517; x_wconf 81' lang='grc' dir='ltr'>δημιουργίας</span> <span class='ocrx_word' id='word_1_660' title='bbox 2989 4442 3235 4496; x_wconf 88' lang='grc' dir='ltr'>νοείσθω.</span> <span class='ocrx_word' id='word_1_661' title='bbox 3262 4442 3341 4513; x_wconf 83' lang='grc' dir='ltr'><strong>Τῇ</strong></span> <span class='ocrx_word' id='word_1_662' title='bbox 3357 4441 3467 4513; x_wconf 87' lang='grc' dir='ltr'>γὰρ</span> <span class='ocrx_word' id='word_1_663' title='bbox 3495 4442 3699 4510; x_wconf 56' lang='grc' dir='ltr'>ποιήσει</span> 
     </span>
    </p>
   </div>
   <div class='ocr_carea' id='block_1_101' title="bbox 2135 4527 3697 4605">
    <p class='ocr_par' dir='ltr' id='par_1_101' title="bbox 2135 4527 3697 4605">
     <span class='ocr_line' id='line_1_101' title="bbox 2135 4527 3697 4605; baseline 0.001 -22"><span class='ocrx_word' id='word_1_664' title='bbox 2135 4530 2229 4583; x_wconf 84' lang='grc' dir='ltr'><strong>τοῦ</strong></span> <span class='ocrx_word' id='word_1_665' title='bbox 2262 4531 2494 4603; x_wconf 77' lang='grc' dir='ltr'>οὐρανοῦ</span> <span class='ocrx_word' id='word_1_666' title='bbox 2521 4532 2615 4586; x_wconf 76' lang='grc' dir='ltr'>καὶ</span> <span class='ocrx_word' id='word_1_667' title='bbox 2645 4534 2740 4605; x_wconf 81' lang='grc' dir='ltr'>τῆς</span> <span class='ocrx_word' id='word_1_668' title='bbox 2762 4534 2863 4604; x_wconf 78' lang='grc' dir='ltr'>γῆς</span> <span class='ocrx_word' id='word_1_669' title='bbox 2886 4532 2947 4587; x_wconf 85' lang='grc' dir='ltr'>τὸ</span> <span class='ocrx_word' id='word_1_670' title='bbox 2970 4534 3077 4587; x_wconf 79' lang='grc' dir='ltr'>πᾶν</span> <span class='ocrx_word' id='word_1_671' title='bbox 3102 4531 3547 4604; x_wconf 82' lang='grc' dir='ltr'>συμπεριέχεται,</span> <span class='ocrx_word' id='word_1_672' title='bbox 3576 4527 3697 4598; x_wconf 71' lang='grc' dir='ltr'>ἀὴρ,</span> 
     </span>
    </p>
   </div>
   <div class='ocr_carea' id='block_1_102' title="bbox 2132 4621 2730 4687">
    <p class='ocr_par' dir='ltr' id='par_1_102' title="bbox 2132 4621 2730 4687">
     <span class='ocr_line' id='line_1_102' title="bbox 2132 4621 2730 4687; baseline 0.008 -14"><span class='ocrx_word' id='word_1_673' title='bbox 2132 4621 2321 4686; x_wconf 81' lang='grc' dir='ltr'>σκότος</span> <span class='ocrx_word' id='word_1_674' title='bbox 2355 4623 2448 4676; x_wconf 71' lang='grc' dir='ltr'><strong>καὶ</strong></span> <span class='ocrx_word' id='word_1_675' title='bbox 2480 4623 2730 4687; x_wconf 79' lang='grc' dir='ltr'>ἄϐυσσος.</span> 
     </span>
    </p>
   </div>
   <div class='ocr_carea' id='block_1_103' title="bbox 2712 4828 3113 4885">
    <p class='ocr_par' dir='ltr' id='par_1_103' title="bbox 2712 4828 3113 4885">
     <span class='ocr_line' id='line_1_103' title="bbox 2712 4828 3113 4885; baseline 0.01 -4"><span class='ocrx_word' id='word_1_676' title='bbox 2712 4828 2961 4882; x_wconf 81' lang='grc' dir='ltr'><strong>ΠΕΥΣΙΣ</strong></span> <span class='ocrx_word' id='word_1_677' title='bbox 2992 4831 3039 4882; x_wconf 84' lang='grc' dir='ltr'><strong>Ν</strong></span> <span class='ocrx_word' id='word_1_678' title='bbox 3047 4830 3113 4885; x_wconf 75' lang='grc' dir='ltr'><strong>Ι“’.</strong></span> 
     </span>
    </p>
   </div>
   <div class='ocr_carea' id='block_1_104' title="bbox 2110 4931 3690 5012">
    <p class='ocr_par' dir='ltr' id='par_1_104' title="bbox 2110 4931 3690 5012">
     <span class='ocr_line' id='line_1_104' title="bbox 2110 4931 3690 5012; baseline -0.001 -20"><span class='ocrx_word' id='word_1_679' title='bbox 2110 4954 2127 4965; x_wconf 73' lang='lat'>‘</span> <span class='ocrx_word' id='word_1_680' title='bbox 2199 4941 2263 4992; x_wconf 83' lang='lat' dir='ltr'><strong>Ti</strong></span> <span class='ocrx_word' id='word_1_681' title='bbox 2293 4934 2386 4994; x_wconf 79' lang='grc' dir='ltr'><strong>οῦν</strong></span> <span class='ocrx_word' id='word_1_682' title='bbox 2427 4940 2699 5012; x_wconf 84' lang='grc' dir='ltr'>ἀτονήσας</span> <span class='ocrx_word' id='word_1_683' title='bbox 2728 4939 2969 5010; x_wconf 80' lang='grc' dir='ltr'>Μωσῆς,</span> <span class='ocrx_word' id='word_1_684' title='bbox 3017 4942 3116 5011; x_wconf 79' lang='grc' dir='ltr'><strong>οὐχ</strong></span> <span class='ocrx_word' id='word_1_685' title='bbox 3158 4939 3334 4992; x_wconf 79' lang='grc' dir='ltr'>είλετο</span> <span class='ocrx_word' id='word_1_686' title='bbox 3366 4939 3569 5011; x_wconf 72' lang='grc' dir='ltr'>γράψαι</span> <span class='ocrx_word' id='word_1_687' title='bbox 3599 4931 3690 4999; x_wconf 72' lang='grc' dir='ltr'><strong>τὴν</strong></span> 
     </span>
    </p>
   </div>
   <div class='ocr_carea' id='block_1_105' title="bbox 2127 5034 2962 5098">
    <p class='ocr_par' dir='ltr' id='par_1_105' title="bbox 2127 5034 2962 5098">
     <span class='ocr_line' id='line_1_105' title="bbox 2127 5034 2962 5098; baseline 0.001 -12"><span class='ocrx_word' id='word_1_688' title='bbox 2127 5035 2333 5088; x_wconf 84' lang='grc' dir='ltr'>σκὸτων</span> <span class='ocrx_word' id='word_1_689' title='bbox 2364 5034 2459 5087; x_wconf 79' lang='grc' dir='ltr'>καὶ</span> <span class='ocrx_word' id='word_1_690' title='bbox 2486 5034 2724 5088; x_wconf 75' lang='grc' dir='ltr'>ἁόύσσου</span> <span class='ocrx_word' id='word_1_691' title='bbox 2753 5035 2962 5098; x_wconf 85' lang='grc' dir='ltr'>κτίσιν;</span> 
     </span>
    </p>
   </div>
   <div class='ocr_carea' id='block_1_106' title="bbox 2222 5136 3088 5203">
    <p class='ocr_par' dir='ltr' id='par_1_106' title="bbox 2222 5136 3088 5203">
     <span class='ocr_line' id='line_1_106' title="bbox 2222 5136 3088 5203; baseline 0 -18"><span class='ocrx_word' id='word_1_692' title='bbox 2222 5196 2231 5203; x_wconf 16' lang='grc' dir='ltr'><strong><em>ἰ</em></strong></span> <span class='ocrx_word' id='word_1_693' title='bbox 2735 5136 3088 5199; x_wconf 78' lang='grc' dir='ltr'>Ἀπόκρισις.</span> 
     </span>
    </p>
   </div>
   <div class='ocr_carea' id='block_1_107' title="bbox 2207 5223 3687 5294">
    <p class='ocr_par' dir='ltr' id='par_1_107' title="bbox 2207 5223 3687 5294">
     <span class='ocr_line' id='line_1_107' title="bbox 2207 5223 3687 5294; baseline -0.001 -17"><span class='ocrx_word' id='word_1_694' title='bbox 2207 5223 2350 5277; x_wconf 68' lang='lat' dir='ltr'><strong>‘AD.’</strong></span> <span class='ocrx_word' id='word_1_695' title='bbox 2397 5224 2555 5294; x_wconf 83' lang='grc' dir='ltr'>είπερ</span> <span class='ocrx_word' id='word_1_696' title='bbox 2601 5223 2808 5293; x_wconf 84' lang='grc' dir='ltr'>Μωσῆς</span> <span class='ocrx_word' id='word_1_697' title='bbox 2853 5223 3238 5294; x_wconf 81' lang='grc' dir='ltr'>παρέδραμεν,</span> <span class='ocrx_word' id='word_1_698' title='bbox 3287 5223 3389 5277; x_wconf 83' lang='grc' dir='ltr'><strong>οὐκ</strong></span> <span class='ocrx_word' id='word_1_699' title='bbox 3409 5224 3687 5294; x_wconf 76' lang='grc' dir='ltr'>ἅτονήσας,</span> 
     </span>
    </p>
   </div>
   <div class='ocr_carea' id='block_1_108' title="bbox 2130 5309 3689 5387">
    <p class='ocr_par' dir='ltr' id='par_1_108' title="bbox 2130 5309 3689 5387">
     <span class='ocr_line' id='line_1_108' title="bbox 2130 5309 3689 5387; baseline -0.008 -16"><span class='ocrx_word' id='word_1_700' title='bbox 2130 5316 2358 5387; x_wconf 72' lang='grc' dir='ltr'>γράψαι,</span> <span class='ocrx_word' id='word_1_701' title='bbox 2391 5314 2527 5369; x_wconf 81' lang='grc' dir='ltr'>ἀλλὰ</span> <span class='ocrx_word' id='word_1_702' title='bbox 2556 5316 2853 5386; x_wconf 83' lang='grc' dir='ltr'>γυμνάσιον</span> <span class='ocrx_word' id='word_1_703' title='bbox 2882 5315 3013 5385; x_wconf 76' lang='grc' dir='ltr'>ἡμῖν</span> <span class='ocrx_word' id='word_1_704' title='bbox 3050 5314 3417 5383; x_wconf 63' lang='grc' dir='ltr'>καταλείψας·</span> <span class='ocrx_word' id='word_1_705' title='bbox 3454 5309 3689 5376; x_wconf 74' lang='grc' dir='ltr'>Σολομὼν</span> 
     </span>
    </p>
   </div>
   <div class='ocr_carea' id='block_1_109' title="bbox 2128 5398 3688 5479">
    <p class='ocr_par' dir='ltr' id='par_1_109' title="bbox 2128 5398 3688 5479">
     <span class='ocr_line' id='line_1_109' title="bbox 2128 5398 3688 5479; baseline -0.005 -19"><span class='ocrx_word' id='word_1_706' title='bbox 2128 5407 2388 5479; x_wconf 67' lang='grc' dir='ltr'>ἔγραψεν,</span> <span class='ocrx_word' id='word_1_707' title='bbox 2424 5409 2486 5460; x_wconf 83' lang='grc' dir='ltr'>ὲκ</span> <span class='ocrx_word' id='word_1_708' title='bbox 2528 5405 2820 5476; x_wconf 83' lang='grc' dir='ltr'>προσώπου</span> <span class='ocrx_word' id='word_1_709' title='bbox 2863 5403 2955 5457; x_wconf 87' lang='grc' dir='ltr'><strong>τοῦ</strong></span> <span class='ocrx_word' id='word_1_710' title='bbox 2999 5404 3129 5457; x_wconf 81' lang='grc' dir='ltr'>Υίοῦ</span> <span class='ocrx_word' id='word_1_711' title='bbox 3176 5404 3312 5475; x_wconf 78' lang='grc' dir='ltr'>πρὸς</span> <span class='ocrx_word' id='word_1_712' title='bbox 3352 5404 3443 5457; x_wconf 84' lang='grc' dir='ltr'><strong>τὸν</strong></span> <span class='ocrx_word' id='word_1_713' title='bbox 3483 5398 3688 5466; x_wconf 74' lang='grc' dir='ltr'>Πατέρα</span> 
     </span>
    </p>
   </div>
   <div class='ocr_carea' id='block_1_110' title="bbox 2128 5488 3688 5565">
    <p class='ocr_par' dir='ltr' id='par_1_110' title="bbox 2128 5488 3688 5565">
     <span class='ocr_line' id='line_1_110' title="bbox 2128 5488 3688 5565; baseline -0.003 -15"><span class='ocrx_word' id='word_1_714' title='bbox 2128 5496 2374 5565; x_wconf 69' lang='grc' dir='ltr'>φάσκων*</span> <span class='ocrx_word' id='word_1_715' title='bbox 2417 5493 2537 5562; x_wconf 85' lang='grc' dir='ltr'><strong>Πρὸ</strong></span> <span class='ocrx_word' id='word_1_716' title='bbox 2567 5493 2676 5548; x_wconf 86' lang='grc' dir='ltr'><strong>τοῦ</strong></span> <span class='ocrx_word' id='word_1_717' title='bbox 2717 5494 2819 5558; x_wconf 85' lang='grc' dir='ltr'>τὰς</span> <span class='ocrx_word' id='word_1_718' title='bbox 2847 5493 3160 5560; x_wconf 79' lang='grc' dir='ltr'><strong>ἀϐύσσους</strong></span> <span class='ocrx_word' id='word_1_719' title='bbox 3199 5492 3483 5562; x_wconf 75' lang='grc' dir='ltr'>ποιῆσαι,</span> <span class='ocrx_word' id='word_1_720' title='bbox 3536 5488 3688 5560; x_wconf 67' lang='grc' dir='ltr'><strong>ἥμην</strong></span> 
     </span>
    </p>
   </div>
  </div>
