4000 6410
320 371 424 425 9'25

319 487 456 548 παρ’
503 487 664 561 αὐτῷ
712 489 1051 561 ἁρμόζουσα
1093 491 1132 561 ἠ
1189 491 1442 563 δύναμις
1481 492 1581 547 καὶ
1618 497 1657 563 ἡ
1705 497 1891 565 σοφία

321 581 490 647 Θεοῦ,
521 582 795 650 Χριστός.

869 758 1117 812 ΠΕΥΣΙΣ
1145 759 1270 814 ΝΔ’.

402 846 462 900 Ὀ
490 846 597 917 ἀὴρ
633 846 763 900 πότε
792 848 1016 916 γέγονε;
1042 850 1133 922 Μὴ
1164 851 1262 905 καὶ
1284 838 1481 907 ’τοῦτον
1508 852 1654 924 ἔχεις
1684 856 1858 908 εἰπεῖν
1878 895 1894 920 ,

321 940 404 992 ὅτι
434 937 684 1008 Σολομὼν
707 937 974 1011 ἐγραψεν;
1560 998 1578 1014 _
1652 970 1657 975 ~

933 1031 1272 1101 Ἀπόκρισις
1282 1073 1295 1087 .

401 1115 596 1168 Ἄκουε
623 1115 687 1186 δὴ
709 1117 952 1183 Μωσέως
982 1120 1283 1188 φάσκοντος
1301 1138 1316 1153 ο
1341 1124 1452 1177 Καὶ
1480 1125 1726 1194 Πνεῦμα
1749 1126 1897 1180 Θεοῦ

323 1205 640 1276 ἐπεφέρετο
666 1207 865 1262 ἐπάνω
888 1210 995 1264 τοῦ
1032 1210 1264 1285 ὕδιιτος.
1304 1216 1373 1266 Συ
1381 1214 1617 1286 μφὼνως
1643 1216 1701 1270 δὲ
1724 1216 1899 1286 τούτῳ

323 1305 354 1354 ὁ
401 1301 624 1372 Ἀμμὼς
643 1319 656 1332 ·
687 1303 902 1371 Κύριος
943 1304 1206 1389 στερεῶν
1240 1307 1515 1377 βροντὴν
1545 1307 1647 1362 καὶ
1692 1308 1901 1371 κτίζων

329 1406 585 1460 πνευμα.

909 1487 1158 1540 ΠΕΥΣῘΣ
1190 1488 1317 1542 NE'.

409 1574 546 1627 Ἀλλ’
579 1576 640 1629 ού
673 1578 802 1648 περὶ
831 1577 925 1631 τοῦ
965 1579 1125 1648 ἀέρος
1153 1579 1325 1647 λέγει,
1363 1580 1491 1650 περὶ
1518 1580 1574 1634 δὲ
1605 1580 1697 1636 τοῦ
1740 1581 1899 1651 ἁγίου

325 1667 641 1738 Πνεύματος
671 1669 870 1739 μᾶλλον
898 1669 1113 1740 εἴρηται
1139 1672 1168 1724 ὁ
1191 1671 1366 1739 λόγος.
1409 1671 1484 1724 Οὐ
1520 1672 1628 1743 γὰρ
1657 1672 1784 1728 ἄλλο
1813 1674 1901 1727 λέ-

324 1773 493 1826 γομεν
546 1752 688 1811 εἶναι
732 1759 765 1829 ἢ
822 1761 1322 1831 προσαγορεύεσθαι
1369 1762 1618 1835 πνεῦμα,
1656 1765 1794 1837 πλὴν
1836 1768 1899 1820 τὸ

327 1845 480 1915 ἅγιον
514 1848 757 1919 Πνεῦμα.

371 2001 382 2011 κ
932 1940 1289 2011 Ἀπόκρισις.

401 2028 530 2093 Δέος
570 2046 659 2099 μοι
691 2032 756 2102 τῇ
787 2031 960 2084 κτίσει
995 2034 1509 2107 συγκαταριθμῆσαι
1536 2035 1597 2091 τὸ
1629 2036 1898 2091 ἄκτιστον·

330 2117 469 2187 πλὴν
509 2118 657 2189 ὅμως
684 2121 784 2173 οὐκ
813 2121 1053 2193 ἀναιρῶν
1082 2123 1146 2176 τὸ
1183 2126 1492 2196 εἰρημένον,
1535 2127 1761 2197 δέχομαι
1809 2128 1902 2180 καὶ

328 2209 504 2273 τοῦτο,
533 2211 757 2275 εἰκότως
791 2214 886 2266 καὶ
926 2214 1247 2287 θεοπρεπῶς
1287 2218 1577 2287 νοούμενον
1596 2259 1612 2283 ,
1639 2218 1902 2287 ἐπιφέρε-

330 2300 451 2353 σθαι
477 2304 589 2364 τοῖς
624 2302 780 2355 ὕδασι
812 2304 946 2375 πρὸς
987 2306 1301 2374 ζωογονίαν,
1329 2308 1467 2360 αὐτὰ
1509 2307 1904 2372 συνθάλποντος

325 2391 485 2463 δίκην
542 2393 899 2466 ἐπωαζούσης
936 2395 1185 2468 ὄρνιθος,
1228 2398 1466 2466 ζωτικὴν
1510 2416 1633 2451 τινα
1677 2399 1904 2469 δύναμιν

330 2484 571 2546 ἀνιέντος
621 2484 731 2554 (19)
778 2488 891 2549 τοῖς
928 2488 1392 2561 ύποθαλπομένοις
1432 2489 1622 2558 ὕδασι,
1667 2490 1804 2563 πρὸς
1842 2490 1905 2543 τὸ

330 2574 597 2643 ἑκϐράσαι
628 2577 697 2630 τά
728 2577 929 2650 ἄπειρα
958 2580 1066 2632 τῶν
1096 2580 1294 2650 ἰχθύων
1324 2581 1479 2651 γένη.

892 2670 1138 2723 ιιεΥΣιΣ
1187 2672 1331 2739 Νςι.

401 2755 615 2815 Μαθεῖν
649 2760 779 2829 πρὸς
803 2758 1012 2824 τούτοις
1043 2761 1276 2831 δεόμεθα
1306 2764 1433 2834 περὶ
1470 2764 1570 2834 τῆς
1609 2763 1703 2818 τοῦ
1735 2761 1906 2834 πυρὸς

330 2848 615 2914 γενέσεως.
652 2847 789 2901 Οὔτε
826 2850 935 2920 γὰρ
974 2853 1042 2922 τῇ
1072 2852 1262 2923 Γραφῇ
1304 2855 1541 2926 εἴρηται,
1588 2854 1670 2907 ὅτι
1701 2848 1852 2906 εἶπεν
1877 2850 1907 2901 ὁ

330 2936 463 3006 θεός
486 2953 500 2966 ο
536 2937 822 3009 Γενηθήτω
855 2938 986 3011 πῦρ.
1140 2998 1149 3005 ,

927 3032 1283 3099 Ἀπόκρισις.

406 3120 630 3173 Πάντων
662 3121 895 3191 μάλιστα
925 3122 1286 3193 ὲνεργεστέρα
1320 3123 1353 3193 ἡ
1394 3122 1487 3175 τοῦ
1522 3123 1693 3195 πυρὸς
1722 3120 1905 3191 φύσις,

335 3212 714 3263 συνυποστᾶσα
735 3212 828 3265 καὶ
853 3211 1244 3288 ἐμφωλεύουσα
1262 3216 1330 3284 τῇ
1354 3214 1572 3284 ποιήσει
1589 3214 1691 3284 τῆς
1710 3215 1905 3285 χέρσου

333 3302 600 3369 φαίνεται.
649 3301 811 3354 Ὀποι
855 3302 901 3354 δ’
948 3302 1013 3356 ἂν
1065 3301 1328 3366 πατάξεις
1362 3302 1529 3367 λίθον,
1584 3304 1908 3357 ἀποκυεῖται

331 3390 465 3464 πῦρ,
498 3392 591 3445 καὶ
628 3391 862 3462 σιδήρων
891 3393 1229 3463 τριϐομένων
1249 3432 1263 3457 ,
1289 3393 1492 3464 ὁμοίως
1520 3394 1767 3463 γίνεσθαι
1809 3396 1909 3450 πέ-

332 3502 495 3554 φυκε,
529 3484 623 3537 καὶ
654 3484 826 3551 ξύλων
867 3486 1296 3556 συνθλιϐομένων
1341 3487 1741 3560 παραπλησίως
1774 3488 1904 3541 ἀπο·

331 3573 635 3626 δείκνυταιο
678 3573 754 3637 ὡς
781 3576 810 3627 ὁ
838 3576 934 3645 τῆς
959 3576 1174 3646 ἀπήνης
1198 3574 1342 3642 ἄξων
1374 3575 1542 3646 δηλοῖ,
1578 3576 1654 3648 τῷ
1693 3576 1911 3648 πιεσμῷ

333 3663 427 3715 τοῦ
472 3664 670 3734 φόρτου
717 3665 1150 3737 διασμυχόμενος
1194 3666 1273 3737 τῷ
1320 3668 1710 3739 ἐγκεκραμένῳ
1753 3669 1906 3739 πυρί.

336 3754 409 3804 υύ
440 3755 546 3823 μὴν
581 3755 659 3821 δὲ,
693 3755 829 3809 ἀλλά
858 3757 951 3809 καὶ
995 3756 1177 3826 μύλων
1213 3755 1469 3826 διακενῆς
1503 3758 1908 3828 στρεφομένων,

335 3842 431 3896 θέα
468 3845 528 3898 τὸ
560 3845 671 3916 πῦρ
710 3845 1096 3915 ἐξαλλόμενον·
1139 3845 1259 3899 καθ’
1298 3841 1373 3899 ὧν
1417 3847 1516 3916 τὴν
1564 3847 1779 3909 εἰκόνα,
1820 3848 1913 3901 καὶ

332 3935 441 3989 τῶν
469 3937 645 4005 νεφῶν
664 3936 1014 4008 παρατριὸαὶ,
1037 3938 1151 3999 τοῖς
1177 3936 1482 4006 πνεύμασιν
1515 3936 1909 4006 ἐλαυνομένων,

334 4026 619 4096 ἀστραπὰς
659 4026 941 4080 ἀποτελεῖν
989 4025 1232 4078 εἰώθασι.
1285 4026 1469 4078 Πάντα
1512 4026 1627 4095 γὰρ’
1651 4026 1784 4096 πυρὶ
1818 4024 1910 4077 κέ-

334 4133 534 4186 κραται
555 4156 569 4179 ,
606 4115 787 4177 καθὼς
819 4114 1023 4184 Πέτρος
1058 4113 1243 4183 φησὶν,
1285 4115 1313 4165 ὀ
1347 4114 1655 4184 κλειδοῦχος
1685 4115 1783 4184 τῆς
1813 4114 1911 4184 βα-

338 4206 541 4266 σιλείας
564 4203 671 4255 τῶν
690 4202 955 4274 οὐρανῶν,
982 4203 1125 4256 οὕτω
1148 4219 1284 4268 πως’
1309 4207 1373 4258 Οἱ
1398 4203 1507 4273 γὰρ
1532 4205 1648 4260 νῦν
1668 4205 1912 4273 οὐρανοὶ

336 4295 432 4347 καὶ
467 4293 505 4361 ἡ
540 4293 616 4362 γῆ
651 4295 791 4362 πυρὶ
819 4293 1355 4364 τεθησαυρισμένοι
1380 4295 1531 4359 εἰσὶ,
1559 4296 1914 4364 τηρούμενοι

335 4388 424 4453 εἰς
466 4385 696 4455 ἡμέραν
735 4386 985 4455 κρίσεως
1029 4387 1126 4440 καὶ
1183 4386 1485 4453 ἀπωλείας
1522 4387 1641 4443 τῶν
1679 4387 1917 4443 ἀσεϐῶν

334 4477 678 4546 ἀνθρώπων.

920 4567 1168 4624 ΠΕΥΣῘΣ
1205 4568 1330 4622 NZ'.

410 4656 519 4710 Kal.
552 4656 668 4721 πῶς
709 4657 976 4729 χειμῶνος
996 4699 1010 4722 ,
1056 4658 1166 4712 τῶν
1194 4657 1375 4712 αὐτῶν
1416 4658 1586 4711 ὅντων
1617 4657 1794 4728 νεφῶν
1827 4659 1921 4713 καὶ

342 4744 578 4813 ἀνέμων,
608 4747 708 4799 οὐκ
735 4748 1012 4817 ἀστραπὴ,
1052 4748 1113 4801 ού
1146 4745 1344 4818 βροντὴ
1364 4746 1612 4814 γίνεταις

461 4828 465 4833 ’
586 4874 591 4877 -
949 4836 1315 4903 Ἀπόκρισις.

412 4924 495 4978 Τὰ
525 4924 653 4994 περὶ
686 4923 913 4994 βροντῆς
948 4925 1204 4995 ἀνωτέρω
1241 4926 1376 4997 πρὸς
1407 4926 1468 4979 τὺ
1503 4924 1692 4979 δοκοῦν
1729 4942 1819 4996 μοι
1846 4926 1924 4979 εἴα

341 5032 527 5090 ρηται.
560 5014 634 5067 Τὸ
665 5014 744 5078 δὲ,
786 5013 1053 5084 χειμῶνος
1091 5013 1380 5084 ἀστραπὰς
1427 5014 1502 5084 μὴ
1538 5014 1916 5082 ἐκφαίνεσθαι,

338 5106 429 5160 διὰ
453 5107 555 5176 τὴν
576 5102 669 5160 τοῦ
698 5105 859 5178 ἀέρος
888 5104 1178 5175 παχύτητα
1198 5102 1361 5166 δοκῶ,
1388 5104 1483 5156 καὶ
1506 5104 1603 5173 τὴν
1629 5105 1923 5175 διήκουσαν

286 5265 290 5270 ,
343 5197 524 5250 νοτίδα
568 5196 675 5273 τῶν
719 5196 915 5265 νεφῶν.
966 5197 1041 5249 Οὐ
1076 5194 1186 5264 γὰρ
1233 5195 1435 5265 ὁμοίως
1468 5194 1527 5247 τὺ
1558 5195 1789 5265 ἀνικμον
1829 5196 1923 5249 καὶ

348 5286 508 5356 ξηρὸν
540 5285 618 5355 τῷ
647 5286 915 5358 διαϐρόχῳ
949 5286 1043 5340 καὶ
1089 5285 1280 5339 ὑλώδει
1319 5285 1377 5337 ἐν
1406 5286 1525 5348 ταῖς
1558 5285 1925 5355 παρα-τρίψεσι

346 5374 631 5444 φαίνεσθαι
654 5376 915 5446 πέφυκεν,
940 5376 1034 5432 τοῦ
1066 5377 1163 5448 μὲν
1191 5374 1677 5446 παραφλεγομένου
1696 5413 1712 5440 ,
1741 5374 1834 5428 τοῦ
1862 5374 1921 5444 δὲ

347 5452 874 5539 παρολισθαίνοντος.

1754 374 2096 432 DMLOGL’S
2134 376 2173 433 Ι.

3456 375 3572 431 ’9⁸26

2004 498 2069 551 ad
2111 497 2327 552 Patrem
2369 498 2691 567 loquentis:
2741 496 3037 567 Antequam
3095 498 3311 567 abyssos
3358 500 3576 569 faceret,

2005 604 2153 640 eram
2187 588 2329 656 apud
2362 589 2563 657 ipsum,
2604 598 2724 657 apte
2763 589 2941 642 omnia
2979 588 3263 656 disponens
3296 590 3318 621 ³
3355 609 3368 643 :
3421 592 3578 645 nimi-

2000 692 2143 743 rum,
2176 680 2414 745 potentia
2439 688 2490 733 et
2511 680 2776 747 sapientia
2814 679 2928 741 Dei,
2958 678 3203 734 Christus
3239 684 3278 734 ⁸.

2440 769 2959 825 INTERROGATIO
2998 769 3130 825 LIV.

2070 861 2176 914 Aer
2198 859 2420 927 quando
2451 860 2630 916 factus
2659 862 2784 916 est?
2810 859 2949 913 Num
2996 859 3355 935 quodgetiam'
3374 856 3443 911 de
3479 856 3581 911 hoc

2000 951 2285 1021 scripserit
2331 950 2614 1014 Solomon,
2651 952 2838 1006 dicere
2870 952 3065 1021 potes?

2633 1042 2944 1111 Responsio.

2073 1132 2211 1186 Audi
2248 1131 2450 1187 Mosen:
2472 1131 2743 1186 dicentem
2776 1150 2790 1184 :
2837 1130 2906 1183 Et
2934 1131 3155 1200 spiritus
3196 1128 3287 1183 Dei
3316 1128 3583 1197 ferebatur

1946 1238 2161 1291 ,ssnpra
2189 1239 2383 1293 aquam
2402 1222 2446 1278 ⁸.
2479 1221 2615 1275 Cum
2651 1222 2755 1275 hoc
2783 1230 2967 1275 autem
2998 1219 3277 1275 consentit
3316 1226 3371 1274 et
3413 1220 3583 1272 Amo-

2001 1328 2097 1377 sus
2124 1333 2137 1368 :
2166 1313 2424 1367 Dominus
2451 1311 2726 1364 intendens
2751 1310 2973 1373 tonitru,
3001 1318 3051 1363 et
3082 1325 3267 1362 creans
3288 1308 3575 1377 spiritum“.

2450 1484 2973 1542 lNTERItOGATlO
3012 1482 3123 1539 LV.

2074 1577 2277 1634 Verum
2312 1592 2424 1632 non
2472 1577 2541 1632 de
2587 1577 2707 1631 hoc.
2749 1591 2875 1631 aere
2925 1576 3082 1638 dicit,
3134 1573 3231 1629 sed
3281 1575 3465 1644 potius
3513 1576 3582 1630 de

2006 1669 2210 1739 Spiritu
2238 1675 2432 1723 sancto
2462 1670 2668 1722 dictum
2700 1674 2786 1722 est
2847 1667 2902 1721 id
2954 1668 3205 1721 verbum.
3261 1665 3380 1721 Non
3432 1667 3581 1720 enim

2004 1758 2153 1825 aliud
2181 1759 2419 1814 dicimus
2447 1774 2570 1814 esse
2602 1765 2697 1811 aut
2734 1758 2920 1812 vocari
2967 1757 3247 1827 spiritum,
3292 1771 3457 1827 qttam
3501 1757 3583 1826 ip-

2006 1867 2128 1909 sum
2170 1851 2432 1923 Spiritum
2464 1858 2903 1905 sacrosanctum.

2628 1938 2937 2007 Responsio.

2075 2029 2278 2086 Vereor
2304 2044 2374 2084 ne
2401 2043 2525 2083 cum
2546 2037 2800 2084 creatura
2824 2040 3217 2081 connumercm
3253 2026 3581 2082 incrcatum.

2002 2123 2394 2177 Verumtamen
2420 2135 2533 2173 non
2577 2133 2784 2189 negans
2842 2118 2948 2171 hoc
3007 2116 3153 2185 quod
3208 2115 3414 2170 dictum
3475 2124 3580 2175 est,

2003 2212 2252 2277 admitto,
2282 2219 2338 2265 et
2378 2209 2548 2275 hunc,
2593 2211 2638 2265 si
2671 2217 2730 2262 ut
2780 2224 2879 2278 par
2912 2216 3018 2270 est,
3051 2216 3105 2261 et
3140 2206 3251 2261 Deo
3297 2206 3579 2274 competit,

2005 2302 2359 2372 intelligatur,
2396 2298 2526 2354 ferri
2566 2314 2732 2370 supra
2780 2314 2977 2369 aquas,
3012 2297 3077 2351 ad
3104 2296 3339 2352 viventia
3381 2296 3584 2366 produ-

2004 2392 2179 2446 cenda
2212 2391 2363 2460 ipsas
2388 2389 2682 2455 foventem,
2716 2398 2771 2445 et
2805 2391 2978 2443 instar
3021 2387 3343 2441 incubantis
3367 2386 3587 2454 gallinae

2005 2483 2222 2536 vitalem
2256 2482 2546 2552 quamdam
2594 2483 2702 2534 vim
2741 2481 3121 2534 immittenten
3168 2478 3326 2548 aquis
3374 2463 3478 2533 sub
3525 2493 3586 2533 se

2004 2573 2155 2640 fetis,
2181 2574 2247 2629 ad
2281 2574 2644 2645 producenda
2672 2574 2958 2627 inumnera
2989 2570 3226 2640 piscium
3263 2583 3482 2639 genera.

2446 2662 2972 2718 INTERROGATIO
3012 2660 3145 2716 LVI.

2075 2757 2340 2828 Cupimus
2377 2756 2604 2825 insuper
2631 2770 2698 2809 ex
2741 2765 2793 2809 te
2836 2754 3054 2809 discere
3119 2751 3188 2807 de
3234 2758 3362 2805 ortu
3418 2751 3586 2821 ignis.

2005 2847 2285 2917 Nusquam
2319 2847 2465 2902 enim
2500 2847 2555 2899 in
2589 2845 2880 2914 Scriptura
2908 2843 3165 2910 legimus,
3199 2840 3345 2910 quod
3384 2838 3591 2894 dixerit

2011 2936 2175 3002 Deus,
2201 2935 2320 2990 Fiat
2346 2935 2511 3006 ignis.

2166 3023 2173 3029 ’
2641 3023 2948 3090 Responsio.

2078 3118 2335 3174 Omnium
2374 3118 2608 3170 maJme
2637 3115 2826 3166 rllicax
2850 3120 2935 3166 est
2973 3116 3173 3163 natura
3222 3107 3390 3177 ignis,
3434 3105 3589 3161 vide-

2015 3207 2541 3278 turqueconsistere
2574 3211 2627 3257 et
2674 3202 2893 3255 latitare
2949 3199 3004 3252 in
3072 3197 3354 3252 creatione
3403 3206 3586 3250 terrae.

2010 3299 2242 3366 Quando
2304 3296 2535 3367 lapidem
2592 3293 2961 3364 percusseris,
3022 3305 3090 3344 ex
3155 3302 3222 3342 eo
3274 3287 3639 3356 concipitur_

2012 3392 2175 3463 ignis,
2201 3400 2256 3446 et
2297 3389 2443 3444 ferro
2471 3386 2666 3441 colliso
2705 3384 2965 3438 similiter
3001 3379 3139 3435 ellici
3176 3378 3336 3434 solet.
3379 3377 3488 3431 Sed
3528 3386 3585 3431 et

2012 3484 2176 3556 lignis
2207 3481 2417 3537 collisis
2443 3477 2805 3534 consimiliter
2844 3472 3210 3543 «cnspicitur,
3247 3477 3308 3523 ut
3348 3466 3592 3524 ostendit

2012 3576 2130 3630 aris
2157 3575 2210 3629 in
2237 3587 2401 3628 curru
2431 3585 2496 3626 ex
2528 3582 2786 3639 pressura
2822 3566 3007 3621 oneris
3056 3564 3256 3618 ardens
3319 3576 3416 3630 per
3479 3560 3577 3613 ad-

2013 3665 2232 3721 mistum
2276 3664 2477 3733 ignem.
2508 3659 2696 3729 Neque
2726 3658 2779 3711 id
2809 3666 3042 3719 tantum,
3106 3652 3225 3709 sed‘
3258 3659 3312 3706 et
3338 3651 3493 3704 mola:
3543 3649 3589 3703 si

2012 3755 2452 3822 circumaguntur
2482 3749 2712 3811 'inanes,
2749 3753 2973 3815 apparet
2998 3742 3139 3813 ignis
3191 3740 3486 3803 exsilieus;
3522 3738 3589 3790 ad

2013 3855 2245 3911 quarum
2277 3840 2693 3892 similitudinem
2723 3846 2775 3891 et
2801 3836 3028 3890 nubium
3058 3831 3379 3886 eollisiones
3406 3827 3588 3883 ventis

2014 3929 2376 3998 impulsarum
2426 3927 2649 3980 efficere
2692 3926 2906 3994 fulgura
2938 3930 3359 3978 consueverunt.
3398 3920 3589 3975 Omnia

2012 4018 2156 4071 enim
2192 4015 2301 4085 igni
2339 4014 2503 4069 mista
2530 4020 2682 4078 sunt,
2729 4024 2784 4067 ut
2810 4013 2986 4081 inquit
3024 4011 3222 4065 Petrus
3251 4012 3363 4077 illc,
3408 4012 3592 4064 claves

2015 4109 2163 4177 regni
2194 4106 2459 4160 caelorum
2493 4111 2737 4174 gestans,
2802 4104 2867 4157 ad
2931 4104 3080 4157 hunc
3141 4102 3255 4157 fere
3313 4102 3589 4155 modum:

2018 4194 2160 4248 Nam
2190 4193 2304 4247 creti
2335 4194 2426 4262 qui
2452 4208 2588 4244 nunc
2615 4200 2736 4243 sunt
2766 4200 2816 4244 et
2859 4202 3023 4252 terra,
3056 4190 3171 4259 igni
3204 4188 3419 4256 repositi
3451 4195 3590 4245 sunt,

2015 4291 2064 4336 et
2092 4289 2370 4335 servantur
2399 4281 2454 4331 in
2494 4278 2631 4331 diem
2657 4277 2853 4346 judicii
2882 4286 2932 4330 et
2958 4275 3279 4344 perditionis
3307 4274 3590 4340 impiorum

2018 4373 2286 4426 hominum
2314 4371 2355 4426 ⁷.

2441 4546 2961 4606 ΙΝΤΕῐὶΙίΟϐΑΤΙΟ
3011 4546 3169 4602 LVII.

2087 4649 2157 4698 At
2189 4645 2283 4713 qui
2317 4640 2374 4695 ﬁt
2424 4648 2487 4693 ut
2516 4641 2715 4701 hieme,
2750 4652 2873 4693 cum
2909 4636 3114 4691 eaedem
3166 4643 3298 4689 sunt
3337 4634 3509 4688 nubes
3537 4639 3595 4687 et

2020 4735 2187 4802 venti,
2222 4748 2398 4804 neque
2423 4730 2606 4801 fulgur
2635 4745 2812 4800 neque
2844 4730 3051 4782 tonitru
3094 4725 3187 4780 ﬁat
3214 4726 3238 4778 ?

2657 4820 2961 4890 Responsio.

2087 4913 2242 4983 Quod
2280 4914 2483 4969 tonitru
2520 4913 2738 4975 attinet,
2774 4911 2903 4981 quid
2944 4908 3077 4962 mihi
3113 4907 3390 4971 videatur,
3424 4919 3593 4974 supra

2023 5008 2229 5062 dictum
2260 5014 2364 5061 est.
2384 5003 2540 5071 Quod
2559 5019 2687 5059 vero
2707 5003 2922 5073 fulgura
2958 5016 3064 5055 non
3098 5004 3365 5068 apparent
3397 4996 3593 5058 hieme,

2024 5107 2246 5170 promer
2284 5097 2429 5153 aeris
2453 5088 2882 5150 crassitudinem
2929 5091 3042 5147 fieri
3065 5099 3235 5161 vputo,
3284 5099 3337 5143 et
3379 5097 3598 5157 propter

2024 5197 2397 5260 penetrantem
2431 5187 2716 5240 humorem
2749 5183 2997 5257 nubitur.
3020 5182 3137 5235 Non
3157 5182 3301 5236 enim
3329 5177 3596 5249 quemad-

2025 5282 2245 5336 modum
2270 5278 2419 5349 quod
2450 5277 2662 5331 siccum
2700 5283 2755 5329 et
2783 5273 3000 5327 aridum
3037 5280 3143 5333 est,
3182 5270 3344 5324 etiam
3381 5266 3596 5321 madida

2027 5383 2081 5429 et
2114 5374 2341 5428 multam
2375 5368 2634 5425 habentia
2668 5364 2951 5420 materiem
2988 5365 3042 5418 in
3089 5360 3466 5418 collisiouibus
3509 5357 3594 5410 lu-

2026 5474 2153 5514 cere
2184 5457 2392 5520 solent;
2427 5469 2550 5509 cum
2581 5451 2711 5507 illud
2743 5450 2961 5520 quidem
2995 5466 3089 5520 per
3120 5449 3300 5519 ignem
3332 5434 3595 5500 incende.

2029 5557 2142 5614 tur,
2179 5548 2233 5603 iu
2268 5548 2372 5602 hoc
2403 5560 2533 5602 vero
2562 5544 2646 5599 vis
2676 5542 2796 5613 ejus
2829 5540 3137 5597 ﬂaccescat.

418 5669 439 5700 ³
474 5658 637 5725 [δι-ον.
674 5683 792 5734 vm,
817 5667 908 5732 9.4,
939 5667 1027 5722 50.
1102 5669 1125 5701 ⁵
1165 5667 1336 5723 lCor.
1369 5684 1407 5735 ι,
1434 5668 1523 5724 24.
1599 5667 1620 5699 ⁸
1661 5665 1793 5722 Gen.
1834 5664 1909 5733 1,1

2030 5663 2051 5694 ⁸
2088 5661 2253 5717 Amos
2289 5674 2362 5723 Iv,
2398 5658 2481 5713 l5.
2559 5658 2578 5689 ⁷
2615 5654 2829 5712 ILPetr.
2868 5668 2949 5719 ιιι,
2982 5650 3033 5707 7.

420 5787 532 5857 (l9)
600 5786 905 5852 ’Artértoc.
934 5783 1095 5842 Forte
1127 5785 1379 5849 ὲνιέντος.
1413 5788 1509 5842 En.
