4000 6418
493 340 594 398 997

896 433 1417 501 INTERROGATIO
1465 441 1654 497 LVIII.

564 539 720 596 Satis
738 539 959 610 quidem
998 553 1127 592 vera
1166 546 1297 591 sunt
1324 549 1448 606 quae
1492 532 1677 588 dicis:
1732 548 1922 589 verum
1972 548 2073 588 nos

489 630 562 690 de
590 631 805 701 ﬁtlgure
827 630 1209 700 quaerimus,et
1241 628 1308 681 de
1341 624 1696 696 generatione
1732 623 1899 695 ignis,
1951 624 2075 680 ubi-

495 733 622 775 nam
655 716 857 772 dixerit
884 716 1054 782 Deus,
1082 714 1202 769 Fiat
1235 715 1398 784 ignis.

1129 804 1434 872 Responsio.

569 900 749 956 Moses
779 898 972 954 scribit
1003 916 1017 953 :
1051 895 1121 950 Et
1143 897 1281 950 dixit
1315 896 1455 950 Deus
1489 912 1508 950 :
1546 895 1671 950 Fiat
1704 896 1902 961 luz;et
1931 894 2078 964 facta

499 1001 577 1046 est
606 991 699 1045 tua:
729 990 751 1021 ⁸
784 1007 798 1044 :
830 987 1085 1043 videlicet
1120 986 1262 1055 ignis
1287 997 1505 1040 natura.
1543 984 1662 1039 Non
1693 986 1839 1040 enim
1872 985 2078 1039 solum-

499 1079 663 1134 modo
701 1078 750 1134 is
779 1077 921 1149 ignis
956 1083 1063 1141 est,
1095 1076 1189 1145 qui
1223 1073 1367 1144 apud
1420 1090 1523 1130 nos
1568 1085 1690 1141 est;
1731 1074 1826 1128 sed
1888 1083 1943 1128 et
1992 1088 2081 1129 sn-

501 1185 685 1242 perna:
712 1169 817 1223 illm
850 1177 1148 1239 potestates
1178 1166 1321 1237 ignis
1352 1182 1477 1222 esse
1508 1166 1786 1231 videntur,
1833 1172 2081 1237 cognatae

500 1262 553 1316 ci
574 1260 670 1332 qui
694 1259 969 1330 apud'nos
999 1267 1102 1311 est.

759 1341 772 1351 ‘
938 1345 1460 1403 INTERROGATIO
1499 1345 1636 1400 1.1x.
2007 1330 2033 1361 ⁶

573 1440 682 1497 Sed
709 1440 987 1511 quomodo
1033 1454 1310 1508 supernus
1338 1439 1387 1492 ei
1419 1438 1513 1507 qui
1539 1437 1687 1508 apud
1715 1452 1818 1493 nos
1835 1445 1944 1502 est,
1986 1453 2081 1494 co-

507 1540 702 1602 gnatus
736 1540 842 1595 est,
873 1546 999 1584 cum
1051 1530 1142 1584 ille
1177 1528 1405 1598 quidem
1447 1528 1946 1605 inexstinguibilis,
1993 1529 2085 1584 hic

508 1631 686 1679 autem
716 1619 1124 1691 exstinguibilis
1154 1618 1225 1674 sit
1250 1619 1274 1671 ?

1134 1707 1442 1779 Responsio.

574 1801 981 1873 PrOpemodum
1012 1802 1237 1873 angelos
1268 1810 1324 1858 et
1369 1810 1589 1858 nostras
1634 1802 1848 1859 animas
1881 1803 2079 1860 simili-

501 1890 749 1945 tudinem
783 1890 1075 1960 quamdam
1107 1889 1233 1944 dico
1266 1890 1489 1946 habere.
1511 1888 1756 1961 Utraque
1777 1891 1924 1946 enim
1955 1900 2083 1948 sunt

504 1982 758 2052 Spiritus,
793 1998 822 2036 a
858 1982 966 2037 Deo
987 1998 1149 2037 suum
1180 1992 1361 2037 ortum
1412 1982 1702 2040 habentes.
1754 1982 1823 2038 lli
1864 1983 2085 2053 quidem

505 2075 566 2130 in
598 2076 927 2147 corporibus
956 2076 1169 2133 nostris
1200 2074 1515 2146 lampadum
1542 2075 1717 2130 instar
1740 2076 2012 2140 lucentes,
2036 2085 2090 2133 et

503 2168 667 2239 quasi
699 2169 957 2225 exstincti
982 2184 1079 2238 per
1105 2170 1531 2239 separationem,
1560 2167 1757 2239 agendi
1789 2168 2089 2224 efﬁcacita-

506 2267 617 2314 tem
648 2259 926 2313 amittunt.
956 2258 1093 2313 Nam
1128 2266 1183 2314 et
1223 2273 1255 2312 a
1302 2259 1581 2315 veteribus
1615 2259 1957 2330 sapientibus
1989 2259 2089 2313 ho-

507 2351 686 2407 mines
711 2353 1056 2422 appellantur
1071 2351 1208 2422 φῶς,
1227 2352 1333 2407 hoc
1361 2360 1469 2415 est,
1502 2352 1948 2423 lumen,propter
1978 2351 2086 2406 vim

508 2443 762 2498 rationis.
800 2442 1066 2499 Similiter
1090 2452 1145 2500 et
1173 2445 1315 2516 ignis
1339 2444 1623 2509 dicuntur,
1653 2452 1713 2497 ut
1754 2444 1919 2514 paulo
1964 2451 2090 2514 post

508 2534 921 2602 demonstrabo,
960 2544 1253 2606 postquam
1286 2536 1465 2590 oratio
1482 2535 1550 2590 ad
1582 2544 1826 2590 nostram
1859 2550 2090 2605 genera-

507 2625 713 2681 tionem
749 2641 1045 2696 progressa
1079 2627 1268 2685 fuerit.
1302 2628 1544 2697 Angelos
1577 2635 1760 2681 autem
1795 2626 1922 2681 dico
1979 2627 2091 2695 spi-

513 2715 655 2771 ritus
712 2717 1225 2788 inexstinguibiles,
1265 2735 1376 2773 non
1426 2720 1695 2776 habentes
1742 2721 2086 2790 corporalem

508 2804 938 2874 disiunctionem
965 2814 1061 2861 aut
1094 2804 1525 2875 copulationem.
1580 2808 1752 2862 Porro
1780 2810 2087 2864 animorum

509 2903 564 2951 ct
589 2896 908 2964 angelorum
935 2897 1353 2953 similitudinem
1379 2899 1542 2953 etiam
1567 2906 1684 2954 tres
1702 2900 1778 2953 illi
1798 2902 1974 2956 sancti
1993 2918 2089 2956 ex-

512 2992 840 3053 presserunt
876 2987 1029 3055 pueri
1072 3001 1198 3040 cum
1238 2987 1394 3040 aiunt
1431 3007 1445 3042 :
1499 2987 1821 3053 Beuedicite,
1868 2992 2090 3059 spiritus

511 3082 562 3127 et
592 3075 786 3129 anima:
818 3077 1113 3144 iustorum,
1152 3076 1430 3132 Dominum
1455 3081 1498 3134 ’.
1536 3081 1603 3134 Et
1637 3095 1833 3136 rursus
1864 3081 1920 3152 in
1960 3098 2093 3137 ran-

511 3166 638 3223 ticis
677 3165 912 3225 Davides
948 3169 1124 3239 inquit
1164 3187 1177 3223 :
1209 3171 1313 3236 Qui
1347 3169 1476 3237 facit
1498 3171 1714 3241 angelos
1761 3189 1887 3226 suos
1930 3174 2092 3241 spiri—

512 3268 599 3314 tus
640 3259 703 3314 ¹⁰.
746 3257 813 3314 Ει
846 3260 1268 3316 similitudinem
1322 3263 1567 3331 ipsorum
1612 3263 1681 3318 ad
1734 3264 1951 3319 animas
1994 3283 2095 3322 no-

513 3358 658 3405 stras
688 3349 926 3406 innuens
952 3350 1165 3420 inquit:
1210 3351 1467 3405 Velociter
1492 3353 1690 3409 exaudi
1734 3370 1833 3418 me,
1853 3352 2093 3419 Domine,

513 3441 643 3510 quia
671 3439 865 3508 defecit
894 3442 1119 3509 spiritus
1146 3458 1291 3495 meus
1315 3443 1376 3494 ιι.

968 3531 1491 3589 INTERROGATIO
1531 3534 1645 3589 LX.

590 3610 881 3686 Quomodo
908 3636 1038 3676 vero
1074 3624 1216 3693 ignis
1245 3623 1388 3692 apud
1430 3640 1532 3680 nos
1574 3625 1736 3680 habet
1769 3626 1877 3679 vim
1906 3627 2098 3681 urendi

519 3710 667 3781 ligna
698 3721 753 3766 et
782 3712 1084 3782 quamlibet
1126 3714 1448 3780 materiam;
1479 3730 1753 3784 supernus
1783 3724 1963 3770 autem
1991 3731 2101 3771 non

519 3800 703 3856 adurit
726 3801 912 3857 aridas
937 3802 1197 3879 arbores,
1236 3811 1333 3857 aut
1387 3804 1571 3858 ovium
1619 3805 1840 3867 veLlera,
1884 3808 1968 3861 vel
2009 3820 2104 3861 ca-

522 3890 684 3961 pillos
712 3902 931 3948 nostros
965 3894 1068 3948 soli
1094 3895 1410 3963 expositos?

1159 3982 1465 4053 Responsio.

597 4072 682 4128 Sit
714 4074 831 4145 ipse
865 4076 968 4132 hac
1005 4077 1060 4131 in
1090 4085 1242 4147 parte
1285 4080 1368 4133 sol
1411 4079 1765 4150 paedagogus
1802 4090 2007 4146 noster,
2041 4095 2106 4135 ac

525 4166 722 4224 doceat
749 4183 851 4227 nos
897 4176 1007 4223 tam
1046 4169 1154 4233 sui,
1189 4186 1353 4239 quam
1385 4170 1507 4238 ejus
1552 4173 1644 4240 qui
1689 4170 1832 4241 apud
1874 4187 1977 4226 nos
2002 4182 2106 4239 est,

524 4258 668 4331 ignis
695 4260 1106 4329 cognationem.
1137 4260 1274 4328 Nam
1319 4278 1694 4330 sirpenuuiero
1721 4263 1887 4332 aliqui
1912 4277 2109 4332 capra-

525 4350 619 4413 rii,
643 4358 737 4404 aut
771 4350 1017 4417 bubulci,
1051 4360 1146 4404 aut
1176 4360 1423 4419 pastores
1453 4367 1716 4420 equorum
1762 4352 1819 4406 in
1856 4350 2112 4406 taberna—

525 4437 668 4494 culis
717 4438 982 4493 solitariis
1020 4447 1264 4509 agentes,
1307 4455 1430 4493 cum
1487 4453 1723 4506 coquere
1765 4453 1962 4492 carnes
2013 4444 2108 4492 aut

528 4528 805 4582 frumenta
831 4528 1043 4592 volunt,
1073 4528 1279 4583 mundo
1310 4529 1486 4581 vitreo
1521 4543 1651 4582 vase
1685 4542 1828 4597 aqua
1861 4527 2107 4596 impleto,

527 4617 578 4674 si
610 4632 678 4673 ex
708 4619 959 4688 opposito
989 4619 1255 4675 solarium
1288 4620 1566 4673 radiorum
1615 4618 1669 4674 id
1709 4619 2006 4684 tenuerint,
2033 4626 2113 4674 te-

531 4710 862 4781 tigerintque
883 4725 1008 4764 cum
1040 4726 1173 4765 vase
1198 4711 1428 4780 aquario
1462 4710 1645 4765 limum
1683 4710 1922 4775 aridum,
1959 4726 1989 4766 ιι
2016 4728 2113 4769 su-

534 4815 703 4872 perno
732 4800 939 4855 lumine
968 4803 1148 4872 ignem
1181 4802 1519 4871 concipiunt.

972 4914 1492 4972 INTERROGATIO
1533 4918 1666 4974 LXI.

607 5006 886 5064 Tenebras
915 5010 1041 5078 quis
1084 5008 1250 5064 fecit?
1295 5008 1436 5064 Nunt
1481 5010 1660 5084 Deus?
1706 5029 1774 5067 an
1831 5014 1903 5069 ab
1956 5015 2114 5071 initio

543 5101 803 5157 fuerunt?
829 5100 939 5156 Aut
967 5116 1096 5156 num
1143 5102 1409 5159 diabolus
1439 5119 1534 5160 eas
1585 5104 1737 5168 fecit,
1779 5116 1837 5161 ut
1858 5106 2118 5162 adversa-

540 5187 662 5244 rius
719 5190 895 5246 lucis?
938 5191 1292 5249 Arbitrantur
1341 5195 1490 5249 enim
1542 5196 1809 5266 plerique,
1853 5196 2000 5266 quod
2050 5197 2119 5252 ab

543 5280 700 5336 initio
722 5280 925 5337 fuerint
959 5294 1088 5340 ante
1129 5274 1417 5343 mundum.
1454 5287 1734 5357 Nusquam
1765 5288 1912 5344 enim
1941 5287 2121 5346 Moses

543 5371 699 5441 dicit,
733 5375 880 5446 quod
907 5377 1111 5449 aliquis
1142 5364 1398 5436 tenebras
1435 5379 1648 5446 fecerit,
1684 5380 1782 5435 sed
1815 5380 1963 5450 quod
1999 5379 2124 5437 fuc-

545 5465 677 5522 rint.

1586 324 1644 379 S.
1683 321 2353 386 CAiSABll,CRECORll
2397 322 2697 378 FBA'I'RIS

2205 3900 2398 3972 τρίχας
2427 3896 2735 3969 ἡλιωμένας
2765 3911 2780 3960 ;

3662 318 3765 374 928

2754 438 3003 494 ΠΕΥΣΙΣ
3045 436 3176 494 NII'.

2246 528 2442 594 Καλῶς
2487 529 2587 600 μὲν
2633 527 2748 598 ἔχει
2786 526 2855 580 τὰ
2906 526 3208 597 εἰρημένα,
3254 526 3393 579 ἀλλὰ
3453 530 3596 599 ἡμῖν
3645 532 3771 603 περὶ

2176 622 2463 693 ἀστραπῆς
2489 622 2524 692 ή
2575 621 2822 691 ζήτησις.
2877 616 3039 671 Ἀλλὰ
3083 618 3212 688 περὶ
3255 619 3538 701 γενέσεως
3579 622 3763 693 πυρὸς,

2178 715 2284 768 πού
2321 709 2474 767 εἶπεν
2506 716 2534 767 ὁ
2561 712 2716 776 Θεὸς,
2746 710 3037 781 Γενηθήτω
3064 709 3206 781 πῦρ;

2807 803 3156 871 Ἀπόκρισις.

2252 895 2459 965 Μωσῆς
2507 895 2730 966 γράφειο
2779 893 2888 948 Kal
2922 887 3091 945 εἶπεν
3140 893 3173 945 ό
3224 892 3387 957 Geor,"
3448 892 3777 959 Γενηθήτω

2178 985 2326 1056 φῶς,
2358 987 2458 1040 καὶ
2496 987 2733 1055 ἐγένετο
2755 984 2904 1055 φῶς,
2932 986 2965 1054 ἡ
2994 983 3088 1037 τοῦ
3118 981 3287 1052 πυρὸς
3313 980 3572 1051 δηλονότι
3592 982 3771 1052 φύσις.

2182 1081 2256 1132 ne
2290 1078 2399 1147 γάρ
2425 1079 2585 1149 μόνον
2608 1076 2670 1131 τὸ
2692 1078 2819 1147 παρ’
2847 1078 2979 1148 ἡμῖν
3002 1074 3114 1147 πῦρ
3142 1074 3399 1147 ὑπάρχει,
3433 1073 3580 1130 ἀλλὰ
3604 1077 3767 1130 καὶαι

2181 1170 2295 1224 ἄνω
2325 1169 2583 1239 δυνάμεις
2613 1168 2722 1241 πῦρ
2753 1165 2893 1222 εἷναί
2928 1184 3022 1241 μοι
3056 1165 3293 1233 δοκοῦσι,
3317 1170 3615 1237 συγγενεῖς
3638 1168 3765 1240 (19⁸)

2185 1257 2279 1311 τοῦ
2315 1259 2443 1328 παρ’
2477 1258 2628 1328 ἡμῖν.
2696 1240 2699 1241 ν
2972 1240 2991 1263 ’

2762 1349 3013 1402 ΠΕΥΣΙΣ
3049 1348 3176 1403 NG’.

2254 1440 2363 1493 Καὶ
2398 1439 2512 1503 πῶς
2542 1439 2603 1492 τὸ
2633 1439 2745 1493 ἅνω
2783 1438 2877 1492 τοῦ
2907 1441 3036 1510 παρ’
3064 1439 3195 1509 ἡμῖν
3221 1441 3338 1493 ἐστι
3366 1440 3660 1509 συγγενὲς,
3680 1438 3769 1493 τοῦ

2188 1530 2285 1601 μὲν
2316 1529 2583 1584 ἀσϐέστου
2610 1529 2784 1595 ὄντος,
2809 1528 2903 1582 τοῦ
2938 1528 2994 1583 δὲ
3023 1528 3386 1600 σϐεννυμένου
3414 1546 3430 1594 ;

2772 1764 2777 1769 .
2797 1711 3163 1781 Ἀπόκρισις.

2259 1803 2663 1877 Παραπλησίως
2692 1802 2938 1871 ἀγγέλων
2979 1802 3074 1856 καὶ
3104 1801 3213 1854 τῶν
3256 1803 3553 1875 ἡμετέρων
3591 1800 3765 1872 ψυχῶν

2183 1898 2244 1952 τὸ
2291 1898 2475 1968 ὅμοιον
2528 1895 2676 1966 ἔχειν
2727 1895 2891 1966 φημί.
2955 1895 3264 1966 Ἀμφότερα
3315 1894 3430 1965 γὰρ
3488 1894 3769 1965 πνεύματα

2186 1989 2442 2059 ὑπάρχει,
2478 1986 2630 2059 παρὰ
2657 1985 2792 2040 Θεοὺ
2825 1988 2924 2058 τὴν
2954 1986 3169 2055 γένεσιν
3207 1985 3424 2056 ἔχοντα,
3475 1986 3548 2039 τὰ
3578 1986 3677 2056 μὲν
3712 1985 3767 2036 ἐν

2185 2082 2298 2144 τοῖς
2332 2078 2579 2150 σώμασιν
2622 2077 2781 2149 ἡμῶν
2815 2076 3113 2147 λαμπάδων
3158 2076 3315 2149 δίκην
3362 2075 3655 2146 φαίνοντα,
3684 2076 3773 2127 καὶ

2186 2173 2350 2227 οἱονεὶ
2388 2169 2722 2241 σϐεννύμενα
2748 2170 2816 2240 τῇ
2846 2167 3115 2233 διαζεύξει
3134 2207 3150 2232 ,
3172 2168 3272 2237 τῆς
3302 2166 3595 2237 ἐνεργείας
3621 2164 3768 2219 παυό-

2191 2280 2346 2333 μενα.
2377 2261 2499 2325 Φῶς
2544 2260 2651 2334 γὰρ
2696 2261 2792 2314 καὶ
2839 2259 3024 2331 βροτοὶ⁵
3060 2260 3213 2332 παρὰ
3241 2261 3351 2322 τοῖς
3380 2257 3559 2312 πάλαι
3601 2256 3768 2324 σοφοῖς

2189 2352 2685 2424 προσαγορεύονται
2707 2390 2723 2415 ,
2756 2351 2831 2414 ὡς
2866 2350 3062 2422 μικρὸν
3093 2348 3318 2420 ὕστερον
3351 2346 3649 2411 ἀποδείξω,
3682 2343 3767 2396 τοῦ

2187 2444 2345 2513 λόγου
2389 2442 2671 2513 προϊόντος
2708 2440 2802 2493 ἐπὶ
2829 2441 2929 2511 τὴν
2961 2439 3240 2510 ἡμετέραν
3272 2437 3517 2507 γένεσιν.
3564 2434 3701 2496 Τοὺς
3728 2430 3771 2482 δ’

2189 2537 2452 2606 ἀγγέλους
2482 2537 2626 2606 φημὶ
2669 2534 2955 2605 πνεύματα
2987 2532 3226 2585 ἄσϐεστα
3251 2571 3267 2597 ,
3318 2530 3394 2601 μὴ
3430 2529 3627 2600 ἔχοντα
3670 2542 3763 2577 σωο

2192 2627 2426 2698 ματικὴν
2457 2625 2752 2693 συνάφειαν
2785 2624 2879 2677 καὶ
2903 2623 3204 2676 διάστασιν.
3235 2621 3347 2691 Τὴν
3374 2619 3435 2673 δὲ
3462 2616 3653 2689 ψυχῶν
3683 2615 3765 2667 καὶ

2190 2717 2437 2787 ἀγγέλων
2474 2715 2789 2786 ὁμοιότητα,
2817 2714 2910 2767 καὶ
2938 2713 2990 2766 οἱ
3031 2714 3175 2783 τρεῖς
3224 2712 3371 2780 ἅγιοι
3422 2709 3769 2780 παρέστησαν

2191 2809 2398 2871 παῖδες,
2431 2806 2749 2876 Εὑλογεῐτε
2771 2845 2787 2871 ,
2819 2805 3116 2874 φάσκοντες
3137 2843 3152 2865 ,
3181 2803 3496 2870 πνεύματα
3532 2798 3628 2852 καὶ
3659 2799 3767 2864 ψυ-

2192 2900 2290 2969 χαὶ
2324 2897 2592 2961 δικαίων,
2616 2897 2721 2950 τὸν
2750 2897 2984 2964 Κύριον.
3014 2894 3125 2947 Καὶ
3159 2892 3316 2946 πάλιν
3344 2892 3403 2943 ἐν
3440 2885 3720 2961 μελῳδίαις
3739 2883 3766 2935 ὁ

2193 2989 2356 3042 Δαϐίδ
2384 3004 2572 3057 φησιν·
2614 2988 2674 3040 Ὀ
2698 2985 2884 3040 ποιῶν
2904 2984 3042 3051 τοῖος
3075 2982 3369 3053 ἀγγέλους
3387 2979 3582 3035 αὑτοῦ
3606 2973 3769 3029 πνεύ-

2191 3099 2369 3154 ματα.
2389 3082 2461 3134 Τὸ
2486 3082 2531 3134 δ’
2559 3082 2742 3151 ὅμοιον
2758 3076 2939 3132 αὑτῶν
2964 3076 3098 3146 πρὸς
3124 3074 3223 3138 τὰς
3245 3071 3401 3143 ἡμῶν
3428 3069 3609 3141 ψυχὰς
3634 3081 3764 3154 παρ-

2202 3173 2386 3237 ιστῶν,
2431 3172 2591 3242 φησί’
2651 3168 2809 3238 Ταχὺ
2858 3166 3229 3222 εὶσάκουσόν
3270 3180 3413 3234 μου,
3448 3162 3656 3229 Κύριε,
3684 3153 3769 3220 ἐξ·

2197 3265 2373 3319 ἐλιπε
2404 3261 2469 3318 τὸ
2500 3260 2739 3331 πνεῦμὰ
2758 3276 2900 3329 μου.
2996 3270 3003 3275 '

2836 3529 3080 3583 ΠΕΥΣΙΣ
3112 3528 3186 3581 Ξ’.

2272 3626 2383 3683 Καὶ
2405 3625 2521 3689 πῶς
2540 3624 2600 3678 τὸ
2621 3623 2749 3697 παρ’
2775 3625 2905 3694 ἡμῖν
2939 3619 3069 3690 πῦρ,
3096 3612 3655 3688 καυστικὸν’ὑπάρχει
3672 3607 3765 3697 τῶν

2203 3718 2395 3783 ξύλων,
2425 3715 2518 3770 και
2546 3695 2725 3786 πάσης
2750 3713 2882 3784 ὕλης
2904 3728 2917 3741 -
2943 3712 3003 3764 τδ
3030 3711 3076 3764 δ’
3104 3710 3214 3764 ἄνω
3234 3709 3295 3762 ού
3325 3707 3516 3800 φλέγει
3541 3704 3608 3800 τὰ
3636 3695 3768 3800 ,ξηρὰ

2202 3810 2311 3864 τῶν
2341 3807 2591 3880 δένδρων,
2627 3805 2660 3876 ἢ
2694 3805 2764 3858 τά
2811 3804 2933 3895 ξρια
2964 3802 3071 3857 τῶν
3112 3800 3421 3872 προϐάτων,
3445 3797 3480 3869 ἦ
3507 3796 3601 3860 τὰς
3626 3795 3767 3864 ἡμῶν

2828 3984 3183 4051 Ἀπόκρισις.

2287 4081 2348 4134 '0
2380 4078 2528 4151 ἥλιος
2559 4078 2660 4149 μὲν
2693 4075 3038 4144 παιδαγωγὸς
3068 4074 3313 4145 γένηται,
3342 4072 3608 4128 διδάσκων
3640 4063 3769 4139 ἡμᾶς

2208 4172 2303 4227 τού
2358 4170 2561 4225 οἰκείου
2606 4168 2776 4240 πυρὸς
2819 4168 2914 4221 καὶ
2955 4165 3048 4220 τοῦ
3095 4165 3227 4235 παρ’
3276 4166 3411 4236 ἡμῖν
3447 4163 3548 4236 τὴν
3593 4153 3770 4226 συγγέ-

2210 4281 2379 4319 νειαν.
2399 4262 2663 4327 Πολλάκις
2694 4260 2800 4334 γάρ
2829 4277 2975 4323 τινες
3000 4257 3106 4312 τῶν
3131 4257 3368 4311 αἰπόλων
3397 4258 3430 4329 ἢ
3455 4253 3715 4327 βουκόλων
3739 4242 3768 4312 ἢ

2214 4356 2590 4428 ἱπποφορϐῶν,
2626 4357 2685 4408 ὲν
2733 4358 2958 4426 σκηναῖς
2988 4352 3075 4406 ἐπ’
3114 4353 3336 4423 ἐρήμων
3365 4350 3660 4420 διάγοντες,
3686 4337 3771 4394 πέ-

2215 4448 2316 4517 ψαι
2343 4446 2483 4517 κρέα
2518 4445 2552 4516 ἦ
2594 4448 2718 4501 σῖτα
2748 4445 3082 4517 βουλόμενοι,
3105 4442 3269 4496 ὑάλου
3323 4441 3569 4513 καθαρᾶς
3600 4431 3771 4490 σκεῦος

2215 4537 2606 4611 πληρώσαντες
2669 4537 2881 4601 ὓδατος,
2926 4537 3020 4590 καὶ
3081 4534 3308 4604 ἀντικρὺ
3383 4532 3493 4586 τῶν
3559 4521 3771 4599 ἡλιακῶν

2216 4629 2450 4684 ἀκτίνων
2480 4630 2851 4702 κρατήσαντες
2869 4666 2885 4692 ,
2921 4628 2970 4680 εἰ
2996 4626 3259 4694 ψαύσειαν
3274 4627 3340 4695 τῇ
3367 4622 3592 4695 ὑδροχὸῃ
3624 4612 3772 4702 δνίδφς

2219 4721 2419 4793 ξηρᾶς.
2452 4699 2534 4775 ἐκ-
2557 4699 2654 4792 τῆξ
2698 4718 2903 4775 ἄνωθεν
2941 4718 3291 4791 φρυκτωρίας
3324 4716 3387 4769 τὸ
3427 4714 3539 4786 πῦρ
3567 4699 3772 4781 ἐφυτεῦ-

2224 4831 2404 4869 σαντο.

2806 4920 3060 4975 ΠΕΥΣΙΣ
3098 4919 3221 4972 ΞΜ.

2295 5015 2371 5071 Te
2397 5016 2583 5078 σκότος
2626 5013 2710 5077 τίς
2754 5010 3007 5083 ὲποίησες
3038 5011 3071 5081 ῆ
3110 5009 3396 5081 άρχίγονον
3426 5006 3538 5078 (20)
3568 4995 3707 5075 ἦν,ἢ
3745 4989 3772 5041 ἀ

2223 5109 2469 5172 διάϐολος
2505 5107 2639 5160 αὐτὸ
2665 5105 2941 5175 ἐποίησεν,
2980 5103 3056 5166 ὼς
3084 5100 3413 5164 ἁπεναντίας
3450 5095 3544 5151 τοῦ
3585 5084 3770 5162 φωτόςὶ

2225 5202 2540 5274 Νομίζοᾳεν
2563 5199 2640 5262 δὲ,
2661 5200 2744 5252 ὃτι
2769 5194 2838 5269 ἦν
2867 5197 3094 5266 ἀρχαῖον
3117 5194 3225 5265 πρὸ
3246 5189 3342 5246 τοῦ
3377 5191 3602 5283 κόσμου.

2233 5264 2335 5366 μού
2485 5293 2633 5362 λέγει
2651 5264 2969 5360 Μωσῆς,ὅτι
2999 5264 3224 5357 ἐποίησέ
3254 5301 3338 5348 τις
3357 5282 3418 5339 τὸ
3458 5264 3762 5340 exores,“

2227 5387 2310 5440 ὃτι
2340 5379 2428 5455 ἦν.

615 5645 639 5677 ⁸
675 5645 810 5701 Gen.
855 5659 893 5711 ι,
928 5646 995 5701 ⁸5..
1060 5646 1082 5678 ⁹
1122 5645 1377 5713 Dan.’m,
1409 5645 1499 5703 86.
1578 5648 1621 5679 '°
1659 5646 1805 5703 Psal.
1836 5662 1956 5713 CIII,
1993 5646 2049 5702 4.

2212 5644 2363 5702 Psal.
2397 5656 2566 5708 cuit,
2602 5641 2655 5692 7.

617 5759 752 5833 (19⁵)
782 5761 1116 5834 Συγγενεῖς.
1151 5761 1312 5819 Forte
1343 5762 1620 5834 συγγενές.
1650 5760 1805 5816 Enn.

2291 5757 2404 5832 βο)
2456 5755 2815 5827 Ἀμκίγονοικ
2839 5750 3002 5809 Forte
3035 5749 3350 5822 ἀρχέγονον.
3382 5747 3461 5804 [tu
