4000 6404
320 449 426 508 929

946 562 1298 633 Ἀπόκρισις.

391 655 531 711 Οὔτε
571 657 602 709 ὁ
640 656 772 719 Θεὸς
818 655 947 708 αὐτὸ
972 656 1248 726 ἐποίησεν,
1282 652 1407 707 οὔτε
1436 653 1464 706 ὁ
1497 650 1759 715 διάϐολος,
1787 650 1911 705 οὔτε

322 745 650 818 προϋπῆρχε
696 742 793 796 τοῦ
839 744 1119 814 ὁρωμένου
1169 741 1378 811 κόσμου
1413 753 1429 769 ⁶
1475 741 1648 794 πᾶσαι
1698 737 1808 810 γάρ
1852 737 1912 790 ἐν

322 835 464 905 φωτὶ
510 834 699 905 διῆγον
728 834 797 902 {al
832 834 1064 905 ἄσαρκοι
1114 833 1223 886 τῶν
1256 831 1503 900 ἀγγέλων
1540 832 1745 901 χορεῖαι
1772 869 1786 894 ,
1818 829 1912 882 καὶ

321 924 431 996 πρὸ
462 923 555 977 τοῦ
586 921 837 992 γενέσθαι
867 922 959 976 τὸν
984 923 1218 994 κόσμονο
1241 923 1356 976 ἀλλ’
1401 922 1798 992 ύπερταθέντος
1814 923 1909 977 τοῦ

319 1017 574 1090 οὐρανίου
631 1015 884 1087 σώματος
907 1058 923 1081 ,
969 1015 1160 1088 ὥσπερ
1191 1018 1254 1071 ὲκ
1300 1017 1627 1089 φράγματος
1658 1036 1805 1083 τινος
1831 1018 1911 1090 τῷ

321 1109 733 1179 ἀποσκιάσματι
762 1107 1086 1179 παρυπέστη
1113 1109 1173 1161 τὺ
1197 1109 1407 1173 σκότος,
1426 1110 1568 1164 κατά
1595 1110 1693 1183 τὴν
1726 1111 1911 1169 είκόνα

264 1224 273 1231 π
321 1201 417 1256 τοῦ
448 1203 506 1254 ὲν
536 1200 783 1273 σταθηρᾷ
807 1200 1148 1271 μεσημϐρίᾳ,
1180 1200 1383 1273 σκηνὴν
1413 1203 1475 1255 ὲκ
1526 1202 1738 1273 πυκνῆς
1763 1220 1909 1269 τινος

321 1293 420 1348 καὶ
465 1292 732 1361 πεγανῆς
777 1291 909 1361 ῦλης
948 1291 1127 1361 ἑαυτῷ
1168 1292 1634 1364 περιηξάμενος.
1676 1294 1909 1363 Ὁμοίως

322 1385 418 1438 καὶ
449 1386 517 1437 ὲκ
563 1383 673 1436 τῶν
719 1381 1150 1453 ναυτιλλομένων
1194 1383 1591 1455 παιδευόμεθα,
1624 1384 1767 1437 κατά
1810 1386 1910 1454 τῆς

322 1474 628 1545 ἐπομϐρίας
682 1473 976 1545 ύπερτάσει
1024 1474 1260 1545 δὲῤῥεων
1317 1474 1751 1529 ὲπισκοτούντων
1809 1474 1908 1546 τὴν

317 1564 543 1618 ὁλκάδα.
573 1565 643 1616 Ἢ
675 1565 722 1616 εί
748 1563 823 1634 μὴ
853 1564 1034 1628 τοῦτο,
1050 1564 1205 1617 δοκεῖ
1228 1581 1335 1634 μοι,
1360 1569 1425 1622 ἐκ
1443 1565 1542 1636 τῆς
1570 1564 1905 1636 ὁμιχλώδους

323 1655 740 1726 ἀναθυμιάσεως
771 1656 871 1725 τῆς
909 1654 1150 1709 ἀϐύσσου
1180 1656 1558 1728 παχυνομένης
1584 1657 1684 1728 τῆς
1709 1656 1908 1727 ἀχλύος

323 1748 419 1801 καὶ
456 1746 567 1800 τῶν
597 1747 808 1817 ἀτμῶν,
830 1747 890 1799 τὸ
920 1747 1108 1809 σκότος
1142 1746 1491 1800 συνίστασθαι
1521 1749 1755 1817 πέφυκε.
1795 1748 1907 1803 Kal

320 1836 492 1894 εἶπεν
529 1841 564 1893 ό
594 1841 739 1906 Θεός
762 1857 775 1869 ³
801 1839 1121 1907 Γενηθήτω
1158 1837 1303 1908 φῶς.
1343 1838 1539 1913 Πρώτη
1568 1839 1712 1894 θεοῦ
1753 1841 1904 1913 φωνὴ

322 1931 442 2002 φῶς
471 1931 925 2004 ἐδημιούργησεν,
955 1932 1090 2003 ὅπερ
1111 1933 1205 1985 καὶ
1232 1927 1445 2002 ἡμέραν
1458 1932 1735 2000 ἐκάλεσεν,
1756 1932 1907 2006 ἡδείᾳ

322 2023 429 2077 τινὶ
454 2022 795 2093 προσηγορίᾳ
811 2022 1051 2093 τιμήσας
1070 2021 1131 2075 τὸ
1182 2023 1356 2093 πρᾶον
1384 2023 1478 2076 καὶ
1497 2025 1722 2096 ἥμερον.
1744 2025 1902 2079 Ἔστι

323 2114 426 2186 μὲν
443 2114 551 2185 γάρ
574 2113 665 2166 καὶ
690 2113 855 2184 ἔτερα
896 2113 1181 2185 ἱστορῆσαι
1219 2112 1374 2182 φῶτα
1402 2117 1533 2186 παρ’
1553 2115 1719 2169 αὐτοῦ
1751 2116 1904 2184 γενό⁴

320 2208 486 2279 μένα*
524 2201 653 2273 οἷον,
671 2205 735 2260 τὸ
747 2206 858 2280 πῦρ
872 2206 949 2271 ὡς
972 2205 1049 2275 τῷ
1068 2206 1258 2258 Μωσεῖ
1284 2205 1709 2276 φανταζόμενον,
1742 2206 1903 2278 ἡνίκα

315 2300 417 2371 τὴν
454 2296 615 2369 βάτον
659 2296 863 2359 ἔκαιεν,
897 2296 958 2349 οὺ
989 2294 1246 2348 κατέκαιε
1276 2294 1352 2359 δὲ,
1380 2296 1467 2348 ἵνα
1504 2295 1594 2349 καὶ
1620 2295 1718 2367 τὴν
1740 2296 1902 2365 φύσιν

315 2389 641 2462 παραδείξῃ,
663 2388 757 2441 καὶ
780 2386 1020 2457 γνωρίσῃ
1051 2387 1149 2457 τὴν
1179 2385 1405 2455 δύναμιν
1426 2402 1438 2416 ο
1463 2385 1579 2456 φῶς
1598 2388 1659 2440 τὸ
1681 2388 1740 2440 ὲν
1773 2387 1902 2440 στύ-

315 2481 397 2552 λῳ
434 2480 605 2552 πυρὸς
635 2478 729 2534 τοῦ
763 2477 981 2551 Ἰσραὴλ
1015 2478 1448 2550 προηγούμενον,
1476 2479 1571 2533 καὶ
1606 2480 1902 2550 ήμερῶσαν

316 2570 417 2642 τὴν
450 2570 655 2642 ἔρημον
679 2585 693 2600 ·
725 2568 840 2638 φῶς
881 2567 942 2621 τὸ
981 2568 1108 2630 τοὺς
1147 2567 1410 2637 ποιμένας
1442 2566 1857 2639 περιαστράψαν
1883 2583 1898 2597 ·

314 2660 436 2730 φῶς
484 2660 575 2714 τὸν
614 2657 798 2713 Ἠλίαν
827 2657 1078 2729 ἁρπάσαν
1121 2658 1179 2711 ὲν
1223 2656 1301 2727 τῷ
1340 2657 1510 2729 πυρὸς
1552 2657 1781 2729 ἅρματι,
1807 2659 1903 2711 καὶ

316 2752 394 2823 μὴ
429 2748 741 2822 συμφλέξαν
763 2749 855 2803 τὸν
883 2749 1261 2821 ἁρπαζόμενον
1290 2762 1308 2781 ·
1339 2748 1455 2818 φῶς
1478 2749 1539 2803 τὸ
1560 2749 1688 2813 τοὺς
1710 2748 1903 2819 ποιμέ-

313 2860 412 2907 νας
442 2841 883 2913 περιαστράψαν,
905 2841 1068 2912 ἡνίκα
1087 2839 1151 2893 τὸ
1172 2840 1401 2913 ἄχρονον
1422 2840 1538 2910 φῶς
1570 2840 1646 2912 τῷ
1665 2839 1902 2912 χρονικῷ

312 2932 664 3002 ὲπεφοίτησε,
698 2929 934 3000 Χριστός
952 2946 965 2961 ’
1000 2927 1118 2998 φῶς
1145 2929 1205 2982 τὸ
1227 2928 1321 2983 τοῦ
1351 2928 1653 3000 δραμόντος
1673 2930 1902 3002 ἀστέρος

312 3025 372 3077 ὲν
401 3022 671 3094 Βηθλεὲμ,
693 3023 780 3076 ἴνα
800 3022 896 3075 καὶ
932 3021 1157 3089 Μάγους
1191 3020 1455 3093 ὁδηγήσῃ,
1478 3023 1573 3075 καὶ
1599 3022 1903 3094 δορυφορή-

316 3131 387 3187 σῃ
424 3114 486 3166 τδ
511 3113 651 3185 ὑπὲρ
682 3114 829 3186 ἡμᾶς
857 3111 981 3196 ¹φῶς
1013 3111 1133 3183 μεθ’
1158 3110 1319 3182 ήμῶν
1351 3113 1674 3183 γενόμενον’
1716 3112 1834 3182 φῶς
1861 3116 1896 3185 ἡ

314 3202 734 3277 παραδειχθεῐσα
779 3203 970 3275 θεότης
997 3202 1089 3256 ἐπὶ
1120 3201 1216 3255 τοῦ
1262 3203 1422 3274 ὄρους
1459 3206 1571 3267 τοῖς
1607 3203 1895 3274 μαθηταῖς,

318 3295 515 3368 μικροῦ
556 3295 888 3368 στερροτέρα
926 3294 1021 3348 καὶ
1048 3293 1256 3364 ὅψεως*
1293 3293 1410 3363 φῶς
1440 3296 1473 3365 ἡ
1499 3294 1710 3348 Παῦλον
1740 3312 1897 3367 περιο

312 3388 641 3459 αστράψασα
673 3386 966 3457 φαντασία,
991 3385 1087 3440 καὶ
1114 3385 1293 3457 πληγῇ
1320 3385 1419 3456 τῆς
1451 3385 1627 3456 ὄψεως
1649 3386 1741 3440 τὸν
1772 3387 1899 3440 σκό-

310 3496 402 3533 τον
428 3480 528 3551 τῆς
573 3479 754 3551 ψυχῆς
795 3478 1210 3551 θεραπεύουσαο
1243 3477 1360 3549 φῶς
1385 3479 1481 3532 καὶ
1520 3477 1729 3532 ἐκεῖθεν
1762 3477 1899 3550 λαμ-

312 3571 522 3643 πρότης
561 3573 675 3635 τοῖς
717 3570 951 3625 ἐνταῦθα
994 3569 1453 3641 κεκαθαρμένοις,
1486 3568 1649 3640 ἡνίκα
1691 3570 1938 3642 ὲκλάμ-·

309 3663 505 3730 ψουσιν
548 3661 597 3715 οἱ
626 3660 844 3726 δίκαιοι,
885 3661 960 3725 ὡς
998 3663 1026 3715 ὁ
1054 3662 1227 3732 ἣλιος,
1257 3655 1332 3715 ὧν
1359 3660 1575 3715 ἵσταται
1598 3661 1627 3713 ὁ
1652 3661 1806 3726 Θεὸς,
1838 3664 1897 3716 ἐν

317 3754 467 3825 μέσῳ
507 3752 644 3807 θεῶν
692 3756 788 3808 καὶ
830 3753 1094 3825 βασιλέων
1136 3751 1485 3816 διαστέλλων,
1525 3753 1620 3805 καὶ
1672 3753 1897 3824 διαιρῶν

312 3845 449 3917 πρὸς
478 3844 635 3913 ἀξίαν
664 3847 881 3916 ἑκάστῳ
900 3844 1009 3897 τῶν
1044 3843 1398 3915 βεϐιωμένων
1426 3842 1495 3897 τά
1543 3842 1752 3897 ἔπαθλα
1797 3845 1898 3916 τῆς

310 3935 518 3989 ἐκεῖθεν
576 3935 979 4007 μακαριότητος
1014 3948 1031 3964 ·
1078 3933 1193 4003 φῶς
1241 3932 1336 3986 καὶ
1386 3934 1420 4004 ὴ
1459 3930 1537 4002 τῷ
1589 3934 1897 4005 προπάτορι

306 4027 467 4098 ἡμῶν
487 4026 703 4081 δοθεῖσα
724 4029 782 4081 ὲν
805 4022 1119 4095 παραδείσῳ
1138 4024 1328 4097 ἐντολή
1348 4039 1361 4053 ·
1380 4024 1618 4094 Λύχνος
1637 4018 1747 4093 γάρ
1773 4025 1896 4091 τοῖς

310 4118 457 4170 ποσί
477 4134 596 4185 μου
609 4120 643 4170 ὁ
660 4115 843 4184 νόμος
858 4130 975 4168 σου
991 4113 1089 4167 καὶ
1100 4113 1227 4183 φῶς
1242 4114 1373 4181 ταῖς
1397 4116 1620 4184 τρίϐοις
1634 4113 1743 4177 (21)
1752 4133 1894 4185 μου,

311 4206 477 4277 φησὶν
491 4208 520 4259 ὁ
538 4205 723 4268 Δαϐὶδ,
744 4207 772 4257 ὁ
789 4203 896 4257 τῶν
915 4204 1076 4259 θείων
1104 4205 1359 4277 μελῳδὸς.
1379 4205 1656 4269 Φῶςέστιν
1679 4206 1772 4260 καὶ
1790 4207 1897 4278 ἡὲν

307 4298 442 4368 ἡμῖν
462 4294 556 4348 τοῦ
575 4296 733 4364 λόγου
756 4295 1008 4367 δύναμις,
1045 4297 1448 4352 κατευθύνουσα
1465 4298 1623 4370 ἡμῶν
1646 4298 1716 4353 τὰ
1753 4299 1896 4354 κατά

305 4387 461 4463 Θεὸν-
477 4386 636 4459 διαϐή
646 4405 792 4459 ματα
813 4404 828 4419 ο
845 4387 960 4458 φῶς
981 4388 1072 4443 καὶ
1094 4388 1156 4442 τὸ
1185 4388 1325 4461 ὑπὲρ
1362 4388 1497 4443 Θεοῦ
1540 4390 1895 4463 μαρτυρῆσαν

312 4478 405 4532 καὶ
420 4457 482 4532 τί)
509 4457 836 4550 πρδςίαύτὸν
860 4457 1071 4551 πυρσῷ
1104 4479 1206 4550 τῆς
1239 4457 1494 4552 θεότητος
1516 4457 1894 4555 πατῆσαντὴν

308 4571 483 4641 φλόγα
513 4572 612 4643 τῆς
634 4570 863 4643 πλάνης,
891 4570 968 4636 ὡς
986 4573 1037 4625 οἱ
1064 4573 1195 4643 περὶ
1226 4572 1473 4628 Ἀνανίαν
1500 4574 1557 4626 ἐν
1589 4574 1891 4641 Βαϐυλῶνι,

309 4662 367 4713 ὲν
389 4662 530 4732 μέσῃ
557 4663 787 4732 καμίνου
815 4661 976 4733 φλογί
1039 4661 1380 4733 χορεύοντες,
1425 4662 1561 4734 μηδὲ
1590 4662 1700 4717 τῶν
1722 4681 1893 4737 σαρα-

307 4749 491 4822 ϐάρων
516 4753 702 4816 αὐτοῖς
728 4753 1101 4823 φθειρομένων
1121 4769 1139 4787 ο
1164 4753 1283 4823 φῶς
1310 4754 1463 4826 παρὰ
1481 4752 1657 4809 ταῦτα
1678 4754 1890 4827 ἰδιοτρό-

305 4857 425 4905 πως
451 4842 482 4894 ὁ
506 4841 601 4894 τοῦ
622 4840 997 4911 βαπτίσματος
1031 4843 1310 4914 φωτισμός
1330 4859 1344 4874 ο
1376 4843 1494 4913 φῶς
1517 4843 1657 4916 ὑπὲρ
1689 4844 1892 4913 πάντα,

305 4933 339 5002 ἡ
361 4934 419 4986 ὲν
453 4933 521 5004 τῇ
544 4931 665 5003 θείᾳ
708 4931 901 5003 Τριάδι
937 4932 1185 5003 ίσοκλεὴς
1212 4934 1309 4988 καὶ
1344 4932 1648 5005 ἀμώμητος
1685 4936 1890 5002 πίστις.

303 5024 417 5078 Καὶ
445 5019 598 5077 εἶπεν
619 5026 647 5078 ὁ
665 5023 798 5087 Θεός
815 5020 1158 5090 ferumine
1182 5022 1329 5090 φῶς.
1352 5023 1454 5078 καὶ
1490 5024 1726 5095 ἐγένετο
1740 5026 1887 5097 φῶς.

305 5115 415 5169 Kal
437 5115 734 5170 ἐκάλεσεν
764 5118 796 5169 ό
824 5114 970 5181 Θεὸς
997 5112 1065 5167 τὸ
1084 5112 1212 5183 φῶς
1241 5113 1491 5183 ἡμέραν,
1525 5115 1626 5170 καὶ
1647 5116 1714 5171 τὸ
1737 5119 1887 5172 σκό-

303 5222 407 5272 τος
440 5206 698 5261 ἐκάλεσε
723 5208 934 5262 νύκτα.
1268 5198 1277 5201 ’

894 5388 984 5442 ΠΕ
994 5387 1144 5441 ΥΣΙΣ
1177 5386 1298 5439 ΞΠ.

375 5471 442 5528 Τί
463 5470 584 5543 οῦν;
605 5476 734 5531 ἀλλο
752 5477 870 5531 ἐστὶ
889 5477 1026 5547 φῶς,
1048 5478 1143 5533 καὶ
1164 5477 1293 5532 ἀλλο
1317 5476 1500 5549 ἡμέρα
1522 5478 1590 5548 ;ἢ
1616 5477 1746 5533 ἄλλο
1764 5477 1882 5547 νὺξ,

301 5567 398 5622 καὶ
418 5567 548 5623 ἄλλο
581 5569 801 5634 σκότος;

376 5695 418 5727 ³⁸
452 5693 588 5763 Gen.
620 5711 659 5757 ι,
689 5694 742 5749 ’5.

1742 446 2091 506 DIALOGUS
2123 449 2164 507 Ι.

824 5693 867 5724 ¹³
899 5691 1047 5750 Psal.
1082 5707 1250 5749 cxvm
1311 5693 1436 5755 105,
1516 5693 1560 5726 ¹⁸
1597 5692 1714 5751 Gen
1769 5711 1807 5761 ι,
1843 5695 1931 5761 5,¹

3495 455 3605 513 930

2647 562 2956 633 Responsio.

2088 646 2277 719 Neque
2311 649 2454 706 Deus
2504 653 2653 723 ipsas
2701 654 2850 719 fecit,
2895 669 3074 725 neque
3118 656 3391 722 diabolus,
3421 673 3602 729 neque

2018 740 2174 810 prius
2210 742 2451 809 luerunt,
2484 760 2648 815 quam
2678 747 3031 816 aspectabilis
3074 748 3161 803 hic
3189 750 3447 806 mundus.
3476 749 3602 806 0m-

2017 846 2118 886 nes
2144 833 2291 888 enim
2318 837 2636 906 angelorum
2675 838 2828 893 chori
2863 840 3049 895 carnis
3092 849 3345 910 expertes
3372 842 3602 912 agebant

2018 921 2073 975 in
2126 922 2269 988 luce,
2317 926 2483 979 etiam
2534 937 2824 998 antequam
2864 930 3103 984 mundus
3153 933 3326 997 lieret,
3373 932 3469 995 sed
3504 948 3603 988 su-

2017 1028 2187 1082 perne
2207 1022 2438 1071 extenso
2467 1018 2679 1073 cmlesti
2718 1034 2967 1090 corpore,
2997 1021 3154 1090 quasi
3186 1022 3255 1075 ab
3281 1032 3438 1090 septo
3464 1037 3588 1093 quo-

2018 1104 2144 1158 dam
2177 1121 2275 1175 per
2301 1107 2775 1165 obumbrationem
2803 1112 3043 1167 tenebrae
3071 1112 3378 1176 subierunt,
3410 1128 3594 1185 quem-

2017 1195 2315 1250 admodum
2344 1199 2391 1252 si
2422 1200 2476 1253 in
2510 1200 2623 1253 alto
2653 1202 2881 1257 meridie
2924 1205 3303 1258 umbraculum
3331 1219 3397 1259 ex
3431 1205 3599 1260 densa

2016 1287 2200 1356 aliqua
2241 1289 2528 1360 solidaque
2581 1294 2808 1348 materie
2852 1295 3059 1349 circum
3104 1311 3165 1351 se
3215 1296 3413 1365 aliquis
3451 1296 3599 1365 ligat.

2016 1375 2163 1429 Idem
2206 1392 2271 1432 ex
2306 1381 2693 1450 navigantibus
2736 1381 3024 1447 discimus,
3064 1386 3156 1453 qui
3197 1386 3461 1441 adversus
3505 1386 3601 1440 in.-

2016 1467 2142 1522 bres
2192 1472 2528 1539 esitansione
2581 1473 2804 1543 pellium
2850 1476 3180 1531 obumbrant
3230 1492 3441 1532 navem.
3490 1479 3599 1532 Aut

2015 1561 2060 1615 si
2097 1562 2200 1616 hoc
2234 1579 2341 1616 non
2387 1573 2494 1631 est,
2523 1566 2742 1621 videtur
2787 1568 2920 1622 mihi
2963 1583 3027 1622 ex
3077 1571 3339 1625 nebulosa
3371 1571 3598 1624 exhala-

2015 1653 2161 1707 tione
2190 1654 2373 1725 abyssi
2408 1656 2638 1711 densata
2674 1658 2909 1729 caligine
2934 1669 2987 1713 ct
3021 1661 3316 1729 vaporibus
3342 1662 3599 1717 tenebras

2013 1754 2165 1801 ortas
2198 1763 2339 1802 esse.
2379 1748 2441 1802 Et
2483 1750 2622 1803 dixit
2661 1750 2802 1805 Deus
2835 1764 2854 1802 :
2886 1749 3015 1805 Fiat
3063 1753 3156 1805 lux
3186 1755 3249 1806 ¹².
3284 1752 3465 1807 l‘rima
3501 1752 3597 1807 Dei

2012 1852 2117 1891 vox
2155 1840 2327 1893 lucem
2363 1842 2693 1910 procreavit,
2730 1858 2893 1912 quam
2931 1853 2984 1898 et
3008 1844 3152 1898 diem
3188 1854 3369 1907 vocat,
3403 1860 3596 1901 serena

2013 1930 2248 1999 quadam
2291 1933 2656 2001 appellatione
2698 1949 2977 1989 exornans
3025 1934 3076 1989 id
3129 1935 3273 2004 quod
3326 1936 3594 2004 placidum

2012 2027 2067 2074 et
2101 2030 2446 2076 mansuetum
2478 2032 2581 2078 est.
2632 2022 2873 2079 Possunt
2913 2025 3131 2095 quidem
3177 2034 3228 2080 et
3263 2026 3367 2079 alia
3399 2041 3595 2079 mune-

2006 2109 2116 2162 rari
2152 2111 2358 2165 lumina
2388 2113 2458 2167 ab
2490 2114 2609 2183 ipso
2651 2112 2817 2175 facta,
2848 2124 3038 2185 utpote
3069 2116 3251 2169 lumen
3285 2116 3426 2187 ignis
3456 2116 3593 2172 Mosi

2006 2214 2299 2269 apparens,
2345 2208 2563 2273 quando
2606 2204 2804 2259 rubum
2845 2206 3060 2270 urebat,
3092 2222 3267 2277 nequc
3302 2208 3595 2262 combure-

2004 2292 2099 2346 bat
2131 2301 2334 2358 tamen,
2380 2303 2439 2349 ut
2483 2306 2535 2351 et
2575 2307 2826 2353 naturam
2868 2315 3023 2355 suam
3073 2300 3501 2365 demonstraret,
3537 2310 3593 2357 ct

2008 2378 2114 2432 vim
2158 2388 2343 2436 notam
2374 2382 2612 2453 faceret;
2652 2386 2838 2441 lumen
2883 2386 3029 2457 quod
3076 2389 3129 2443 in
3166 2389 3421 2443 columna
3452 2373 3594 2460 ignis

2004 2466 2342 2527 Israeliticos
2393 2474 2761 2543 praecedebat,
2811 2483 2865 2531 et
2899 2476 3371 2533 mansucl‘acicbat
3408 2477 3596 2533 deser-

2003 2566 2155 2625 tum;
2204 2560 2390 2617 lumen
2442 2566 2586 2633 quod
2648 2564 3019 2621 cireumfulsit
3069 2575 3352 2637 pastores;
3409 2568 3593 2622 lumen

2002 2652 2150 2721 quod
2188 2651 2365 2709 Eliam
2393 2657 2575 2725 rapuit
2605 2657 2660 2711 in
2690 2658 2852 2728 igneo
2894 2673 3085 2724 curru,
3126 2667 3454 2728 raptumque
3485 2674 3596 2714 non

2003 2743 2338 2812 combussit;
2405 2746 2588 2802 lumen
2666 2750 2812 2818 quod
2884 2757 3136 2819 pastores
3196 2749 3593 2817 circumlulsit,

2002 2835 2224 2904 quando
2252 2836 2432 2892 lumen
2461 2854 2658 2909 expers
2682 2841 2948 2909 temporis
2981 2840 3049 2894 ad
3084 2842 3387 2910 temporale
3422 2843 3591 2908 venit,

2002 2925 2289 2992 Christus;
2329 2927 2512 2982 lumen
2550 2933 2868 2999 apparentis
2905 2930 3076 2985 stellae
3120 2929 3175 2984 in
3213 2929 3594 2996 Belblebema,

2004 3023 2064 3069 ut
2096 3023 2150 3071 et
2174 3018 2368 3087 Magos
2401 3018 2456 3071 in
2491 3019 2688 3074 itinere
2732 3022 2980 3085 duceret,
3030 3030 3084 3075 ct
3127 3021 3356 3090 stipant
3388 3022 3596 3077 satelli-

2003 3107 2081 3160 tio
2114 3123 2218 3161 suo
2246 3109 2392 3177 quod
2439 3124 2607 3179 supra
2656 3125 2761 3165 nos
2791 3117 2877 3165 est
2913 3111 3118 3173 lumen,
3157 3112 3301 3180 apud
3355 3126 3457 3166 nos
3497 3125 3597 3165 na-

2008 3206 2157 3263 tum;
2192 3198 2397 3261 lumen,
2432 3197 2811 3253 demonstrata
2858 3198 3150 3268 discipulis
3205 3199 3258 3254 in
3299 3211 3482 3255 monte
3506 3200 3595 3255 di-

2003 3289 2230 3350 vinitas,
2289 3289 2572 3359 paululum
2634 3299 2861 3359 aspectu
2924 3290 3145 3356 durior;
3204 3292 3385 3345 lnnmn
3444 3292 3594 3361 quod

1998 3378 2228 3433 Paulum
2289 3380 2693 3447 circumlulsit,
2768 3382 2928 3451 plaga
2996 3382 3280 3436 oculorum
3336 3382 3595 3440 tenebras

2000 3470 2198 3525 animm
2231 3485 2456 3526 sanans.
2488 3469 2702 3526 Lumen
2732 3480 2817 3528 est
2851 3482 2905 3526 et
2935 3471 3133 3527 futurae
3157 3473 3283 3526 vitae
3312 3473 3591 3542 splendor,

1999 3562 2058 3617 in
2081 3562 2190 3618 illis
2220 3562 2312 3634 qui
2352 3562 2442 3617 hic
2476 3563 2691 3635 purgati
2729 3571 2882 3628 sunt,
2912 3563 3133 3634 quando
3164 3565 3429 3619 lucebunt
3453 3565 3593 3635 justi

2000 3662 2060 3710 ut
2082 3656 2184 3724 sol,
2216 3671 2454 3727 quorum
2488 3657 2633 3712 Deus
2661 3657 2918 3713 consistit
2962 3657 3015 3711 in
3063 3658 3244 3712 medio
3281 3657 3509 3712 deorum
3538 3667 3595 3713 et

1997 3760 2213 3815 regum.
2242 3747 2547 3816 disponens
2591 3755 2646 3802 et
2679 3749 2933 3803 dividens
2966 3749 3263 3817 unicuique
3288 3746 3591 3802 secundum

1998 3836 2319 3906 dignitatem
2343 3877 2360 3902 ,
2386 3847 2440 3892 et
2470 3854 2569 3908 pro
2609 3840 2826 3894 ratione
2852 3847 3059 3893 exacta
3095 3840 3220 3893 vita:
3256 3839 3475 3908 prmmia
3502 3838 3591 3894 fu-

2000 3936 2136 3982 turae
2172 3928 2481 3994 beatitatis;
2532 3929 2715 3984 lumen
2756 3930 2938 3993 etiam,
2984 3929 3170 3983 datum
3222 3930 3277 3983 in
3329 3932 3593 4000 paradiso

1998 4016 2179 4085 primo
2231 4018 2444 4096 parenti
2500 4026 2693 4073 nostro
2737 4026 3094 4089 praeceptum.
3161 4019 3403 4075 Lucerna
3442 4023 3590 4078 enim

1996 4107 2216 4176 pedibus
2249 4109 2379 4161 meis
2421 4109 2506 4163 lea:
2546 4119 2659 4175 tua,
2700 4120 2751 4164 et
2792 4110 2970 4165 ιιιηιεη
3002 4110 3207 4166 semitis
3237 4114 3364 4166 meis
3398 4113 3463 4177 ",
3505 4113 3591 4170 in-

2000 4200 2122 4269 quit
2156 4198 2408 4267 Davidcs,
2449 4201 2764 4255 divinorum
2798 4202 3108 4257 carminum
3134 4212 3347 4258 auctor.
3379 4203 3587 4260 Lumen

1997 4297 2160 4347 estet
2189 4292 2425 4349 rationis
2455 4292 2539 4347 vis
2569 4309 2693 4363 qua!
2726 4294 2781 4348 in
2812 4293 2971 4349 nobis
3004 4295 3239 4356 exsistit,
3281 4297 3588 4350 secundum

1998 4379 2173 4437 Deum
2209 4382 2452 4455 dirigens
2482 4400 2708 4456 gressus
2743 4395 2999 4453 nostros;
3046 4386 3230 4442 lumen
3263 4394 3318 4441 et
3359 4385 3411 4441 id
3442 4387 3591 4456 quod

1998 4473 2066 4529 de
2098 4475 2208 4530 Deo
2240 4477 2616 4532 testimonium
2646 4478 2946 4548 perhibuit,
3000 4489 3053 4535 et
3091 4480 3239 4549 quod
3287 4479 3352 4533 ad
3405 4480 3586 4549 ipsum

2000 4581 2101 4623 sua
2130 4564 2248 4623 face
2274 4568 2447 4634 ducit,
2482 4570 2804 4625 conculcata
2847 4570 3064 4624 llamma
3102 4572 3329 4636 erroris,
3359 4580 3417 4625 ut
3442 4573 3590 4626 Ana-

1993 4660 2102 4715 niae
2159 4661 2293 4717 socii
2353 4663 2409 4716 in
2446 4661 2725 4734 Babylone
2784 4664 2838 4718 in
2888 4663 3066 4718 media
3119 4664 3334 4719 ﬂamma
3379 4665 3585 4720 camini

1994 4755 2229 4807 choreas
2259 4751 2488 4816 ducunt,
2526 4752 2691 4807 etiam
2737 4752 2923 4809 illaesis
2965 4752 3207 4823 ipsorum
3253 4752 3432 4822 palliis
3471 4768 3590 4805 ma.

1996 4845 2289 4911 pentibus;
2342 4844 2527 4899 lumen
2587 4854 2874 4915 praeterea,
2928 4861 3039 4918 quo
3101 4846 3363 4917 peculiari
3422 4845 3587 4900 modo

1998 4934 2256 5006 baptismi
2307 4944 2529 4990 constat
2579 4936 2911 4997 illustratio:
2990 4936 3174 4991 lumen
3248 4943 3379 4991 sum
3440 4936 3588 4989 ultra

1997 5025 2204 5087 omnia,
2237 5023 2438 5095 quibus
2480 5024 2536 5077 in
2581 5034 2777 5081 sancta
2818 5023 3090 5081 Trlnitate
3135 5023 3372 5096 gloriosa
3404 5032 3460 5079 ct
3500 5023 3586 5078 in-

1995 5116 2215 5187 culpata
2255 5122 2340 5171 est
2365 5113 2518 5171 ﬁdes.
2568 5115 2757 5187 Itaque
2796 5118 2933 5173 dixit
2983 5116 3127 5173 Deus
3162 5131 3178 5172 :
3210 5115 3339 5171 Fiat
3370 5116 3465 5171 lux
3488 5132 3508 5180 ;
3533 5126 3583 5170 et

1997 5209 2143 5279 facta
2171 5220 2248 5265 est
2281 5216 2396 5265 tux.
2427 5210 2493 5264 Et
2515 5201 2726 5283 'vocavit
2770 5210 2914 5266 Deus
2952 5211 3125 5267 lucem
3157 5209 3321 5275 diem,
3361 5219 3409 5265 et
3440 5219 3583 5266 tene-

1997 5301 2121 5357 bras
2149 5303 2349 5358 vocavit
2374 5312 2577 5356 noctem
2614 5301 2678 5353 ".

2422 5386 2939 5449 INTERROGATIO
2992 5389 3150 5448 LXII.

2062 5480 2204 5538 Num
2262 5484 2429 5554 igitur
2482 5482 2632 5537 aliud
2677 5490 2765 5537 est
2820 5483 2935 5547 lux,
2975 5489 3033 5537 et
3083 5481 3231 5538 aliud
3288 5478 3446 5546 dies;
3491 5479 3580 5533 vel

1988 5574 2138 5629 aliud
2167 5589 2296 5640 nox,
2328 5585 2384 5631 et
2407 5574 2552 5631 aliud
2597 5574 2871 5631 tenebrm?

372 5830 486 5908 (2|)
513 5823 646 5890 Ἱὶιῖς
676 5830 960 5908 cpidae...
983 5827 1110 5908 φῶς
1124 5830 1326 5908 ἐστιν.Δ
1350 5828 1478 5886 Hac
1501 5816 1876 5908 supplevi‘mus

2007 5850 2107 5889 um
2129 5836 2482 5908 ,typothetac,
2517 5846 2576 5893 ut
2603 5835 2821 5893 videtur
2842 5877 2856 5904 ,
2892 5831 3101 5891 incuria
3136 5831 3207 5888 ob
3235 5844 3424 5893 vocem
3451 5826 3564 5900 φῶς

297 5899 693 5973 οχὶιιιοιοριθειε
724 5899 959 5955 :dcsunt
1005 5900 1151 5957 enim
1200 5900 1257 5953 in
1312 5905 1465 5956 textu
1498 5899 1659 5956 codd.
1696 5900 1876 5958 cdito-
1985 5899 2293 5977 repetitam.
