4000 6412
445 434 538 489 951

1082 542 1386 612 Responsio.

511 640 790 709 Quidquid
840 638 1023 691 laetum
1067 643 1124 689 et
1172 634 1410 687 hilarum
1459 639 1567 693 est,
1602 628 1876 699 placidum
1911 640 2025 679 me-

442 734 550 786 rito
578 730 916 800 appellatur;
966 726 1053 781 his
1086 739 1214 779 vero
1246 723 1544 784 contraria,
1582 736 1692 775 nox
1731 718 2024 774 nominan-

442 828 552 876 tur.
590 820 699 874 Sed
723 826 778 874 et
807 817 967 871 aliter
1012 814 1142 868 mihi
1196 814 1414 867 videtur
1463 826 1561 881 per
1607 807 2025 880 appellationem

444 912 766 968 servitutem
799 909 1043 979 ipsorum
1072 905 1407 976 signiﬁcare,
1428 903 1681 973 beneque
1704 899 2027 970 dispositam

444 1017 645 1060 cursus
688 1016 785 1070 per
810 1000 961 1054 vices
996 995 1477 1052 constitutionem.
1524 991 1741 1046 Domini
1775 990 1920 1045 enim
1947 998 2031 1043 est

446 1093 766 1151 nominatim
820 1105 1039 1153 vocare,
1092 1088 1423 1142 tantularum
1482 1098 1612 1139 vero
1677 1080 1921 1142 obedire,
1975 1086 2032 1133 et

446 1188 605 1259 quasi
636 1201 789 1250 voce,
824 1184 1038 1239 ordinis
1079 1183 1221 1237 bona
1249 1179 1637 1234 observatione
1666 1174 2025 1245 respondere.

860 1268 1387 1328 INTERROGATIO
1427 1267 1616 1323 LXIII.

519 1365 806 1435 Quomodo
856 1374 974 1419 erat
1020 1371 1167 1417 terra
1220 1358 1636 1431 inaspectabilis
1687 1366 1743 1424 et
1791 1356 2037 1410 inculta?

445 1476 580 1517 num
605 1459 764 1530 quasi
799 1454 1186 1527 semiperfecta
1218 1468 1248 1506 a
1284 1451 1396 1507 Deo
1434 1450 1601 1513 facta,
1637 1457 1732 1502 aut
1771 1462 1883 1519 quo
1910 1454 2036 1500 tan-

446 1552 571 1609 dem
602 1550 798 1623 pacto?

1088 1635 1399 1705 Responsio.

502 1718 940 1805 'lnaspectabilis
967 1736 1085 1784 erat
1122 1737 1268 1783 terra
1308 1736 1361 1780 et
1404 1725 1634 1787 inculta,
1675 1736 1785 1776 non
1819 1726 2037 1779 natura,
2114 1770 2117 1771 ,

339 1878 359 1898 ,
449 1828 548 1883 sed
582 1824 943 1880 exornatione
965 1826 1020 1874 et
1054 1818 1218 1881 facie,
1264 1814 1508 1871 nondum
1543 1811 1845 1883 segregatis
1878 1808 2038 1879 aquis

450 1921 517 1974 ad
549 1916 829 1988 praprium
863 1915 1067 1974 locum,
1104 1918 1163 1965 nt
1190 1914 1512 1965 cerneretur
1544 1904 1664 1975 ejus
1704 1901 2033 1964 substantia,

450 2007 655 2080 plantis
733 2009 1135 2066 exornaretur,
1213 2007 1268 2054 et
1352 1996 1585 2051 ﬂoribus
1654 1998 2035 2048 coronaretur.

448 2098 664 2167 Abysso
688 2107 926 2162 namque
980 2105 1146 2160 super
1202 2087 1377 2157 ipsam
1423 2083 1760 2147 exundante,
1793 2082 2036 2135 nondum

448 2197 566 2242 erat
604 2184 836 2240 fontium
889 2191 941 2237 et
980 2179 1267 2241 ﬂunrinum
1307 2174 1663 2231 distinctione
1703 2171 1905 2237 cincta,
1951 2185 2043 2224 nc-

449 2294 560 2350 que
592 2276 871 2346 variegata
918 2271 986 2326 ad
1017 2271 1413 2327 enutritionem
1450 2281 1639 2321 eorum
1682 2278 1807 2334 quae
1853 2262 2040 2317 divino

451 2377 726 2442 praacepto
761 2383 827 2423 ex
877 2364 996 2436 ipsa
1053 2360 1408 2433 producenda
1457 2364 1635 2423 erant,
1688 2353 2040 2415 animalium;

448 2460 609 2531 quasi
667 2459 885 2529 lugubri
936 2456 1174 2526 quadam
1229 2460 1382 2506 veste
1424 2450 1625 2521 abysso
1677 2444 2040 2509 circumdata,

448 2550 917 2625 quemadmodum
967 2556 1163 2601 auctor
1218 2545 1311 2599 ille
1372 2541 1682 2597 carminum
1729 2538 2042 2592 divinorum

454 2644 690 2699 Davidcs
735 2643 964 2711 inquit:
1018 2638 1256 2708 Abyssus
1304 2634 1465 2688 veluti
1516 2633 1672 2686 restis
1718 2628 2044 2698 opertorium

457 2736 572 2804 ejus
603 2735 644 2766 ³⁸
683 2750 697 2787 :
733 2732 953 2789 Oceano
980 2728 1192 2784 scilicet
1216 2728 1395 2781 instar
1423 2723 1613 2778 annuli
1639 2729 1844 2776 terram
1865 2719 2046 2773 adhuc

459 2823 857 2885 circuutdante,
895 2819 1040 2874 sicut
1068 2819 1370 2870 etiamnum
1408 2812 1569 2866 hodie
1593 2818 1831 2865 constat.

880 2901 1403 2965 INTERROGATIO
1443 2901 1629 2957 LXlV.

532 3004 716 3070 Quare
758 3011 939 3058 autem
986 2999 1259 3069 Pr0plteta
1308 3011 1421 3050 non
1467 2994 1608 3049 dixit
1661 2994 1719 3048 in
1781 2992 2049 3048 feminino

460 3111 677 3167 genere,
709 3094 1046 3166 opertorium
1101 3091 1225 3162 ejus
1258 3108 1271 3143 :
1310 3088 1408 3144 sed
1456 3088 1602 3157 ejus,
1648 3086 1702 3141 in
1737 3086 2051 3141 masculino

456 3189 541 3245 vel
554 3174 561 3181 ’
572 3184 809 3243 neutro?

1096 3272 1401 3342 Responsio.

527 3368 679 3425 Nihil
726 3369 783 3422 in
827 3368 935 3422 hoc
974 3366 1331 3424 descriminis
1356 3376 1462 3432 est,
1498 3369 1546 3425 si
1578 3368 1915 3423 elementum
1949 3375 2051 3430 pro

460 3469 610 3515 terra
659 3459 1122 3528 subilllelligalul‘.
1188 3456 1379 3536 Neque
1433 3463 1564 3515 item
1631 3472 1758 3513 cum
1803 3454 2050 3510 omnimn

462 3552 656 3606 animm
692 3549 960 3605 feminino
990 3562 1192 3620 genere
1214 3551 1583 3620 appellentur,
1620 3549 1833 3604 idcirco
1854 3546 1939 3601 vel
1970 3544 2052 3599 fe-

464 3642 644 3696 minas
683 3641 769 3695 vel
795 3654 975 3695 mares
1002 3655 1127 3695 esse
1177 3641 1548 3696 concedemus
1585 3640 1823 3694 animas.
1862 3636 1968 3692 Sed
1999 3645 2054 3691 et

465 3734 722 3789 Christus
751 3733 1022 3803 sapientia
1056 3741 1111 3788 et
1139 3733 1389 3803 potentia
1429 3743 1485 3789 et
1527 3740 1684 3804 petra
1723 3730 2052 3801 appellatur,

465 3839 591 3880 cum
609 3827 857 3890 sitDeus,
875 3823 1114 3882 Verbum
1129 3836 1185 3882 et
1200 3822 1541 3880 bomoidem.
1571 3823 1916 3893 Intelligatur
1954 3836 2053 3875 au-

469 3927 662 3974 temet
707 3918 818 3972 alio
868 3918 1053 3972 modo.
1100 3917 1400 3972 Invisibilis
1431 3925 1550 3972 erat
1601 3926 1772 3971 terra.
1800 3912 2053 3969 Nondum

467 4010 613 4064 enim
646 4015 766 4064 erat
805 4009 927 4079 ejus
971 4009 1378 4079 contemplator
1399 4009 1583 4076 homo,
1625 4023 1806 4080 neque
1835 4022 1901 4063 ea
1934 4020 2057 4076 qua:

465 4101 794 4156 naturaliter
823 4102 889 4156 ad
919 4101 1094 4172 ipsam
1126 4116 1300 4172 prona
1327 4117 1388 4157 se
1409 4103 1699 4167 inclinant,
1725 4099 2057 4171 assidueque

468 4192 640 4264 ipsam
671 4204 944 4265 spectant,
976 4194 1224 4249 balatum
1243 4197 1465 4249 edentia
1486 4193 1810 4249 animalium
1832 4204 2055 4262 genera.

903 4281 1421 4339 INTERROGATIO
1459 4281 1623 4338 LXV.

538 4374 680 4442 Quid
718 4386 806 4430 est
839 4375 1145 4429 secundum
1186 4383 1445 4430 naturam
1474 4375 1877 4431 ﬁrmamentum
1910 4371 2057 4443 quod

468 4466 855 4524 intermedium
893 4476 1115 4535 separat
1148 4481 1372 4536 aquam,
1409 4474 1464 4521 et
1492 4480 1690 4536 aquam
1725 4464 2058 4520 ultra-cmic-

471 4569 610 4614 stem
635 4565 691 4613 et
720 4556 1030 4610 marinam?

1110 4642 1421 4713 Responsio.

545 4734 733 4791 Primo
766 4735 990 4806 quidem
1017 4735 1107 4792 die
1133 4739 1334 4793 caelum
1367 4735 1688 4801 creabatur,
1715 4735 1862 4806 quod
1893 4734 2060 4791 situm

472 4839 557 4886 ρει
604 4843 772 4898 supra
822 4830 1264 4895 ﬁrmamentum;
1312 4828 1557 4884 secundo
1600 4844 1732 4885 vero
1780 4828 1832 4883 id
1876 4827 2061 4882 ﬁrma-

475 4930 743 4984 mentum,
777 4922 923 4991 quod
946 4937 1112 4992 supra
1133 4932 1299 4992 caput
1325 4929 1579 4978 nostrum
1604 4923 1881 4987 cernitur;
1914 4918 2061 4992 quod

474 5013 702 5070 alterius
734 5029 896 5084 quam
935 5014 1194 5083 superius
1227 5015 1363 5070 illud
1400 5023 1487 5070 est
1520 5023 1751 5070 naturae.

890 5102 1411 5162 INTERROGATIO
1450 5105 1634 5163 LXVI.

548 5189 838 5258 Quomodo
865 5208 996 5247 vero
1029 5208 1155 5248 cum
1188 5195 1353 5252 unius
1373 5207 1426 5251 et
1452 5197 1703 5266 ejusdem
1736 5200 1861 5256 sint'
1885 5202 2066 5257 nomi-

479 5283 588 5352 nis,
624 5284 852 5340 alterius
880 5295 935 5341 et
973 5287 1207 5341 diversae
1235 5298 1400 5343 erunt
1436 5291 1685 5345 natural?

1111 5378 1420 5449 Responsio.

551 5466 655 5534 Qui
692 5467 941 5524 studiose
987 5476 1183 5525 etnon
1218 5474 1597 5542 perfunctorie
1639 5476 1877 5531 litteram
1930 5492 2064 5532 exa-

479 5561 714 5624 minant,
745 5559 910 5615 etiam
962 5561 1017 5616 in
1048 5565 1415 5632 appellatione
1467 5568 1699 5623 multum
1748 5568 2066 5626 diderentize

480 5654 910 5723 deprehenderit.
960 5655 1123 5711 Aliud
1174 5659 1318 5712 enim
1361 5661 1587 5725 cmlum,
1620 5659 1768 5715 aliud
1810 5676 1939 5716 vero
1981 5671 2066 5717 est

482 5743 906 5802 ﬁnnamentum.
951 5749 1189 5804 Proinde
1225 5761 1280 5805 et
1319 5767 1386 5807 ex
1419 5753 1539 5823 ipsa
1575 5753 1944 5823 appellatione
1973 5755 2065 5811 di-

559 5871 604 5902 "
641 5872 787 5926 Psal.
813 5888 931 5941 cm,
958 5874 1013 5931 6.

1541 422 1599 476 S.
1626 414 1948 483 CAESAR",
1970 409 2301 469 GliEGOi‘tli
2350 408 2654 467 FRATRIS

3635 414 3731 467 9'8

2511 576 2519 589 ,
2758 528 3107 595 Ἀπόκρισις.

2199 622 2315 675 Πᾶν
2341 621 2404 674 τὸ
2435 620 2657 690 φαιδρὸν
2688 622 2782 673 καὶ
2813 618 3018 689 ἱλαρὸν,
3053 619 3263 689 ἥμερον
3286 616 3540 682 εἰκότως
3572 634 3742 689 προο-

2129 713 2455 784 αγορεύεται
2485 730 2500 744 ν
2535 713 2605 765 τὰ
2633 711 2688 765 δὲ
2717 711 2937 765 ὲναντία
2986 710 3195 764 τούτων
3238 709 3350 773 νὺξ
3382 709 3741 781 ὀνομάζεται.

2130 805 2241 857 Καὶ
2277 802 2483 872 ἑτέρως
2521 801 2580 855 δέ
2625 819 2716 872 μοι
2748 800 2897 853 δοκεῖ
2922 800 3010 854 διὰ
3051 800 3151 870 τῆς
3188 799 3461 869 κλήσεως
3491 798 3597 870 τὴν
3627 800 3743 853 δουο

2130 892 2280 946 λείαν
2305 890 2498 946 ἀὐτῶν
2540 889 2926 961 σημαίνεσθαι,
2955 889 3052 941 καὶ
3069 888 3168 960 τὴν
3188 887 3479 941 εὔτακτον
3502 886 3604 940 τοῦ
3625 885 3741 958 δρό-

2136 999 2238 1053 μου
2284 981 2537 1052 ἀλλήλοις
2579 979 3024 1050 ἀντιπαράδοσιν.
3071 978 3353 1032 Δεσπότου
3409 982 3531 1049 γὰρ
3576 978 3640 1031 τὺ
3684 980 3744 1032 ἐκ

2133 1073 2506 1144 προσηγορίας
2546 1070 2751 1135 καλεῖν,
2791 1071 3017 1126 οἰκετῶν
3053 1072 3109 1125 δὲ
3139 1071 3200 1125 τὸ
3248 1072 3615 1137 ὑπακούειν,
3656 1071 3740 1124 καὶ

2133 1160 2244 1217 οἷον
2281 1166 2431 1235 (ξωνῇ
2458 1166 2524 1235 τῇ
2559 1162 2785 1235 εὐταξίᾳ
2803 1163 2896 1217 τοῦ
2932 1164 3132 1234 δρόμου
3162 1162 3611 1236 ἀποκρίνεσθαι.

2752 1255 3005 1308 ΠΕΥΣΙΣ
3031 1254 3148 1309 El".

2208 1346 2334 1410 Πῶς
2377 1343 2445 1417 ἦν
2485 1348 2518 1417 ἡ
2560 1346 2633 1416 γῆ
2672 1346 2904 1417 ἀόρατος
2948 1349 3043 1400 καὶ
3085 1346 3631 1413 ἁκατασκεύαστοςς
3673 1345 3744 1409 ὼς

2138 1439 2398 1509 ἡμιτελὴς
2438 1440 2589 1509 παρὰ
2621 1439 2757 1493 Θεοῦ
2789 1439 3078 1511 γενομένη,
3103 1439 3135 1510 ἦ
3158 1439 3314 1506 πῶςς

2763 1623 3118 1689 Ἀπόκρισις.

2225 1712 2479 1785 Ἀόρατος
2499 1709 2566 1784 ἦν
2596 1714 2629 1783 ἡ
2666 1712 2739 1783 γῆ
2768 1713 2863 1766 καὶ
2902 1711 3418 1779 ἀκατασκεύαστος,
3444 1714 3511 1767 οὐ
3537 1715 3605 1785 τῇ
3646 1711 3741 1781 φύ-

2148 1822 2250 1872 σει,
2285 1805 2423 1860 ἀλλὰ
2463 1810 2529 1877 τῇ
2561 1805 2922 1878 διακοσμήσει
2959 1807 3053 1860 καὶ
3088 1806 3231 1876 ὄψει,
3261 1805 3428 1860 οὔπω
3468 1806 3585 1860 τῶν
3627 1805 3747 1858 ὑδά-

2145 1915 2253 1952 των
2275 1896 2682 1968 ἀποκριθέντων
2703 1897 2840 1969 πρὸς
2868 1898 2966 1969 τὴν
2984 1898 3190 1952 οἰκείαν
3211 1900 3428 1970 χώραν,
3462 1898 3564 1952 τοῦ
3582 1897 3744 1966 ὀφθῆ-

2144 2006 2229 2042 ναι
2270 1991 2369 2059 τὴν
2410 1989 2617 2060 ταύτης
2654 1991 2864 2055 οὐσίαν,
2912 1990 3007 2044 καὶ
3048 1991 3500 2063 διακοσμηθῆναι
3554 1989 3744 2060 φυτῷ,

2146 2081 2240 2133 καὶ
2267 2078 2453 2133 ἄνθεσι
2478 2079 2912 2149 στεφανωθῆναι.
2943 2081 3055 2151 Τῆς
3079 2080 3187 2150 γὰρ
3225 2082 3481 2136 ἀϐύσσου
3523 2081 3742 2134 ἐπικλυ-

2146 2170 2347 2241 ξούσης
2383 2171 2575 2240 αὐτὴν,
2588 2171 2802 2226 οὐδέπω
2831 2173 3063 2244 κρήναις
3091 2174 3186 2227 καὶ
3219 2178 3497 2247 ποταμοῖς
3534 2174 3741 2246 ὑπῆρχε

2146 2257 2505 2332 διεζωσμένη,
2531 2261 2666 2333 πρὸς
2685 2262 2979 2337 διατροφὴν
3009 2263 3118 2317 τῶν
3151 2263 3466 2336 μελλόντων
3498 2264 3561 2329 ἐξ
3579 2264 3741 2333 αὐτῆς

2149 2351 2278 2424 θείῳ
2304 2350 2689 2424 προστάγματι
2726 2354 3165 2426 άποϐράττεσθαι
3224 2355 3405 2422 ζώων,
3447 2350 3565 2411 οἷον
3616 2373 3738 2409 πεν-

2150 2442 2292 2515 θήρη
2324 2444 2448 2498 τινὰ
2501 2444 2693 2515 στολὴν
2734 2445 2834 2515 τὴν
2861 2445 3096 2501 ἄϐυσσον
3128 2448 3524 2519 περικειμένη,
3571 2445 3739 2506 καθὼς

2150 2537 2247 2589 καὶ
2287 2536 2454 2590 Δαὸίδ
2487 2553 2684 2607 φησιν,
2707 2538 2736 2589 6
2770 2536 2880 2589 τῶν
2929 2537 3088 2591 θείων
3137 2538 3405 2609 μελῳδὸς
3435 2540 3738 2599 Ἀὄυσσος

2150 2632 2231 2697 ὡς
2279 2629 2513 2700 Ιμὰτιον
2552 2630 2616 2682 τὸ
2662 2629 3048 2698 περιϐόλαιον
3094 2629 3318 2684 αὐτοῦ’
3354 2630 3452 2685 τὸν
3492 2625 3738 2682 Ὠκεανὸν

2151 2722 2433 2777 δακτυλίου
2480 2722 2634 2794 δίκην
2675 2722 3023 2795 περικεῖσθαι
3065 2724 3204 2796 αὐτῇ
3246 2723 3408 2795 δῆλον
3446 2723 3613 2795 μέχρι
3636 2719 3737 2789 τὴ·-

2158 2831 2223 2884 με
2232 2830 2321 2884 ρον
2328 2852 2342 2866 .

2749 2906 2998 2960 ΠΕΥΣΙΣ
3028 2906 3143 2961 ΞΔἎ

2230 2996 2493 3050 Καὶδιατί
2537 2998 2612 3069 μὴ
2661 2993 2814 3051 εἶπεν
2856 2998 2885 3051 6
2922 2999 3239 3070 Προφήτης,
3279 2998 3353 3052 Τὸ
3391 2996 3738 3070 περιδόλαιον

2157 3085 2348 3155 αὐτῆς,
2363 3085 2499 3151 ἀλλ’,
2523 3085 2749 3148 ίιὺτοῦ;

2785 3260 3142 3327 Ἀπόκρισις.

2226 3351 2391 3404 Οὐδὲν
2422 3350 2582 3404 τοῦτο
2623 3352 2833 3405 ἐκείνου
2878 3350 3089 3415 διοίσει,
3137 3352 3404 3424 στοιχείου
3458 3351 3734 3424 νοουμένου

2153 3441 2255 3511 τῆς
2274 3444 2395 3512 γῆς.
2421 3443 2544 3497 Οὐδ’
2572 3440 2639 3498 αὖ
2665 3444 2827 3498 πάλιν
2862 3445 3078 3499 πάντων
3098 3444 3268 3515 ψυχαὶ
3289 3444 3544 3516 θηλυκῶς
3578 3458 3733 3514 προσ-

2154 3536 2590 3606 αγορευομένων,
2644 3536 2780 3606 θῆλυ
2831 3537 2925 3590 καὶ
2971 3537 3140 3609 ᾰρρεν
3181 3536 3425 3608 δώσομεν
3480 3538 3734 3608 ὑπάρχειν

2154 3625 2351 3694 ψυχάς.
2374 3626 2485 3678 Kal
2503 3627 2531 3678 6
2557 3627 2791 3698 Χριστὸς
2831 3627 3017 3696 cogita,
3041 3628 3133 3681 καὶ
3169 3628 3418 3699 δύναμις,
3444 3629 3543 3683 καὶ
3571 3626 3733 3695 πέτρα

2157 3715 2643 3787 προσαγορεύεται,
2674 3717 2807 3781 Θεὸς
2845 3719 3127 3789 ὑπάρχων,
3154 3718 3245 3773 καὶ
3284 3720 3483 3787 Λόγος,
3518 3717 3610 3772 καὶ
3646 3715 3728 3769 ἄν·

2156 3806 2375 3877 θρωπος
2394 3796 2624 3872 ὁαὺτὸς.
2644 3808 2891 3863 Νοείσθω
2918 3809 2975 3862 δὲ
3009 3810 3211 3881 ἑτέρως
3231 3827 3246 3843 ⁸
3277 3810 3538 3881 Ἀόρατος
3569 3804 3730 3875 ὑπάρ-

2157 3916 2242 3969 χει
2277 3899 2312 3969 ή
2347 3897 2441 3969 γῆ,
2476 3896 2631 3952 οὔπω
2667 3897 2777 3970 γὰρ
2829 3894 2899 3970 ἦν
2933 3900 2961 3951 6
3000 3899 3202 3970 θεατὴς
3228 3900 3399 3970 αὐτῆς
3429 3899 3730 3970 ἄνθρωπος.

2157 3990 2279 4044 οὐδὲ
2313 3989 2382 4043 τὰ
2430 3992 2522 4044 ὑπ’
2562 3991 2736 4061 αὐτὴν
2785 3989 2948 4060 φύσει
2993 3990 3383 4058 κατανεύοντα,
3424 3992 3523 4046 καὶ
3556 3984 3731 4046 ἀτενὲς

2157 4084 2327 4155 αὐτὴν
2358 4083 2629 4157 ἐνορῶντα
2665 4082 2977 4155 βληχόμενα
2995 4084 3102 4138 τῶν
3124 4082 3277 4149 ζώων
3311 4083 3466 4155 γένη.

2534 4351 2566 4365 ρ
2765 4286 3015 4338 nam:
3047 4283 3164 4338 ΞΕι.

2230 4378 2296 4430 Τί
2321 4379 2422 4449 τὴν
2466 4367 2629 4447 φύσιν
2663 4377 2787 4433 ἐστὶ
2829 4377 2889 4430 τὸ
2939 4376 3262 4448 διαχωρίζον
3312 4367 3729 4448 στερέωμα’ἁνᾶ

2171 4468 2335 4540 μέσον
2364 4467 2577 4534 ὓδατος,
2612 4470 2708 4524 καὶ
2741 4469 2930 4534 ὓδατος
2949 4468 3042 4523 τοῦ
3085 4469 3481 4542 ὑπερουρανίου
3511 4468 3603 4524 καὶ
3639 4462 3730 4516 θα·

2168 4560 2390 4614 λασσίου
2427 4577 2441 4625 ;

2786 4652 3142 4721 Ἀπόκρισις.

2235 4743 2315 4814 Τῇ
2344 4742 2443 4815 μὲν
2464 4741 2656 4815 πρώτῃ
2686 4741 2891 4813 ἡμέρᾳ,
2916 4742 3143 4815 οὐρανὸς
3164 4743 3496 4813 παράγεται,
3514 4742 3543 4795 6
3576 4739 3732 4805 ὑπερ-

2162 4839 2416 4910 κείμενος
2438 4836 2532 4891 τοῦ
2574 4834 2954 4908 περεώματος
2972 4852 2987 4867 ·
3008 4839 3075 4907 τῇ
3094 4836 3321 4905 δευτέρᾳ
3351 4834 3432 4899 δὲ,
3450 4835 3513 4888 τὸ
3530 4830 3728 4905 ὁρώμεσ·

2164 4948 2254 4986 νον
2292 4930 2452 4985 τοῦτο
2488 4927 2630 5000 ὑπὲρ
2662 4927 2905 4999 κεφαλῆς
2933 4927 3092 4999 ἡμῶν
3117 4927 3426 4998 στερέωμα,
3450 4925 3641 4997 ἑτέρας
3677 4913 3729 4968 δέ

2163 5025 2316 5095 παρά
2347 5023 2474 5085 τοὺς
2506 5019 2940 5092 ὑπερτεροὼτας
2968 5020 3214 5091 ὑπάρχον
3238 5019 3338 5089 τῆς
3367 5017 3599 5087 φύσεως.

2707 5109 2955 5163 uersi:
2997 5108 3135 5176 Eq'.

2236 5202 2346 5256 Kal
2375 5201 2492 5264 πῶς
2520 5201 2647 5271 μιᾶς
2685 5200 2778 5253 καὶ
2799 5201 2899 5270 τῆς
2921 5198 3095 5268 αὐτῆς
3118 5198 3269 5261 ὄντες
3302 5197 3615 5268 ὀνομασίας,
3647 5188 3730 5244 ἄλο

2049 5348 2053 5353 .
2161 5295 2262 5365 λης
2286 5294 2379 5348 καὶ
2401 5291 2569 5363 ἄλλης
2595 5291 2810 5362 φύσεως
2833 5290 3047 5343 ἔσονται
3071 5305 3086 5354 ;

2791 5384 3137 5458 Ἀπόκρισις.

2235 5478 2359 5546 Τοῖς
2408 5477 2723 5549 φιλομαθιῖκ
2772 5477 2867 5530 καὶ
2913 5477 2987 5547 μὴ
3054 5477 3349 5548 παρέργως
3394 5477 3481 5541 τὸΔ
3514 5474 3729 5546 γράμμα

2164 5572 2501 5640 ἐξετάζουσι,
2546 5571 2642 5624 καὶ
2674 5572 2732 5625 ὲν
2771 5573 2837 5641 τῇ
2880 5569 3220 5641 προσηγορίᾳ
3262 5569 3398 5622 πολὺ
3442 5568 3504 5621 τὸ
3557 5566 3729 5629 διάφο-

2167 5685 2258 5736 ρον
2287 5665 2503 5737 ἔχοντες
2541 5662 2931 5733 εὑρεθήσονται
2955 5679 2971 5694 ο
2996 5661 3182 5731 ἕτερον
3225 5659 3332 5729 γάρ
3365 5658 3612 5730 οὐρανὸς,
3644 5650 3730 5705 θά-

2164 5777 2320 5833 τερον
2343 5759 2401 5814 δὲ
2428 5755 2735 5828 στερέωμα.
2760 5757 2870 5811 Καὶ
2895 5754 2956 5820 ἐξ
2982 5753 3153 5824 αὐτῆς
3172 5753 3351 5808 τοίνυν
3379 5751 3479 5823 τῆς
3502 5750 3728 5822 κλήσεως
