4000 6402
314 407 422 464 θπδ

320 520 720 593 παιδευόμεθα,
768 526 1127 599 στερροτέρας
1176 529 1443 601 ὑπάρχειν
1502 532 1714 600 φύσεως
1782 535 1890 588 τῶν

316 616 566 686 ἀοράτων
602 616 663 669 τὸ
702 615 997 687 ὁρώμενον.
1023 622 1229 692 Μωσῆς
1263 623 1361 692 μὲν
1396 623 1504 693 γάρ
1535 641 1697 695 φησιν
1724 642 1738 656 °
1786 625 1891 679 Ἐν

314 705 475 775 ἀρχῇ
497 707 786 773 ἐποίησεν
809 712 842 762 ό
869 711 1013 776 Θεὸς
1054 713 1159 766 τὸν
1185 714 1463 780 οὐρανὸν,
1491 716 1593 770 καί
1614 717 1727 784 τὴν
1752 715 1887 786 γῆν.

328 799 671 853 Ἐνταῦθαδὲ
707 799 768 852 τὸ
802 803 1027 873 στερρόν
1077 805 1369 873 φησιοΚαὶ
1419 803 1589 862 εἶπεν
1629 811 1661 862 ό
1704 810 1847 875 Θεός
1870 826 1885 842 -

316 887 636 955 Γενηθήτω
651 891 971 961 στερέωμα.
988 894 1098 946 Kal
1118 895 1345 961 Ἡσαΐας
1366 899 1645 971 παριστῶν
1663 900 1772 954 τῶν
1790 901 1888 972 μὲν

312 978 374 1030 τὸ
418 977 612 1033 λεπτὸν
648 982 743 1033 καὶ
782 981 1112 1051 κουφότερον
1140 984 1235 1055 τῆς
1282 986 1518 1055 φύσεως,
1553 989 1647 1042 τοῦ
1681 990 1740 1043 δε
1768 1008 1889 1043 στε-

313 1066 625 1136 γανώτερον
656 1070 751 1122 καὶ⁵
791 1072 939 1139 παχὺ
979 1071 1074 1125 τοῦ
1131 1074 1399 1146 σώματος,
1431 1080 1624 1148 φησίν·
1662 1081 1724 1134 '0
1760 1097 1889 1135 στε-

306 1157 543 1225 ρεὼσιις
569 1159 677 1213 τὸν
701 1163 960 1229 οὐρανὸν
995 1164 1139 1217 ὡσεί
1171 1169 1425 1234 καπνὸν,
1456 1170 1556 1225 καί
1587 1170 1886 1239 διατείνας

311 1250 497 1303 αὐτὸν
527 1251 607 1315 ὡς
631 1251 891 1321 σκηνήν.
916 1256 1047 1324 Περὶ
1078 1256 1134 1310 δὲ
1167 1258 1262 1311 τοῦ
1297 1260 1576 1330 δρωμένου
1610 1262 1792 1333 φησιν’
1824 1264 1884 1316 '0

310 1339 513 1409 πήξας
545 1340 652 1394 τὸν
697 1343 959 1410 οἰιρανὸν
1005 1344 1149 1400 ὡσεὶ
1183 1348 1471 1417 καμάραν.
1512 1351 1621 1404 Καὶ
1653 1352 1761 1424 γάρ
1795 1353 1886 1407 τὸν

310 1427 480 1503 ἄνδρα
525 1434 620 1486 καὶ
671 1434 772 1503 τὴν
817 1438 1050 1503 γυναῖκα
1073 1477 1088 1501 ,
1129 1438 1412 1510 ἄνθρωπον
1459 1442 1884 1513 προσαγορεύειν

313 1522 500 1575 εἴωθεν
532 1525 566 1593 ὴ
598 1522 717 1577 θεία
749 1524 937 1597 Γραφή
957 1544 970 1557 ·
1008 1528 1101 1580 καὶ
1131 1531 1257 1598 μιᾶς
1287 1529 1452 1601 οὔσης
1480 1531 1579 1602 τῆς
1608 1550 1880 1605 προσηγο-

314 1612 458 1684 ρίας,
497 1615 525 1665 6
557 1613 655 1684 μὲν
694 1616 1019 1687 καρτερικὸς
1040 1618 1134 1671 καὶ
1163 1619 1462 1690 ἀχθοφόρος
1492 1623 1746 1694 ὑπάρχει,
1776 1627 1804 1678 6
1826 1625 1883 1678 δὲ

308 1702 637 1775 χαυνότερος
656 1705 775 1773 ἦτοι
815 1707 1162 1779 κουφότερος,
1198 1710 1405 1783 διανοίᾳ
1441 1713 1534 1766 καὶ
1571 1703 1733 1785 λόγῳ.
1762 1716 1883 1769 Τῶν

313 1795 728 1866 ὑπερκειμένων
773 1797 951 1850 τοίνυν
988 1798 1085 1869 τὴν
1142 1802 1332 1855 οὑσίαν
1389 1804 1632 1866 σιωπῶν,
1684 1807 1759 1869 ὡς
1816 1806 1884 1861 ἂν

309 1882 532 1950 ἐφικτόν
569 1900 690 1953 μοι,
723 1884 815 1937 τοῦ
870 1888 1148 1958 ὁρωμένου
1195 1891 1293 1960 τὴν
1345 1892 1507 1960 φύσιν
1548 1894 1882 1967 κρύσταλλον

314 1970 579 2043 ὑπάρχειν
607 1974 768 2044 φημὶ,
791 1973 920 2046 θείῳ
950 1978 1332 2050 προστάγματι
1356 1983 1529 2051 παγὲν
1552 1985 1646 2037 καὶ
1675 1987 1880 2057 ῥωννύ-

315 2080 475 2134 μενον
498 2064 683 2135 φέρειν
698 2064 767 2118 τά
791 2067 1151 2139 ὑπερχύσμια,
1168 2073 1495 2144 κουφότερον
1523 2074 1636 2148 (22)
1664 2076 1756 2129 καὶ
1776 2077 1880 2142 ἔξω

310 2157 408 2226 τῆς
428 2156 700 2229 ἡμετέρας
729 2158 857 2212 ὅντα
887 2160 1212 2232 παχύτητος,
1247 2166 1594 2237 ἀμφοτέρους
1610 2167 1665 2220 δὲ
1692 2170 1877 2240 ἀνέχε-

312 2247 431 2301 σθαι
453 2248 559 2302 ὑπὸ
579 2248 679 2318 τῆς
703 2249 881 2304 πάντα
905 2251 1300 2324 διακρατούσης
1324 2254 1420 2309 καὶ
1442 2257 1713 2329 φερούσης
1728 2258 1878 2324 θείας
1908 2296 1915 2302 -

307 2339 607 2411 δυνάμεως.

891 2432 1140 2486 ΠΕΥΣΙΣ
1175 2432 1292 2491 ΞΖ’.

378 2519 489 2572 Kal
517 2519 632 2583 πῶς
660 2519 880 2575 δύναται
930 2521 1263 2592 κρύσταλλον
1303 2524 1591 2595 βαστάζειν
1632 2530 1726 2583 καὶ
1759 2529 1875 2586 δια-

307 2605 561 2679 χωρίζειν
587 2607 648 2661 τὸ
680 2608 812 2661 πολὺ
847 2609 941 2662 καὶ
982 2610 1212 2683 ἄπειρον
1242 2615 1417 2669 ἐκεῖνο
1447 2614 1627 2689 ὕδωρ;

926 2701 1279 2770 Ἀπόκρισις.

376 2787 563 2843 Πίστει
590 2788 949 2860 κρατύνεσθαι
979 2791 1047 2846 τὰ
1073 2794 1416 2865 Χριστιανῶν
1440 2797 1682 2868 πέφυκεν
1702 2816 1716 2831 ο
1738 2801 1873 2855 ὅπου

305 2881 416 2950 γάρ
471 2882 604 2946 Θεὸς
638 2882 921 2952 βούλεται,
952 2887 1182 2955 ἡττᾶται
1225 2889 1258 2958 ή
1300 2887 1459 2956 φύσις
1515 2891 1663 2961 παρὰ
1717 2892 1875 2962 φύσιν

304 2972 647 3029 δουλεύουσα.
686 2974 872 3039 Οὕτως
888 2976 949 3029 τὺ
991 2975 1133 3046 ὕδωρ
1164 2981 1243 3041 εἰς
1275 2975 1416 3033 οἶνον
1446 2980 1762 3051 μεθίσταται
1816 2985 1874 3037 ἐν

305 3065 460 3133 Κανᾷ
506 3067 604 3135 τῆς
640 3064 926 3130 Γαλιλαίας
964 3083 977 3097 ·
1008 3066 1150 3121 οὕτω
1197 3071 1255 3124 ἐν
1303 3072 1565 3143 Αἰγύπτῳ
1607 3074 1636 3125 6
1683 3074 1875 3139 Νεῖλος

306 3154 628 3221 φοινίττεται
650 3173 663 3185 ο
694 3154 836 3210 οὑτω
855 3158 1004 3227 παρὰ
1023 3157 1184 3226 φύσιν
1214 3159 1592 3233 διαχερσοῦται
1621 3162 1680 3215 τὸ
1719 3164 1874 3233 Ἐρυ-

306 3243 493 3315 θραῖον
516 3245 769 3313 πέλαγος,
789 3249 1012 3317 τειχέων
1039 3249 1195 3318 δίκην
1222 3250 1329 3304 τῶν
1349 3251 1630 3322 ήμιτόμων
1669 3270 1874 3323 πηγνυ-

304 3334 485 3404 μένων
508 3335 601 3389 τοῦ
628 3337 848 3405 ὓδατος,
895 3340 990 3393 καὶ
1032 3343 1089 3393 ὲν
1131 3341 1279 3413 ξηρῷ
1322 3342 1554 3414 πυθμένι
1594 3345 1813 3418 ἀϐρόχῳ
1849 3351 1878 3403 6

303 3424 431 3489 λαὸς
455 3426 738 3485 διαϐαίνει.
775 3430 957 3486 Ἔστω
988 3433 1045 3487 δέ
1091 3451 1172 3488 σοι
1199 3435 1297 3506 τῆς
1323 3435 1579 3501 ἀπιστίας
1604 3456 1875 3509 σωφρονι-

303 3516 438 3589 σμὸς
470 3520 499 3583 ὁ
541 3520 836 3592 θεοστυγὴς
866 3524 1064 3597 Φαραὼ
1090 3527 1469 3597 ποντούμενος.
1506 3529 1563 3583 Ὀ
1592 3530 1699 3602 γάρ
1727 3534 1872 3586 ἐκεῖ·

302 3626 392 3663 νον
420 3612 479 3663 ὲν
516 3615 580 3684 τῇ
620 3614 756 3686 αὑτῇ
800 3616 1046 3671 διαϐάσει
1088 3619 1419 3690 ὑποϐρύχιον
1451 3623 1735 3692 συγχώσας
1762 3627 1874 3689 τοῖς

302 3700 530 3772 κύμασι,
564 3704 728 3759 πάλαι
768 3706 864 3777 μὲν
908 3708 1000 3761 τὸν
1027 3709 1253 3779 οὐρανὸν
1286 3705 1375 3763 οἷα
1410 3711 1593 3782 δέῤῥιν
1622 3714 1743 3767 τινὰ
1787 3715 1873 3780 εξ-

301 3789 541 3856 ετὶναξε,
570 3796 636 3864 τῇ
682 3795 779 3864 μὲν
811 3795 990 3866 χέρσῳ
1022 3795 1403 3863 ὲπικυρτώσας
1449 3798 1641 3862 αὑτὸν,
1678 3801 1768 3852 ἐπὶ
1814 3801 1872 3854 δὲ

254 3876 260 3880 ’
300 3882 398 3952 τῆς
432 3884 666 3939 ἀϐύσσου
718 3885 1057 3955 θεμελιώσας
1100 3889 1213 3950 τοῖς
1245 3885 1487 3956 κύμασι,
1521 3888 1700 3952 καθὼς
1743 3908 1870 3943 παι-

298 3971 443 4027 δεύει
477 3977 505 4029 6
525 3974 633 4027 τῶν
665 3974 820 4028 θείων
857 3975 1091 4044 μελῳδὸς
1112 3974 1253 4047 ᾄδων
1287 3991 1301 4007 ·
1344 3978 1407 4028 '0
1450 3977 1732 4031 ἐκτείνων
1763 3981 1870 4032 τὸν

297 4066 558 4133 οὐρανὸν
603 4066 746 4119 ὡσεί
800 4065 1020 4133 δέρῤιν,
1045 4068 1079 4119 ό
1130 4064 1428 4136 στενάζων
1466 4067 1538 4121 ἐν
1581 4067 1762 4122 ὕδασι
1797 4069 1869 4123 τὰ

296 4153 535 4222 ὑπερῷα
582 4154 787 4209 αὐτοῦ.
826 4149 999 4209 Ἧκεν
1047 4158 1177 4226 ἡμῖν
1201 4195 1217 4221 ,
1253 4156 1454 4228 φησὶν,
1502 4158 1587 4211 ἐπ’
1624 4159 1868 4229 ἐσχάτων

299 4244 520 4314 ἡμερῶν
566 4245 953 4318 σαρκοφορῶν,
985 4248 1078 4300 καὶ
1126 4247 1224 4318 τὴν
1262 4247 1434 4320 ὑγρὰν
1489 4249 1585 4304 καὶ
1634 4250 1866 4305 ἄστατον

293 4334 566 4390 ,θάλατταν
596 4335 843 4408 ἀνίκμοις
876 4338 1029 4391 ποσὶν
1057 4339 1533 4411 ἐπιπορευόμενος.

874 4429 1121 4482 ΠΕΥΣΙΣ
1152 4427 1278 4485 EH’.

366 4515 480 4570 Kal
504 4516 757 4588 ἀνωτέρω
790 4517 890 4591 ἤδη
935 4517 1237 4589 ἐδεήθημέν
1272 4537 1367 4573 σου
1396 4521 1470 4592 μὴ
1498 4520 1574 4585 ὡς
1602 4521 1863 4584 ἀπίστους

295 4607 445 4677 ἡμᾶς
482 4610 630 4678 σχεῖν
683 4608 1023 4680 ἐρωτῶντας,
1066 4608 1200 4663 ἀλλὰ
1248 4612 1367 4674 ταῖς
1393 4612 1616 4666 ἐκείνων
1664 4613 1867 4680 φωναῖς

299 4694 609 4765 χρωμένους
646 4697 796 4767 παρὰ
835 4697 929 4750 σοῦ
970 4698 1390 4769 οἰκοδομεῖσθαι.

905 4869 1268 4937 Ἀπόκρισις.

367 4956 478 5011 Καὶ
507 4954 654 5027 μάλα
689 4955 913 5019 εἰκότως
933 4957 1069 5023 ἀξιῶ
1100 4959 1197 5029 τὴν
1228 4960 1500 5032 ὑμετέραν
1540 4961 1866 5031 άξιάγαστον

294 5052 590 5124 ἀγχίνοιαν,
627 5051 748 5122 μηδ’
789 5052 924 5115 ὅλως
975 5051 1293 5115 ὲπισκάζειν
1321 5053 1354 5124 ἢ
1388 5054 1647 5124 χωλεύειν
1672 5059 1739 5128 τῇ
1770 5056 1868 5126 βά-

296 5160 378 5196 σει
412 5144 515 5213 τῆς
544 5143 782 5207 διανοίας
814 5143 905 5197 ἐπὶ
937 5144 1040 5214 τῆς
1065 5145 1342 5216 ἁτρεκίας.
1365 5145 1555 5217 Δῶμεν
1591 5150 1646 5204 δὲ
1684 5151 1866 5206 είκόνα

293 5231 373 5304 τῷ
395 5232 556 5303 λόγῳ,
569 5234 643 5297 ὼς
666 5235 942 5306 ὑπερφυὲς
955 5237 1057 5306 τῆς
1070 5236 1246 5307 γῆςτὸ
1263 5237 1408 5309 ὕδωρ
1434 5239 1627 5296 ἑκατὸν
1650 5243 1863 5313 πήχεις·

294 5328 467 5397 φῆσαι
489 5327 545 5380 δὲ
569 5328 659 5382 τὸν
685 5328 834 5382 Θεὸν·
861 5330 1178 5398 Γενηθήτω
1202 5330 1507 5397 στερέωμα
1526 5332 1643 5387 ἀνὰ
1670 5332 1866 5403 μέσον

292 5416 401 5470 τοῦ
461 5414 681 5481 ὕδατος
702 5457 717 5481 ,
749 5418 847 5471 καὶ
900 5419 1057 5472 ἔστω
1097 5417 1442 5488 διαχωρίζον
1484 5421 1603 5475 ἀνὰ
1666 5421 1864 5491 μέσον

291 5505 513 5571 ὕδατος
543 5505 641 5559 καί
686 5506 930 5573 ὕδατος-
958 5509 1198 5578 παγῆναι
1230 5510 1286 5563 δὲ
1326 5506 1481 5573 αὖθις
1508 5511 1860 5582 κρύσταλλον,

292 5598 386 5651 καὶ
434 5596 643 5667 ἀνέχειν
688 5598 750 5650 τὸ
803 5599 974 5669 ἥμισυ
1016 5599 1127 5667 τῶν
1180 5601 1384 5655 ὑδάτων
1413 5619 1425 5632 ’
1470 5596 1582 5655 οἷον
1634 5602 1729 5656 ἐπὶ
1763 5604 1863 5676 τῆς

1713 412 2058 472 οιΑιοοιῖε
2098 416 2135 471 I.

3455 421 3558 477 95%

1998 534 2225 597 scimus,
2274 532 2326 589 id
2367 533 2511 604 quod
2558 532 2804 589 cernitur
2854 533 3130 590 solidioris
3161 548 3286 590 esse
3327 546 3556 596 naturae.

1989 640 2150 695 quam
2191 626 2304 681 sint
2336 625 2768 696 inaspectabilia.
2821 625 2999 681 Moses
3047 625 3317 695 siquidem
3358 628 3559 698 inquit,

1992 712 2057 770 In
2084 717 2339 785 principio
2368 716 2491 786 fecit
2527 715 2666 770 Deus
2690 716 2877 770 caelum
2906 726 2955 770 et
2987 726 3183 770 terram
3215 718 3278 772 ιθ.
3309 717 3409 773 llic
3432 734 3564 773 vero

1992 805 2208 861 ﬁrmum
2238 807 2373 862 illud
2411 816 2697 871 memorat,
2735 806 2802 860 Et
2834 808 2972 861 dixit
3002 807 3139 863 Deus
3167 824 3188 863 :
3213 808 3338 863 Fiat
3369 811 3558 879 ﬁrma-

1989 906 2221 951 mentum
2253 899 2315 951 ".
2359 897 2426 952 Et
2463 897 2631 953 Isaias
2674 912 2932 954 asserens
2972 900 3188 953 illorum
3217 900 3437 970 quidem
3474 910 3559 955 te-

1987 988 2250 1043 unitatem
2283 999 2337 1043 et
2367 988 2642 1043 levitatem
2683 998 2916 1053 naturae,
2946 988 3112 1058 hujus
3152 1005 3279 1044 vero
3314 990 3561 1045 solidita-

1987 1081 2094 1129 tem
2126 1083 2181 1129 et
2209 1076 2631 1133 crassitudinem
2672 1078 2944 1148 corporis.
2981 1078 3158 1148 inquit
3186 1095 3200 1132 :
3239 1077 3345 1143 Qui
3374 1080 3560 1147 ﬁrma-

1986 1168 2057 1221 vit
2087 1167 2275 1221 caelum
2304 1168 2463 1222 veluti
2488 1167 2784 1236 fumum,'et
2816 1169 3044 1224 extendit
3084 1170 3254 1236 ipsum
3285 1168 3444 1223 veluti
3474 1178 3559 1222 ta-

1988 1258 2327 1311 bernaculum
2362 1258 2427 1311 ¹⁸.
2476 1258 2548 1312 De
2577 1274 2643 1314 eo
2670 1274 2800 1313 vero
2822 1259 2966 1329 quod
3012 1259 3278 1323 cernitur,
3331 1259 3511 1329 inquit
3543 1276 3555 1311 :

1988 1344 2093 1411 Qut
2134 1346 2255 1411 ﬁxit
2296 1346 2481 1400 cazlum
2513 1348 2673 1401 velati
2714 1364 2977 1402 cameram
3003 1349 3065 1403 ι’.
3097 1347 3273 1401 Etiam
3301 1349 3477 1403 virum
3506 1361 3558 1402 et
3636 1350 3647 1358 “

1987 1436 2289 1501 mulierem,
2326 1436 2602 1492 hominem
2628 1440 2906 1508 appellare
2946 1438 3230 1493 consuevit
3276 1437 3558 1508 Scriptura

1986 1540 2142 1579 sacra
2165 1541 2180 1589 ;
2211 1542 2447 1596 cuiuque
2473 1529 2536 1582 sit
2570 1529 2758 1582 eadem
2785 1529 3093 1598 appellatio,
3120 1537 3298 1583 tamen
3326 1530 3416 1584 illc
3438 1531 3559 1598 qui-

1985 1616 2108 1669 dem
2154 1618 2416 1674 rohustus
2446 1628 2499 1672 et
2530 1620 2594 1673 ad
2637 1621 2886 1687 graviora
2929 1622 3148 1674 ferenda
3179 1622 3393 1676 validus
3437 1632 3554 1685 est,

1984 1707 2100 1761 hzec
2128 1723 2258 1763 vero
2287 1709 2502 1761 inollior
2531 1716 2586 1763 et
2614 1709 2803 1772 levior,
2838 1718 2948 1763 tam
2979 1710 3356 1780 intelligentia.
3393 1714 3555 1780 quam

1984 1796 2253 1851 oration'e.
2304 1798 2659 1866 Super-iurum
2710 1798 2880 1868 igitur
2925 1799 3283 1853 substantiam
3338 1799 3556 1854 silentio

1986 1887 2323 1957 praeteriens,
2376 1899 2639 1956 quantum
2690 1889 2909 1959 assequi
2955 1905 3201 1958 possum,
3240 1891 3362 1959 ejus
3406 1891 3551 1960 quod

1981 1973 2227 2027 cernitur
2262 1982 2510 2027 naturam
2544 1976 2918 2046 rrystallinam
2960 1978 3179 2047 inquam
3220 1993 3343 2033 esse
3367 1978 3553 2033 divino

1982 2073 2250 2132 praerepto
2286 2065 2445 2119 lixam
2479 2075 2532 2121 et
2569 2067 2902 2132 roboratam,
2940 2077 2998 2122 ut
3046 2070 3257 2124 facilius
3292 2069 3428 2125 ferat
3471 2072 3554 2123 ul-

1982 2156 2364 2221 tramumlana,
2411 2158 2663 2228 idemque
2695 2168 2900 2215 nostra-
2938 2161 3322 2217 crassitudinis
3360 2177 3557 2231 expers

1978 2260 2121 2301 esse.
2155 2245 2431 2317 Utrosque
2457 2264 2589 2304 vero
2618 2250 2793 2304 cmlos
2821 2236 3081 2305 sustineri
3114 2252 3183 2304 ah
3211 2266 3274 2306 ea
3304 2266 3425 2321 qua:
3447 2267 3558 2307 om-

1979 2333 2069 2389 nia
2095 2335 2267 2391 vincit
2296 2347 2350 2393 et
2382 2340 2642 2403 sustinet,
2678 2328 2863 2396 divina
2901 2343 3122 2399 virtute.

2387 2430 2903 2488 INTERROGATIO
2941 2433 3145 2488 LXVII.

2048 2518 2117 2571 At
2157 2520 2434 2588 quomodo
2482 2530 2658 2590 potest
2692 2524 3012 2592 crystallum
3058 2533 3278 2594 portare
3307 2531 3358 2577 et
3393 2537 3554 2590 sepa-

1979 2622 2104 2663 rare
2136 2609 2359 2662 multam
2394 2617 2448 2671 et
2479 2609 2748 2665 inﬁnitam
2788 2612 2935 2666 illam
2967 2615 3202 2683 aquam?

2613 2701 2917 2771 Responsio.

2047 2789 2150 2844 Per
2208 2789 2364 2845 ﬁdem
2423 2792 2756 2863 apprehendi
2802 2794 3055 2863 dogmata
3116 2793 3557 2850 Christianorum

1978 2883 2176 2937 solent.
2212 2882 2347 2937 Nam
2378 2883 2472 2939 ubi
2502 2884 2619 2939 vult
2650 2883 2813 2947 Deus,
2865 2885 3157 2954 subjicitur
3187 2894 3379 2939 natura
3419 2903 3555 2956 prmo

1977 2981 2060 3039 ter
2083 2982 2333 3029 naturam
2363 2976 2628 3031 serviens.
2661 2974 2753 3032 Sic
2790 2992 2936 3047 aqua
2970 2979 3027 3031 in
3057 2979 3241 3031 vinum
3279 2988 3556 3033 converti-

1978 3078 2066 3122 tur
2093 3069 2148 3122 in
2178 3068 2327 3124 Cana
2354 3069 2626 3135 Galilaxe;
2673 3070 2754 3125 sic
2789 3073 2843 3125 in
2885 3070 3121 3142 AEgypto
3148 3073 3371 3126 rubrum
3401 3073 3554 3127 colo-

1979 3174 2094 3214 rem
2141 3159 2340 3229 accipit
2380 3159 2572 3227 Nilus;
2603 3161 2685 3215 sic
2721 3168 2919 3231 praeter
2952 3170 3205 3216 naturam
3241 3164 3415 3218 instar
3444 3173 3551 3218 ter,

1978 3264 2054 3304 rte
2095 3250 2423 3319 permeabile
2451 3250 2510 3303 ﬁt
2551 3265 2702 3306 mare
2736 3248 3009 3315 Rubrum,
3039 3251 3215 3305 instar
3265 3267 3547 3306 murorum

1976 3348 2253 3396 sectorum
2285 3341 2635 3395 constabilita
2663 3356 2827 3411 aqua,
2859 3352 2911 3395 et
2948 3342 3002 3395 in
3050 3342 3204 3397 arido
3242 3343 3409 3397 fundo
3438 3359 3549 3398 non

1975 3430 2228 3487 madente
2257 3432 2558 3502 pertransit
2596 3432 2856 3503 populus.
2889 3430 2974 3485 Sit
3003 3448 3133 3487 vero
3172 3433 3268 3487 tibi
3297 3434 3550 3489 incredu-

1974 3522 2148 3578 litatis
2177 3522 2471 3593 castigatio
2498 3539 2701 3579 exosus
2729 3522 2838 3576 Deo
2867 3522 3103 3585 Pharao.
3137 3524 3294 3595 aquis
3324 3524 3547 3579 marinis

1974 3612 2304 3679 immersus;
2334 3630 2459 3668 nam
2488 3614 2581 3685 qui
2608 3614 2758 3668 illum
2801 3613 2856 3667 in
2902 3614 3091 3669 eodem
3133 3615 3367 3667 tr:msitu
3415 3614 3548 3668 sub-

1973 3719 2212 3758 mersum
2258 3706 2443 3759 obruit
2474 3706 2756 3771 ﬂuctibus,
2811 3705 2957 3760 idem
3003 3707 3131 3759 olim
3170 3709 3315 3759 velut
3353 3707 3545 3776 pellem

1972 3794 2211 3860 aliquam
2237 3795 2437 3847 cmlum
2459 3796 2726 3857 extendit,
2758 3811 2922 3864 supra
2950 3803 3148 3848 terram
3174 3795 3393 3863 quidem
3415 3810 3549 3848 con-

1969 3896 2165 3935 vexum
2195 3883 2371 3951 ipsum
2419 3884 2672 3948 elevans;
2713 3900 2877 3953 Super
2908 3884 3165 3954 abyssum
3204 3892 3383 3938 autem
3423 3884 3546 3938 Iunu

1968 3970 2129 4031 dans,
2160 3972 2620 4047 quemadmodum
2666 3973 2827 4027 docet
2875 3972 3184 4027 divinorum
3237 3973 3542 4031 carminum

1968 4068 2197 4114 auctor:
2229 4058 2528 4114 Extendens
2555 4063 2742 4116 cazlunt
2772 4065 2908 4117 velut
2940 4063 3146 4131 pellent,
3195 4073 3363 4133 tegens
3394 4066 3546 4134 aquis

1967 4152 2240 4221 superiora
2277 4153 2389 4216 eius
2425 4154 2490 4205 ὀ.
2544 4155 2715 4223 Atque
2747 4156 2834 4208 hic
2858 4156 3005 4210 venit
3049 4156 3115 4209 ad
3168 4172 3290 4219 nos,
3341 4156 3543 4226 inquit,

1967 4244 2303 4313 temporibus
2330 4246 2591 4300 extremis
2620 4260 2841 4300 carnem
2888 4257 3132 4316 gestans,
3163 4256 3217 4302 et
3250 4247 3536 4302 humidum

1967 4334 2332 4405 instabileque
2365 4350 2514 4390 mare
2541 4336 2707 4390 siccis
2736 4336 2970 4405 pedibus
3001 4340 3299 4393 transiens.

2354 4424 2875 4481 INTERROGATIO
2914 4426 3145 4482 LXVIII.

2048 4516 2211 4586 Atqui
2241 4516 2356 4584 jam
2399 4526 2527 4573 ante
2558 4518 2611 4572 in
2648 4518 3082 4588 praecedentibus
3112 4520 3423 4591 rogavimus
3468 4528 3541 4584 te,

1972 4608 2066 4679 qui
2120 4624 2222 4663 nos
2257 4609 2482 4674 toleres,
2512 4609 2641 4663 dum
2672 4610 3100 4681 interrogamus,
3135 4626 3241 4665 non
3278 4618 3337 4664 ut
3368 4610 3544 4666 incre-

1970 4699 2106 4761 duli,
2141 4700 2235 4753 sed
2258 4701 2414 4769 quasi
2446 4701 2538 4768 qui
2568 4701 2796 4756 aliormn
2825 4703 3050 4758 vocibus
3080 4710 3317 4768 utentes,
3349 4718 3446 4773 per
3489 4711 3543 4759 te

1970 4789 2202 4844 velimus
2232 4791 2514 4845 aediﬁcari.

2604 4881 2907 4953 Responsio.

2042 4968 2155 5039 Ego
2190 4985 2320 5026 vero
2350 4986 2457 5025 non
2490 4972 2588 5027 abs
2620 4988 2678 5028 re
2710 4984 2947 5038 vestram
2977 4977 3232 5031 eximiam
3262 4975 3540 5031 subtilita-

1967 5069 2077 5116 tem
2100 5076 2218 5124 oro.
2246 5078 2312 5118 ne
2334 5062 2652 5118 claudicetis
2677 5081 2870 5136 gressu
2903 5069 3104 5124 mentis
3132 5070 3185 5123 in
3214 5082 3543 5139 cognoscen-

1967 5152 2034 5206 da
2066 5153 2319 5208 veritate.
2371 5152 2635 5210 Dabimus
2668 5165 2848 5211 autem
2891 5159 3039 5213 verbi
3070 5160 3243 5229 gratia
3284 5160 3539 5214 similitu-

1966 5241 2171 5309 dinem,
2200 5247 2356 5315 quasi
2395 5253 2611 5300 centum
2647 5246 2847 5302 cubitis
2881 5257 3083 5304 terram
3113 5250 3342 5306 excedat
3373 5267 3535 5322 aqua.

1965 5335 2103 5390 Cum
2139 5345 2320 5391 autem
2368 5326 2597 5391 dixisset
2646 5335 2790 5393 Deus
2826 5358 2841 5395 :
2885 5339 3013 5393 Fiat
3058 5342 3448 5409 firmamentum
3481 5343 3535 5395 in

1968 5425 2138 5481 medio
2189 5443 2361 5499 aqua,
2403 5437 2451 5483 et
2480 5426 2681 5480 dividat
2734 5428 2870 5482 inter
2916 5447 3106 5500 aquam
3150 5443 3200 5486 et
3230 5449 3420 5503 aquam
3464 5432 3532 5494 ",

1968 5518 2379 5573 constabilitum
2409 5533 2606 5573 rursus
2631 5516 2802 5574 fuisse
2833 5522 3173 5591 crystallum.
3198 5522 3341 5591 quod
3373 5520 3536 5576 dimi-

1969 5606 2116 5661 dium
2161 5621 2425 5679 aquarum
2474 5614 2762 5678 sustineat,
2803 5613 3261 5684 quemadmodum
3296 5616 3350 5668 in
3392 5613 3536 5669 vitro

362 5709 405 5743 “
443 5708 580 5765 Gen.
620 5725 658 5775 ι,
692 5711 743 5765 t.
822 5712 863 5743 "
905 5712 1037 5768 ibid.
1066 5713 1120 5768 6.
1198 5715 1240 5745 ⁸⁸
1280 5713 1384 5773 lsa.
1412 5732 1501 5782 XL,
1530 5715 1625 5773 22.
1700 5717 1744 5750 "
1786 5719 1918 5776 ibid.
1994 5725 2039 5756 ὀ
2078 5723 2223 5780 Psal.
2252 5738 2366 5791 CIII,
2397 5726 2451 5780 2.
2528 5729 2571 5760 ²¹
2615 5728 2749 5783 Gen.
2783 5745 2821 5795 t,
2857 5729 2909 5781 6.

364 5822 479 5894 {‘22)
518 5825 914 5895 ιιόυφότερον.
946 5826 1106 5882 Forte
1135 5829 1456 5901 κουφότερα.
1480 5830 1635 5885 EDI'I'.
