2000 3208
205 213 257 241 935

202 275 298 297 vmere
310 272 364 299 est,
376 274 409 295 ex
425 274 482 302 quo
494 267 566 295 alius
581 267 618 294 sit
632 270 776 301 separatus
792 265 862 292 calix
879 263 927 299 qui
938 262 994 290 dis-

204 318 301 343 cernat
326 314 476 349 dupliciter
489 313 564 348 quod
585 312 707 339 infusum
728 315 780 339 est.
796 310 882 345 Major
903 314 995 338 autem

204 360 279 387 omni
294 359 413 386 humana
425 359 594 394 cogitatione
611 361 653 384 est
667 356 872 383 absolutissima
887 356 997 391 sapiens

205 405 345 441 operatrix
362 405 408 431 illa
424 405 466 431 vis
478 404 536 431 Dei.
552 402 747 430 Animadverte
763 409 828 430 vero
842 402 998 430 evidentius

205 451 362 485 exemplum
375 450 410 477 de
424 449 609 480 ﬁrmamento,
623 455 678 475 non
693 452 751 475 arte
765 447 934 480 mortalium,
950 448 999 475 sed

206 495 300 524 divino
313 496 430 524 consilio
444 496 640 526 constitutum,
657 498 685 522 et
699 494 779 528 quasi
794 493 926 521 doctrinae
937 501 999 529 gra-

206 543 244 570 tia
261 543 340 570 nobis
356 542 540 577 propOsitum,
557 548 642 568 unum
659 548 692 568 ex
708 543 826 575 quatuor
841 539 1000 567 fluminibus

206 589 242 617 de
258 588 380 624 paradisi
396 587 472 615 fonte
487 587 648 619 ﬂuentibus,
663 586 737 621 quod
749 585 851 613 Phison
867 593 881 612 a
895 585 1000 613 doctri-

208 641 244 660 na
257 638 362 665 nostra,
379 633 451 667 apud
469 632 580 660 Grtccos
597 639 662 659 vero
678 631 756 662 Ister.
771 630 843 666 apud
862 630 1002 658 Romanos

210 680 367 711 Danubius,
384 684 410 706 et
429 680 498 713 apud
520 679 625 705 Gothos
647 678 770 704 Dunabis
784 678 954 712 appellatur;
978 677 1001 704 si

209 726 296 751 hieme
320 724 447 758 congelet
473 728 499 750 et
525 724 552 749 in
579 723 714 756 lapideatu
736 722 862 748 duritiem
882 727 1002 748 mutetur

209 771 300 797 mollis
316 770 362 796 illa
381 769 503 796 fluminis
517 773 627 798 natura,
645 773 673 793 ut
687 767 756 794 ferre
771 768 858 801 possit
873 767 1002 794 inceden-

209 822 250 844 tes
273 817 301 843 in
322 824 356 843 eo
371 819 505 846 armatos,
522 820 549 841 ct
570 815 604 840 ad
628 813 827 845 Romanorum,
850 814 1001 848 Illyriorum

210 864 403 896 Thracumque
417 862 485 887 lines
500 860 707 887 transeuntium
729 859 945 886 multitudinem.
965 859 1002 885 lla

210 918 277 938 sane
293 910 374 937 etiam
394 908 461 935 illud
486 907 575 941 ipsum
595 914 627 932 ex
647 913 717 940 aqua
740 906 891 932 stabilitqu
913 905 1003 931 ﬁrma-

211 958 344 981 mentum.
362 952 465 979 Subtus
477 951 586 986 quidem
603 951 716 977 alluitur
732 950 936 977 subtet‘labentc
951 950 1003 976 ﬂu—

211 1000 295 1030 mine,
320 998 366 1024 sed
385 1004 467 1031 supra
485 1004 514 1022 se
536 996 588 1022 fert
611 1003 712 1030 equum
737 999 763 1021 et
783 999 932 1027 vectorem,
953 995 1003 1020 ali-

211 1044 321 1079 quoties
336 1044 376 1077 (ut
392 1041 525 1071 cernitur)
542 1047 655 1066 numero
669 1039 760 1065 decies
773 1038 856 1064 mille.
870 1037 911 1063 Fit.
922 1038 1004 1064 etiam

211 1087 370 1124 aliquando,
398 1091 427 1113 ut
452 1086 599 1121 asperitate
627 1085 723 1111 hiemis
755 1083 949 1114 invalescente,
979 1086 1006 1109 et

213 1138 405 1170 perseverante
424 1132 534 1166 frigore,
551 1131 698 1157 vehemens
714 1136 809 1163 aquae
824 1129 942 1155 nubibus
960 1128 1006 1154 dc-

213 1182 298 1216 pluat,
314 1184 340 1206 et
355 1187 403 1214 per
419 1178 503 1205 valles
519 1182 565 1203 aut
588 1176 721 1202 montium
739 1176 866 1207 vertices,
885 1178 932 1201 aut
949 1174 1006 1201 col-

214 1229 252 1254 les
277 1233 402 1255 manans,
432 1223 466 1250 ad
496 1222 616 1249 fluminis
647 1221 847 1247 ﬁrmamentum
875 1220 1005 1247 feratur:

214 1272 287 1308 quod
301 1271 465 1305 diremptum
489 1273 614 1303 respectu
635 1267 694 1301 ejus
710 1266 783 1300 quod
803 1273 921 1300 superne
937 1264 1006 1297 ﬁuit,

214 1316 292 1352 quasi
308 1316 459 1349 intercepto
474 1322 505 1341 ex
523 1314 602 1348 aquis
618 1313 798 1341 ﬁrmamento.
813 1312 917 1345 absque
934 1317 1009 1336 com-

215 1363 345 1390 mistione
356 1360 576 1394 confusioneque
591 1362 684 1385 manet
696 1365 758 1384 cum
772 1365 804 1384 eo
820 1357 891 1392 quod
905 1357 1008 1384 subest.

215 1406 377 1435 Consimilia
401 1413 450 1440 per
475 1406 565 1432 nivem
593 1403 736 1434 discimus,
758 1409 819 1437 qua:
843 1401 976 1436 excipitur
995 1408 1011 1427 a

216 1451 389 1478 ﬁrmamento
404 1449 438 1476 de
452 1456 507 1484 quo
523 1448 651 1480 dicimus,
670 1447 707 1474 ita
726 1451 754 1474 ut
772 1447 807 1474 sit
824 1447 911 1481 ipsum
928 1447 1011 1473 inter-

217 1496 336 1523 medium
349 1500 455 1530 septum
471 1493 671 1529 crystallinum,
688 1500 819 1527 separatis
831 1492 901 1519 inter
913 1499 1011 1526 aquam

216 1546 244 1569 et
262 1549 370 1577 aquam,
390 1541 476 1568 instar
493 1539 613 1567 ewlcstis
633 1538 793 1566 lirmatnenti
809 1538 843 1565 ab
857 1538 972 1565 infernis
986 1542 1013 1565 et

218 1588 395 1617 terrestribus
412 1595 530 1622 superna
554 1590 580 1613 et
598 1584 808 1612 nltramundana
820 1584 1011 1611 tliseerneutis.

219 1637 286 1663 Dico
312 1640 403 1663 autem
434 1633 549 1661 inﬁnitis
578 1631 666 1658 modis
686 1631 798 1662 fortius,
819 1637 900 1665 quam
925 1629 1013 1656 hiems

219 1683 317 1718 possit,
334 1681 456 1708 divinum
474 1678 541 1706 illud
557 1679 716 1705 mandatum
737 1676 902 1704 stabilivisse
925 1676 1013 1710 impo-

220 1728 303 1754 situm
321 1725 403 1760 capiti
420 1730 514 1752 nostro
533 1724 744 1750 ﬁrmamentum.

431 1814 692 1844 INTERROGA’I‘IO
713 1814 806 1842 LXIX.

257 1865 310 1892 Sed
326 1872 412 1900 quare
437 1868 502 1890 stitit
525 1870 603 1897 aqua:
620 1861 764 1896 superna}?
786 1864 816 1887 ut
831 1859 930 1894 aliquis
946 1860 1014 1886 hau-

223 1912 285 1943 riat,
303 1915 350 1937 attt
365 1910 448 1941 bibat,
466 1914 513 1936 aut
532 1908 650 1942 naviget,
667 1913 713 1934 aut
728 1911 820 1942 potum
839 1905 956 1941 prtebeat
978 1906 1016 1932 al-

221 1958 284 1990 teri,
300 1962 347 1984 aut
361 1964 507 1992 quemnam
523 1958 635 1991 propter
650 1953 733 1980 alium
749 1953 830 1980 talem
846 1952 946 1979 usum?

542 2000 696 2035 Responsio.
722 2019 728 2024 .

258 2048 328 2081 Quia
339 2047 498 2083 crystallum
514 2054 576 2074 esse
592 2046 646 2073 dixi
662 2045 876 2076 ﬁrmamentum,
894 2048 1018 2078 receptu-

224 2103 284 2121 rum
300 2098 358 2121 erat
370 2093 557 2127 subjectorum
576 2091 753 2119 luminarium
771 2090 957 2126 splendorem,
974 2097 1018 2116 so-

224 2142 276 2168 lem
285 2141 396 2175 inquam
408 2143 434 2166 ct
446 2139 551 2170 lunam,
566 2142 593 2165 ct
606 2138 740 2173 reliquum
753 2141 891 2164 astrorum
904 2140 1017 2167 emtum,

224 2195 257 2214 ex
281 2187 342 2221 igne
361 2189 487 2212 naturain
508 2185 663 2212 habentem.
685 2182 725 2210 Ne
743 2183 827 2218 igitur
842 2183 950 2209 illorum
973 2189 1019 2207 ar-

224 2233 291 2259 dore
307 2231 488 2259 rcsolvcrelur
495 2230 567 2265 quod
581 2229 664 2255 ﬁxum
680 2232 732 2260 est,
745 2234 793 2263 per
808 2227 834 2253 id
849 2227 884 2254 ab
899 2226 945 2253 illo
960 2226 1019 2253 dis-

226 2276 315 2303 crevit
331 2275 468 2302 inﬁnitam
491 2274 566 2301 illam
583 2280 692 2308 aquam,
707 2272 790 2300 veluti
805 2271 920 2307 positam
937 2278 1020 2305 super

227 2322 356 2348 humeros
370 2321 431 2355 ejus
447 2319 481 2346 ad
497 2317 710 2353 refrigerandam
727 2316 978 2347 inflammationem,
994 2319 1020 2342 et

227 2367 261 2394 ad
279 2367 451 2402 lcvigandam
468 2364 649 2395 rotationem,
667 2363 752 2390 utilla
771 2362 933 2390 humiditate
949 2369 1022 2390 cras-

227 2415 286 2441 sius
305 2413 442 2441 redditum
456 2411 586 2439 resistere
603 2410 689 2445 possit
705 2410 758 2444 igni
779 2408 966 2437 luminarium.

441 2456 703 2485 ιΝΤΕιιιιοαΑΉο
724 2456 806 2483 LXX.

263 2504 408 2537 Quomodo
416 2510 482 2531 vero
495 2503 655 2537 ﬁeriputcst
664 2507 693 2529 ut
708 2502 809 2537 glacies
829 2501 941 2529 resistat
954 2500 1021 2537 igni,

229 2558 291 2586 quae
302 2550 378 2577 nullo
398 2549 479 2576 modo
495 2548 548 2576 fcrt
568 2549 639 2584 ignis
670 2547 918 2582 propinquitatem,
935 2555 1024 2583 neque

231 2603 330 2623 manus
347 2595 605 2626 contrectationem,
631 2601 719 2629 nequc
733 2601 828 2620 auram
851 2593 1022 2625 calidiorem,

230 2649 319 2678 neque
333 2646 362 2669 ut
374 2646 450 2669 veste
463 2646 568 2677 tegatur
585 2641 596 2667 *ἶ

549 2686 706 2721 Responsio.

267 2745 301 2772 At
318 2752 372 2772 non
384 2749 449 2772 sunt
461 2743 507 2771 illa
522 2743 734 2770 ultramundana
747 2742 866 2770 terrenis
874 2748 922 2777 per
934 2740 1026 2769 omnia

234 2801 427 2837 subjicienda;
447 2808 509 2827 nam
537 2801 615 2827 aliter
644 2806 726 2834 quam
753 2805 802 2834 pro
826 2802 920 2826 nostra
948 2797 1026 2825 inﬁr-

235 2859 339 2890 mitate,
356 2858 450 2885 divina
483 2858 572 2885 virtus
599 2856 691 2883 omnia
711 2855 851 2890 dispensat
870 2859 953 2890 atque
977 2862 1028 2890 gu-

272 2942 330 2977 (2'5)
353 2942 522 2977 Ὑπερῤἐυν.
535 2942 615 2969 Forte
629 2940 773 2976 ὑπορρέον.
791 2940 870 2968 Ευιτ.

740 209 769 236 S.
787 204 1125 238 CIES.\RII,GREGORII
1145 203 1296 231 FBATRIS

1787 197 1845 228 {=36

1048 261 1129 288 ὑάλου
1153 260 1227 287 ἐστιν
1250 259 1380 295 ἀθρῆσαι,
1397 258 1427 291 ἐξ
1450 257 1535 293 αὐτῆς
1555 256 1662 291 ἐκείνην
1685 256 1846 292 διαπεπαι-

1047 307 1152 342 γμένην
1164 307 1214 341 τὴν
1229 304 1393 336 κύλικα,καὶ
1401 303 1601 338 ἁποκρίνουσαν
1613 302 1693 337 διχῶς
1707 303 1737 330 τὺ
1746 304 1843 338 ἐκχεοα

1050 360 1140 388 μενον.
1167 351 1276 382 Μείζων
1301 350 1330 377 δέ
1349 350 1459 381 πάντως
1487 348 1660 384 ἀνθρωπίνης
1685 348 1808 380 ἐπινοίας
1823 350 1843 378 ἡ

1049 398 1188 432 πάνσοφος
1207 396 1255 424 τοῦ
1274 396 1342 423 Θεοῦ
1363 395 1497 431 δραστικὴ
1510 395 1635 430 δύναμις.
1659 395 1728 430 Ὅρα
1740 394 1769 421 δέ
1796 403 1845 430 μοι

1049 443 1246 480 ἐναργέστερον
1262 442 1415 477 ὑπόδειγμα
1431 441 1495 476 περὶ
1516 441 1563 467 τοῦ
1589 440 1789 476 περεὼματος,
1811 441 1844 466 οὑ

1049 488 1132 524 τέχνῃ
1146 486 1274 522 βροτῶν,
1290 486 1360 513 ἀλλὰ
1379 486 1440 521 θείᾳ
1460 485 1542 521 βουλῇ
1565 485 1774 520 συνιστάμενον,
1795 485 1847 513 καὶ

1050 535 1132 561 οἱονεὶ
1151 533 1336 560 διδασκαλεῖον
1359 534 1427 567 ἡμῖν
1444 532 1642 568 προκείμενον,
1659 531 1705 557 τὸν
1723 531 1770 558 ἕνα
1789 531 1847 557 τῶν

1050 580 1188 615 τεττάρων
1205 580 1237 606 ἐκ
1250 578 1300 613 τῆς
1317 579 1347 605 ἐν
1369 578 1527 614 παραδείσῳ
1546 579 1650 613 κρήνης
1665 577 1778 612 ῥεόντων
1793 585 1846 603 πο-

1051 624 1210 660 ταμῶν,τὸν
1221 624 1344 656 Quadive,
1357 624 1432 659 παρὰ
1449 625 1483 659 τῇ
1496 623 1556 650 καθ’
1570 624 1645 659 ἡμᾶς
1661 623 1766 658 Γραφῇ,
1778 623 1848 658 παρ’

1054 673 1166 707 Ἕλλησι
1191 672 1220 698 δὲ
1239 670 1362 706 Ἶστρον,
1380 671 1456 707 παρὰ
1478 671 1507 696 δὲ
1530 670 1675 705 Ῥωμαίοις
1689 668 1846 702 Λανούϐιον,

1054 719 1129 754 παρὰ
1143 719 1170 744 δὲ
1181 718 1289 749 Γότθοις
1300 717 1430 743 Δούναϐιν
1445 716 1715 752 προσαγορευόμενον
1724 724 1731 731 -
1742 714 1850 750 χειμῶ-

1053 771 1097 793 νος
1106 762 1291 796 πηγνυμένου,
1306 763 1353 788 καὶ
1367 762 1406 792 είς
1419 761 1518 796 λιθώδη
1539 760 1700 787 ἀντιτυπίαν
1718 759 1850 794 μεθιστα-

1056 809 1138 843 μένης
1155 808 1205 842 τῆς
1222 807 1347 842 μαλακῆς
1361 807 1408 833 τοῦ
1426 807 1534 842 ῥείθρου
1556 806 1675 841 φύσεως,
1693 806 1730 837 ὡς
1747 805 1806 832 οἷαν
1816 813 1851 832 τε

1056 856 1147 891 φέρειν
1161 853 1398 888 ἐπιπορευομένων
1411 853 1562 888 πολεμίων,
1578 853 1625 879 καὶ
1640 853 1708 887 πρὸς
1720 851 1755 878 τὰ
1780 852 1850 878 Ῥω-

1059 902 1157 936 μαίων,
1175 900 1291 936 Ἰλλύριὰ
1311 909 1340 925 τε
1358 900 1404 925 καὶ
1421 899 1542 934 Θρᾲκεια
1565 899 1635 934 μέρη
1649 897 1850 932 διαφοιτώντων

1058 947 1169 981 πλῆθος.
1188 946 1268 972 Οὕτω
1288 955 1328 971 τοι
1346 946 1393 971 καὶ
1411 945 1441 971 τὸ
1456 945 1522 971 αὐτὸ
1543 945 1574 971 ἐκ
1588 945 1634 971 τοῦ
1653 944 1746 975 ὓδατος
1763 943 1852 978 παγὲν

1059 991 1212 1026 στερέωμα,
1225 990 1405 1021 ὑποκλύζεται
1424 990 1473 1024 μὲν
1489 989 1528 1024 τῷ
1548 989 1723 1025 ὑποκριθέντι
1738 989 1851 1024 ῥείθρῳ,

1060 1036 1222 1070 ὺπερστέγει
1243 1036 1265 1061 δ’
1281 1036 1362 1061 ἵππον
1377 1035 1423 1060 καὶ
1442 1035 1597 1069 ἀναϐάτην,
1614 1035 1643 1060 ἐν
1659 1034 1760 1069 χιλιάσι
1784 1034 1853 1061 δέκα

1061 1082 1191 1113 πολλάκις
1206 1081 1353 1116 ὁρώμενον.
1366 1082 1443 1107 Ἔστι
1455 1081 1482 1107 δὲ
1497 1082 1539 1108 ὅτε
1554 1080 1600 1106 καὶ
1612 1080 1660 1116 τῆς
1670 1079 1794 1115 ἀμειδίας
1804 1079 1853 1107 τοῦ

1060 1127 1195 1162 χειμῶνος
1213 1127 1426 1162 ἐπικρατούσης,
1445 1128 1492 1153 καὶ
1516 1126 1563 1153 τοῦ
1587 1126 1687 1162 κρύους
1713 1126 1853 1162 μένοντος,

1060 1174 1160 1209 λάϐρον
1185 1174 1256 1209 ὕδωρ
1277 1174 1331 1200 ἀπὸ
1344 1173 1432 1207 νεφῶν
1445 1174 1569 1208 ὐόμενον,
1585 1173 1631 1199 καὶ
1645 1172 1689 1199 διὰ
1699 1172 1754 1199 τῶν
1769 1181 1857 1208 χαρα-

1061 1219 1133 1255 δρῶν
1147 1220 1164 1254 ἣ
1182 1220 1342 1254 ἀκρωρειῶν
1364 1220 1412 1245 καὶ
1439 1219 1585 1253 γεωλόφων
1603 1218 1793 1253 κατάρῤηκτον
1806 1218 1857 1245 ἐπὶ

1062 1264 1109 1290 τοῦ
1139 1264 1272 1299 ποταμίου
1293 1263 1482 1299 στερεώματος
1500 1263 1641 1298 φέρεσθαι.
1665 1263 1753 1297 Ὅπερ
1769 1263 1856 1299 διειρ-

1063 1309 1179 1344 γόμενον
1191 1310 1258 1344 πρὸς
1269 1310 1300 1336 τὸ
1314 1310 1446 1345 ὑπερρέον
1465 1309 1521 1344 ιῖὅ)
1536 1305 1594 1336 οἷον
1615 1309 1803 1345 διαφράγματι
1816 1310 1857 1345 τῷ

1065 1355 1094 1387 ἐξ
1108 1356 1211 1383 ὑδάτων
1225 1355 1397 1391 στερεώματι
1417 1356 1518 1390 ἀμιγὲς
1537 1354 1605 1386 τέως
1627 1356 1674 1381 καὶ
1690 1355 1858 1391 ἀσύγκριτον

1067 1403 1142 1438 μένει
1160 1403 1228 1438 πρὸς
1242 1402 1272 1429 τὺ
1293 1403 1482 1437 ὑποκείμενον.
1506 1401 1689 1438 Παραπλήσια
1706 1402 1735 1428 δὲ
1751 1402 1798 1428 καὶ
1810 1401 1858 1428 διὰ

1065 1448 1115 1482 τῆς
1127 1448 1216 1483 χιόνος
1239 1447 1433 1482 παιδευόμεθα,
1453 1447 1655 1482 ἐπιξενωμένης
1665 1446 1704 1482 τῷ
1719 1446 1859 1482 είρημέιῳ

1068 1493 1256 1529 στερεώματι¹
1276 1494 1346 1520 ὥστε
1362 1494 1495 1529 ὑπάρχειν
1524 1493 1588 1520 αὐτὸ
1616 1493 1777 1528 μεταίχμιον
1797 1492 1859 1520 διὰ-

1068 1548 1183 1575 φραγμα
1212 1539 1389 1574 κρύσταλλον,
1409 1539 1569 1574 διαχωρῐζον
1585 1539 1637 1565 ἀνά
1661 1539 1743 1574 μέσον
1762 1538 1861 1570 ὕδατος

1067 1587 1113 1612 καὶ
1139 1586 1245 1617 ὓδατος,
1263 1586 1341 1620 δίκην
1369 1584 1416 1611 τοῦ
1441 1584 1569 1619 οὐρανίου
1590 1583 1789 1619 στερεώματος,
1804 1583 1861 1610 τῶν

1068 1631 1198 1664 ἐπιγείων
1219 1631 1253 1657 τὰ
1269 1631 1442 1666 ὺπερκόσμια
1465 1630 1657 1665 διακρίνοντος.
1681 1628 1862 1664 Ἀπειροπλα-

1069 1677 1134 1708 σίως
1157 1676 1185 1702 δέ
1207 1676 1254 1702 καὶ
1278 1676 1478 1711 ἀπαραῦλήτως
1501 1675 1634 1711 χειμῶνος
1649 1675 1680 1702 τὸ
1698 1675 1768 1702 θεῖον
1778 1675 1863 1711 πρόσ-

1067 1722 1161 1757 ταγμά
1185 1730 1256 1757 φημι
1277 1721 1460 1757 ἰσχυρότερον,
1482 1721 1571 1756 πῆξαν
1595 1722 1626 1748 τὸ
1649 1721 1719 1757 ὑπὲρ
1741 1721 1863 1756 κεφαλῆς

1068 1768 1147 1803 ἡμῶν
1162 1776 1207 1793 στε
1212 1767 1315 1803 ρέωμα.

1371 1814 1496 1840 ΠΕΥΣΙΣ
1509 1813 1566 1840 ΞΘ’.

1106 1861 1161 1886 Καὶ
1177 1860 1247 1886 ὃιατί
1267 1860 1319 1896 ἄρα
1333 1859 1369 1886 τὰ
1386 1858 1442 1886 ἄνω
1458 1859 1559 1891 ὖόατας
1574 1859 1616 1885 ἵνα
1634 1867 1675 1889 τις
1689 1856 1862 1894 ὕδρεύσηται.

1070 1906 1086 1941 ἧ
1102 1906 1168 1941 πίῃ,
1185 1905 1202 1940 ἦ
1226 1904 1341 1940 πλεύσῃ,
1359 1903 1375 1938 ἣ
1393 1903 1493 1940 ποτίσῃ
1514 1903 1584 1934 τινὰ,
1601 1902 1616 1937 ἧ
1634 1902 1702 1934 ὅλως
1722 1902 1864 1933 oti-mimi

1070 1953 1164 1988 χρείαν
1178 1962 1184 1985 ;

1378 1996 1562 2030 Ἀπόκρισις.

1114 2045 1190 2071 Ἐπεὶ
1205 2043 1371 2080 κρύσταλλον
1386 2043 1519 2078 ὑπάρχειν
1533 2043 1601 2077 ἔφην
1614 2041 1644 2068 τὸ
1656 2042 1808 2077 στερέωμα,
1818 2041 1865 2069 δέ·

1072 2091 1168 2126 χεσῢαι
1194 2090 1311 2126 ἤμελλεν
1336 2090 1385 2125 τὴν
1413 2089 1614 2124 ὑπερκειμένην
1634 2088 1688 2114 τῶν
1713 2088 1864 2123 φωστήρων

1073 2137 1258 2173 φρυκτωρίαν,
1275 2137 1350 2172 ἥλιόν
1375 2144 1466 2170 φημι,
1483 2135 1529 2161 καὶ
1545 2134 1660 2170 σελήνην
1675 2134 1722 2161 καὶ
1743 2134 1791 2170 τὴν
1811 2134 1866 2160 λοι-

1073 2182 1127 2217 πὴν
1136 2182 1190 2209 τῶν
1197 2182 1305 2217 ἄστρων
1313 2182 1460 2216 ὁμήγυριν,
1469 2181 1501 2206 ὲκ
1512 2178 1596 2214 πυρὸς
1605 2178 1655 2213 τὴν
1669 2178 1749 2213 φύσιν
1759 2177 1864 2213 ἔχοντα.

1075 2227 1122 2253 "lv'
1133 2224 1179 2252 οὖν
1195 2226 1231 2262 μὴ
1245 2225 1284 2260 τῷ
1301 2226 1412 2251 ἐκείνων
1429 2222 1540 2259 πυρετῷ
1552 2221 1672 2257 ἀναλυοῇ
1687 2221 1716 2248 τὸ
1731 2219 1863 2255 πεπηγὸς,

1073 2272 1107 2298 δι’
1130 2271 1212 2298 αὐτοῦ
1239 2271 1342 2298 ἐκείνου
1367 2270 1493 2305 ἀνέκρινε
1509 2269 1539 2295 τὸ
1565 2267 1660 2303 μυρίον
1688 2268 1775 2293 ἐκεῖνο
1793 2265 1865 2300 ὕδωρ

1073 2317 1144 2353 ὑπὲρ
1156 2317 1251 2348 νώτοις
1267 2316 1349 2343 αὐτοῦ
1364 2315 1530 2350 καταψύχειν
1547 2314 1593 2341 τὸν
1605 2312 1737 2347 φλογμὸν,
1755 2310 1801 2338 καὶ
1819 2310 1866 2336 ἐπ-

1074 2364 1195 2397 αλείφειν
1212 2363 1242 2389 τὸ
1263 2362 1356 2398 φέρον,
1375 2362 1449 2392 ὅπως
1470 2362 1504 2396 τῇ
1519 2360 1623 2387 ἐκεῖθεν
1647 2358 1728 2386 νοτίδι
1751 2356 1866 2392 παχυνό-

1076 2418 1155 2445 μενον
1170 2409 1293 2443 ἀντέχειν
1310 2407 1349 2442 τῷ
1361 2407 1426 2442 πυρὶ
1442 2406 1496 2433 τῶν
1513 2406 1675 2441 φωστήρων.

1374 2453 1499 2482 ΠΕΥΣιΣ
1517 2455 1555 2480 0’.

1112 2501 1167 2528 Καὶ
1183 2500 1242 2531 πῶς
1256 2499 1367 2526 δυνατὸν
1384 2497 1551 2533 κρύσταλλον
1567 2496 1690 2532 ἀντέχειν
1709 2496 1785 2533 πυρὶ,
1801 2494 1869 2530 ἤπερ

1076 2547 1136 2574 οὐδὲ
1149 2547 1217 2579 ὅλως
1236 2546 1314 2582 φέρει
1330 2546 1469 2581 ἐγγύτητα
1489 2544 1592 2580 πυρὸς,
1608 2543 1668 2570 οὐδὲ
1681 2542 1772 2578 χειρὸς
1785 2541 1870 2577 ψηλά-

1077 2601 1160 2629 φησιν
1170 2612 1178 2627 ,
1194 2593 1254 2619 οὐδὲ
1269 2593 1353 2629 πνοὴν
1368 2591 1547 2627 θερμοτέραν,
1565 2590 1582 2625 ἢ
1601 2588 1729 2625 ἐπιϐολὴν
1743 2586 1870 2623 ίματίου;

1382 2681 1564 2714 Ἀπόκρισις.

1124 2727 1192 2754 Ἀλλ’
1217 2727 1247 2753 οὺ
1269 2727 1322 2762 χρὴ
1341 2726 1376 2753 τὰ
1402 2726 1574 2761 ὑπερκόσμια
1589 2723 1739 2759 περιγείοις
1757 2719 1871 2748 καθόλου

1082 2773 1257 2801 ὑποϐάλλειν·
1275 2772 1450 2807 καταλλήλως
1476 2772 1529 2808 γὰρ
1550 2772 1583 2807 τῇ
1607 2770 1731 2806 ἡμετέρᾳ
1747 2766 1874 2801 ἀσθενείᾳ

1081 2819 1195 2854 δύναμις
1212 2820 1300 2846 πάντα
1327 2819 1542 2855 διῳκονόμηται,
1567 2818 1614 2846 καὶ
1632 2813 1805 2853 πρυτανεύει.
1825 2813 1875 2840 Ἐκ

1081 2865 1136 2893 τῶν
1149 2866 1214 2902 παρ’
1229 2867 1295 2901 ἡμῖν
1314 2866 1404 2894 τοίνυν
1423 2866 1555 2902 ἀμυδροῖς
1577 2863 1780 2899 παραδείγμασι
1801 2858 1874 2896 χρώ-
