4000 6412
368 437 478 494 931

373 565 526 621 μενοι
549 588 564 613 ,
600 545 782 618 φαμὲν
831 544 897 599 τά
924 543 1316 616 ὑπερκείμενα,
1350 541 1530 613 λύχνῳ
1561 543 1873 616 μικροτάτῳ
1898 544 1956 599 ἐν

1785 429 2127 488 DIALOGUS
2164 429 2207 483 l.

3522 435 3631 491 933

2060 544 2273 599 bernat.
2300 540 2377 596 Ex
2416 541 2482 597 iis
2517 541 2682 612 igitur
2719 541 2887 598 rebus
2914 557 3147 613 quarum
3180 546 3322 616 apud
3367 561 3469 601 nos
3500 558 3637 598 usus

367 639 520 711 οἰκίᾳ
552 636 783 710 μεγίστῃ
831 638 1087 708 φαίνοντα
1139 636 1579 707 παραϐάλλοντες
1611 637 1701 692 τὸν
1731 637 1956 708 βασιλέα

2081 644 2160 700 :st,
2181 633 2433 691 facilibus
2461 635 2725 706 exemplis
2748 644 2983 700 utentes,
3018 636 3307 707 loquemur
3327 638 3395 693 de
3428 641 3495 694 iis
3519 654 3643 710 qua:

369 726 482 785 τῶν
514 728 821 800 φωοτήρων
845 727 996 799 ἥλιον
1019 767 1036 792 ,
1076 727 1214 799 πρὸς
1244 726 1308 780 τὸ
1353 728 1602 799 οὐράνιον
1634 728 1793 800 σῶμα
1828 744 1957 797 συγ-

369 819 723 894 κρινόμενον
758 819 851 873 καὶ
877 817 1065 890 ὥσπερ
1103 821 1162 873 ἐν
1193 819 1362 889 δίσκῳ
1400 821 1745 891 παμμεγέθει
1773 859 1789 884 ,
1821 821 1957 892 βρα-

371 913 474 984 χὺν
502 909 751 981 ἄνθρακά
769 927 855 973 τις
884 908 1206 981 ἐπιθέμενος
1231 951 1245 973 ,
1283 904 1540 982 ἢλύχνον
1566 911 1865 978 ὑποκαίων,
1895 911 1958 965 οὐ

377 1002 539 1073 μόνον
587 1000 790 1071 φλέξας
833 1000 866 1071 ἢ
918 1000 1198 1071 χωνεύσας
1224 1001 1338 1073 (24)
1385 1003 1447 1056 τὸ
1476 1003 1836 1074 ὑποκείμενον
1862 1003 1961 1075 οὐχ

373 1087 487 1157 οἷός
509 1109 569 1146 τε
598 1091 682 1163 εἴη
705 1132 719 1158 ,
746 1091 883 1146 ἀλλὰ
908 1092 1029 1146 οὐδὲ
1061 1092 1330 1165 θερμᾶναι
1358 1094 1420 1148 τὸ
1445 1095 1639 1158 σκεῦος
1672 1095 1959 1166 ἰσχύσειεν.

375 1187 503 1250 Πῶς
526 1181 620 1240 οὖν
660 1184 855 1255 λύχνος
881 1186 1122 1257 ἀμυδρὸς
1168 1188 1458 1258 δυνήσεται
1511 1186 1747 1243 ἄϐυσσον
1787 1207 1964 1261 πεπηο

375 1279 539 1349 γυϊαν
578 1275 741 1330 λῦσαι
774 1275 808 1347 ἢ
841 1276 1221 1347 παραφλέξαι;
1257 1277 1386 1332 πότε
1415 1277 1474 1331 δὲ
1501 1277 1657 1345 κύλιξ
1691 1278 1960 1345 ἆπτουσα,

376 1368 468 1423 οἴα
506 1384 566 1421 τε
595 1365 831 1439 θραῦσαι
873 1367 1141 1437 χειμῶνος
1193 1368 1498 1440 κρυότητα,
1534 1368 1965 1438 φιλονεικοῦντος

381 1458 576 1513 σϐέσαι
614 1458 713 1530 τὴν
736 1457 1031 1529 θρυαλλίδα
1062 1457 1143 1529 τῷ
1187 1458 1409 1530 παγετῷ
1434 1499 1448 1523 ,
1476 1461 1556 1523 είς
1598 1460 1744 1514 λίθον
1773 1461 1831 1514 δὲ
1866 1477 1965 1532 με-

379 1549 701 1605 τατυπῶσαι
732 1550 793 1603 τὸ
812 1550 1118 1621 ἐνυπάρχον
1146 1549 1290 1622 ὕδωρ
1322 1551 1417 1605 καλ⁵
1444 1550 1644 1616 ἔλαιον,
1671 1552 1772 1623 τῆς
1799 1555 1968 1624 ὑπερ-

381 1641 545 1714 ϐολῆς
570 1641 664 1695 τοῦ
694 1639 896 1713 κρύους
918 1641 1019 1711 τὴν
1050 1640 1308 1712 λαμπάδα
1330 1642 1821 1715 ἁπομαράναντοςς
1847 1644 1968 1708 πῶς

380 1730 441 1788 δέ
476 1732 572 1787 καὶ
591 1735 626 1803 ἡ
656 1731 919 1804 ἀμίαντος
953 1732 1149 1803 βοτάνη
1180 1770 1195 1796 ,
1220 1732 1315 1785 καὶ
1352 1732 1619 1802 ἄφλεκτος
1647 1734 1824 1805 πάντη
1852 1734 1966 1787 δια-

386 1822 655 1894 μένουσας
708 1822 869 1877 Ἀλλὰ
919 1822 1012 1877 καὶ
1072 1822 1457 1893 σαλαμάνδραν
1522 1823 1660 1889 ζῶον
1709 1825 1924 1890 εὐτελὲς
1946 1864 1961 1890 ,

385 1914 560 1987 πυρὸς
586 1914 643 1968 δὲ
674 1916 740 1986 τῇ
773 1913 932 1983 φύσει
959 1914 1234 1986 διαφέρον,
1269 1913 1513 1985 ἔγνωμεν
1545 1915 1635 1970 διὰ
1666 1916 1841 1988 μέσης
1866 1935 1966 1972 και

388 2007 546 2080 μίνου
584 2006 755 2078 πυρὸς
779 2008 1064 2078 ἐνσκαϊρον
1089 2046 1105 2073 ,
1158 2005 1474 2071 διαϐιϐάζον
1503 2024 1566 2062 τε
1588 2049 1603 2074 ,
1648 2010 1745 2064 καὶ
1798 2010 1965 2081 μηδὲν

388 2097 666 2161 παντελῶς
696 2100 762 2151 ἐκ
785 2099 883 2168 τῆς
915 2098 979 2152 λυ
988 2098 1255 2170 μαντικῆς
1276 2098 1371 2153 τοῦ
1395 2101 1567 2171 πυρὸς
1591 2100 1806 2170 φύσεως
1836 2103 1968 2156 ὑπο-

387 2191 570 2263 μένον.
601 2191 764 2244 Οὐδὲν
789 2192 970 2245 τοίνυν
1002 2190 1154 2262 ἥλιος
1183 2192 1594 2264 παραϐλάψειεν
1624 2194 1715 2249 τὸν
1740 2194 1968 2267 οὐρανὸν

386 2280 630 2338 ύποθέων
652 2300 667 2313 ο
702 2276 765 2336 οὗ
794 2280 894 2345 τὰς
923 2281 1154 2347 ἑωθινὰς
1180 2283 1445 2348 ἀνατολὰς
1471 2285 1790 2357 διαγράφων
1810 2287 1838 2339 ό
1858 2285 1967 2339 τῶν

385 2374 548 2429 θείων
584 2374 820 2446 μελῳδὸς
839 2413 855 2438 ,
895 2373 1060 2446 φησιν
1084 2388 1101 2405 ·
1126 2374 1236 2430 Καὶ
1264 2374 1448 2442 αὐτὸς
1474 2375 1556 2443 ὡς
1576 2377 1845 2446 νυμφίος,
1873 2377 1970 2432 ἐκ·

385 2468 790 2536 πορευόμενος
813 2466 883 2519 ἐκ
925 2466 1163 2521 παστοῦ
1194 2466 1402 2530 αὑτοῦ,
1426 2466 1856 2537 ἀγαλλιάσεται
1887 2469 1969 2535 ὡς

386 2559 560 2631 τινας
588 2558 836 2628 δραμεῖν
887 2559 1032 2613 ὁδὸν
1077 2560 1264 2614 αὑτοῦ
1289 2598 1304 2623 ,
1338 2560 1440 2615 ἀπ’
1478 2559 1668 2629 ἄκρου
1715 2558 1821 2613 τοῦ
1866 2563 1968 2615 οὐ·

382 2649 575 2719 ρανοῦ
600 2651 639 2719 ἠ
664 2649 875 2717 ἔξοδος
910 2651 1118 2705 αὐτοῦ.
1163 2649 1293 2705 Ἰδοὺ
1319 2691 1335 2716 ,
1371 2651 1560 2721 ἀκρον
1590 2652 1685 2706 καὶ
1720 2650 1966 2719 ἔξοδος·

386 2737 452 2791 οὐ
492 2741 696 2811 σφαῖρα
743 2739 799 2793 δὲ
830 2741 924 2793 καὶ
965 2740 1151 2805 ἄνοδος
1196 2741 1481 2813 κυλιστικὴ
1505 2782 1521 2808 ,
1557 2742 1635 2804 ὡς
1684 2741 1971 2806 δοκεῖτοῖς

389 2830 910 2904 είκαιολόγοις.[Καὶ
945 2831 1008 2885 τὸ
1037 2833 1361 2904 κατάντημα
1395 2831 1558 2887 αὑτοῦ
1580 2871 1597 2899 ,
1622 2834 1801 2904 ’φησιν
1825 2874 1840 2900 ,
1866 2834 1973 2898 ἐως

387 2923 562 2995 ἄκρου
595 2922 691 2977 τοῦ
736 2922 969 2995 ούρανοῦ
1007 2924 1120 2996 (25)
1144 2925 1193 2998 ].
1223 2926 1335 2983 Καὶ
1379 2924 1447 2979 τὸ
1496 2925 1843 2996 κατάντημα
1877 2928 1972 2982 καὶ

387 3014 600 3083 ἄκρον,
630 3014 691 3068 ού
720 3014 945 3079 κάθοδος
974 3016 1070 3070 καὶ
1094 3016 1373 3081 ύπόδυσις.
1418 3016 1558 3070 Ἀλλ’
1592 3017 1686 3070 ἐπὶ
1712 3018 1810 3088 τὴν
1837 3035 1973 3090 νυμ-

384 3106 558 3177 φικὴν
588 3104 897 3177 ὡραιότητα
948 3106 1043 3160 τοῦ
1098 3106 1389 3179 φωστῆρος
1448 3106 1638 3178 ἴωμεν.
1670 3108 1808 3178 Φησὶ
1862 3108 1973 3179 γὰρ

391 3199 522 3270 περὶ
547 3198 713 3252 αὐτοῦ
743 3200 772 3251 ό
797 3198 962 3252 Δαϐίδ
988 3215 1001 3228 ·
1038 3199 1146 3253 Καὶ
1181 3198 1364 3264 αὐτὸς
1386 3199 1469 3266 ὡς
1503 3199 1764 3268 νυμφίος
1791 3199 1972 3252 ἐκπο-

385 3292 711 3361 ρευόμενος
736 3291 805 3346 ἐκ
832 3291 1071 3346 παστοῦ
1108 3289 1297 3347 αὐτοῦ
1320 3305 1335 3321 '
1364 3288 1427 3342 τὸ
1462 3289 1687 3361 φαιδρὸν
1716 3290 1810 3343 καὶ
1838 3287 1978 3360 σύμ-

396 3401 588 3456 μετροι.
642 3385 731 3455 τῆς
751 3383 979 3455 ἑωθινῆς
1006 3384 1173 3438 αὑτοῦ
1214 3381 1392 3453 ὅψεως
1421 3381 1724 3453 παριστῶν.
1749 3381 1983 3451 Μεσημ-

393 3475 578 3547 ϐρινὺν
606 3476 716 3545 γὰρ
740 3474 906 3529 αὐτὸν
934 3475 1290 3530 διιππεύοντα
1314 3473 1406 3529 τὸν
1434 3472 1685 3545 οὐρανὸν,
1721 3472 1982 3537 πολλάκις

395 3566 490 3623 καὶ
512 3566 928 3639 ἀποδιδράσκειν
955 3566 1297 3640 πιρώμεθα,
1321 3566 1384 3621 τὸ
1409 3565 1684 3635 φλογῶδες
1709 3563 1874 3619 αὐτοῦ
1901 3564 1978 3635 μὴ

395 3658 655 3729 φέροντες
678 3677 693 3692 ’
726 3659 843 3730 ἅμα
864 3659 920 3713 δὲ
947 3658 1043 3713 τοῦ
1065 3660 1332 3729 ἀνίσχειν,
1358 3658 1593 3727 τερπνὸς
1614 3659 1781 3711 πᾶσιν
1815 3657 1984 3725 ὑπάρ-

396 3765 513 3821 χει·
547 3752 639 3805 καὶ
681 3751 869 3823 ὥσπερ
903 3751 1140 3821 νυμφίου
1192 3751 1349 3819 δίκην
1399 3746 1676 3819 ὁρώμενος
1699 3787 1714 3810 ,
1746 3747 1841 3799 καὶ
1876 3746 1986 3799 ἀπὸ

397 3839 499 3910 τῆς
533 3840 674 3911 ἐῴας
710 3842 873 3913 μέχρι
921 3840 1022 3910 τῆς
1070 3839 1312 3911 ἑσπέρας
1356 3838 1606 3906 ἀφθόνως
1636 3835 1862 3901 ἐπιϐὰς,
1896 3836 1985 3889 διὰ

396 3930 496 3995 τὰς
531 3932 597 3985 ἐκ
641 3932 752 3986 τῶν
805 3931 1184 4003 μαρμαρυγῶν
1228 3928 1634 3999 στροφάλιγγας
1670 3925 1877 3978 διαλύει
1915 3927 1983 3996 τῇ

396 4021 654 4094 δᾳδουχίᾳ
682 4024 741 4076 τὸ
772 4022 993 4093 ἀμειδὲς
1024 4021 1118 4074 τοῦ
1151 4021 1314 4092 ἀέρος
1338 4060 1353 4085 ,
1383 4020 1478 4075 καὶ
1504 4021 1571 4090 τῇ
1595 4021 1665 4090 γῇ
1692 4019 1831 4090 πρὸς
1851 4035 1987 4089 καρ-

397 4115 657 4183 πογονίαν
693 4112 995 4183 συνομιλῶν
1016 4152 1031 4177 ,
1083 4112 1405 4166 συνθάλπων
1440 4109 1609 4181 αὐτὴν
1631 4124 1661 4175 ,“
1689 4109 1782 4162 καὶ
1816 4111 1983 4177 ἐγκα-

397 4204 659 4275 λούμενος
690 4203 802 4276 (26)
833 4203 902 4256 τὰ
935 4204 1229 4275 σπέρματα
1265 4203 1508 4273 ἐκφύειν.

2058 742 2225 797 supra
2255 740 2357 781 nos
2388 734 2537 783 sunt.
2569 725 2835 782 Lucerna:
2864 726 3109 782 omnium
3141 727 3382 783 minimae
3403 729 3459 783 in
3481 731 3645 785 domo

2062 818 2296 871 maxima
2330 816 2534 873 lucenti
2565 817 2903 873 conferimus
2946 832 3130 889 regem
3162 818 3515 874 luminarium
3553 834 3647 875 so.

2064 908 2196 974 lem,
2235 908 2303 963 ad
2333 908 2561 965 caeleste
2591 924 2790 979 corpus
2811 918 3207 978 comparatum.
3231 908 3468 967 Prorsus
3499 926 3565 967 ac
3595 912 3644 968 si

2062 998 2191 1070 quis
2218 999 2273 1054 in
2307 999 2463 1056 disco
2498 1015 2796 1071 permagno
2827 1000 3086 1070 exiguum
3121 1002 3417 1058 carbonem
3456 1011 3643 1072 ponat,

2063 1101 2159 1149 aut
2190 1094 2469 1149 lucernam
2494 1092 2813 1159 succendat,
2846 1108 2956 1148 non
2989 1094 3166 1149 solum
3197 1093 3524 1151 comburere
3551 1105 3649 1151 aut

2064 1184 2406 1240 inﬂammare
2434 1182 2586 1237 illum
2637 1197 2745 1237 non
2781 1183 2999 1253 poterit,
3032 1198 3223 1238 verum
3271 1199 3343 1241 ne
3376 1200 3473 1241 vas
3520 1189 3646 1255 qui-

2064 1270 2187 1325 dem
2220 1270 2400 1340 ipsum
2424 1268 2729 1325 calefacere
2763 1271 3021 1340 quiverit.
3045 1271 3333 1338 Quomodo
3352 1275 3524 1344 igitur
3547 1276 3650 1331 im-

2068 1360 2281 1417 becillis
2314 1363 2533 1417 lucerna
2563 1363 2764 1431 poterit
2794 1362 3057 1433 abyssum
3088 1363 3500 1421 constabilitam
3534 1370 3648 1423 sol-

2067 1468 2195 1509 vere
2232 1461 2329 1509 aut
2359 1454 2732 1508 comburere?
2788 1454 2854 1508 Et
2893 1455 2985 1525 qui
3018 1455 3158 1511 calix
3203 1457 3522 1530 attingenda
3562 1461 3649 1516 lac-

2068 1542 2198 1600 dere
2226 1544 2425 1614 poterit
2449 1542 2623 1613 frigus
2648 1544 2842 1599 hiemis
2869 1545 3130 1600 enitentis
3172 1548 3524 1620 exstinguere
3552 1565 3654 1622 per

2067 1634 2192 1705 gelu
2227 1636 2463 1690 lucernae
2510 1634 2865 1705 ellychnium,
2897 1643 2951 1690 et
2974 1636 3029 1690 in
3056 1637 3289 1707 lapidem
3331 1647 3653 1699 convertere

2072 1739 2272 1796 aquam
2294 1740 2417 1796 quae
2458 1726 2513 1779 in
2542 1740 2609 1780 eo
2642 1733 2747 1791 est,
2775 1733 2831 1781 et
2859 1725 3065 1791 oleum,
3097 1743 3266 1799 supra
3309 1731 3533 1786 modum
3554 1733 3652 1787 fri-

2072 1831 2203 1889 gore
2241 1816 2548 1888 lampadem
2578 1815 2933 1872 debilitante?
2962 1816 3248 1884 Quomodo
3281 1836 3413 1876 vero
3441 1824 3654 1877 amian~

2074 1915 2165 1965 tus
2193 1907 2362 1963 herba
2389 1908 2571 1977 ignem
2603 1907 2879 1964 sustinere
2909 1916 3110 1979 potest,
3134 1911 3191 1965 in
3216 1911 3455 1967 medium
3479 1913 3656 1984 ipsius

2074 2000 2309 2056 ﬂamma:
2345 2001 2547 2071 posita,
2583 1999 2875 2070 omnisque
2927 2001 3237 2058 adustionis
3283 2018 3480 2075 expers
3538 2020 3660 2060 rua-

2073 2093 2258 2150 nens?
2287 2093 2394 2149 Sed
2430 2101 2485 2149 et
2536 2092 2939 2149 salamandram
2992 2094 3102 2150 vile
3148 2095 3393 2165 animal,
3436 2097 3654 2155 diversa

2075 2186 2145 2244 ab
2176 2186 2286 2258 igni
2333 2194 2549 2251 natura,
2581 2186 2789 2243 scimus
2836 2201 2935 2257 per
2989 2185 3230 2242 medium
3273 2190 3552 2245 caminum
3599 2193 3656 2247 in

2075 2277 2255 2349 ignem
2285 2276 2500 2334 insilire
2521 2285 2685 2349 atque
2717 2277 3073 2349 pertransire,
3100 2278 3238 2333 nihil
3268 2287 3449 2335 tamen
3500 2297 3659 2353 pror-

2076 2386 2173 2427 sus
2203 2386 2301 2442 per
2332 2371 2556 2427 edacem
2598 2381 2852 2429 naturam
2877 2373 3019 2445 ignis
3050 2373 3193 2429 laedi.
3214 2373 3452 2431 Proinde
3481 2393 3658 2449 neque

2076 2464 2160 2520 sol
2198 2463 2400 2519 laeserit
2422 2465 2622 2520 caelum
2651 2466 2755 2521 sub
2785 2481 2895 2537 quo
2918 2465 3093 2521 currit
3123 2467 3322 2536 ;cujus
3356 2470 3657 2527 matutinos

2076 2565 2305 2614 exortus
2355 2556 2673 2613 describens
2718 2557 3032 2613 divinorum
3076 2558 3386 2614 carminum
3439 2567 3657 2625 auctor,

2079 2645 2293 2715 inquit:
2319 2646 2439 2715 Ipse
2468 2648 2605 2702 velut
2631 2663 2853 2715 sponsus
2871 2648 3140 2718 egrediens
3173 2664 3240 2703 ea:
3271 2650 3508 2706 thalamo
3537 2668 3659 2718 suo,

2076 2738 2365 2793 exsultabit
2393 2751 2450 2793 ut
2483 2742 2631 2812 gigas
2660 2740 2729 2794 ad
2756 2738 3075 2795 currendum
3098 2741 3235 2795 viam
3268 2759 3442 2808 suam,
3460 2761 3493 2798 a
3515 2760 3664 2799 sum-

2079 2847 2164 2885 mo
2197 2832 2316 2886 caeli
2340 2848 2579 2902 egressus
2610 2832 2723 2902 ejus
2746 2835 2813 2887 ²².
2851 2830 3019 2887 Vides
3042 2831 3129 2885 hic
3162 2839 3291 2902 poni
3325 2838 3487 2891 verba
3519 2854 3666 2892 sum-

2081 2923 2155 2977 mi
2193 2933 2247 2978 et
2287 2940 2547 2994 egressus,
2585 2940 2694 2981 non
2723 2926 2950 2996 sphaerae
2981 2938 3035 2985 et
3063 2946 3327 2987 ascensus
3349 2930 3663 2993 circularis,

2082 3023 2142 3070 ut
2165 3016 2444 3087 aliquibus
2476 3016 2693 3073 videtur
2713 3035 2885 3077 vanas
2914 3022 3263 3092 conjecturas
3285 3023 3665 3093 sequentibus.

2084 3106 2151 3161 Et
2182 3124 2434 3163 occursus
2493 3110 2629 3179 ejus,
2666 3111 2868 3181 inquit,
2908 3129 3070 3184 usque
3108 3115 3179 3169 ad
3231 3130 3495 3169 summum
3526 3117 3662 3169 caeli.

2084 3197 2219 3254 Vide
2250 3213 2444 3255 rursus
2481 3217 2752 3259 occursum
2792 3210 2845 3257 ct
2881 3221 3164 3270 summum,
3203 3219 3312 3259 non
3339 3205 3665 3260 descensum

2080 3297 2136 3346 et
2174 3304 2455 3345 occasum.
2509 3288 2616 3345 Sed
2672 3294 2818 3347 enim
2850 3294 2917 3348 ad
2949 3296 3262 3365 sponsalcm
3299 3296 3667 3365 pulchritudi-

2081 3396 2205 3437 nem
2229 3381 2395 3451 hujus
2425 3383 2713 3439 luminaris
2743 3386 3092 3441 accedamus.
3124 3387 3311 3459 inquit
3336 3388 3481 3443 enim
3507 3388 3574 3444 de
3602 3403 3669 3443 eo

2083 3471 2348 3529 Davides:
2371 3472 2435 3526 Et
2465 3475 2578 3540 ipse
2607 3474 2747 3529 velut
2781 3493 3006 3545 sponsus
3037 3479 3306 3549 egrediens
3338 3495 3404 3534 ea:
3433 3480 3669 3533 thalamo

2082 3582 2202 3632 suo,
2258 3567 2440 3623 verbis
2490 3567 2643 3623 hisce
2698 3568 3038 3626 alacritatem
3077 3580 3132 3626 et
3178 3578 3673 3641 temperamentum

2084 3668 2341 3729 aspectus
2381 3661 2502 3730 ejus
2535 3662 2786 3716 matutini
2838 3662 3169 3731 exprimens.
3207 3661 3344 3717 Nam
3399 3677 3524 3717 cum
3559 3679 3673 3717 mc-

2085 3749 2357 3805 ridionale
2409 3751 2608 3805 coelum
2643 3753 2936 3821 percurrit,
2978 3767 3359 3822 saepenumero
3397 3752 3670 3823 refugium

2088 3854 2332 3908 quaerere
2362 3847 2660 3908 tentamus,
2698 3843 2914 3913 igneum
2936 3843 3176 3897 calorem
3207 3843 3328 3911 ejus
3351 3859 3463 3897 non
3493 3843 3673 3899 feren-

2089 3939 2195 3986 tes.
2229 3928 2403 3983 Simul
2433 3938 2615 3984 autem
2650 3932 2703 3985 in
2751 3939 2942 3985 exortu
2975 3931 3257 4000 jucundus
3281 3941 3365 3987 est
3394 3933 3671 3996 omnibus,

2091 4027 2146 4074 ct
2168 4020 2317 4073 velut
2347 4033 2585 4087 Sponsus
2640 4020 2928 4091 aspicitur,
2966 4031 3018 4075 et
3061 4036 3092 4074 a
3125 4028 3372 4091 tempore
3401 4023 3674 4077 matutino

2090 4110 2157 4164 ad
2193 4125 2477 4179 vesperam
2506 4125 2683 4180 usque
2712 4122 2972 4180 perpetuo
2993 4126 3091 4182 per
3124 4112 3403 4167 radiorum
3447 4128 3675 4169 suorum

2091 4200 2420 4257 reflexiones
2447 4202 2705 4257 dissolvit
2735 4203 2838 4256 hac
2878 4217 2992 4259 sua:
3036 4202 3173 4259 facis
3200 4204 3320 4259 luce
3361 4205 3674 4274 injucundi-

402 4306 569 4355 tatem
593 4301 761 4364 aeris,
793 4307 886 4353 aut
938 4315 1062 4355 cum
1115 4307 1258 4355 terra
1296 4300 1362 4354 ad
1395 4297 1744 4355 excitandum
1801 4295 2137 4351 fertilitatem
2172 4298 2329 4367 quasi
2358 4300 2488 4363 coit,
2513 4314 2745 4369 eamque
2794 4298 2959 4363 fovet,
3001 4298 3070 4353 ad
3103 4299 3425 4370 proferenda
3467 4299 3677 4356 semina

401 4405 728 4462 provocans.

978 4488 1230 4560 nsrz'lz
1252 4503 1380 4560 OA'.

470 4600 582 4655 Kal
636 4601 753 4664 πῶς
790 4601 851 4654 ού
908 4598 1093 4654 λύεται
1137 4598 1198 4651 τὸ
1250 4595 1582 4670 κρύσταλλον
1618 4599 1685 4668 τῇ
1742 4593 1984 4668 πυρώσει

399 4691 495 4745 τοῦ
549 4691 735 4762 ἡλίου,
788 4692 1046 4746 τοσούτου
1097 4690 1251 4756 ὄντος
1299 4688 1504 4762 θερμοῦ
1555 4687 1841 4760 ἐμφαίνειν
1872 4687 1987 4757 (‘27)

403 4781 550 4851 ἡμᾶς
595 4778 793 4845 αὑτὸν,
851 4781 1173 4854 μεσημϐρίᾳ
1227 4780 1303 4852 μὴ
1357 4779 1621 4850 φέροντας
1674 4775 1840 4831 αὐτοῦ
1889 4777 1989 4848 τὴν

404 4871 579 4944 φλόγα
605 4889 621 4937 ;

1036 4961 1389 5029 Ἀπόκρισις.

467 5053 608 5111 Θεοῦ
660 5052 985 5126 βουλομένου
1023 5051 1318 5107 σιωπάσθω
1362 5051 1423 5106 τὸ
1473 5051 1622 5117 πῶς·
1671 5051 1793 5105 ἐπεὶ
1836 5049 1992 5119 κάγὼ

402 5147 628 5209 είκότως
657 5143 837 5218 ἐροιμί
872 5157 996 5196 σου*
1037 5141 1164 5208 Πῶς
1208 5144 1243 5214 ή
1283 5141 1486 5212 θάμνος
1511 5141 1603 5195 ἐπὶ
1627 5141 1871 5203 Μωσέως
1902 5142 1993 5192 ἐκ·

405 5235 715 5309 φλεγομένη
735 5277 750 5302 ,
784 5236 845 5291 οὐ
875 5235 1262 5306 κατεφλέγετο,
1290 5233 1405 5289 ἀλλ’
1440 5231 1551 5288 οἷον
1573 5233 1749 5305 δρόσῳ
1781 5230 1990 5295 νοτιζο-

407 5332 545 5407 μένη
572 5331 806 5405 εὐθαλὴς
841 5330 1042 5415 μᾶλλον
1066 5330 1341 5386 ἐδείκνυτο
1367 5340 1401 5396 ;“
1432 5329 1551 5394 πῶς
1582 5328 1639 5381 δέ
1676 5328 1724 5380 οἱ
1759 5325 1991 5397 βόστρυ-

406 5443 489 5498 χοι
518 5423 613 5477 καὶ
639 5422 707 5477 τὰ
742 5421 1032 5492 σαράϐαρα
1056 5421 1165 5476 τῶν
1192 5421 1319 5494 περὶ
1360 5419 1633 5483 Ἀνανίαν,
1661 5420 1719 5471 ἐν
1747 5420 1813 5488 τῇ
1842 5416 1989 5469 Χαλ-

403 5514 569 5569 δαίων
608 5515 823 5586 καμίνῳ
851 5557 867 5581 ,
899 5514 994 5566 ἐπὶ
1018 5513 1429 5583 τεσσαράκοντα
1480 5511 1637 5567 ἐννέα
1668 5510 1863 5582 πήχεις
1892 5511 1993 5581 τῆς

474 5628 522 5660 ⁸⁸
559 5627 702 5685 Psal.
731 5643 885 5691 xvm,
916 5627 970 5691 6,
1010 5626 1067 5679 7.

475 5743 591 5813 (24)
632 5744 867 5811 «nisi.an
918 5741 956 5811 ἢ
990 5742 1321 5813 χωνεύσας.
1369 5738 1532 5795 Forte
1576 5736 1828 5809 φλέξειιῆ
1881 5753 1986 5806 χω-

412 5817 933 5955 "iggi'ohgiiucis
970 5881 1348 5941 includuntur,
1389 5878 1764 5947 supplovimus
1796 5891 1825 5929 ο
1860 5888 1982 5929 ver-

681 5979 954 6041 Ριῖιιοι..
989 5978 1104 6039 Gn.
1139 5972 1498 6038 XXXVIII.

2512 4498 2719 4554 INTER
2729 4497 3032 4554 ROGATIO
3070 4499 3258 4557 LXXI.

2171 4597 2235 4654 At
2265 4595 2541 4667 quomodo
2590 4608 2698 4648 non
2752 4592 2983 4649 solvitur
3013 4594 3217 4665 glacies
3268 4608 3366 4669 per
3414 4597 3547 4653 solis
3592 4597 3675 4653 iu<

2095 4686 2546 4749 llammationcm,
2578 4699 2706 4740 cum
2743 4689 2931 4738 tantus
2985 4684 3057 4739 sit
3113 4686 3277 4755 calor,
3304 4696 3358 4743 ul
3436 4688 3679 4760 plerique

2096 4780 2152 4835 in
2182 4777 2411 4834 meridie
2450 4790 2559 4830 non
2589 4773 2768 4829 ferant
2793 4773 2915 4844 ejus
2947 4771 3266 4828 flammam?

2733 4946 3043 5019 Responsio.

2169 5046 2305 5115 Quia
2329 5054 2484 5101 tuum
2515 5043 2687 5111 illud,
2708 5041 3018 5110 Quomodo,
3052 5045 3330 5117 compesci
3360 5060 3464 5103 non
3516 5050 3629 5106 vult
3660 5068 3675 5105 :

2090 5141 2216 5210 jure
2236 5146 2292 5194 et
2315 5152 2416 5207 ego
2438 5151 2505 5192 ex
2544 5143 2598 5189 te
2624 5134 2995 5204 quaesiverim,
3023 5135 3302 5205 quomodo
3334 5138 3501 5196 rubus
3540 5141 3684 5196 circa

2097 5228 2284 5286 Mosen
2318 5227 2518 5282 ardens
2563 5240 2673 5279 non
2727 5224 3174 5291 comburebatur,
3224 5226 3318 5281 scd
3350 5228 3507 5297 quasi
3562 5242 3685 5284 rore

2097 5336 2356 5394 aspersus
2405 5317 2585 5390 magis
2617 5315 2782 5372 etiam
2840 5314 3037 5370 viridis
3096 5317 3489 5373 cernebatur?
3536 5316 3685 5384 Quo-

2098 5412 2262 5469 modo
2308 5408 2563 5466 cazsaries
2597 5416 2651 5461 et
2702 5404 2865 5475 pallia
2907 5405 3184 5461 sociorum
3221 5405 3448 5462 Anania:
3480 5408 3535 5461 in
3571 5405 3687 5463 for-

2099 5520 2236 5561 nace
2282 5499 2685 5563 Chaldaeorum,
2725 5497 2933 5551 elevata
2970 5494 3039 5550 ad
3077 5496 3437 5573 quadraginta
3486 5512 3682 5559 novem

2096 5729 2251 5787 sione
2284 5728 2500 5783 Latina.
2557 5725 2634 5780 lb.

2165 5800 2278 5869 (26)
2321 5798 2816 5869 Ἐγκαλούμενος.
2862 5792 3023 5869 Forte
3061 5791 3482 5869 ἐκκαλούμενος.
3521 5790 3598 5849 In.

2166 5865 2281 5939 (27)
2323 5865 2685 5938 Ἑλιφαίνειν.
2722 5866 2885 5922 Forte
2913 5866 2988 5930 ὡς
3019 5865 3262 5937 φεύγειν.
3299 5865 3378 5921 In.

3377 5956 3461 6031 εει
