4000 6400
447 411 558 472 939

450 533 672 591 cubitus
723 527 943 583 ﬂamma
966 569 981 595 ,
1009 528 1214 583 intacta
1247 537 1301 584 et
1323 528 1492 583 illasa
1529 540 1893 594 manserunt,
1926 545 2043 583 ma-

448 628 534 695 gis
563 636 729 693 quam
777 620 923 691 ignis
972 620 1251 675 lucentia?
1289 619 1367 675 Ne
1395 635 1526 698 vero
1560 627 1819 690 putarent
1868 621 1903 675 ii
1943 622 2037 692 qui

444 717 596 770 illam
630 713 905 785 augebant
931 719 1091 783 stupa
1115 719 1169 767 et
1201 712 1323 782 pice
1355 720 1410 766 et
1441 712 1680 783 naphtha
1716 722 1881 784 atque
1918 729 2036 769 sar—

442 807 673 870 mentis,
729 807 878 875 ipsos
933 819 1030 875 per
1085 803 1396 875 praestigias
1437 811 1534 858 aut
1589 805 1916 875 imaginarie
1948 819 2035 860 co-

449 899 703 956 hibuisse
757 897 866 953 vim
904 897 1047 966 ignis
1091 896 1319 951 edacem
1349 914 1364 964 ;
1389 897 1601 952 idcirco
1634 911 1757 970 qum
1789 911 1914 951 cum
1958 895 2040 951 eis

451 972 605 1047 intus
642 988 956 1046 exsultabat
999 987 1289 1051 divinitas,
1317 986 1449 1041 facit
1503 994 1562 1041 ut
1591 986 1687 1058 per
1713 1002 1809 1042 eos
1838 986 2039 1041 camini

449 1084 659 1139 elevata
678 1081 901 1135 ﬂamma
929 1081 981 1134 in
1014 1090 1217 1135 terram
1260 1086 1554 1144 excurrat,
1582 1087 1637 1135 et
1673 1095 1771 1135 eos
1792 1080 1885 1150 qui
1913 1095 2042 1150 pro-

449 1175 540 1230 cul
581 1173 649 1228 ad
698 1172 1059 1243 quadraginta
1106 1185 1299 1225 novem
1317 1169 1617 1225 cubitosab
1659 1170 1916 1226 incendio
1963 1187 2045 1227 sc-

449 1268 685 1331 tlebant,
742 1265 1030 1320 ministros
1072 1270 1127 1319 et
1177 1269 1518 1333 spectatores
1567 1263 1957 1331 combureret,
1987 1271 2043 1318 ct

451 1359 508 1413 in
550 1357 835 1429 pulverem
891 1355 1221 1424 cineresque
1257 1352 1547 1424 redigeret.
1600 1354 1708 1407 Aut
1762 1354 2043 1423 quomodo

447 1450 600 1507 Elias
633 1450 688 1505 in
723 1448 899 1521 igneis
931 1446 1222 1518 quadrigis
1273 1445 1327 1499 in
1369 1445 1571 1499 coelum
1624 1445 1949 1505 subvolans.
1974 1444 2045 1500 ab

448 1541 559 1614 igni
590 1540 795 1596 mansit
813 1539 1052 1601 illaesus,
1073 1537 1241 1592 etiam
1273 1535 1340 1589 ad
1369 1549 1501 1591 suos
1529 1549 1707 1606 usque
1733 1535 1873 1605 pilos
1899 1535 1922 1589 ?
1945 1533 2044 1590 Vel

448 1633 725 1705 quomodo
750 1647 814 1686 ex
842 1630 1085 1683 amianto
1112 1627 1280 1682 herba
1302 1625 1641 1697 ellyclmium
1668 1626 1723 1680 in
1759 1626 2043 1681 lucernam

447 1727 729 1798 positum,
784 1723 852 1776 ad
908 1719 1102 1792 viginti
1156 1733 1429 1773 annorum
1478 1718 1770 1773 circuitum
1824 1718 2041 1786 sullicit,

446 1813 572 1868 solo
607 1811 732 1866 oleo
762 1822 980 1878 semper
1030 1821 1128 1878 per
1168 1806 1409 1862 lucerna:
1455 1808 1634 1877 ignem
1687 1816 2035 1879 eraporante,

449 1901 569 1972 ipsa
624 1907 883 1955 manente
915 1898 1283 1969 incorrupta?
1326 1897 1382 1953 ln
1419 1896 1530 1953 Deo
1572 1898 1738 1969 igitur
1789 1900 2040 1969 quiescat

444 1992 608 2058 illud,
637 1989 936 2059 Quomodo.
975 1989 1089 2047 Vox
1111 1990 1324 2047 Domini
1352 1981 1737 2060 perrumpentis
1764 1991 2039 2059 ﬂammam

444 2074 588 2156 ignis
614 2123 629 2148 ,
655 2083 854 2154 .inquit
892 2083 1201 2138 carminum
1252 2080 1567 2137 divinorum
1626 2091 1822 2137 auctor
1861 2082 1926 2136 ".
1959 2084 2042 2138 Ad

444 2177 597 2232 hunc
626 2176 772 2231 enim
833 2175 1056 2230 modum
1100 2174 1152 2229 in
1203 2173 1348 2229 rubo
1385 2174 1614 2238 deserti,
1648 2182 1703 2229 et
1732 2174 1785 2228 in
1823 2173 2044 2231 fornace

446 2267 769 2340 Babylonis,
797 2276 853 2324 et
900 2266 956 2321 in
989 2265 1105 2321 Elia
1149 2275 1307 2332 vate,
1344 2266 1581 2337 aliisque
1624 2266 1890 2337 prodigiis
1923 2265 2045 2321 eda-

446 2376 568 2417 cem
598 2362 708 2415 vim
756 2360 899 2431 ignis
936 2357 1260 2414 mandatum
1310 2358 1556 2412 divinum
1608 2366 1857 2422 resecat,
1887 2373 2045 2429 sepa-

437 2469 582 2510 rans
614 2468 676 2509 ea
702 2469 825 2523 quae
855 2451 997 2523 apud
1020 2466 1122 2507 nos
1146 2451 1537 2523 inseparabilia
1565 2459 1785 2512 sunt.et
1805 2450 2044 2508 inuuens

438 2545 621 2602 .futuri
668 2544 843 2600 divini
904 2545 1100 2615 judicii
1153 2544 1549 2615 integritatem,
1585 2543 1677 2598 ubi
1718 2543 2045 2598 illuminatio

443 2637 675 2707 quidem
730 2637 874 2707 ignis
909 2636 1100 2691 aaterni
1143 2636 1309 2707 justis
1352 2637 1654 2702 tribuetur,
1685 2634 2044 2690 inﬂammatio

443 2737 640 2783 autem
677 2727 1035 2783 adversariis.
1065 2724 1208 2781 Nam
1233 2726 1345 2779 dies
1370 2727 1471 2780 illa
1515 2726 1570 2779 in
1614 2726 1723 2796 igni
1761 2726 2042 2792 reveletur,

445 2831 501 2875 et
521 2818 943 2887 uniuscujusque
1001 2831 1129 2885 opus
1163 2816 1322 2887 quale
1351 2818 1443 2881 sit,
1477 2817 1616 2887 ignis
1662 2816 1924 2885 probabit,
1957 2818 2043 2872 in-

450 2911 572 2981 quit
599 2909 836 2965 eximius
875 2907 966 2962 ille
992 2906 1292 2976 Apostolus
1322 2907 1388 2954 ⁸⁸.
1413 2905 1552 2960 Cum
1579 2904 1684 2959 hoc
1711 2912 1889 2959 autem
1915 2922 2045 2962 con-

423 2998 700 3055 -sentiens
752 2996 950 3053 Petrus
1009 2995 1185 3051 divini
1247 2995 1540 3051 ministerii
1596 2995 1855 3066 princeps
1891 3015 1903 3050 :
1939 2999 2046 3064 Qui

449 3107 590 3145 nunc
610 3090 731 3146 creti
758 3098 904 3155 sunt,
938 3088 1036 3153 ait,
1066 3100 1115 3144 et
1149 3097 1314 3151 terra,
1346 3087 1456 3159 igni
1481 3088 1740 3142 reconditi
1769 3099 2047 3144 servantur

404 3208 419 3227 υ
446 3182 506 3234 in
528 3181 665 3236 diem
702 3179 901 3249 jndicii
929 3188 978 3233 et
1007 3178 1374 3234 retributionis
1406 3179 1474 3233 “.
1505 3176 1801 3234 Servorum
1856 3189 2041 3236 autem

404 3287 680 3328 ~suorum
733 3286 1021 3328 sermones
1064 3271 1369 3338 obsignans
1420 3269 1684 3327 Dominus
1710 3312 1726 3337 ,
1759 3272 1937 3343 inquit
1984 3274 2039 3328 in

1558 411 1614 466 S.
1658 409 2322 481 (IIESARllﬁREGORll
2357 411 2678 477 FRATRIS,

3618 412 3729 473 910

2144 528 2344 597 φλογὸς
2386 528 2836 601 κορυφουμένης,
2893 527 3160 598 ἀύαυστοι
3205 529 3298 582 καὶ
3335 529 3600 601 ἀμεὶωτοι
3658 534 3730 587 δι-

2142 620 2393 691 έμεινον,
2428 622 2627 691 μᾶλλον
2656 621 2799 693 ὑπὲρ
2840 621 2903 675 τὸ
2935 621 3046 691 πῦρ
3068 622 3497 693 ἀστράπτοντες;
3532 624 3730 688 Ὅπως

2142 713 2199 767 δὲ
2229 712 2303 784 μὴ
2323 713 2526 780 δόξοιεν
2547 715 2760 785 ἐκείνην
2787 713 3153 786 κορυφοῦντες
3173 715 3411 791 στύππῃ,
3429 717 3520 772 καὶ
3537 718 3729 793 πίσσῃ,

2149 804 2238 859 καὶ
2265 805 2464 877 νάφθῃ,
2485 806 2580 859 καὶ
2596 805 2905 876 κληματίδι,
2926 806 3130 877 μαγεῐᾳ
3148 806 3305 877 τινὶῆ
3332 808 3606 879 φαντασίᾳ
3632 826 3731 878 χα-

2146 893 2436 966 λινωθῆναι
2471 895 2570 966 τὴν
2600 895 2899 967 παμφάγον
2927 896 3021 950 τοῦ
3061 897 3233 968 πυρὸς
3261 897 3511 968 δύναμιν,
3547 899 3584 968 ἡ
3619 902 3729 962 τοῖς

2144 984 2292 1040 ἔνδον
2325 985 2695 1056 συγχαίρουσα
2748 986 2962 1057 θειότης
3017 988 3294 1055 οἰκονομεῖ
3342 987 3443 1060 τὴν
3493 988 3584 1042 διὰ
3632 989 3727 1042 τοῦ

2144 1077 2368 1148 στομίου
2389 1078 2471 1140 εἰς
2488 1077 2548 1129 τὸ
2565 1077 2677 1131 ἀνω
2695 1076 3042 1151 διαδρ[αμ]ου
3050 1078 3218 1149 μένην
3238 1077 3731 1151 φλόγα,ὲκδραμεῖν

2143 1169 2237 1223 ἐπὶ
2279 1169 2381 1239 τῆς
2412 1169 2607 1241 χέρσου
2634 1209 2649 1234 ,
2678 1170 2775 1222 καὶ
2816 1168 2943 1234 τοὺς
2988 1169 3099 1224 ἀπὸ
3137 1172 3544 1242 τεσσαράκοντα
3572 1172 3729 1225 ὲννέα

2147 1257 2339 1329 πηχῶν
2372 1257 2561 1331 πόρρω
2595 1259 2695 1329 τῆς
2723 1262 3002 1331 πυρκαϊᾶς
3031 1262 3431 1332 καθεζομένους
3451 1263 3733 1334 ὑπηρέτας

2143 1352 2240 1406 καὶ
2294 1350 2493 1415 θεατάς
2530 1352 2898 1422 καταφλέξαι,
2934 1354 3029 1408 καὶ
3086 1354 3251 1425 μέχρι
3308 1355 3485 1418 κόνιος
3532 1356 3731 1409 ἀποτε-

2144 1444 2380 1515 φρῶσαι.
2419 1443 2545 1508 Πῶς
2567 1444 2624 1497 δὲ
2657 1444 2843 1509 Ἠλίας
2864 1445 3075 1517 πυρίνῳ
3097 1446 3383 1519 τεθρίππῳ
3402 1448 3481 1511 εἷς
3501 1447 3732 1518 οὐρανὸν

2144 1534 2627 1607 ἀναπτερούμενος
2662 1536 2932 1605 ἀφλεκτος
2990 1536 3226 1609 διέμεινε
3280 1538 3445 1609 μέχρι
3496 1539 3594 1591 καὶ
3632 1538 3731 1607 τῆς

2149 1626 2287 1691 ιδίας
2342 1626 2569 1700 τριχός;
2620 1627 2745 1692 Πῶς
2798 1627 2856 1681 δὲ
2917 1628 2983 1682 ὲκ
3017 1629 3119 1700 τῆς
3175 1629 3440 1701 ἀμιάντου
3499 1629 3733 1700 βοτάνης

2146 1719 2405 1792 θρυαλλὶς
2430 1719 2510 1790 τῷ
2536 1720 2717 1793 λύχνῳ
2745 1720 3063 1793 ὲντιθεμέντ,
3080 1762 3093 1785 ,
3122 1722 3295 1776 εἴκοσι
3322 1722 3457 1777 ἐτῶν
3485 1722 3731 1794 περίοδος

2140 1812 2325 1883 ἀρκεῖ,
2364 1811 2460 1866 τοῦ
2498 1812 2678 1867 ἐλαίου
2718 1813 2882 1884 μόνου
2918 1815 3006 1868 ἀεὶ
3049 1813 3477 1887 ὲξατμιζομὲνου
3522 1814 3607 1885 τῷ
3642 1815 3731 1868 λυ-

2146 1901 2338 1973 χνιαίῳ
2368 1903 2541 1973 πυρὶ,
2578 1903 2750 1975 αὐτῆς
2787 1901 3028 1976 ἀφθόρου
3080 1904 3379 1977 μενούσης;
3428 1904 3731 1976 Ἦρεμεξτω

2145 1989 2239 2046 οὖν
2282 1992 2377 2046 ἐπὶ
2421 1991 2558 2045 Θεοῦ
2615 1991 2675 2046 τὸ
2744 1992 2882 2058 πῶς.
2933 1993 3107 2062 Φωνὴ
3153 1996 3374 2063 Κυρίου
3430 1994 3733 2049 διακόπτει

2144 2083 2344 2155 φλόγα
2370 2084 2559 2152 πυρὸς
2578 2124 2592 2150 ,
2624 2086 2789 2156 φησὶν
2816 2087 2845 2140 ὁ
2887 2085 3031 2151 θεῖος
3078 2086 3337 2157 μελῳδὸς.
3376 2087 3593 2158 Ὥσπερ
3624 2086 3730 2156 γάρ

2144 2176 2239 2229 ἐπὶ
2267 2177 2368 2247 τῆς
2397 2174 2607 2247 θάμνου
2644 2178 2703 2229 ὲν
2730 2179 2796 2248 τῇ
2843 2177 3072 2248 ἐρήμῳ,
3108 2170 3204 2230 καὶ
3240 2178 3333 2231 ἐπὶ
3369 2177 3470 2249 τῆς
3496 2178 3731 2248 καμίνου

2144 2268 2204 2321 ἐν
2237 2265 2543 2331 Βαϐυλῶνι,
2574 2268 2669 2321 καὶ
2696 2268 2790 2321 ἐπὶ
2826 2268 3010 2322 Ἠλίου
3033 2266 3129 2321 τοῦ
3156 2271 3439 2341 προφήτου
3460 2310 3474 2334 ,
3501 2269 3601 2323 καὶ
3625 2267 3731 2321 τῶν

2144 2355 2349 2411 λοιπῶν
2385 2355 2699 2430 τεραστῐων
2714 2357 2812 2430 τὴν
2852 2358 3147 2430 φλεκτικὴν
3184 2358 3279 2413 τοῦ
3306 2359 3478 2431 πυρὸς
3503 2359 3731 2430 δύναμιν

2142 2448 2423 2519 διατέμνει
2450 2446 2514 2502 τὸ
2542 2448 2687 2503 θεῖον
2724 2450 3072 2522 πρόσταγμα,
3102 2451 3453 2523 καταλλήλως
3487 2450 3730 2522 διαιροῦν

2142 2540 2205 2595 τὸ
2228 2540 2362 2612 παρ’
2389 2542 2521 2611 ἡμῖν
2542 2539 2869 2612 ἀδιαίρετον,
2888 2541 3207 2595 ὑποδεικνύν
3231 2558 3289 2594 τε
3310 2541 3410 2612 τῆς
3432 2540 3730 2612 μελλούσης

2142 2633 2299 2697 θείας
2332 2632 2570 2704 κρίσεως
2605 2633 2667 2686 τὸ
2703 2632 3024 2697 ἀδέκαστον,
3056 2633 3118 2687 τὸ
3146 2634 3473 2703 φωτιστικὸν
3503 2632 3606 2704 μὲν
3637 2631 3726 2685 τοῦ

2142 2723 2427 2794 γεεννικοῢ
2459 2724 2632 2796 πυρὸς
2677 2725 2907 2789 δικαίοις
2935 2723 3130 2796 μέλλον
3163 2725 3549 2798 ἀπονέμεσθαι,
3583 2725 3645 2779 τὸ
3674 2724 3728 2777 δὲ

3746 955 3774 993 ι

2144 2816 2438 2886 φλεκτικδν
2466 2820 2581 2881 τοῖς
2628 2816 2916 2879 ἐναντίοις.
2958 2817 3023 2872 Ἠ
3057 2816 3166 2887 γὰρ
3200 2814 3391 2887 ἡμέρα
3428 2816 3629 2884 ἐκείνη
3665 2814 3729 2868 ἐν

2141 2910 2288 2977 πυρὶ
2313 2910 2825 2975 ἀποκαλύπτεται,
2840 2912 2937 2965 καὶ
2963 2910 3224 2966 ἑκάστου
3246 2911 3313 2965 τὸ
3334 2914 3510 2982 ἔργον
3524 2910 3732 2966 ὁποῖόν

2145 3001 2277 3055 ἐστι
2301 3000 2369 3055 τὸ
2396 3001 2516 3070 πῦρ
2538 3001 2875 3072 δοκιμάσει,
2900 3004 3063 3075 φησὶν
3092 3006 3120 3057 ὀ
3143 3003 3347 3075 ὑψηλὸς
3381 3003 3728 3066 Ἀπὸστολοςο

2148 3090 2457 3162 συμφώνως
2480 3093 2538 3147 δὲ
2562 3093 2738 3166 τούτῳ
2761 3094 2970 3166 Πέτρος
2995 3096 3026 3148 ὁ
3052 3094 3146 3148 τοῦ
3175 3094 3364 3148 θιάσου
3399 3095 3724 3164 κορυφαῖος·

2145 3187 2215 3238 Ol
2249 3184 2317 3238 δὲ
2354 3184 2472 3240 νῦν
2497 3225 2511 3251 ,
2544 3187 2731 3259 φησὶν,
2787 3189 2843 3242 οἱ
2877 3187 3156 3257 οὐρανοὶ,
3211 3187 3308 3242 καὶ
3350 3188 3388 3257 ἠ
3418 3187 3496 3259 γῆ
3526 3228 3540 3252 ,
3587 3185 3727 3256 πυρὶ

2142 3279 2684 3351 τεθησαυρισμένοι
2706 3281 2861 3347 εισὶγ
2877 3284 3230 3352 τηρούμενοι
3253 3284 3338 3349 εἰς
3363 3282 3592 3353 τὐιέραν
3615 3282 3729 3351 κρι-

406 3410 413 3413 .
445 3362 751 3434 Evangelio
785 3380 800 3416 :
840 3361 975 3416 Tum
1010 3358 1183 3415 Filius
1208 3360 1439 3415 hominis
1463 3362 1631 3417 mittet
1663 3362 1878 3433 angelos
1915 3381 2042 3418 suos

2147 3382 2301 3435 σεως
2325 3370 2424 3423 καὶ
2454 3370 2938 3438 ἀνταποδόσεως.
2983 3373 3105 3426 Τῶν
3144 3373 3371 3426 οἰκετῶν
3398 3373 3455 3427 δὲ
3484 3374 3613 3437 τοὺς
3644 3373 3727 3427 λὸ-

408 3486 421 3501 η
450 3453 642 3521 ubique
667 3468 761 3521 per
792 3463 1057 3507 terrarum
1091 3450 1293 3517 orbem,
1336 3461 1385 3505 et
1433 3453 1825 3523 congregabunt
1858 3468 2042 3521 pecca-

412 3585 422 3594 .
450 3557 593 3600 tores
626 3560 655 3599 e
702 3544 873 3598 medio
893 3543 1185 3613 justorum,
1218 3551 1268 3597 et
1301 3542 1582 3611 projicient
1607 3543 1748 3611 ipso:
1782 3544 1836 3597 in
1864 3544 2043 3612 {orna-

411 3652 563 3690 ματη
591 3636 728 3706 ignis
754 3635 821 3690 ".

2144 3475 2276 3527 γους
2308 3460 2723 3532 ὲπισφραγίζων
2760 3463 2789 3515 ὁ
2823 3461 3056 3534 Κύριος,
3083 3465 3141 3516 ἐν
3169 3462 3521 3533 Εὐαγγελίοις
3553 3463 3686 3535 φησί
3707 3477 3723 3493 ·

2149 3551 2287 3606 Τότε
2334 3553 2369 3606 ὁ
2428 3551 2562 3619 Υἱὸς
2594 3553 2701 3608 τοῦ
2735 3552 3049 3623 ἀνθρώπου
3088 3554 3420 3611 ἀποστελεῖ
3452 3556 3596 3622 τοὺς
3630 3557 3727 3624 ἀγ-

2138 3638 2364 3708 γέλους
2425 3642 2611 3698 αὑτοῦ
2677 3645 2990 3714 πανταχοῦ
3036 3645 3149 3714 τῆς
3198 3646 3581 3716 οἰκουμένης,
3631 3643 3726 3701 καὶ

428 3727 794 3794 Διι-υνάςξουσι
843 3726 985 3794 τοὺς
1020 3725 1410 3796 ἁμαρτωλοὺς
1448 3725 1517 3779 ἐκ
1564 3725 1758 3796 μέσου
1791 3725 1909 3780 τῶν
1936 3726 2228 3800 δικαίων,
2282 3734 2379 3789 καὶ
2430 3735 2739 3801 ,βαλοῦσιν
2788 3738 3011 3806 αὐτοὺς
3046 3742 3131 3804 εὶς
3174 3740 3292 3810 τὴν
3337 3742 3590 3813 κάμινον
3620 3736 3724 3793 τοῦ

442 3821 669 3892 πυρός-

861 3934 1386 3993 INTERROGATIO
1424 3934 1635 3992 LXXII.

525 4051 667 4121 Quid
709 4052 916 4123 igitur?
943 4066 1011 4106 an
1039 4066 1319 4135 nunquam
1352 4051 1719 4106 abolebuntur
1758 4050 1905 4114 cmli,
1945 4064 2043 4104 nec

446 4146 811 4202 luminarium
845 4144 1060 4200 illorum
1092 4144 1197 4198 erit
1224 4144 1477 4200 interitus
1512 4144 1536 4196 ?

1096 4255 1411 4321 Responsio.

527 4351 648 4408 Erit
680 4350 898 4422 quidem
952 4356 1220 4405 creatura:
1251 4347 1565 4408 dissolutio,
1592 4361 1698 4401 non
1733 4342 2045 4399 omnimoda

438 4448 641 4496 tamen
671 4438 931 4499 sublatio,
961 4436 1055 4492 sed
1099 4436 1153 4489 in
1181 4435 1376 4490 melius
1409 4433 1820 4497 transmutatio,
1851 4445 2046 4502 quem-

454 4529 751 4585 admodum
793 4543 862 4582 ex
904 4526 1107 4581 Davide
1146 4525 1331 4581 divino
1355 4534 1476 4580 vate
1504 4525 1791 4589 discimus,
1822 4524 1878 4579 in
1901 4524 2046 4580 hunc

458 4620 682 4676 modum
713 4628 945 4674 canente
978 4637 989 4672 :
1022 4616 1101 4671 Ab
1137 4618 1289 4671 initio
1316 4626 1395 4682 tu,
1428 4616 1672 4681 Domine,
1702 4626 1898 4672 terram
1930 4617 2050 4688 fun-

446 4713 628 4777 dasti,
657 4720 707 4765 et
737 4725 897 4779 opera
944 4724 1198 4763 manuum
1241 4717 1457 4762 tuarum
1490 4708 1608 4762 caeli
1638 4718 1761 4763 sunt
1792 4710 1936 4778 ;ipsi
1962 4710 2046 4764 in-

440 4813 685 4870 -tereunt,
721 4814 777 4858 tu
805 4813 982 4858 autem
1023 4817 1300 4871 permane;
1325 4802 1392 4852 '7.
1434 4800 1503 4856 Et
1546 4816 1742 4857 rursus
1778 4800 1845 4857 de
1881 4816 2046 4874 gene-

432 4896 669 4953 ‘ratione
694 4895 1019 4966 subjiciens,
1042 4894 1253 4964 inquit:
1280 4892 1345 4947 Et
1369 4908 1559 4948 omnes
1594 4905 1652 4947 ut
1682 4893 2045 4948 vestimentum

436 4995 799 5049 i'veterascent,
816 4996 865 5042 et
891 4969 1027 5041 velut
1044 4984 1272 5054 pallium
1289 4984 1658 5040 circnnwolves
1675 5003 1785 5050 eos,
1800 4995 1847 5040 et
1879 4995 2048 5040 muta-

450 5078 736 5132 buntur”.
760 5076 1153 5132 Deﬁcientibus
1176 5074 1340 5145 igitur
1360 5075 1500 5130 ultra
1517 5076 1835 5134 caelestibus
1864 5079 2045 5149 aquis,

454 5171 644 5224 omnia
703 5169 868 5225 simul
928 5168 1234 5239 liquescent
1290 5167 1625 5222 abundant.a
1675 5168 1858 5239 ignis;
1917 5184 2043 5224 nam

457 5259 633 5316 stella:
656 5260 874 5326 cadent,
906 5269 966 5315 ut
1002 5259 1071 5313 de
1120 5260 1230 5315 vite
1287 5257 1437 5322 folia,
1474 5260 1651 5331 inquit
1686 5260 1922 5317 eximius
1954 5262 2044 5316 ille

456 5351 599 5407 inter
630 5351 987 5408 vates'lsaias
1015 5350 1082 5405 ”.
1128 5349 1185 5405 In
1221 5351 1507 5431 catholicis
1563 5357 1744 5405 autem
1783 5349 2041 5420 Epistolis

457 5441 655 5500 Petrus
720 5443 899 5515 inquit
939 5461 951 5497 :
999 5441 1276 5497 Elementa
1322 5443 1612 5497 matuantia
1667 5442 1937 5496 solventur
1973 5440 2039 5493 ”.

456 5535 613 5604 Quod
654 5544 838 5593 autem
880 5536 949 5591 ad
976 5536 1194 5598 melius,
1223 5545 1277 5591 et
1301 5534 1355 5589 in
1384 5542 1588 5590 statum
1639 5532 1899 5601 deinceps
1929 5545 2039 5585 non

455 5627 693 5697 amplius
725 5626 1026 5683 desiturum
1056 5624 1241 5681 omnia
1264 5621 1672 5679 corroboranda
1712 5622 1847 5686 sint,
1873 5619 2040 5675 tradit

2733 3940 2981 3994 ΠΕΥΣΙΣ
3014 3941 3141 3999 08'.

2212 4046 2286 4101 Τί
2322 4043 2450 4114 οὗν;
2493 4051 2750 4105 οὐδέποτε
2784 4051 2940 4105 ἔσται
2987 4052 3143 4117 λύσις
3182 4054 3297 4107 τῶν
3328 4053 3603 4125 οὐρανῶν,
3639 4054 3728 4109 καὶ

2149 4135 2255 4191 τῶν
2289 4138 2593 4209 φωστήρων
2630 4140 2852 4194 ἐκείνων
2883 4141 3225 4212 deamo-tto“

2775 4252 3128 4321 Ἀπόκρισις.

2224 4339 2420 4395 Ἔσται
2461 4342 2559 4413 μὲν
2584 4343 2684 4414 τῆς
2712 4343 2941 4408 κτίσεως
2967 4344 3242 4409 διάλυσις,
3286 4347 3349 4400 οὐ
3378 4346 3646 4417 παντελὴς
3673 4348 3726 4401 δὲ

2147 4434 2488 4506 ἀφανισμὺς,
2526 4435 2662 4490 ἀλλὰ
2718 4439 2855 4507 πρὸς
2915 4437 2980 4492 τὸ
3031 4441 3277 4510 κρεῖττον
3334 4442 3687 4511 μεταποίησις
3711 4454 3724 4467 ’
3780 4458 3785 4461 ‘

2148 4525 2336 4591 καθὼς
2364 4527 2432 4581 ἐκ
2462 4527 2558 4581 τοῦ
2603 4527 2893 4582 θεσπεσίου
2930 4529 3096 4584 Δαὸὶδ
3142 4530 3549 4603 παιδευόμεθα,
3594 4531 3730 4603 ¹μελ-

2148 4617 2409 4689 ῳδοῦντος
2427 4634 2442 4649 ·
2469 4619 2607 4673 Κατ’
2638 4619 2830 4689 ἀρχὰς
2851 4619 2934 4673 σὺ
2951 4660 2966 4685 ,
2999 4621 3177 4689 Κύριε
3194 4661 3210 4686 ,
3238 4620 3353 4690 τὴν
3379 4620 3497 4692 γῆν
3530 4623 3727 4692 ἐθεμε-

2148 4711 2414 4777 λίωσας,
2453 4710 2550 4765 καὶ
2589 4710 2735 4780 ἔργα
2769 4709 2890 4765 τῶν
2911 4711 3127 4782 χειρῶν
3166 4713 3285 4767 σού
3331 4716 3492 4768 εἰσιν
3525 4715 3581 4766 οἱ
3620 4713 3725 4766 οὐ·

2140 4802 2320 4870 ρανοι
2337 4817 2351 4833 ⁸
2381 4799 2550 4857 αὐτοὶ
2581 4801 2954 4857 ἀπολοῦνται
2974 4843 2989 4868 ,
3038 4802 3121 4858 σὺ
3162 4802 3233 4856 δὲ
3265 4802 3586 4872 διαμένεις.
3618 4800 3726 4855 Καὶ

2148 4889 2306 4957 αὖθις
2324 4892 2545 4961 ἐπάγων
2567 4892 2666 4965 τὴν
2695 4892 3146 4962 παλιγγενεσίαν,
3182 4893 3346 4966 φησί’
3374 4892 3485 4947 Καὶ
3505 4892 3723 4957 πάντες

2148 4984 2230 5049 ὡς
2267 4981 2499 5052 ἱμάτιον
2555 4982 3079 5053 παλαιωθήσονται
3102 5023 3118 5047 ,
3163 4983 3263 5038 καὶ
3312 4982 3457 5040 ὡσεὶ
3495 4982 3724 5051 περισό-

2149 5077 2327 5128 λαιον
2370 5073 2591 5140 ἑλίξεις
2623 5073 2846 5141 αὐτοὺς
2867 5113 2884 5139 ,
2920 5075 3015 5129 καὶ
3044 5068 3518 5143 ἀλλαγήσονται.
3562 5072 3723 5126 Ἀποα

2148 5163 2425 5236 ληγόντων
2451 5167 2631 5217 τοίνυν
2681 5164 2789 5219 τῶν
2842 5165 3254 5236 ὑπερουρανὶων
3294 5164 3537 5230 ὑδάτων,
3582 5179 3726 5234 τηνι-

2150 5256 2328 5311 καῦτα
2362 5256 2539 5310 πάντα
2570 5256 2740 5327 ἄρδην
2777 5256 3180 5328 χωνευθήσεται
3207 5260 3271 5329 τῇ
3316 5255 3588 5327 ὑπερϐολῇ
3634 5252 3723 5308 τοῦ

2147 5346 2320 5417 πυρός
2342 5364 2354 5375 ’
2398 5348 2449 5400 οἱ
2490 5348 2597 5418 γὰρ
2625 5347 2856 5419 ἀστέρες
2889 5347 3203 5414 πεσοῦνται,
3234 5348 3309 5412 ὡς
3343 5348 3516 5418 φύλλα
3546 5346 3606 5412 ἐξ
3628 5348 3725 5416 ἀμο

2148 5435 2314 5490 πέλου
2341 5475 2356 5500 ,
2392 5439 2556 5507 φησὶν
2584 5439 2612 5491 ὀ
2646 5437 2755 5492 τῶν
2794 5438 3090 5509 προφητῶν
3115 5439 3317 5512 ὑψηλὸς
3354 5441 3601 5501 Ἡσαΐας.
3641 5437 3725 5489 Ἐν

2148 5526 2205 5580 δὲ
2244 5526 2572 5591 Καθολικαῖς
2608 5542 2741 5597 φησι
2779 5526 3015 5599 Πέτρος·
3045 5529 3318 5599 Στοιχεῖα
3353 5530 3422 5583 δὲ
3458 5523 3719 5582 καυσού-

2142 5634 2297 5687 μενα
2321 5617 2713 5686 λυθήσονται.
2747 5619 2870 5673 "Ott
2895 5618 2954 5673 δὲ
2981 5619 3117 5691 πρὸς
3140 5620 3201 5673 τὸ
3239 5620 3487 5690 κρεῖττον
3513 5618 3604 5672 καὶ
3625 5615 3724 5667 λοι-

527 5798 576 5831 “³
614 5797 759 5851 Psal.
784 5814 975 5861 xxvm,
1007 5800 1060 5852 37.
1136 5799 1184 5832 ³⁵
1225 5797 1241 5850 l
1278 5796 1406 5851 Cor.
1444 5811 1523 5860 ιιι,
1548 5796 1643 5849 1'5.
1678 5764 1681 5767 Ἴ
1711 5796 1766 5828 ’³⁸
1804 5793 1847 5849 ll
1868 5792 1986 5849 Pet.
2017 5809 2042 5848 ι·

2147 5793 2187 5847 7.
2265 5794 2311 5825 ²⁶
2353 5791 2540 5850 Matth.
2571 5809 2715 5862 utr,
2767 5792 2867 5861 ‘59.;
2927 5808 3048 5861 xm,
3084 5791 3172 5860 49,
3222 5792 3312 5849 50.
3388 5790 3434 5827 ’τ
3471 5788 3618 5847 Psal.
3651 5802 3717 5851 cu,

450 5864 549 5932 2‘3,
571 5865 661 5921 27.
738 5867 941 5922 “ibid.
976 5869 1066 5923 2'7.

1144 5870 1187 5899 ”
1229 5866 1334 5922 lsa.
1373 5880 1490 5931 xm,
1530 5867 1613 5921 ιθ.
1694 5867 1736 5899 ³ο
1774 5865 1819 5921 ll
1850 5863 1968 5920 Pet.
1998 5879 2091 5935 tu,
2126 5863 2215 5920 10.
