4000 6408
318 434 420 492 9H

326 550 429 603 πδν
450 545 790 602 ἀδιάλειπτον
814 542 883 596 τὰ
931 541 1106 596 πάντα
1142 532 1689 608 μεταῤῥωσθήσεται,
1739 527 1905 598 φησιν

326 643 356 694 6
402 636 512 691 τῶν
556 633 868 689 ἐνεστώτων
926 631 1021 685 καὶ
1076 626 1374 699 μελλόντων
1434 622 1577 685 θεῖος
1627 618 1863 690 μελῳδὸς
1886 632 1901 646 ’

342 723 805 791 Ἐξαποστελεῖς
832 720 898 775 τὸ
919 717 1160 789 Πνεῦμά
1181 733 1319 782 σου,
1334 713 1432 768 καὶ
1453 709 1904 777 κτισθήσονται,

330 816 431 872 καὶ
457 813 829 878 ἀνακαινιεῒς
858 811 926 865 τὸ
964 809 1292 880 ,πρόσωπον
1318 805 1430 875 τῆς
1454 806 1588 875 γῆς.
1642 799 1654 809 ’

914 903 1162 957 ΠΕΥΣΙΣ
1202 899 1324 955 ΟΓ’.

403 997 611 1054 Οὐκοῦν
641 996 735 1051 καὶ
758 998 792 1066 ἡ
839 994 1084 1049 Θάλασσα
1112 991 1265 1063 λήξει
1301 989 1432 1044 ποτὲ
1471 986 1565 1041 ἐπὶ
1593 984 1694 1054 τῆς
1722 997 1911 1035 συντε-

322 1087 521 1151 λείας,
553 1084 792 1152 τοσαύτη
840 1076 1012 1144 οὖσα,
1044 1077 1140 1130 καὶ
1182 1074 1253 1128 τὰ
1304 1071 1680 1142 ὑπερουράνια
1722 1066 1909 1131 ἱδατα,

331 1178 500 1250 [περὶ
524 1168 661 1246 ὧν,]
702 1172 831 1228 Ἀνὰ
868 1171 1065 1241 μέσον
1110 1166 1332 1230 ὕδατος
1359 1162 1461 1216 καὶ
1488 1161 1709 1226 ὕδατος
1737 1171 1931 1249 γενη-¹

330 1270 495 1339 θήτω
521 1267 859 1337 στερέωμα,
890 1264 1059 1333 φησὶν
1088 1262 1116 1314 ὁ
1140 1258 1311 1325 Θεόςς

933 1352 1299 1419 Ἀπόκρισις.

409 1451 519 1506 Καὶ
553 1448 697 1520 μάλα
721 1446 945 1509 εἰκότως
979 1446 1042 1497 ὲκ
1069 1443 1162 1496 τοῦ
1190 1438 1395 1512 ὑψηλοῦ
1428 1438 1651 1491 Ἡσαΐου
1674 1431 1919 1488 παιδευό-

344 1543 482 1617 μεθα
501 1582 516 1608 ,
547 1542 735 1613 λήγειν
761 1539 860 1610 τὴν
892 1535 1159 1591 θάλατταν
1189 1534 1282 1587 καὶ
1313 1528 1674 1600 ἀφανίζεσθαι
1702 1527 1795 1579 ἐπὶ
1817 1524 1919 1594 τῆς

338 1634 654 1698 συντελείας
678 1649 692 1662 ⁸
729 1631 863 1700 φησὶ
904 1628 1013 1700 γὰρ
1050 1626 1184 1698 πρὸς
1210 1624 1302 1679 τὸν
1339 1620 1473 1675 Θεὸν
1510 1622 1538 1674 ὁ
1589 1618 1876 1679 Θεσπέσιος
1904 1630 1918 1643 °

350 1727 416 1780 Ὀ
431 1724 624 1794 λέγων
646 1720 721 1789 τῇ
745 1719 995 1784 ἀϐύσσῳ
1013 1734 1028 1749 °
1067 1709 1456 1784 Ἐρημωθήσῃ
1477 1751 1492 1772 ,
1520 1707 1618 1762 καὶ
1647 1706 1791 1772 τοὺς
1818 1718 1922 1758 πο-

343 1814 566 1883 ταμούς
619 1822 734 1866 σου
770 1805 1027 1876 {inparti}.
1066 1802 1313 1858 Νοείσθω
1365 1801 1424 1854 δὲ
1463 1801 1529 1852 ἐκ
1586 1796 1920 1868 μεταφορᾶς,

345 1905 578 1967 ἄϐυσσος
613 1901 709 1972 μὲν
742 1900 941 1962 κακίας
993 1899 1021 1951 6
1074 1893 1347 1958 διάϐολός,
1384 1891 1620 1962 ποταμοὶ
1671 1888 1729 1942 δὲ
1784 1888 1832 1940 οἱ
1865 1884 1924 1951 ἐξ

342 1996 513 2051 αὐτοῦ
563 1996 656 2049 καὶ
707 1994 787 2056 εἰς
834 1990 997 2045 αὐτὸν
1052 1989 1268 2061 ῥέοντες
1330 1985 1580 2055 δαίμονες
1606 2020 1622 2044 ,
1671 1980 1774 2050 τῆς
1827 1979 1924 2049 μὲν

346 2085 680 2158 ὲπαφρὼσης
717 2086 850 2153 ἡμῖν
899 2079 1268 2150 θανατηφόρα,
1309 2074 1418 2129 τῶν
1444 2074 1522 2141 δὲ,
1561 2071 1819 2141 κυμάτων
1849 2067 1926 2119 δί-

348 2196 452 2250 κην
493 2174 914 2245 κοουφουμένων
940 2211 955 2236 ,
991 2170 1085 2225 καὶ
1119 2166 1497 2237 ὲφαλλομένων
1530 2166 1665 2235 ἡμῖν
1714 2161 1803 2217 ἀεὶ
1837 2159 1926 2215 διὰ

345 2271 455 2324 τῶν
479 2266 820 2339 πειρασμῶν.
863 2261 1169 2335 ’Δρκοῦσαν
1199 2261 1256 2314 δὲ
1295 2258 1454 2330 μόνον
1487 2259 1554 2328 τῇ
1590 2254 1684 2308 τοῦ
1725 2253 1927 2317 παντὸς

350 2336 605 2414 συστάσει
652 2336 815 2425 φύσιν
868 2353 976 2406 τῶν
1027 2347 1238 2405 ὑδάτων
1276 2352 1304 2402 6
1358 2348 1600 2418 Κτίστης
1650 2336 1958 2417 ὲμηχανή-’

350 2466 517 2504 σατο·
561 2448 621 2501 οὐ
661 2446 821 2517 μόνον
851 2444 906 2498 δὲ
942 2444 1009 2514 τῇ
1059 2440 1358 2511 καταψύξει
1404 2439 1514 2492 τῶν
1544 2435 1930 2509 ύπερκοσμίων

351 2541 561 2596 ὑδάτων
608 2536 1000 2606 συντετήρηται
1045 2534 1105 2587 τὸ
1144 2533 1433 2605 στερέωμα
1458 2571 1474 2595 ,
1508 2531 1653 2605 ἀλλὰ,
1693 2529 1788 2584 καὶ⁴
1831 2528 1931 2597 τὴν

351 2632 526 2701 φλόγα
556 2628 997 2698 τῶν-φωστήρων
1033 2625 1172 2697 πρὸς
1204 2626 1266 2679 τὸ
1304 2626 1455 2679 κάτω
1481 2623 1710 2694 πέμπει,
1731 2620 1812 2690 τῷ
1841 2634 1935 2673 πε-

353 2721 696 2795 πηλημμένῳ
726 2718 838 2788 (28)
870 2716 1036 2771 αὐτοῦ
1071 2715 1284 2788 σώματι
1311 2717 1372 2770 τὸ
1409 2714 1690 2786 ἀνωφερὲς
1707 2711 1802 2767 τοῦ
1833 2728 1934 2764 πυ-

350 2818 447 2887 ρὸς
477 2813 613 2886 πρὸς
641 2810 701 2865 τὸ
730 2811 881 2864 κάτω
912 2809 1145 2863 διακλῶν
1170 2846 1186 2873 ,
1222 2809 1316 2861 καὶ
1344 2810 1424 2870 εἰς
1452 2809 1677 2872 ἀκτῖνας
1701 2804 1934 2875 διαχέων

352 2906 432 2978 τῷ
479 2903 729 2976 πιεσμῷ,
762 2901 904 2956 κατὰ
951 2900 1050 2973 τὴν
1078 2902 1263 2956 εἰκόνα
1300 2900 1402 2970 τῆς
1451 2900 1511 2953 ὲν
1558 2898 1748 2971 χερσὶν
1774 2896 1935 2969 ἡμῶν

354 2998 663 3071 λαμπάδος,
707 2994 913 3049 ἄνωθεν
969 2993 1299 3064 πιεζομένης
1350 2995 1451 3057 τῆς
1491 2991 1692 3061 φλογὸς
1743 2989 1935 3045 πίνακί

356 3109 467 3146 τινι
518 3091 553 3161 ἦ
591 3090 844 3158 τηγάνῳ,
874 3086 969 3141 καὶ
1001 3087 1081 3148 εἰς
1110 3087 1334 3148 ἀκτῖνας
1384 3084 1479 3138 καὶ
1515 3084 1676 3155 βολὰς
1711 3083 1938 3139 διακλω-

363 3185 549 3255 μένης.
599 3181 689 3235 Διὸ
744 3179 839 3233 καὶ
894 3177 1185 3248 μετάρσιον
1230 3175 1323 3228 τὸν
1375 3175 1525 3245 ἥλιον
1564 3177 1593 3228 6
1629 3176 1738 3247 πρὸ
1773 3174 1937 3230 αὑτοῦ

359 3276 509 3348 ἣλιος
542 3271 773 3343 Χριστὸς
814 3269 1239 3353 ἐμηχανήσατοο,
1286 3268 1536 3323 ἐντεῦθεν
1568 3266 1663 3321 τοῦ
1725 3267 1939 3339 θέρους,

362 3362 569 3417 ἐκεῖθεν
618 3359 675 3415 δὲ
705 3358 972 3432 χειμῶνος
1006 3356 1329 3428 ἀνίσχονταο
1380 3356 1526 3419 ὅπως
1564 3356 1638 3428 μὴ
1681 3356 1775 3409 ἐπὶ
1806 3354 1942 3409 πολὺ

362 3453 441 3525 τῷ
498 3454 576 3507 ἑνὶ
610 3448 1100 3523 προσδιατρίϐοντα
1127 3447 1369 3520 κλήματι
1416 3447 1528 3518 (Ξ9)
1554 3488 1569 3513 ,
1599 3445 1945 3517 λυμήνασθαι

361 3546 462 3617 τὴν
499 3544 663 3615 ἁψῖδα
710 3541 804 3596 τοῦ
846 3538 1226 3611 στερεώματος
1249 3539 1326 3609 ,ἣ
1369 3528 1715 3610 παραφλέξαι
1757 3551 1813 3589 τι
1849 3536 1947 3607 τῆς

361 3636 792 3705 διακοσμήσεως.

948 3722 1195 3777 ΠΕΥΣΙΣ
1241 3722 1357 3775 OA’.

439 3818 504 3871 Τί
552 3813 684 3881 οὖνς
721 3810 830 3886 ἆρα
864 3813 957 3866 καὶ
1005 3813 1075 3866 τὰ
1124 3813 1473 3882 ύπερκὸσμια
1524 3809 1694 3862 ὕδατα
1749 3808 1950 3876 ὁμοίως

367 3912 480 3974 τοῖς
512 3907 819 3970 θαλαττίοις
852 3903 961 3958 εἰσὶ
992 3902 1169 3974 πικρά
1187 3920 1244 3955 τε
1272 3902 1365 3956 καὶ
1392 3901 1631 3972 ἁλμυρὰ,
1661 3898 1756 3953 καὶ
1779 3898 1950 3969 βαρέα

369 4002 404 4072 ἢ
445 3999 700 4073 βρυώδης
1284 4054 1289 4059 η

984 4087 1349 4154 Ἀπόκρισις.

454 4184 729 4255 Ἦμιόλιον
783 4181 877 4235 τοῦ
933 4181 1134 4244 παντὸς
1188 4179 1378 4240 ὓδατος
1428 4178 1491 4233 τὸ
1529 4176 1820 4249 ἁνακριθὲν
1845 4216 1860 4242 ,
1891 4176 1953 4230 ού

378 4278 560 4348 μέντοι
601 4274 928 4346 πικρότατον
955 4315 970 4340 ,
1024 4272 1057 4342 ἢ
1095 4269 1420 4342 βαρύτατον,
1463 4269 1496 4341 ἢ
1530 4268 1953 4333 δυσωδέστατον,

372 4366 517 4421 κατὰ
538 4367 600 4420 τὸ
634 4366 946 4420 θαλάττιον·
987 4363 1049 4418 τὸ
1084 4363 1183 4435 μὲν
1215 4363 1322 4433 γὰρ
1349 4362 1409 4415 ού
1445 4360 1611 4431 ψαύει
1648 4360 1894 4415 ὑποθέων
1925 4361 1955 4413 6

375 4457 559 4527 ἥλιος,
588 4456 650 4510 τὸ
675 4455 730 4509 δὲ
755 4455 848 4507 ἐπὶ
892 4452 1026 4507 πολὺ
1064 4451 1389 4523 ὲπιλάμπων
1420 4451 1703 4524 ἐξατμίζει
1737 4449 1832 4503 καὶ
1859 4449 1958 4503 άν-

378 4550 569 4619 ιμᾶται
616 4548 739 4601 ὅσον
780 4544 1114 4615 γλυκύτατόν
1141 4561 1201 4596 τε
1230 4542 1324 4596 καὶ
1357 4542 1585 4613 πότιμον
1613 4543 1680 4613 τῇ
1721 4539 1956 4611 θαλάττῃ

377 4638 687 4707 ἐγκρίνεται
740 4635 829 4689 διὰ
872 4633 1133 4706 ποταμῶν
1184 4635 1277 4687 καὶ
1328 4632 1664 4705 χειμάρρων.
1711 4629 1958 4702 Ὀρῶμεν

378 4727 488 4797 ’γὰρ
524 4726 784 4788 πολλάκις
815 4723 999 4795 χώρας
1048 4720 1372 4790 τεναγώδεις
1416 4723 1474 4774 ὲν
1511 4720 1613 4790 μιᾷ
1642 4715 1962 4788 μεσημϐρίᾳ

381 4817 553 4888 ξηρὰς
580 4819 674 4870 καὶ
704 4816 967 4885 ἀνίκμους
995 4812 1444 4883 καταλειφθείσας
1469 4813 1578 4872 τοῖς
1605 4811 1797 4879 ἀτμοῖς
1817 4845 1832 4873 ,
1854 4808 1964 4862 δια-

382 4907 660 4978 κριθέντος
687 4904 781 4958 τοῦ
814 4904 1002 4968 ὓδατος
1022 4944 1037 4967 ,
1074 4905 1169 4957 καὶ
1195 4907 1263 4973 τῇ
1292 4903 1540 4972 ἀναφορᾷ
1568 4901 1687 4962 ταῖς
1712 4898 1961 4968 νεφέλαις

382 4996 744 5069 ἐγκραθέντος
762 5034 777 5057 ,
814 4993 978 5047 πάλιν
1004 4995 1071 5063 τῇ
1102 4996 1171 5063 γῇ
1201 4992 1389 5062 ὥσπερ
1419 4994 1485 5044 ἐκ
1518 4988 1770 5058 σπόγγων
1794 4989 1965 5058 ἐκμυ-

383 5092 629 5164 ζόμενον,
657 5089 750 5145 καὶ
781 5089 861 5153 είς
894 5087 1048 5141 ὑετὸν
1081 5084 1612 5155 ὲξοικονομούμενον.

964 5368 1215 5423 ΠΕΥΣΙΣ
1259 5367 1381 5421 OE’.

463 5461 527 5513 Τί
555 5456 686 5527 οὖν,
714 5462 763 5514 οἱ
796 5460 992 5534 ὄμϐροι
1026 5463 1090 5514 ὲκ
1128 5460 1225 5530 τῆς
1266 5456 1544 5528 θαλάσσης
1571 5453 1967 5526 χορηγούμενοι

388 5553 506 5616 ταῖς
533 5550 782 5620 νεφέλαις
806 5591 819 5615 ,
850 5549 1008 5604 πάλιν
1040 5552 1108 5620 τῇ
1145 5551 1217 5620 γῇ
1250 5547 1634 5619 σκορπίζονται
1663 5562 1678 5612 ;
1719 5545 1814 5599 καὶ
1855 5543 1973 5608 πῶς

459 5682 506 5716 ³³
544 5680 688 5737 Psal.
724 5695 840 5746 cm,
883 5679 974 5736 50.
1052 5679 1096 5721 ³³
1134 5676 1268 5734 Gen.
1303 5694 1342 5744 ι,
1374 5677 1432 5734 6.
1509 5677 1555 5709 ³³
1597 5676 1700 5733 lsa.
1742 5691 1890 5740 xuv,
1931 5675 2024 5733 26.

460 5797 575 5870 (ΞΒ)
616 5797 1082 5871 Πεπηλημμένῳ.
1134 5796 1445 5871 Legendum
1480 5797 1694 5856 videtur
1734 5796 1968 5867 πεπιλη-

396 5868 541 5941 μένῳ
574 5879 828 5925 concreto.

1734 402 2078 466 DiALOGUS
2134 403 2172 461 Ι.

3486 369 3590 460 eis

2011 531 2122 578 tam
2148 520 2494 592 praesentium
2520 536 2683 592 quam
2720 520 3031 576 futurorum
3058 517 3278 574 divinus
3305 517 3394 575 ille
3412 531 3589 580 vates,

2012 615 2100 671 his
2122 613 2334 670 verbis:
2360 612 2581 669 Emittes
2613 613 2872 684 Spiritum
2905 620 3074 678 tuum,
3106 620 3153 665 et
3178 609 3517 676 creabantur,
3541 618 3596 666 ct

2014 705 2287 761 reuovabis
2310 705 2499 775 faciem
2531 685 2684 760 ὦπται
2703 706 2767 757 ³¹.

2406 883 2924 941 lNTERROGATlO
2960 878 3200 940 LXXIII.

2088 973 2229 1029 Num
2267 980 2321 1029 et
2359 989 2508 1029 mare
2543 974 2759 1031 desinet
2802 976 3102 1046 aliquando
3149 977 3206 1030 in
3246 989 3603 1030 consumma-

2018 1071 2205 1136 tione,
2247 1084 2370 1124 cum
2415 1078 2529 1123 tam
2580 1085 2838 1139 magnum
2890 1070 3007 1125 sit?
3054 1084 3186 1124 num
3225 1069 3389 1124 etiam
3429 1070 3606 1125 ultra-

2019 1162 2273 1218 coelestes
2303 1176 2456 1231 aqua:
2484 1182 2507 1227 ,ο
2536 1162 2603 1216 de
2645 1161 2851 1231 quibus
2894 1161 3074 1232 inquit
3121 1160 3306 1218 Deus:
3361 1160 3607 1217 Exsistat

2021 1252 2160 1306 inter
2192 1267 2386 1322 aquam
2417 1260 2466 1306 et
2497 1267 2699 1322 aquam
2733 1242 3131 1321 ﬁrmamentum
3163 1251 3206 1283 ³²
3229 1253 3255 1305 ?

2661 1342 2969 1413 Responsio.

2095 1433 2264 1505 Atqui
2311 1435 2480 1499 satis,
2530 1441 2592 1489 ut
2636 1442 2898 1504 apparet,
2935 1435 3004 1491 ab
3033 1435 3236 1491 eximio
3269 1435 3411 1492 Isaia
3444 1437 3609 1495 doce-

2026 1542 2173 1592 mur,
2224 1541 2376 1582 mare
2418 1526 2651 1582 deﬁcere
2685 1535 2740 1582 et
2786 1541 3116 1583 evanescere
3162 1529 3219 1583 in
3259 1544 3612 1585 consumma-

2026 1621 2196 1674 tione.
2223 1617 2403 1689 lnquit
2428 1619 2574 1673 enim
2607 1617 2675 1673 ad
2708 1617 2875 1673 Deum
2908 1626 3136 1675 sanctus
3168 1619 3259 1674 ille
3285 1627 3476 1678 vates:
3506 1621 3614 1689 Qui

2027 1710 2160 1765 dicis
2188 1709 2380 1781 abysso
2404 1727 2422 1764 :
2455 1709 2788 1765 Desolaberis
2810 1751 2824 1775 ,
2853 1721 2902 1765 et
2926 1712 3152 1780 ﬂumina
3180 1721 3271 1765 tua
3296 1713 3509 1768 εἰσδαὺο
3542 1713 3611 1767 ³³.

2029 1802 2410 1871 lntelligantur
2440 1811 2622 1857 autem
2677 1803 3071 1873 metaphorice,
3109 1804 3344 1871 abyssus
3392 1804 3614 1875 quidem

2031 1893 2282 1959 malitiae,
2314 1894 2609 1959 diabolus;
2661 1893 2885 1949 ﬂumina
2936 1902 3117 1950 autem
3164 1911 3232 1951 ex
3286 1896 3409 1967 ipso
3457 1903 3513 1953 et.
3558 1898 3616 1953 in

2032 1986 2213 2055 ipsum
2266 1984 2531 2050 ﬂuentia,
2583 1986 2894 2052 daemones,
2944 1987 3167 2057 quando
3205 1986 3356 2043 illius
3394 1987 3615 2057 quidem

2032 2076 2264 2132 alluvies
2296 2077 2456 2132 nobis
2492 2076 2704 2133 letifera
2733 2086 2813 2132 est
2843 2094 2858 2144 ;
2894 2076 2951 2131 bi
2982 2092 3114 2134 vero
3143 2076 3409 2133 ﬂuctuum
3443 2077 3623 2133 instar

2034 2169 2343 2233 elevantur,
2381 2177 2435 2223 et
2462 2184 2683 2239 semper
2716 2168 2988 2224 insultant
3025 2168 3188 2229 nobis
3226 2184 3324 2240 per
3361 2169 3621 2224 tentatio-

2037 2277 2154 2319 nes.
2188 2261 2360 2316 Porro
2385 2269 2637 2317 naturam
2669 2276 2936 2333 aquarum
2950 2262 3176 2319 Creator
3200 2261 3478 2325 condidit,
3500 2276 3624 2331 qum

2037 2353 2383 2409 solummodo
2420 2352 2696 2410 suﬂiceret
2729 2352 2973 2409 universi
3007 2352 3174 2423 hujus
3213 2353 3621 2410 constitutioni.

2036 2443 2158 2500 Non
2191 2447 2368 2502 solum
2394 2452 2574 2500 autem
2606 2444 2675 2500 ad
2699 2445 3043 2517 refrigerium
3073 2445 3623 2502 ultramundanarum

2041 2554 2310 2610 aquarum
2368 2545 2710 2593 reservatum
2770 2546 2856 2593 est
2919 2538 3361 2603 firmamentum,
3425 2538 3521 2595 sed
3571 2547 3628 2594 et

2038 2630 2314 2683 flammam
2368 2629 2513 2685 Deus
2567 2628 2921 2684 luminarium
2978 2630 3048 2684 ad
3100 2630 3367 2685 inferiora
3423 2630 3626 2693 mittit,

2043 2722 2350 2794 prOpinqtto
2394 2736 2497 2778 suo
2544 2736 2777 2792 corpore
2819 2738 3043 2779 sursum
3083 2723 3394 2779 tendentem
3442 2723 3625 2794 ignem

2043 2811 2111 2866 ad
2143 2811 2403 2868 inferiora
2431 2826 2634 2883 cogens
2655 2850 2670 2876 ,
2697 2820 2752 2869 et
2782 2813 2838 2868 in
2868 2814 3051 2869 radios
3086 2813 3400 2870 diﬂ‘undens
3461 2812 3622 2869 reﬂe-

2042 2904 2261 2960 xionem
2284 2943 2298 2967 ,
2333 2902 2561 2974 perinde
2601 2918 2667 2959 ac
2706 2904 2754 2960 si
2794 2904 3104 2975 lampadem
3140 2904 3194 2959 in
3242 2905 3501 2962 manibus
3533 2920 3632 2960 no—

2044 2998 2177 3054 stris
2207 3006 2457 3054 tenentes
2478 3038 2494 3061 ,
2530 3012 2768 3067 superne
2795 3012 3113 3067 premamus
3142 2997 3418 3053 ﬂammam
3449 2998 3634 3054 tabula

2042 3089 2132 3144 vel
2162 3088 2398 3160 patella,
2442 3097 2499 3143 et
2542 3088 2596 3142 in
2642 3086 2828 3143 radios
2873 3102 2939 3142 ac
2978 3088 3376 3158 ejaculationes
3419 3089 3636 3161 franga-

2044 3194 2191 3235 mus.
2234 3178 2449 3235 Idcirco
2479 3178 2773 3234 sublimem
2812 3179 2985 3235 solem
3021 3179 3153 3235 fecit
3192 3179 3316 3250 ipso
3357 3181 3509 3250 prior
3550 3181 3637 3237 sol

2044 3268 2336 3336 Christus;
2367 3275 2421 3323 et
2446 3267 2578 3322 hinc
2608 3267 2859 3323 mstivum
2881 3309 2895 3333 ,
2922 3269 3072 3322 illinc
3098 3267 3391 3323 hibernum
3419 3277 3600 3323 ortum
3618 3310 3633 3333 ,

2047 3377 2118 3416 ne
2159 3359 2368 3416 diutius
2402 3360 2460 3414 in
2500 3359 2694 3415 eodem
2745 3357 3091 3414 immorando
3131 3364 3344 3422 tractu,
3387 3372 3638 3413 corrum-

2049 3461 2210 3524 patur
2243 3451 2692 3509 circumferentia
2733 3451 3102 3518 ﬁrmamenti,
3146 3457 3241 3506 aut
3282 3451 3466 3522 aliqua
3507 3465 3637 3522 pars

2049 3543 2203 3600 orbis
2232 3543 2611 3598 comburatur.

2442 3726 2965 3784 lNTERliOGATlO
3011 3721 3248 3780 LXXIV.

2125 3820 2399 3887 Quidnam
2431 3820 2600 3889 igitur
2632 3819 2989 3875 statuendum
3021 3818 3090 3873 de
3130 3817 3288 3887 aquis
3337 3817 3644 3872 ultramun—

2054 3909 2215 3963 danis
2237 3908 2261 3962 ‘!
2286 3925 2414 3962 num
2447 3909 2657 3964 similes
2686 3907 2920 3962 marinis
2948 3914 3115 3973 sunt,
3147 3921 3348 3962 amarae
3372 3913 3429 3962 et
3458 3907 3642 3973 salsae,

2053 4006 2108 4052 et
2139 4013 2335 4070 graves
2368 4006 2423 4051 et
2457 3998 2767 4053 muscosae?

2675 4088 2990 4158 Responsio.

2130 4179 2429 4234 Dimidium
2459 4189 2543 4235 est
2578 4180 2851 4236 universa.
2885 4193 3071 4250 aquae,
3111 4178 3165 4235 id
3199 4179 3346 4251 quod
3377 4194 3645 4249 supernas

2011 4330 2015 4334 ,
2057 4272 2113 4328 in
2150 4282 2332 4345 partes
2382 4279 2467 4329 est.
2514 4280 2820 4338 secretum,
2852 4280 3083 4343 excepto
3127 4272 3274 4343 quod
3322 4287 3433 4327 non
3482 4271 3650 4327 habet

2058 4364 2288 4419 nimium
2323 4364 2474 4417 illum
2510 4377 2813 4419 amarorem
2836 4404 2850 4429 ,
2892 4371 2983 4419 aut
3028 4364 3348 4434 gravitatem
3380 4371 3476 4418 aut
3507 4362 3650 4419 feto-

2060 4471 2173 4511 rem
2195 4494 2209 4521 ,
2240 4455 2331 4526 qui
2372 4463 2458 4511 est
2507 4455 2562 4510 in
2590 4470 2732 4526 aqua
2777 4457 3038 4521 marina;
3080 4471 3208 4511 nam
3242 4454 3392 4511 illam
3425 4455 3651 4527 quidem

2059 4562 2167 4602 non
2196 4546 2412 4616 attingit
2446 4547 2636 4602 subter
2661 4546 2840 4617 ipsam
2870 4562 3101 4603 currens
3131 4546 3215 4601 sol
3242 4585 3258 4613 ,
3293 4546 3436 4601 hanc
3462 4554 3649 4602 autem

2060 4649 2326 4710 perpetuo
2376 4653 2478 4694 suo
2525 4638 2823 4710 splendore
2879 4653 3206 4710 permeans,
3266 4651 3367 4709 per
3417 4653 3654 4710 vapores

2063 4730 2250 4785 haurit
2289 4738 2345 4786 et
2386 4730 2644 4787 subvehit
2678 4731 2944 4802 quidquid
2984 4732 3231 4787 omnium
3264 4728 3654 4787 dulcissimum

2063 4831 2118 4876 et
2144 4823 2383 4892 potabile
2412 4823 2481 4878 de
2510 4821 2830 4879 ﬂuminibus
2850 4832 2905 4879 et
2929 4822 3270 4880 torrentibus
3295 4823 3353 4878 in
3380 4836 3532 4876 mare
3558 4838 3656 4879 ex—

2065 4913 2334 4968 cernitur.
2364 4912 2623 4971 Videmus
2642 4915 2788 4971 enim
2813 4930 3187 4986 saepenumero
3211 4915 3462 4987 regiones
3486 4929 3657 4985 aqua-

2069 5020 2190 5059 rum
2220 5008 2378 5074 copia
2404 5004 2719 5062 inaccessas
2737 5047 2755 5072 ,
2783 5022 2895 5062 uno
2924 5008 3154 5063 meridie
3181 5007 3365 5063 aridas
3394 5014 3448 5062 et
3475 5007 3656 5061 siccas

2069 5094 2303 5163 relinqui
2329 5133 2344 5158 ,
2381 5109 2479 5164 per
2515 5110 2751 5166 vapores
2782 5110 2923 5167 aqua
2953 5104 3203 5167 separata
3224 5136 3239 5161 ,
3267 5103 3321 5150 et
3350 5111 3447 5166 per
3474 5095 3657 5150 eleva-

2070 5185 2274 5239 tionem
2307 5185 2544 5243 nubibus
2578 5188 2823 5243 immista
2850 5229 2865 5255 ,
2900 5189 3047 5244 unde
3080 5203 3277 5244 rursus
3306 5194 3469 5243 terra:
3497 5186 3657 5257 quasi

2072 5292 2139 5333 ex
2172 5278 2419 5350 spongiis
2449 5278 2799 5348 exprimitur,
2836 5288 2893 5334 et
2925 5279 2981 5334 in
3011 5278 3253 5349 pluviam
3291 5277 3655 5334 convertitur.

2470 5369 2997 5435 INTERROGATIO
3037 5368 3248 5425 LXXV.

2150 5454 2287 5516 Num
2338 5461 2505 5532 igitur
2551 5463 2757 5519 imbres
2812 5477 2877 5517 ex
2925 5462 3067 5517 mari
3119 5461 3451 5532 suppeditati
3498 5458 3662 5514 nubi.-

2075 5550 2215 5615 bus,
2275 5566 2473 5609 rursus
2531 5566 2699 5622 super
2748 5558 2953 5607 terram
3006 5549 3441 5624 disperguntur?
3488 5546 3661 5621 Atqui

2150 5799 2261 5871 (9.9)
2294 5798 2582 5870 κλήματι.
2612 5794 2776 5855 Forte
2809 5797 3050 5871 κλίματι.
3089 5797 3247 5853 Eutr.
