2000 3209
190 185 244 214 N5

189 244 327 280 quomodo
343 249 432 279 potest
451 249 556 272 tantum
572 244 680 279 pondus
694 248 721 271 et
737 244 882 271 multitudo
900 251 985 279 aqua-

191 297 251 317 rum
265 289 292 317 in
309 291 397 317 nubes
415 291 530 318 subvehi
545 291 556 317 ?

508 336 663 370 Responsio.
705 348 713 356 -

225 382 296 409 Audi
311 382 437 409 Davidem
452 382 487 410 de
501 382 555 410 Deo
568 386 711 409 canentem
726 391 733 408 :
750 382 888 408 Addutens
904 383 985 410 nubes

191 427 224 453 ab
249 428 418 454 extremitate
442 433 538 460 terra,
564 428 674 463 fulgura
698 428 725 454 in
741 428 858 462 pluviam
875 428 935 462 fecit
951 428 984 455 “.

192 473 271 500 Alius
301 479 392 500 autent
420 474 616 509 prophetarum
648 474 760 508 inquit:
788 473 841 506 Qui
874 475 986 501 πάτριαι

192 526 288 553 aquam
305 520 389 546 mari:
400 540 407 551 ,
420 525 443 547 et
458 520 571 554 eﬂ'undit
584 520 670 554 ipsam
683 528 762 553 super
774 520 870 554 {aciem
886 525 965 547 terrm
976 528 986 554 ,'

195 564 321 592 Dominus
338 565 409 592 Deus
426 567 590 601 omnipolen:
606 575 700 594 nomen
719 567 744 597 ei
763 567 797 594 ³⁸.
816 565 884 594 Nam
908 568 987 594 colli-

191 610 270 639 sione
283 612 394 639 nubiutn
413 620 460 647 per
474 616 571 641 ventos
585 613 766 649 impulsarum
782 621 843 650 quae
861 614 982 649 pluviam

189 656 283 685 ferunt
292 679 299 690 ,
316 658 424 694 fulgura
440 659 520 686 ﬁunt.

386 745 650 775 INTERROGATIO
670 746 788 775 LXXVI.

227 791 371 825 Quomodo
388 799 455 819 vero
465 812 473 826 ,
487 800 550 820 cum
566 797 622 820 tam
637 793 731 821 multis
744 793 825 821 armis
839 793 986 821 exhauria-

190 841 238 865 tur
257 845 306 873 per
324 838 506 866 elevationem
528 839 701 874 pluviarum,
718 844 746 867 et
758 840 882 867 omnium
898 841 985 876 parti-

189 883 374 918 cipationem,
401 892 457 911 non
485 884 577 912 delicit
607 893 677 921 aqua
705 886 748 914 vel
777 885 910 920 fontana,
942 888 984 915 vel

188 930 299 956 marina
315 930 327 956 ?

510 977 663 1012 Responsio.

226 1019 304 1055 Aqua
318 1020 430 1049 fontana
445 1030 500 1051 non
516 1023 608 1052 deficit
628 1032 659 1052 ex
682 1025 751 1052 mari
772 1025 878 1053 reddita
889 1045 896 1057 ,
912 1030 940 1053 et
958 1025 986 1053 in

192 1065 219 1093 id
248 1073 347 1093 rursus
371 1066 493 1095 deﬂuens
517 1075 567 1103 per
590 1068 703 1096 [lumina
726 1073 809 1104 atque
835 1073 984 1098 torrentes.

190 1112 339 1147 Propterea
353 1112 420 1140 illud
437 1121 527 1149 neque
543 1115 683 1143 exundare
698 1120 805 1151 potest,
826 1116 892 1144 dum
911 1117 986 1153 quod

188 1166 223 1185 ex
241 1167 271 1187 se
285 1163 343 1192 est,
359 1159 388 1187 in
407 1167 437 1187 se
456 1160 573 1197 recipit,
591 1161 824 1196 quemadmodum
844 1162 925 1191 docet
942 1171 983 1191 re-

189 1211 252 1231 rum
268 1203 424 1233 divinarum
440 1207 546 1242 peritus
561 1207 608 1235 ille
624 1207 736 1235 Solomo
750 1217 757 1235 :
776 1208 905 1236 Flumina
922 1218 986 1237 cun-

188 1254 233 1277 cta
252 1250 278 1277 in
298 1257 371 1278 mare
390 1251 520 1285 tendunt,
537 1261 619 1288 neque
638 1262 713 1281 mare
731 1254 858 1289 impletur
874 1255 907 1283 ³⁸.
929 1255 984 1282 Ma-

191 1296 252 1323 rina
265 1305 375 1325 rursum
394 1305 448 1325 non
463 1303 624 1326 attenuatur
642 1303 756 1335 propter
774 1301 984 1329 retributionem

186 1350 251 1376 ηοω
266 1342 322 1370 ﬁte
336 1344 464 1380 supernis
475 1363 483 1376 ν
499 1352 553 1378 qua
569 1345 596 1371 id
614 1345 688 1380 quod
703 1347 863 1381 evaporavit
877 1355 925 1383 per
940 1355 985 1376 so-

188 1387 243 1415 lem
258 1393 369 1415 auctum
382 1388 503 1416 destillat
517 1389 642 1422 caelitus,
655 1395 683 1418 et
695 1391 817 1419 exundat
830 1400 879 1427 per
894 1400 984 1421 rorem

189 1433 394 1461 exhalationum
423 1435 496 1463 aeris
524 1435 647 1471 quotidie
675 1444 786 1464 sursum
814 1437 983 1466 tendentium

182 1487 372 1513 exeresceus,
399 1484 429 1508 ut
456 1480 485 1508 ﬁt
509 1481 536 1508 in
564 1482 643 1509 cubis
661 1482 821 1510 balneorum
839 1492 888 1520 per
911 1485 984 1513 aeris

189 1526 410 1560 evaporationem
435 1527 618 1559 madefactis.
642 1533 669 1556 et
692 1529 815 1557 vicissim
842 1534 934 1566 guttas
957 1531 985 1559 in

185 1570 277 1598 solum
297 1570 500 1606 dejicientibus.
518 1572 607 1601 Etiam
624 1582 814 1610 smper-numero
832 1576 926 1605 Videre
943 1582 986 1606 est

186 1624 250 1644 acra
265 1625 389 1645 crassum
403 1626 436 1646 ex
451 1619 519 1646 mari
530 1639 538 1651 ,
555 1618 677 1649 fontibus
692 1625 719 1648 et
733 1621 824 1651 ﬂuviis
837 1623 983 1657 exhalare,

187 1663 234 1695 qui
250 1663 319 1690 nihil
334 1664 407 1691 aliud
422 1672 504 1699 quant
521 1673 592 1701 aqua
608 1666 718 1694 videtur
733 1675 804 1696 esse.

381 1709 643 1739 [NTERROGATIO
663 1712 730 1739 LXX
738 1712 793 1742 νη.

225 1754 260 1781 At
274 1756 411 1790 quomodo
425 1764 457 1783 ex
477 1757 546 1784 mari
562 1762 652 1792 potest
671 1767 732 1787 esse
747 1760 858 1787 fontana
875 1764 922 1788 aut
936 1769 981 1796 ρον

186 1801 281 1829 tabilis
296 1809 385 1837 aqua,
401 1811 462 1830 cum
480 1804 525 1831 illa
545 1805 655 1840 quidem
677 1814 772 1833 amara
794 1812 822 1835 et
842 1808 915 1836 salsa
931 1810 983 1841 sit,

177 1847 230 1875 due
247 1855 312 1875 vero
326 1848 421 1877 dulces
437 1854 463 1877 et
479 1851 613 1885 potabiles
629 1853 710 1887 paulo
727 1853 866 1881 leviores?

510 1938 662 1971 Iluspunsio.

216 1983 293 2010 Nihil
307 1984 403 2010 horum
419 1984 525 2011 (tilitcrc
540 1988 629 2018 potest
643 1986 676 2013 iis
691 1994 750 2021 qum
767 1987 897 2016 hactenus
911 1988 982 2016 dicta

187 2034 260 2056 sunt.
281 2028 347 2055 Nam
365 2037 412 2064 per
428 2031 634 2065 expressionem
652 2036 791 2059 meatuum
811 2038 838 2061 et
855 2034 982 2069 obliquos

186 2075 277 2101 exitus
296 2074 322 2101 in
340 2075 535 2107 scaturiendo,
554 2076 663 2111 pondus
678 2077 745 2104 illud
768 2086 830 2105 eum
856 2087 982 2107 amarore

186 2121 343 2154 deponitur,
363 2126 390 2148 et
408 2121 519 2157 salsugo
538 2126 712 2156 extenuatur,
734 2124 816 2150 veluti
844 2124 866 2152 si
888 2126 980 2152 vinum

186 2175 263 2201 aqua:
286 2167 397 2195 mistum
422 2174 506 2202 super
527 2168 670 2203 spongiam
694 2169 735 2195 vel
761 2177 859 2203 purum
881 2179 977 2205 panem

187 2213 317 2240 fundatur
331 2232 337 2244 ,
362 2212 456 2239 vinum
479 2212 590 2247 quidem
609 2217 740 2248 tanquam
763 2216 885 2243 crassius
907 2217 978 2243 intra

186 2259 265 2293 panis
281 2263 388 2285 meatus
406 2258 539 2285 retinetur
554 2267 561 2291 ;
579 2265 648 2292 aqua
666 2267 731 2287 vero
745 2265 875 2295 tanquam
893 2262 980 2297 magis

186 2310 267 2332 tenue
287 2304 419 2339 quiddam
435 2308 463 2331 et
478 2304 664 2339 pellucidum,
685 2314 733 2341 per
749 2310 854 2334 meatus
875 2308 981 2336 excola-

186 2355 240 2376 tur.
260 2347 334 2376 ldem
350 2349 473 2376 ostendit
490 2349 580 2376 oleum
598 2357 676 2384 aqua;
697 2351 807 2378 mistum
824 2360 906 2387 supra
923 2361 980 2380 ma-

185 2395 270 2422 terias
284 2395 430 2430 przedictas
445 2395 537 2423 fusum
552 2404 559 2428 ;
577 2403 639 2423 nam
656 2397 700 2424 hic
721 2398 803 2425 etiam
824 2399 896 2432 quod
919 2400 979 2434 pin-

185 2441 264 2476 guius
277 2446 304 2469 et
320 2441 442 2468 crassius
458 2445 522 2473 est,
540 2447 679 2475 remanet,
697 2451 729 2470 eo
746 2443 818 2479 quod
837 2446 923 2481 magis
938 2450 979 2474 est

185 2494 266 2515 tenue
280 2492 440 2515 transeunte
454 2495 486 2515 ac
498 2494 619 2516 εχει-οιο.

373 2532 631 2562 lNTERROGATlO
653 2535 793 2564 LXXVIII.

219 2578 298 2612 Quod
313 2579 336 2606 si
353 2587 397 2607 res
412 2579 448 2606 ita
464 2588 494 2608 se
510 2580 606 2613 habet,
622 2589 706 2616 quare
716 2588 772 2608 non
789 2581 889 2618 ubique
903 2590 974 2618 aqua

183 2626 217 2652 de
229 2625 329 2661 abysso
341 2633 450 2653 sursum
466 2626 566 2655 tendit.
579 2626 626 2654 sed
644 2632 740 2662 puteos
756 2627 890 2656 iodientes
902 2628 974 2656 haud

184 2671 323 2707 vulgarem
341 2672 508 2707 suscipimus
524 2672 662 2705 laborem,
680 2673 818 2701 interdum
834 2678 860 2701 et
875 2675 974 2703 miser-

184 2725 281 2744 rimam
298 2721 413 2745 mortem
431 2722 604 2752 reportantes
616 2739 622 2749 ,
642 2719 670 2746 in
687 2718 787 2747 fodinis
800 2719 914 2747 obruti?

499 2765 652 2799 Responsio.

213 2808 273 2835 imo
291 2809 476 2838 \‘Cl‘lSllllllllCl‘
488 2819 521 2838 ex
536 2812 625 2846 puteis
638 2812 776 2846 conjicere
791 2811 855 2839 licet
867 2833 873 2843 ,
890 2811 973 2840 fonta-

218 2864 238 2880 ³⁸
258 2865 330 2893 I‘sal.
348 2873 458 2900 cxxxtv,
474 2868 500 2894 7.
539 2868 561 2883 ³⁵
582 2859 665 2894 Amos
682 2875 708 2900 ν,
723 2867 750 2894 8.
790 2868 811 2882 ³⁵
833 2867 922 2896 Eccle.
940 2877 956 2901 ι,
977 2871 1001 2899 7.

228 2933 274 2959 3m
290 2934 482 2965 3mxon’é‘etr.
501 2935 581 2964 Forte
593 2935 771 2970 ὄιακομίζ;ιν.
791 2934 873 2964 Εοιῒί

732 182 761 210 S.
783 181 1121 216 CESARIIﬁREGORIl
1135 181 1299 216 FMTRIS,

1767 183 1833 212 ’9ιὸ

1040 241 1095 279 ἆρα
1107 243 1220 270 δυνατὸν
1242 243 1367 269 τοσοῦτον
1383 242 1466 278 βάρος
1491 243 1539 269 καὶ
1566 242 1666 278 πλῆθος
1682 241 1787 283 ﬁdius
1799 243 1831 270 ἒν

1038 289 1164 323 νεφέλαις
1176 289 1324 323 ἀνάγεσθαι
1335 298 1343 322 ;

1351 335 1529 369 Ἀπόκρισις.

1075 381 1173 407 Ἄκουε
1189 380 1235 407 τοῦ
1257 380 1338 407 Δασὶδ
1355 381 1419 417 περὶ
1434 380 1502 407 θεοῦ
1522 379 1703 416 μελῳδοῦντος
1721 389 1727 395 ·
1769 381 1833 408 Ἀν-

1037 426 1119 461 ἀγων
1134 427 1264 462 νεφέλας
1272 428 1307 460 ἐξ
1322 427 1454 461 ἐσχάτου
1470 426 1525 460 τῆς
1540 426 1605 461 τῆς,
1619 425 1776 461 ἀστραπὰς
1787 427 1834 459 εις

1037 472 1127 499 ὑετὸν
1142 473 1426 509 ἐποίησεν-,Ἕτερος
1444 472 1473 499 δὲ
1497 472 1551 499 τῶν
1564 472 1711 508 προφητῶν
1725 480 1806 507 φησιν
1823 480 1832 487 ·

1043 519 1071 545 ‘0
1084 520 1355 554 προσκαλούμενος
1367 520 1399 546 τὸ
1414 519 1492 553 ὕδωρ
1506 518 1560 553 τῆς
1584 518 1742 552 θαλάσσης
1757 517 1834 545 αὐτὸ

1036 565 1086 591 ἐπὶ
1104 564 1267 599 προσώπου
1282 565 1338 599 τῆς
1350 565 1408 600 γῆς
1420 574 1428 581 ·
1445 566 1556 600 Κύριος
1571 567 1587 592 ὁ
1603 565 1676 598 Θεὸς
1690 566 1707 592 ὁ
1722 571 1834 591 παντο-

1036 611 1152 646 κράτωρ
1161 611 1257 647 ὄνομα
1271 611 1361 645 αὐτῷ.
1376 613 1416 648 Τῇ
1434 612 1489 648 γάρ
1504 611 1659 647 παρα-τριϐῇ
1675 611 1728 637 τῶν
1742 610 1834 646 νεφῶν

1038 657 1095 687 τοῖς
1123 655 1276 691 πνεύμασιν
1304 656 1489 692 ἐλαυνομένων
1503 655 1665 687 διακονίζειν
1785 653 1834 681 τὸν

1039 701 1127 734 eum,
1144 701 1172 729 αἱ
1185 702 1327 738 ἀστραπαὶ
1344 711 1374 729 συ
1379 702 1548 737 μὸαἱνουσιν.

1328 748 1457 775 ΠΕΥΣΙΣ
1474 749 1542 781 oq'.

1073 793 1130 821 Καὶ
1145 794 1204 826 πῶς
1221 793 1358 827 τοσοῦτοις
1372 794 1444 820 ἔτεσι
1456 792 1652 829 δαπανώμενον
1663 794 1697 828 τῇ
1710 793 1835 827 ἀναφορᾷ

1038 840 1092 867 τῶν
1105 840 1190 867 ὑετῶν
1203 841 1248 867 καὶ
1261 842 1294 876 τῇ
1305 840 1413 867 πάντων
1431 839 1590 876 μεταλήψει,
1603 839 1653 866 οὐκ
1663 839 1789 874 ἀνηλώθη
1801 839 1834 865 τὸ

1040 888 1158 922 πηγαῖον
1171 886 1244 922 ὕδωρ
1257 887 1275 922 ἢ
1290 887 1320 913 τὸ
1329 886 1474 913 θαλάσσιον
1492 894 1500 919 ;

1345 931 1528 966 Ἀπόκρισις.

1075 978 1113 1005 Τὸ
1124 978 1173 1014 μὲν
1188 980 1318 1014 κρηναῖον
1334 979 1384 1005 οὐκ
1397 978 1529 1012 ἀπολήγει
1542 996 1550 1009 ,
1571 977 1604 1004 ὲκ
1628 976 1679 1011 τῆς
1698 975 1832 1010 θαλάττης

1040 1024 1238 1059 ἀναδιδόμενον,
1259 1024 1306 1051 καὶ
1322 1024 1362 1056 εἰς
1376 1024 1461 1059 αὐτὴν
1476 1024 1556 1050 πάλιν
1571 1023 1633 1059 ῥέον
1646 1022 1690 1049 διὰ
1703 1021 1833 1057 ποταμῶν

1041 1072 1087 1098 καὶ
1102 1071 1278 1107 χειμάῤῥωνο
1290 1070 1330 1097 διὸ
1346 1070 1407 1097 οὐδὲ
1418 1070 1594 1105 πλημμυρεῖν
1619 1069 1663 1096 οἷα
1686 1077 1715 1094 τε
1725 1088 1732 1100 ,
1747 1068 1777 1094 τὸ
1803 1068 1833 1100 ἐξ

1039 1117 1125 1152 αὐτῆς
1140 1118 1180 1149 εἰς
1201 1116 1300 1152 ἑαυτὴν
1315 1116 1465 1152 δεχομένη,
1480 1115 1572 1147 καθὼς
1596 1114 1719 1142 παιδεύει
1741 1115 1756 1141 ὸ
1777 1114 1833 1141 τῶν

1040 1163 1120 1191 θείων
1134 1163 1215 1197 σοφὸς
1229 1161 1355 1198 Σολομὼν
1366 1170 1373 1177 '
1395 1161 1510 1194 Πάντες
1528 1163 1556 1189 οι
1574 1161 1701 1196 ποταμοὶ
1717 1162 1761 1194 εις
1773 1161 1834 1195 τὴν

1038 1209 1201 1237 θάλασσαν
1215 1210 1393 1244 πορεύονται
1404 1229 1412 1241 ,
1428 1208 1478 1236 καὶ
1493 1208 1511 1242 ἠ
1525 1208 1667 1236 θάλασσα
1680 1209 1734 1235 οὐκ
1746 1207 1833 1234 ἔστιν

1038 1255 1248 1291 ἐμπιπλαμένη
1260 1262 1269 1270 ·
1285 1255 1317 1282 τὸ
1338 1255 1368 1282 δὲ
1391 1254 1532 1282 θαλάττιον
1560 1254 1592 1281 οὐ
1621 1252 1782 1289 βραχύνεται
1796 1254 1832 1288 τῇ

1038 1302 1141 1329 ἀνωθεν
1155 1301 1331 1337 άνταμείψει,
1348 1300 1396 1328 τοῦ
1419 1299 1628 1335 ἐξατμισθέντος
1644 1298 1685 1335 τῷ
1700 1299 1768 1335 ήλίῳ
1779 1298 1833 1325 αὑ-

1038 1348 1179 1383 ξοὺμενον,
1200 1346 1401 1380 ἀποστάζοντος
1414 1347 1463 1374 τοῦ
1473 1345 1590 1383 οὐρανοῦ
1603 1346 1650 1373 καὶ
1663 1345 1831 1381 ἔξιδροῦντος

1037 1396 1071 1430 τῇ
1094 1394 1183 1430 δρόσῳ
1195 1414 1202 1426 ,
1224 1395 1254 1421 τὸ
1267 1394 1313 1421 διὰ
1335 1394 1389 1421 τῶν
1406 1393 1500 1428 ἀτμῶν
1525 1392 1573 1420 τοῦ
1591 1392 1678 1427 ἀέρος
1695 1391 1829 1428 ὁσημέραι

1037 1440 1250 1475 ἀνασπώμενον,
1268 1441 1338 1468 κατὰ
1364 1440 1428 1472 τοὺς
1454 1438 1555 1470 κύϐους
1577 1438 1633 1466 τῶν
1655 1437 1774 1473 λουτρῶν
1793 1438 1829 1472 τῇ

1038 1487 1218 1522 ἀναθυμιάσει
1231 1486 1279 1513 τοῦ
1298 1487 1380 1523 ἀέρος
1393 1486 1584 1521 νοτιξομένων,
1608 1485 1656 1512 καὶ
1673 1483 1829 1520 ἀνθιδρούν-

1035 1542 1090 1561 των
1120 1532 1255 1567 σταγόνας
1279 1533 1327 1559 ἐπὶ
1344 1532 1376 1560 τὸ
1404 1532 1511 1566 ἔδαφος.
1536 1531 1592 1560 Καὶ
1617 1530 1675 1558 ἐστι
1702 1529 1830 1561 ⁴πολλάκις

1036 1578 1156 1615 ἀθρῆσαι
1170 1579 1260 1615 παχὺν
1275 1579 1344 1615 ἀέρα
1358 1579 1390 1606 ἐκ
1403 1579 1453 1614 τῆς
1467 1577 1603 1613 θαλάττης
1619 1577 1636 1613 ἢ
1651 1576 1705 1604 τῶν
1721 1576 1829 1611 κρηνῶν

1036 1625 1084 1652 καὶ
1099 1625 1229 1661 ποταμῶν
1244 1625 1458 1669 ἀναπνεὴιεχον,
1470 1624 1540 1660 ὅπερ
1554 1624 1604 1659 οὐκ
1615 1623 1708 1659 ἕτερον
1728 1623 1745 1659 ἢ
1759 1622 1829 1658 ὕδωρ

1035 1671 1171 1707 ὑπάρχειν
1189 1680 1235 1707 μοι
1248 1671 1332 1698 δοκεῖ.

1333 1716 1460 1744 ιιΕΥΣιΣ
1475 1718 1534 1743 OZ'.

1071 1763 1127 1790 Καὶ
1154 1763 1213 1794 πῶς
1235 1763 1269 1789 ἐκ
1286 1763 1336 1798 τῆς
1351 1761 1490 1798 θαλάσσης
1504 1761 1616 1789 δύναται
1640 1758 1711 1788 εἶναι
1729 1761 1759 1787 τὸ
1774 1769 1827 1795 πη-

1035 1810 1112 1842 γαῖον
1134 1809 1151 1845 ῆ
1174 1809 1308 1845 ποτάμιον
1331 1808 1418 1843 ὕδωρ,
1432 1808 1482 1844 τῆς
1506 1809 1556 1844 μὲν
1582 1809 1683 1844 πικρᾶς
1707 1808 1753 1835 καὶ
1777 1807 1826 1835 άλ-

1037 1855 1124 1890 μυρᾶς
1138 1854 1238 1890 οὔσης,
1254 1855 1309 1882 τῶν
1322 1854 1351 1881 δὲ
1367 1855 1490 1889 γλυκέων
1509 1854 1556 1882 καὶ
1573 1854 1696 1889 ποτίμων
1709 1854 1755 1881 καὶ
1769 1862 1827 1880 κου-

1035 1900 1157 1935 φοτέρων
1164 1911 1172 1935 ς

1342 1948 1522 1981 Ἀπόκρισις.

1070 1992 1152 2019 Οὐδὲν
1172 1993 1274 2020 τούτων
1291 1993 1470 2027 ἐπισκοτῆσαι
1484 1994 1540 2025 τοῖς
1555 1993 1711 2029 εἰρημένοις
1723 1989 1777 2019 οἷόν
1784 2001 1822 2019 τε.

1034 2040 1072 2074 Τῇ
1089 2039 1143 2072 γὰρ
1158 2039 1268 2075 ἐκθλιϐῇ
1286 2040 1340 2066 τῶν
1359 2040 1451 2074 πόρων
1469 2039 1515 2065 καὶ
1531 2041 1563 2075 τῇ
1588 2039 1763 2074 σκολιοπορίᾳ
1776 2039 1825 2073 τῆς

1033 2085 1207 2117 max-55am;
1223 2086 1252 2112 τὸ
1264 2086 1332 2121 βαρὺ
1349 2086 1395 2112 καὶ
1410 2086 1508 2121 πικρὸν
1519 2085 1705 2118 ἀποτίθεσθαι,
1721 2085 1768 2113 καὶ
1776 2086 1824 2121 τὴν

1034 2133 1123 2168 ἆλμην
1148 2133 1361 2159 ἐκλεπτύνεσθαι
1387 2133 1512 2169 καθάπερ
1537 2131 1608 2167 οἶνος
1624 2132 1700 2159 ὕδατι
1724 2140 1823 2167 κεκρα‹

1034 2179 1113 2212 μένος
1127 2198 1133 2210 ,
1148 2179 1260 2213 σπόγγῳ
1274 2178 1290 2214 ἦ
1307 2179 1382 2213 ἄρτῳ
1397 2178 1508 2213 καθαρῷ
1526 2179 1712 2213 ὲπιχεόμενος.
1735 2179 1764 2204 '0
1776 2178 1824 2213 μὲν

1031 2224 1069 2255 ὡς
1085 2225 1236 2260 παχύτερος
1246 2245 1253 2256 ,
1267 2227 1325 2257 τοῖς
1344 2227 1437 2260 πόροις
1454 2225 1501 2251 τοῦ
1524 2225 1723 2260 ὑποδεξαμένου
1736 2225 1824 2260 ἐνέχε-

1031 2278 1095 2296 ται·
1116 2270 1147 2296 τὸ
1173 2270 1201 2296 δὲ
1216 2270 1254 2302 ὡς
1277 2271 1438 2306 λεπτότερον
1467 2271 1513 2298 καὶ
1531 2271 1755 2307 διαφανέστερον,
1771 2270 1824 2297 τῶν

1032 2316 1123 2350 πόρων
1146 2316 1331 2351 ὃιεκμύζεται.
1351 2318 1387 2344 Τὸ
1407 2318 1429 2344 δ’
1446 2318 1512 2344 αὐτὸ
1537 2318 1710 2346 ἀποδείκνυσι
1730 2318 1776 2345 καὶ
1795 2317 1823 2344 τὸ

1031 2361 1171 2396 ὑδρέλαιον
1186 2364 1242 2394 τοῖς
1254 2363 1408 2398 εἰρημένοις
1420 2364 1597 2399 ἐπιχεόμενον
1609 2373 1616 2380 ·
1633 2364 1682 2391 τοῦ
1701 2364 1750 2399 μὲν
1766 2363 1824 2390 πῖο-

1030 2417 1074 2440 vo;
1097 2408 1144 2435 καὶ
1170 2410 1323 2445 παχυτέρου
1339 2411 1521 2445 ἐμμένοντος,
1546 2412 1593 2438 τοῦ
1607 2412 1639 2439 δὲ
1661 2411 1821 2448 λεπτοτέρον

1029 2455 1167 2490 διήκοντος
1184 2457 1231 2483 καὶ
1245 2458 1450 2492 ἐκκρινομένου.

1323 2505 1448 2531 ΠΕΥΣΙΣ
1471 2506 1534 2532 Oll’.

1064 2550 1119 2576 Καὶ
1135 2550 1159 2576 εἰ
1174 2550 1259 2582 οὓτως
1273 2551 1342 2584 ἐστὶ,
1360 2551 1404 2578 διὰ
1415 2552 1440 2577 τί
1454 2551 1491 2586 μὴ
1505 2551 1592 2586 πάντη
1610 2551 1640 2578 τὸ
1664 2551 1735 2587 ὓδωρ
1759 2551 1821 2577 ἁνα-

1028 2594 1127 2622 δίδοται
1140 2595 1190 2630 τῆς
1204 2596 1333 2630 ἀϐύσσου,
1348 2597 1416 2624 ἀλλὰ
1430 2598 1535 2633 φρέατα.
1548 2597 1718 2632 ὀρύσσοντες,
1731 2598 1762 2624 οὐ
1776 2597 1820 2624 τὸν

1027 2639 1142 2673 τυχόντα
1160 2639 1307 2675 εἰσάγομεν
1321 2641 1463 2676 κάματον,
1483 2642 1611 2674 πολλάκις
1635 2642 1681 2668 καὶ
1707 2643 1754 2669 ἐπὶ
1778 2642 1821 2668 τὸν

1027 2683 1163 2710 οἴκτιστον
1181 2685 1348 2721 ἐπαγόμενοι
1363 2686 1478 2714 θάνατον
1490 2707 1497 2720 ,
1528 2688 1741 2723 ὲπιχωννύμενοι
1766 2689 1820 2719 τοῖς

1027 2729 1182 2764 ὀρύγμασιν
1193 2740 1199 2763 ;

1336 2778 1517 2812 Ἀπόκρισις.

1066 2821 1118 2848 Καὶ
1136 2822 1207 2857 μάλα
1222 2823 1331 2856 εἰκότως
1348 2825 1378 2850 ἐκ
1396 2824 1449 2851 τῶν
1470 2824 1595 2861 φρεάτων
1610 2824 1667 2852 ἔστι
1680 2825 1819 2861 τεκμήρα-
