4000 6436
284 456 400 530 ius

291 590 438 656 σθαι,
473 588 571 658 τῆς
600 587 838 642 ἀϐύσσου
873 588 1138 661 ὑπάρχειν
1171 588 1238 643 τά
1273 589 1509 660 κρηναῖα
1549 588 1717 643 ὕδατα
1745 631 1761 656 ,
1790 587 1882 662 ιδιά

291 681 752 754 σομφωδεστέρων
775 682 1017 751 λαγόνων
1046 683 1143 753 τῆς
1170 681 1368 753 χέρσου
1393 681 1776 751 ἀναδιδόμενα.
1792 669 1880 734 ’Τά

292 771 400 843 γὰρ
429 769 618 842 μακρά
653 771 718 823 ὲκ
745 771 844 840 τῆς
888 770 1127 824 ἀϐύσσου
1163 771 1356 825 ἀνόδου
1399 770 1880 842 διασκολιευόμενα

291 863 400 916 τῶν
422 863 624 934 πόρων,
650 861 747 934 τὴν
777 863 998 934 πικρίαν
1026 862 1338 926 ἀποζέεται,
1359 861 1454 916 καὶ
1477 863 1575 934 τὴν
1605 862 1881 932 ἁλμυρίδα

288 953 659 1023 ἀποτιθέμενα
702 951 1071 1021 γλυκαίνεται.
1120 951 1192 1005 Τὸ
1223 951 1281 1006 δὲ
1313 954 1626 1022 φρεατιαῖον
1655 952 1880 1016 εἰκότως

291 1045 611 1118 βαρύτερον,
646 1044 742 1099 καὶ
779 1044 1031 1113 έναλμον,
1063 1044 1157 1097 καί
1187 1043 1456 1097 δὺσποτον·
1483 1043 1754 1116 ὑπάρχει,
1790 1044 1880 1098 διὰ

287 1136 350 1190 τὺ
380 1136 699 1206 πλησιάζειν
732 1137 797 1207 τῇ
839 1135 1061 1206 ἀϐὑσσῳ
1092 1133 1184 1187 τὸν
1230 1132 1486 1203 πυθμένα
1510 1173 1524 1197 ,
1559 1133 1654 1188 καὶ
1684 1133 1878 1203 ῶσπερ

289 1228 449 1282 κάδον
470 1227 590 1282 τινὰ
619 1227 652 1299 ἢ
680 1226 835 1282 πῖθον
863 1225 1218 1298 ὲπινήχεσθαι
1242 1227 1308 1296 τῇ
1345 1224 1567 1296 ἀϐὑσσῳ
1587 1264 1602 1290 ,
1635 1225 1729 1278 τὸν
1755 1224 1878 1278 ὅθεν

287 1317 383 1372 καὶ
405 1319 473 1389 τῇ
504 1315 778 1388 ὲγγυτέρᾳ
805 1315 976 1386 ἀνόδῳ
1030 1314 1126 1368 καὶ
1172 1314 1561 1386 συντομωτέρα
1610 1315 1877 1385 ὲκφανείξι

289 1407 367 1480 μὴ
394 1407 655 1462 δύνασθαι
692 1407 794 1478 τὴν
833 1405 1122 1459 θαλαττίαν
1153 1404 1356 1476 πικράν
1386 1403 1658 1474 ἁλμυρίδα
1678 1444 1694 1468 ,
1740 1404 1878 1457 ἀλλά

291 1499 472 1570 μέσως
501 1500 610 1552 πᾶν
639 1497 804 1568 ἔχειν,
833 1495 927 1551 τοῦ
960 1495 1059 1567 μὲν
1097 1494 1356 1566 κρηναίου
1395 1493 1709 1568 βαρυτέρως
1729 1535 1743 1559 ,
1779 1494 1876 1548 τοῦ

286 1591 345 1646 δὲ
374 1590 660 1646 θαλαττίου
705 1589 1066 1661 κουφοτέρως.

876 1703 1125 1756 ΠΕΥΣΙΣ
1163 1702 1282 1754 Οθ’.

357 1814 482 1879 Πῶς
511 1813 801 1882 ἀνάγουσιν
827 1815 883 1867 αἱ
907 1813 1124 1884 νεφέλαι
1142 1811 1202 1865 τὸ
1229 1811 1520 1866 θαλάσσιον
1547 1808 1692 1880 ὕδωρ
1716 1827 1730 1876 ;
1756 1807 1878 1872 πῶς

285 1905 344 1959 δὲ
369 1905 695 1977 ἀναληφθὲν,
722 1906 823 1959 οὑκ
854 1905 1017 1968 εὐθὺς
1047 1907 1316 1975 ἐπιχεῖται
1340 1921 1359 1969 ;.
1397 1904 1513 1967 πῶς
1549 1903 1643 1955 καὶ
1672 1902 1731 1954 ὲν
1763 1899 1875 1953 τίσι

291 1999 390 2070 μὲν
418 2001 600 2064 τόποις
622 1999 830 2083 βρέχει,
859 1999 918 2053 ὲν
950 1998 1060 2051 τίσι
1088 1999 1148 2051 οὑ
1173 1997 1358 2070 βρέχει
1383 2012 1400 2062 ;

897 2196 1262 2264 Ἀπόκρισις.

357 2292 623 2343 Ἄκουσον
655 2286 749 2342 τοῦ
781 2287 944 2341 Δαϐὶδ
975 2287 1102 2358 περὶ
1129 2285 1263 2338 Θεοῦ
1291 2283 1656 2356 μελῳδοῦντος
1677 2300 1688 2308 ·
1716 2285 1874 2337 Συν-

284 2382 444 2452 ἁγων
470 2379 614 2436 ὡσεὶ
643 2379 840 2434 ἀσκὸν
877 2377 1068 2432 ὕδατα
1092 2375 1443 2446 θαλάσσηςο
1474 2374 1663 2446 ἐτέρου
1696 2374 1753 2427 δὲ
1783 2373 1874 2426 λέ-

285 2490 470 2541 γοντος
488 2490 503 2504 ·
538 2471 854 2542 Δεσμεύων
882 2469 994 2541 (51)
1038 2467 1196 2536 ὕδωρ
1235 2467 1306 2521 ἐν
1344 2467 1628 2536 νεφέλαις
1659 2466 1867 2534 ἀέρων.

285 2568 399 2637 Πρὸ
429 2565 635 2620 τούτων
661 2563 720 2618 δὲ
771 2561 913 2629 Ἰὼϐ,
941 2561 970 2614 ὁ
999 2559 1109 2614 τῶν
1150 2560 1292 2614 κατά
1317 2559 1450 2612 Θεὸν
1482 2558 1709 2627 ἀγώνων
1741 2557 1874 2612 καθ-

284 2661 516 2730 ηγητὴς,
540 2655 748 2727 πύργος
771 2655 864 2708 καλ⁸
881 2652 1164 2724 πρόϐολος,
1192 2651 1356 2722 φησί·
1376 2651 1488 2704 Καὶ
1518 2652 1629 2706 οὐκ
1653 2649 1870 2718 ἐρῤἁγη

281 2749 468 2820 νέφος
518 2748 800 2804 ὑποκάτω
830 2745 1038 2808 αὐτοῦ,
1070 2743 1162 2796 τοῦ
1196 2742 1387 2806 ὕδατος
1422 2743 1683 2814 δηλονότι.
1714 2740 1872 2795 Νοεί-

284 2841 396 2896 σθω
425 2841 484 2894 δὲ
509 2841 604 2894 καὶ
633 2838 763 2911 περὶ
788 2841 887 2909 τῆς
908 2835 1230 2904 θεανδρικῆς
1255 2833 1350 2887 τοῦ
1371 2835 1625 2905 Σωτῆρος
1658 2833 1864 2902 ἀναλήο

281 2931 446 3001 ψεως.
477 2929 692 3000 Νεφέλη
725 2927 835 2998 γὰρ
855 2925 1030 2995 ὑπέϐη
1056 2927 1168 2988 τοῖς
1199 2923 1355 2977 ποσὶν
1386 2922 1572 2984 αὑτοῦ,
1596 2923 1658 2976 οὑ
1682 2939 1870 2992 συνερ-

283 3022 457 3100 γοῦσα
489 3021 625 3092 πρὸς
656 3019 754 3092 τὴν
781 3019 988 3090 ἄνοδον,
1017 3017 1154 3070 ἀλλά
1181 3014 1436 3069 δεικνῦσα
1464 3015 1667 3068 ἐκεῖνον
1692 3015 1872 3086 ὑπάρ-

285 3132 420 3187 χειν,
447 3115 542 3168 τὸν
568 3114 658 3168 διὰ
683 3112 947 3175 λαίλαπος
973 3111 1067 3164 καὶ
1085 3108 1264 3178 νεφῶν
1295 3107 1463 3161 πάλαι
1492 3107 1590 3177 μὲν
1619 3106 1696 3178 τῷ
1727 3105 1870 3169 Ἰὼϐ,

287 3211 404 3280 μετ’
424 3207 586 3262 αὑτὸν
609 3206 667 3259 δὲ
687 3205 765 3276 τῷ
812 3205 1002 3259 Μωσεῖ
1025 3199 1396 3272 φθεγγόμενον
1419 3215 1434 3232 ·
1479 3196 1871 3268 πληρουμένων

280 3300 340 3354 δὲ
363 3299 472 3352 τῶν
499 3296 696 3367 νεφῶν,
747 3295 910 3350 οἱονεὶ
954 3293 1140 3348 ἀσκῶν
1176 3292 1216 3366 ἦ
1257 3289 1508 3360 σιφώνων
1533 3290 1717 3353 τινῶν,
1750 3291 1872 3343 ἀντὶ

280 3389 484 3462 δεσμοῦ
533 3391 567 3460 ἢ
615 3389 903 3454 δακτύλου,
937 3385 972 3457 ἢ
1028 3385 1122 3439 τοῦ
1163 3382 1504 3446 ὲκθλίϐοντος
1549 3381 1769 3453 πιεσμῷ
1811 3382 1872 3436 τὸ

283 3482 429 3554 ὕδωρ
477 3481 572 3535 τοῦ
621 3475 882 3550 ’σῐφωνος⁹
917 3478 978 3532 τὸ
1010 3477 1152 3531 θεῖον
1179 3476 1361 3539 αὑτοῖς
1407 3475 1681 3528 ἐπίκειται
1701 3474 1872 3545 πρόσ-

279 3589 486 3642 ταγμα,
511 3570 656 3625 καεά
686 3571 783 3642 τὴν
804 3569 988 3623 εἰκόνα
1005 3567 1114 3622 τῶν
1143 3569 1240 3620 νῦν
1271 3566 1548 3638 ἐμπόρων,
1573 3565 1876 3620 καθιέντων

285 3664 385 3733 μὲν
415 3663 490 3725 ώς
511 3664 569 3715 ὲν
619 3661 763 3733 βυθῷ
790 3660 867 3732 τῷ
907 3660 1090 3715 σκεύει
1121 3659 1212 3712 τὸν
1253 3659 1481 3728 σίφωνα,
1517 3657 1611 3711 καὶ
1650 3656 1871 3728 πληρω-

282 3749 465 3813 θέντα,
490 3750 585 3804 ἐπὶ
604 3753 669 3821 τῇ
701 3750 969 3803 ἀντιθέσει
991 3749 1084 3802 τοῦ
1106 3748 1412 3819 ἀντιχείρου
1431 3745 1752 3814 ἀνάγεσθαι,
1775 3748 1870 3800 καὶ

280 3841 370 3896 διὰ
426 3841 609 3912 πάσης
665 3841 764 3910 τῆς
815 3839 994 3902 οἰκίας
1038 3838 1113 3902 ώς
1145 3839 1233 3891 διὰ
1275 3838 1482 3908 κόσμου
1510 3839 1608 3900 τὰς
1639 3836 1870 3908 νεφέλας

284 3933 512 4005 πλήρεις
545 3931 828 4004 φέρεσθαι,
879 3929 1340 4000 ὲξοικονομεῖσθαι
1368 3929 1424 3983 δὲ
1451 3931 1514 3982 τὸ
1557 3929 1870 4000 ἀναληφθὲν

281 4024 420 4096 πρὸς
444 4024 506 4077 τὸ
531 4023 720 4077 δοκοῦν
741 4021 819 4093 τῷ
839 4021 1188 4094 ἀρυσαμένῳ,
1215 4023 1279 4092 τῇ
1297 4021 1567 4092 ,ἐπαγωγῇ
1607 4023 1701 4075 καὶ
1728 4021 1869 4074 ἀπο-

283 4114 430 4169 θέσει
449 4115 542 4170 τοῦ
558 4115 846 4169 δακτύλου.

898 4227 1146 4280 ΠΕΥΣΙΣ
1178 4229 1259 4281 II'.

355 4320 582 4375 Πάντων
602 4321 1011 4392 περιεχομένων
1030 4318 1107 4390 τῷ
1123 4318 1278 4372 ’ὑδατι
1301 4317 1515 4390 πρώην,
1538 4318 1631 4372 καὶ
1645 4317 1868 4388 ἀϐὑσσῳ

284 4413 730 4485 καλυπτομένων.
783 4411 901 4476 πῶς
932 4411 1169 4484 συνήχθη
1211 4411 1305 4466 καὶ
1349 4412 1747 4484 συνεχώρησεν,
1774 4410 1870 4464 τοῦ

281 4504 418 4560 Θεοῦ
446 4506 711 4569 εἰπόντος,
741 4494 1110 4573 Συναχθήτιιῖ
1123 4505 1189 4557 τὸ
1214 4503 1372 4572 ὕδωρ
1397 4505 1485 4570 εις
1507 4503 1873 4575 συναγωγὴν

282 4594 447 4664 μίαν,
469 4594 568 4650 καί
586 4593 822 4665 ἀρθήτω
840 4593 875 4660 ἡ
915 4592 1069 4661 ξηρά
1087 4609 1106 4656 ;

909 4684 1264 4752 Ἀπόκρισις.

367 4775 433 4828 ἰι
458 4775 553 4828 τοῦ
585 4777 784 4839 παντὸς
807 4775 1072 4846 δραστικὴ
1105 4776 1226 4829 θεία
1247 4775 1498 4848 δύναμις,
1539 4779 1628 4832 ὅτε
1661 4780 1870 4833 συνεῖδε

286 4868 424 4940 πρὸς
467 4867 604 4939 μίαν
643 4869 967 4938 συναγωγὴν
1013 4868 1382 4939 ἀποκριθῆναι·
1411 4869 1473 4922 τὸ
1505 4870 1672 4943 ὕδωρ,
1711 4868 1868 4936 αὖθις

285 4957 460 5013 καὶτὸ
482 4956 674 5028 μέλλον
721 4956 853 5009 αὐτὸ
898 4956 1258 5025 ὑποδέχεσθαι
1293 4958 1493 5030 χωρίον
1517 4962 1864 5031 παρήγαγεν.

284 5047 420 5104 οὐδὲ
443 5048 552 5120 γάρ
583 5043 652 5118 ἦν
681 5049 714 5116 ή
747 5045 854 5110 ἔξω
886 5045 1156 5116 Γαδείρων
1181 5047 1438 5113 θάλαττα,
1470 5049 1594 5103 οὑδὲ
1625 5052 1688 5105 τὸ
1725 5052 1869 5123 μέγα

285 5141 382 5194 καὶ
425 5139 728 5211 ἀτόλμητον
775 5138 1056 5210 πλωτῆρσι
1087 5139 1341 5209 πέλαγος,
1377 5140 1439 5194 τὸ
1462 5142 1562 5212 τὴν
1585 5144 1870 5215 Βρεττανι-

287 5232 390 5301 κὴν
419 5233 582 5301 νῆσον
608 5234 705 5287 καὶ
731 5233 857 5296 τοὺς
891 5232 1210 5304 Ἐσπερίους
1233 5233 1461 5304 Ἴϐηρας
1496 5238 1863 5308 περιπτυσσό-

289 5337 478 5390 μενον·
509 5323 644 5378 ἀλλά
681 5325 803 5378 τότε
828 5324 929 5394 τῆς
958 5323 1141 5396 χώρας
1197 5323 1278 5395 τῷ
1311 5323 1441 5396 θείῳ
1481 5327 1864 5398 προστάγματι

284 5413 803 5487 δημιουργηθείσης,
835 5418 918 5470 ἐπ’
952 5417 1122 5487 αὑτὴν
1162 5416 1417 5488 συνεδόθη
1438 5415 1547 5472 τῶν
1566 5417 1773 5473 ὑδάτων
1798 5420 1866 5473 τά

286 5503 488 5580 πλήθη.

1740 466 2085 524 DIALOCUS
2127 463 2168 520 l.

3466 455 3572 512 946

1991 601 2092 642 nas
2121 598 2295 655 aquas
2328 598 2396 639 ex
2437 582 2637 653 abysso
2666 593 2790 635 esse
2821 593 2917 648 per
2953 577 3191 632 laxiores
3222 577 3376 631 sinus
3407 581 3573 629 terra.

1986 676 2250 732 redditas.
2289 671 2426 728 Nam
2460 671 2651 743 procul
2683 686 2751 726 ex
2785 669 2992 741 abysso
3024 668 3306 724 tendentes
3326 707 3341 731 ,
3371 677 3425 722 et
3455 675 3568 722 tor-

1986 777 2144 822 tuose
2187 780 2285 837 per
2321 771 2539 820 meatus
2581 770 2869 817 manantes
2890 801 2906 826 ,
2941 759 3162 815 fervida:
3191 759 3349 814 factae
3374 764 3572 817 amari-

1985 851 2227 906 tudinem
2255 851 2548 912 amittunt,
2577 859 2631 904 ct
2656 848 2995 920 salsuginem
3022 848 3356 918 deponentes
3378 849 3569 908 dulce-

1981 952 2164 1001 scunt.
2197 941 2370 998 Porro
2401 942 2636 1013 putealis
2659 984 2674 1007 ,
2709 951 2767 996 ut
2797 957 2895 1012 par
2925 949 3011 996 est
3033 983 3047 1003 ,
3080 939 3304 1011 gravior
3335 950 3388 996 et
3433 944 3584 998 Stlb°~

1981 1037 2158 1100 salsa,
2203 1043 2257 1090 et
2286 1049 2481 1105 parum
2516 1033 2770 1104 potabilis
2799 1041 2919 1097 est,
2953 1041 3239 1103 propterea
3265 1033 3411 1102 quod
3444 1033 3564 1088 fun-

1981 1129 2114 1184 dum
2141 1128 2346 1200 abysso
2376 1127 2746 1197 propinquum
2780 1127 2978 1188 habet,
3011 1134 3066 1179 et
3102 1136 3359 1196 tanquam
3398 1127 3570 1184 cadus

1979 1231 2074 1276 aut
2103 1219 2308 1274 dolium
2333 1218 2550 1273 innatat
2581 1218 2801 1288 abysso.
2831 1216 2950 1282 Quo
2983 1216 3038 1271 [lt
3058 1257 3073 1282 ,
3108 1224 3167 1271 ut
3192 1227 3415 1288 propter
3444 1235 3570 1289 pro-

1981 1312 2324 1382 pinquiorem
2355 1325 2646 1366 ascensum
2680 1320 2736 1365 et
2786 1310 3090 1364 breviorem
3134 1310 3374 1374 exitum,
3416 1327 3569 1366 ama-

1980 1419 2097 1458 ram
2127 1418 2282 1474 aquae
2309 1402 2540 1456 marinae
2566 1400 2900 1470 salsuginem
2928 1415 3148 1470 mquare
3174 1396 3438 1471 nequeat,
3469 1401 3566 1457 sed

1979 1497 2163 1552 medio
2215 1494 2456 1566 quodam
2497 1492 2659 1547 modo
2705 1491 2896 1545 aﬂ'eeta
2939 1493 3044 1557 sit,
3080 1493 3298 1563 gravior
3344 1493 3564 1563 quidem

1978 1605 2146 1660 quam
2183 1588 2440 1650 fontana,
2472 1586 2686 1640 marina
2719 1585 2908 1640 levior.

2378 1693 2900 1752 INTERROGATIO
2937 1694 3170 1750 LXXIX.

2072 1813 2366 1882 Quomodo
2429 1811 2614 1867 ferunt
2682 1811 2736 1865 in
2783 1811 3023 1868 sublime
3071 1813 3245 1868 nubes
3298 1815 3566 1868 marinam

1981 1909 2220 1980 aquam?
2260 1919 2356 1965 aut
2392 1911 2668 1980 quomodo
2695 1911 2912 1966 sublata
2946 1924 3055 1963 non
3107 1923 3233 1962 mox
3269 1907 3570 1964 effunditur

1983 2001 2038 2056 in
2067 2002 2311 2058 terram?
2344 2004 2618 2073 quomodo
2652 2003 2782 2057 item
2813 2002 2866 2056 in
2895 1999 3225 2072 quibusdam
3249 2000 3385 2057 locis
3406 2002 3565 2072 pluit,

1983 2093 2038 2148 in
2072 2094 2401 2165 quibusdam
2439 2110 2550 2150 non
2577 2094 2755 2165 pluit?

2617 2185 2929 2254 Responsio.

2048 2280 2192 2335 Audi
2219 2281 2289 2336 de
2323 2279 2437 2337 Deo
2468 2289 2755 2337 canentem
2790 2280 3048 2336 Davidem
3089 2299 3102 2335 :
3145 2280 3250 2347 Qu’
3290 2289 3570 2352 congregat

1976 2373 2131 2443 quasi
2165 2382 2336 2427 utrem
2358 2390 2524 2445 aquas
2563 2375 2729 2429 maris
2752 2374 2835 2443 '7;
2881 2373 3045 2427 alium
3078 2373 3206 2429 item
3237 2372 3513 2430 dicentem
3549 2394 3570 2430 :

1978 2469 2085 2538 Qui
2111 2472 2238 2543 ligat
2261 2490 2454 2544 aquam
2483 2475 2539 2528 in
2565 2473 2704 2528 aeris
2737 2472 2962 2527 nubibus
2981 2471 3046 2529 ³⁸.
3079 2470 3219 2526 Ante
3252 2472 3353 2525 hos
3375 2476 3562 2523 autem

1975 2561 2147 2620 Jobus
2185 2566 2550 2620 certaminum
2601 2566 2920 2621 divinorum
2972 2563 3255 2634 magister,
3303 2560 3471 2616 turris
3514 2566 3569 2615 et

1977 2659 2474 2728 propugnaculum,
2508 2659 2688 2729 inquit
2724 2678 2737 2714 :
2765 2661 2833 2712 Et
2865 2674 2967 2712 non
2994 2666 3071 2712 est
3105 2665 3263 2725 rupta
3286 2652 3444 2708 nubes
3472 2651 3568 2705 sub

1977 2747 2173 2817 ipsa”,
2208 2750 2422 2805 scilicet
2449 2765 2612 2820 aqua.
2646 2749 2987 2822 lntelligatur
3016 2755 3198 2803 autem
3230 2746 3370 2801 idem
3400 2744 3568 2800 etiam

1976 2839 2045 2895 de
2077 2839 2351 2896 deiﬁcatae
2391 2841 2754 2898 humanitatis
2805 2840 3119 2897 Servatoris
3170 2835 3567 2906 assumptione.

1974 2929 2159 2986 Nubes
2211 2931 2357 2986 enim
2407 2933 2578 2988 subiit
2611 2932 2714 2989 sub
2762 2931 2930 3004 pedes
2975 2932 3116 3000 ejus,
3150 2945 3258 2984 non
3299 2927 3569 2998 adjuvans

1977 3023 2377 3089 ascensionem,
2407 3023 2502 3078 sed
2530 3031 2590 3078 ut
2617 3023 3000 3080 ostenderetur
3027 3023 3180 3077 illum
3209 3037 3330 3076 esse
3354 3022 3444 3091 qui
3471 3034 3572 3090 per

1976 3114 2252 3169 turbinem
2286 3121 2342 3170 et
2386 3115 2561 3171 nubes
2592 3115 2722 3170 olim
2759 3115 2983 3186 quidem
3032 3114 3101 3168 ad
3148 3112 3346 3167 .lobum
3373 3147 3388 3177 ,
3442 3119 3568 3181 post

1975 3205 2154 3277 ipsum
2191 3222 2320 3263 vero
2359 3206 2428 3260 ad
2475 3207 2677 3262 Mosem
2707 3208 2926 3262 locutus
2956 3212 3125 3268 esset,
3164 3203 3404 3274 impletis
3436 3216 3568 3256 vero

1975 3299 2217 3354 nubibus
2241 3299 2389 3353 velut
2419 3298 2634 3354 utribus
2665 3307 2762 3352 aut
2793 3297 3140 3367 siphonibus,
3182 3296 3302 3350 loco
3338 3293 3574 3358 vinculi,

1978 3397 2074 3443 aut
2105 3388 2284 3460 digiti,
2309 3400 2404 3442 aut
2429 3387 2678 3458 siphonis
2705 3386 3005 3458 premendo
3033 3382 3320 3440 retinentis
3341 3396 3565 3452 aquam,

1971 3481 2218 3536 divinum
2246 3481 2382 3552 ipsis
2415 3481 2680 3535 incumbit
2711 3479 3053 3544 mandatum,
3086 3477 3310 3550 perinde
3334 3492 3398 3530 ac
3423 3491 3565 3530 mer-

1973 3581 2189 3629 catorcs
2223 3573 2402 3628 facere
2434 3561 2635 3636 solent,
2667 3588 2790 3627 cum
2817 3570 3115 3626 demittunt
3144 3570 3198 3622 in
3228 3565 3573 3639 profundum

1972 3680 2070 3720 vas
2118 3664 2429 3734 siphonem,
2457 3679 2633 3734 eoque
2669 3663 2912 3732 impleto,
2950 3660 3205 3731 opposito
3234 3657 3433 3726 pollice
3472 3670 3560 3708 re-

1971 3756 2218 3820 ducunt,
2265 3764 2319 3811 et
2347 3772 2442 3827 per
2479 3764 2649 3811 totam
2697 3755 2923 3808 domum
2951 3752 3112 3823 quasi
3155 3764 3249 3820 per
3293 3745 3562 3801 mundum

1973 3846 2156 3902 ferunt
2187 3849 2378 3918 plenas
2401 3849 2559 3917 quasi
2590 3847 2785 3910 nubes,
2812 3853 2866 3899 et
2896 3844 3130 3900 refertur
3156 3843 3210 3895 in
3264 3855 3396 3895 usus
3419 3852 3563 3908 aqua

1974 3927 2212 4008 sumpta,
2239 3947 2400 4008 prout
2431 3941 2609 3994 visum
2642 3937 2804 3992 fuerit
2838 3936 2886 3990 ei
2925 3936 3020 4005 qui
3051 3933 3254 3998 hausit,
3285 3931 3447 4002 idque
3471 3946 3564 4002 per

1975 4028 2380 4098 impositionem
2413 4037 2469 4084 et
2495 4027 2928 4084 subtractionem
2962 4025 3140 4096 digiti.

2384 4229 2914 4286 NTERROGATIO
2948 4227 3162 4284 LXXX.

2067 4322 2204 4377 Cum
2253 4322 2439 4376 omnia
2492 4322 2727 4392 primum
2795 4321 3210 4375 continerentur
3277 4332 3457 4387 aqua,
3505 4325 3560 4371 et

1977 4411 2177 4482 abysso
2209 4417 2547 4482 tegerentur,
2580 4409 2672 4465 ubi
2702 4417 3032 4480 congregata
3063 4415 3169 4474 est,
3200 4417 3252 4463 et
3287 4422 3398 4477 quo
3428 4421 3562 4462 eon-

1973 4503 2164 4565 cessit,
2198 4503 2416 4558 dicente
2459 4501 2590 4569 Deo,
2623 4500 2981 4571 Congregetnr
3013 4517 3152 4570 aqua
3188 4502 3243 4554 in
3273 4515 3558 4569 congregao

1972 4595 2166 4648 tionem
2195 4609 2378 4658 unam,
2401 4602 2450 4647 et
2479 4601 2734 4661 appareat
2767 4591 2923 4644 arida
2949 4591 3032 4645 "°?

2609 4681 2918 4750 Responsio.

2046 4774 2302 4832 Universi
2339 4772 2582 4829 effectrix
2631 4773 2724 4826 illa
2753 4773 2937 4827 divina
2973 4773 3056 4828 vis
3095 4772 3319 4843 quando
3346 4773 3557 4828 consti-

1971 4869 2073 4923 tuit
2102 4884 2299 4939 aquam
2331 4882 2622 4923 secernere
2666 4867 2734 4922 ad
2764 4869 3244 4940 congregationem
3289 4877 3342 4924 et
3373 4871 3555 4924 locum

1969 4977 2160 5027 untun,
2198 4975 2322 5014 mox
2374 4967 2429 5014 et
2480 4959 2657 5013 locum
2694 4959 2870 5028 ipsam
2902 4968 3248 5030 recepturum
3288 4960 3555 5015 condidit.

1969 5051 2220 5107 Nondum
2246 5051 2392 5105 enim
2419 5063 2538 5106 erat.
2568 5051 2698 5106 illud
2733 5060 2888 5108 extra
2930 5051 3131 5107 Gadira
3166 5053 3334 5107 situm
3382 5069 3553 5117 mare,

1970 5159 2148 5214 neque
2181 5159 2436 5212 magnum
2490 5143 2621 5198 illud
2657 5145 2803 5215 quod
2850 5145 3148 5200 exhorrent
3197 5154 3376 5200 nautae
3409 5145 3556 5216 pela-

1969 5252 2104 5307 gus,
2141 5236 2286 5305 quod
2319 5234 2690 5290 Britannicam
2733 5237 2972 5292 insulam
3014 5247 3069 5292 et
3107 5235 3405 5307 Hesperios
3440 5235 3557 5292 lbe—

1969 5345 2060 5385 ras
2091 5328 2261 5382 ambit
2287 5367 2302 5391 ,
2357 5327 2451 5382 sed
2494 5326 2712 5382 condita
2745 5337 2874 5384 tunc
2902 5327 3089 5382 divino
3119 5328 3378 5384 mandato
3406 5338 3556 5384 certa

1971 5420 2214 5491 regione,
2243 5417 2308 5473 ad
2342 5418 2515 5490 ipsam
2542 5419 2706 5474 simul
2726 5434 2991 5489 aquarum
3017 5419 3394 5476 multitudines
3421 5435 3554 5476 eon-

1968 5511 2264 5566 ﬂuxerunt.

356 5641 402 5674 π
439 5641 584 5699 Psal.
615 5660 786 5712 xxx",
832 5645 883 5700 7.
958 5643 1002 5678 ⁸⁸
1039 5643 1140 5701 Job
1181 5663 1325 5711 xxvr,
1359 5646 1412 5702 8.
1489 5646 1534 5678 ³⁹
1571 5645 1674 5702 Job
1719 5663 1867 5716 xxvn,

1981 5660 2092 5702 sec.
2128 5641 2292 5697 LXX.
2369 5642 2414 5674 ⁸ο
2453 5640 2588 5697 Gen.
2622 5659 2660 5711 ι,
2695 5643 2748 5698 9.
2793 5719 2800 5726 _

357 5797 825 5870 (51)Δεσμεύων,
846 5820 900 5856 κ.
927 5820 983 5874 μτ.
1009 5802 1059 5874 λ.
1097 5801 1252 5858 llunc
1284 5814 1336 5859 et
1375 5819 1500 5859 mox
1534 5815 1850 5874 sequentem

1979 5809 2215 5874 recurrat
2241 5801 2344 5874 Job
2363 5817 2508 5863 xxvu,
2539 5802 2592 5863 8.
2624 5803 2644 5871 j

1959 5873 2250 5953 Δεσμεὺων
2285 5871 2438 5953 ὕδωρ
2465 5874 2522 5925 ἐν
2547 5873 2801 5953 νεφέλαις
2839 5874 3025 5942 αὑτοῦ,
3065 5876 3159 5932 καὶ
3183 5875 3286 5930 οὐκ
3329 5871 3557 5950 ’ἐρράγη

287 5866 490 5944 locum,
530 5866 784 5944 tanquam
815 5871 1128 5944 exiduohus
1159 5874 1335 5929 sacris
1371 5866 1735 5944 scriptoribus
1759 5877 1853 5930 de-

2653 5810 2780 5857 uxta
2813 5802 2979 5867 LXX,
3019 5805 3108 5860 ubi
3152 5805 3232 5862 sic
3269 5802 3500 5873 legimus
3533 5823 3550 5861 :

291 5937 582 6009 scriptum,
636 5937 827 6000 recitat
866 5943 1175 6012 Cmsarius;
1231 5959 1356 6000 eum
1401 5937 1580 6001 tamen
1626 5955 1854 6016 uterque

1979 5937 2120 6014 νέφος
2151 5937 2503 5998 ὑποκάτωθεν
2528 5937 2712 6000 αὑτοῦ.
