4000 6400
312 369 431 428 949

319 495 437 562 μοῖς
463 492 656 561 ὁρᾶται
706 492 876 566 κάλλη
903 494 1004 565 τῆς
1033 496 1261 562 κτίσεως
1294 499 1324 553 ὁ
1368 499 1626 572 Ποιητής,
1660 501 1796 556 ἀλλά
1825 506 1893 575 τῇ

313 581 538 653 ἀρρήτῳ
590 583 752 654 σοφίᾳ
807 582 1091 655 θεωρεῖται
1135 587 1441 658 γενόμενα·
1481 592 1510 643 ὁ
1539 590 1763 659 φάσκων
1816 592 1897 662 τῷ

327 671 567 744 Ἱερεμίᾳ
585 688 601 704 ο
630 673 751 741 Πρὸ
801 674 909 729 τοῦ
945 694 1023 745 με
1042 676 1277 732 πλῆσαι
1330 696 1404 733 σε
1423 680 1493 733 ἐν
1518 682 1737 748 κοιλίᾳ,
1768 683 1897 737 ἐπί-

311 760 537 828 σταμαί
557 773 652 823 σε,
682 761 779 813 καὶ
804 762 920 829 πρὸ
942 764 1048 819 τοῦ
1080 766 1351 829 ἐξελθεῖν
1363 767 1432 822 ἐκ
1446 767 1697 838 μήτρας,
1726 772 1901 842 ἡγία-

312 849 390 903 mi
413 865 516 904 σε·
546 851 623 921 τῷ
646 851 702 904 δὲ
736 852 1048 928 Ναθαναὴλ,
1075 857 1194 926 Πρὸ
1228 859 1336 914 τοῦ
1365 876 1439 914 σε
1456 863 1759 917 Φίλιππον
1784 881 1895 933 φω-

309 940 519 1010 νῆσαι,
590 943 737 998 ὄντα
798 946 917 999 ὑπὸ
956 947 1072 1016 τὴν
1132 949 1337 1020 συκῆν
1397 950 1563 1008 εἶδόν
1616 971 1727 1008 σε’
1764 955 1893 1026 ὁτῷ

323 1028 574 1101 ’Δσραὰμ
612 1032 787 1102 λέγων
813 1050 829 1063 σ
884 1038 1044 1091 Κατὰ
1091 1039 1199 1092 τὸν
1233 1041 1445 1110 καιρὸν
1472 1041 1688 1096 τοῦτον
1721 1044 1892 1099 ἔσται

310 1119 384 1189 τῇ
407 1121 605 1194 mpm
625 1126 756 1191 υἱός
773 1141 786 1156 ·
814 1127 925 1190 τοῖς
944 1126 1001 1180 δὲ
1030 1129 1303 1195 Ἰουδαίοις
1323 1172 1341 1197 ,
1370 1133 1489 1201 Πρὸ
1522 1134 1628 1188 τοῦ
1644 1136 1892 1207 Ἀϐραὰμ

306 1212 421 1282 ἐγώ
450 1216 586 1283 ειμι.
621 1215 801 1271 Καλὸν
835 1217 943 1289 γὰρ
969 1220 1147 1291 θέαμα
1199 1222 1590 1299 λευκαινομὲνη
1629 1227 1887 1295 θάλαττα,

307 1302 551 1375 γαλήνης
586 1305 724 1377 αὐτῇ
780 1309 1053 1380 σταθηρᾶς
1079 1329 1092 1342 ·
1132 1314 1228 1383 ἡδὺ
1257 1314 1315 1368 δὲ
1365 1316 1461 1369 καὶ⁸
1491 1317 1620 1371 ὅταν
1654 1321 1889 1390 πρωΐαις

305 1392 501 1465 αὔραις
529 1398 903 1471 τραχυνομένη
929 1400 997 1455 τὰ
1025 1401 1591 1477 νῶτα,πορφυροῢσαν
1620 1409 1653 1479 ἢ
1683 1412 1889 1482 κυανῆν

304 1485 417 1547 τοῖς
470 1485 638 1556 δρῶσι
712 1488 1111 1560 προϐάλλεται,
1170 1496 1305 1565 μηδὲ
1364 1497 1643 1555 τύπτουσα
1699 1503 1888 1572 βιαίως

305 1574 402 1643 τήν
440 1576 654 1644 γείτονα
683 1580 896 1651 χέρσον,
934 1583 1071 1655 μηδὲ
1090 1585 1271 1641 τέλεον
1291 1589 1601 1661 ήρεμοῢσα·
1631 1594 1747 1648 ἀλλ’
1778 1589 1885 1650 οἷον

303 1666 607 1738 εἰρηνικαῖς
656 1689 767 1726 τισι
806 1676 1168 1747 περιπλοκαῖς
1199 1680 1267 1735 τά
1314 1683 1469 1754 χείλη
1499 1686 1669 1758 αὐτῆς
1708 1688 1884 1741 ἀσπα-

305 1755 529 1849 ζομένη,
563 1763 700 1832 πρὸς
750 1766 951 1838 ἑαυτήν
1003 1769 1165 1824 πάλιν
1211 1772 1570 1844 άποπηδῶσα.
1625 1755 1788 1849 Καλὴ
1828 1780 1886 1834 δὲ

303 1847 469 1902 πάλιν
504 1850 730 1907 δεδιῶσα
772 1855 833 1909 τὸ
869 1857 1012 1911 θεῖον
1046 1853 1398 1934 πρόσταγμαο
1434 1865 1626 1935 Μέχρι
1665 1847 1883 1924 τούτου

302 1937 551 2011 ἐλεύσῃ,
584 1944 681 2027 καὶ
708 1947 820 2016 οὐχ
842 1947 1155 2020 ὐπερϐήσῃ
1181 1969 1194 1981 ·
1220 1952 1358 2007 ἀλλ’
1390 1955 1460 2008 ἐν
1482 1956 1712 2027 σεαυτῇ
1736 1974 1886 2013 συν-

305 2017 685 2098 τριϐήσοντᾶι
736 2055 853 2093 σου
906 2042 978 2095 τὰ
1018 2017 1268 2113 κύματα.
1303 2045 1465 2111 "Hm;
1503 2049 1639 2120 πρὸς
1667 2017 1885 2122 έλεγχον

304 2121 402 2214 τῆς
466 2125 739 2214 ήμετέρας
792 2129 1186 2204 ἀγνωμοσύνης
1219 2135 1279 2188 τὸ
1310 2136 1692 2211 ἐπηρτημένον
1748 2141 1884 2214 αὐτῇ

300 2208 417 2303 δέος
467 2212 726 2283 δηλοῦσα,
763 2217 938 2291 βραχὺ
971 2221 1058 2275 διά
1106 2223 1215 2278 τῶν
1258 2208 1546 2297 κυμάτων*
1573 2208 1884 2303 παρεκδρα;

303 2299 479 2392 μοῦσα
506 2304 597 2360 τὸν
631 2308 777 2378 ὅρον,
820 2314 1085 2384 γραμμήν
1128 2331 1247 2368 τινα
1292 2318 1529 2389 φανερὰν
1559 2299 1672 2385 τοῖς
1707 2299 1887 2392 αἰγια-

297 2389 409 2454 λοῖς
440 2394 766 2464 ἐντυποῦσα,
791 2393 902 2452 οἷον
936 2401 1151 2474 γλώττῃ
1189 2410 1477 2480 παρεγγυᾷ
1510 2410 1586 2482 μὴ
1616 2389 1884 2484 ὑπερϐαί-

296 2499 412 2577 νειν
442 2487 571 2550 τοὺς
610 2488 766 2559 ὄρους
824 2492 920 2545 τοῦ
960 2494 1106 2547 θείου
1158 2500 1599 2571 προστάγματος.
1638 2505 1793 2577 Καλὴ
1827 2508 1885 2562 δὲ

295 2572 379 2627 ὅτι
436 2577 530 2629 καὶ
580 2580 840 2651 ποταμῶν
893 2584 1213 2656 ὑπάρχουσα
1261 2591 1468 2662 μήτηρ,
1520 2594 1658 2667 αὐτὴ
1724 2599 1885 2653 πάλιν

293 2665 496 2731 αὐτοὺς
522 2670 868 2741 ὑποδέχεται,
896 2676 1145 2732 ἐντεῦθεν
1174 2680 1273 2751 μὲν
1299 2683 1633 2747 ἀποκύουσα,
1671 2690 1885 2745 ἐκεῖθεν

291 2756 354 2810 δὲ
383 2756 703 2852 ξεναγοῠσα.
733 2765 889 2839 Καλὴ
913 2767 970 2821 δὲ
999 2769 1082 2822 ὅτι
1121 2771 1336 2836 καὶτὰς
1368 2775 1621 2832 πλεῖστον
1638 2779 1885 2852 ἀλλήλων

293 2849 592 2917 διεστώσας
622 2855 884 2927 ἠπείρους
906 2875 965 2911 τε
995 2861 1089 2914 καὶ
1128 2864 1312 2929 πόλεις
1347 2868 1608 2925 συνάπτει
1654 2873 1722 2927 δι’
1757 2849 1885 2929 εαυ-

293 2939 416 3011 τῆς,
448 2945 832 3016 νωτοφοροῦσα
875 2949 975 3014 τάς
1022 2951 1275 3019 ὁλκάδας,
1322 2957 1417 3011 καὶ
1455 2960 1735 3018 ἀκώλυτον
1769 2967 1884 3031 τοῖς

294 3032 589 3101 ναυτίλοις,
620 3036 687 3090 δι’
717 3038 944 3094 ἐκείνων
987 3042 1041 3096 δὲ
1066 3047 1179 3109 τοῖς
1219 3046 1425 3114 λοιποῖς
1465 3053 1567 3124 τὴν
1597 3059 1884 3128 συντυχίαν

296 3127 648 3221 παρεχομένη
672 3146 686 3160 ⁸
724 3131 819 3185 καὶ
855 3133 1096 3206 ἱστορίας
1119 3138 1227 3191 τῶν
1256 3140 1637 3215 ἀγνοουμένων
1661 3127 1884 3221 χαριζο-

301 3215 460 3288 μένη,
491 3220 582 3272 καὶ
619 3220 726 3277 τῶν
760 3225 1075 3294 ἀναγκαίων
1120 3231 1500 3305 ,ἐπικουροῦσα
1538 3242 1649 3303 τοῖς
1691 3242 1883 3313 δεομέ-

297 3322 432 3371 νοις,
463 3308 742 3385 ἐξαγωγὴν
768 3317 862 3369 καὶ
892 3319 1158 3375 ἀντίδοσιν
1185 3327 1304 3388 ταῖς
1342 3327 1527 3382 πόλεσι
1562 3333 1881 3404 ποιουμένη.

297 3395 372 3467 Οὐ
399 3399 704 3496 μὴν-οὓτως
746 3403 803 3458 δὲ
857 3408 952 3460 καὶ
995 3409 1114 3482 Θεῷ
1145 3414 1353 3470 οἴεσθαι
1404 3420 1530 3492 χρὴ,
1573 3395 1744 3496 καλὴν
1788 3395 1886 3479 κείι

294 3491 479 3558 ἡδεῖαν
508 3487 685 3563 ὦφθαι
714 3496 813 3583 τὴν
857 3499 1148 3569 θάλατταν,
1193 3506 1330 3561 ἀλλά
1364 3487 1624 3567 τδηκαλδν
1657 3487 1776 3569 ἐκεῖ
1798 3514 1882 3587 τῷ

294 3580 438 3679 λόγω
467 3583 565 3679 τής
590 3580 952 3679 δημιουργίας
988 3594 1253 3665 κρίνεται.
1297 3599 1527 3672 Ὁμοίως
1575 3603 1633 3658 δὲ
1658 3606 1763 3679 χρὴ
1789 3580 1883 3663 κοὶι

297 3673 427 3741 περὶ
453 3672 546 3728 τοῦ
583 3676 759 3745 φωτὸς
800 3680 892 3732 καὶ
916 3682 1026 3736 τῶν
1048 3684 1252 3740 λοιπῶν
1281 3687 1579 3746 διαλαὸεῖν.

1729 379 2076 439 DlALOGUS
2119 381 2155 439 ῐ.

3474 380 3595 443 950'

2000 504 2247 562 intuetur
2288 501 2463 558 oculis
2500 500 2960 572 pulchritudinem
2992 508 3322 567 creatorum,
3358 500 3451 557 sed
3488 502 3577 555 in-

1995 592 2194 649 effabili
2245 594 2512 664 sapientia
2560 594 2963 664 contemplatur
2992 607 3056 648 ea
3087 608 3209 663 qua:
3252 591 3427 646 fiunt:
3480 594 3572 662 qui

1997 684 2064 739 ad
2104 684 2399 742 Jeremiam
2448 684 2673 757 inquit:
2733 686 3029 756 Antequam
3075 695 3124 739 te
3170 685 3456 755 formarem
3519 686 3573 737 in

1995 787 2166 841 utero,
2195 780 2315 832 novi
2338 786 2405 841 te,
2442 787 2493 833 et
2531 788 2813 850 antequam
2846 778 3164 849 egredereris
3210 792 3277 832 ea:
3305 777 3421 831 alvo
3461 793 3589 830 nia--

1997 878 2169 934 terna,
2211 868 2543 937 sanctiﬁcavi
2572 876 2623 923 te
2660 868 2741 936 ";
2795 870 2861 921 ad
2910 867 3301 923 Nathanaclem
3340 873 3521 924 autem
3560 884 3589 918 :-

1995 957 2291 1030 Antequam
2332 968 2383 1014 te
2421 958 2702 1030 Philippus
2733 968 2963 1024 vocaret,
2998 975 3116 1014 cum
3147 974 3284 1013 esses
3319 956 3415 1011 sub
3446 957 3574 1026 ﬁcu;

1994 1049 2231 1104 videbam
2264 1060 2311 1105 te
2327 1050 2403 1117 “;
2437 1051 2529 1121 qui
2557 1050 2692 1106 dicit
2714 1051 3025 1106 Abrahamo
3056 1069 3070 1104 :
3104 1050 3187 1104 Ad
3211 1059 3413 1118 tempus
3440 1046 3596 1102 illudA

1991 1142 2199 1196 habebit
2233 1141 2372 1197 Sara
2405 1143 2579 1213 ﬁlium
2602 1144 2678 1211 δίς
2716 1143 2920 1200 Judmis
2953 1152 3133 1199 autem
3178 1163 3195 1197 :
3237 1143 3373 1196 Aule
3404 1141 3571 1195 Abra-

1995 1234 2212 1289 Itamum
2257 1253 2351 1306 ego
2384 1252 2502 1290 sum
2529 1236 2596 1293 ⁸⁸.
2649 1236 2945 1292 Pulchrum
3002 1236 3149 1291 enim
3199 1235 3598 1307 spectaculunr

1991 1343 2143 1384 mare
2166 1330 2431 1398 albicans,
2463 1347 2586 1387 cum
2622 1330 2801 1402 ipsum
2832 1339 3094 1386 constans
3124 1337 3272 1385 tenet
3305 1326 3577 1397 tranquilc

1992 1418 2137 1476 litas.
2174 1420 2486 1499 Jucundum
2523 1423 2652 1478 item
2683 1430 2800 1487 est,
2846 1421 3068 1493 quando
3102 1421 3170 1476 ad
3203 1435 3366 1475 auras
3395 1429 3593 1473 matu~

1991 1509 2136 1567 tiuas
2169 1512 2451 1569 horridum
2483 1514 2649 1571 dorso
2678 1531 2952 1587 purpureo
2982 1514 3285 1569 caerulem’e
3315 1516 3585 1582 spectan-

1993 1598 2137 1655 tibus
2164 1600 2445 1671 obiicitur,
2481 1618 2657 1674 neque
2682 1604 2946 1659 violenter
2976 1603 3336 1673 propinquam
3368 1609 3572 1655 terram

1992 1693 2194 1763 pulsat,
2227 1709 2403 1764 neque
2430 1697 2649 1766 penitus
2676 1697 3003 1767 quiescens,
3041 1696 3135 1753 sed
3174 1694 3418 1766 paciﬁcis
3452 1693 3575 1763 qui«

1994 1784 2224 1840 busdam
2257 1788 2600 1858 amplexibus
2634 1788 2818 1843 littora
2848 1803 2949 1843 sua
2977 1788 3245 1853 salutans,
3271 1787 3337 1842 ad
3373 1793 3588 1842 semet~-

1993 1873 2170 1946 ipsum
2211 1879 2407 1934 resilit.
2454 1878 2749 1936 Pulchrum
2780 1880 2931 1945 item,
2980 1882 3124 1951 quod
3156 1881 3400 1937 divinum
3432 1894 3574 1949 pra:-

1992 1978 2207 2039 ccptum
2243 1978 2546 2036 reveretur,
2597 1971 2718 2026 Ilua
2751 1988 2913 2043 usque
2948 1973 3141 2035 venies,
3173 1980 3221 2026 et
3259 1987 3361 2025 non
3394 1979 3575 2023 trans-

1991 2059 2246 2129 grediere,
2281 2060 2372 2116 sed
2414 2062 2469 2116 in
2517 2064 2788 2134 temetipso
2828 2063 3147 2117 collidentur
3181 2064 3258 2117 tui
3291 2062 3587 2131 ﬂuctus“..

1990 2149 2135 2206 idem
2180 2149 2249 2205 ad
2280 2153 2758 2222 reprehensionem
2788 2154 3114 2209 temeritatis
3144 2152 3586 2224 stoliditatisque.

1990 2252 2193 2300 nostrae
2223 2244 2456 2299 inditum
2489 2245 2593 2302 sibi
2634 2252 2841 2301 metum
2889 2245 3149 2309 ostendit,
3188 2260 3258 2301 ne
3290 2244 3570 2316 paululum

1987 2336 2207 2408 quidem
2250 2335 2510 2394 ﬂuctibus
2561 2339 2700 2394 ultra
2740 2339 3034 2394 terminum
3084 2354 3405 2401 excurrens,
3438 2352 3572 2392 cou-

1988 2427 2234 2499 spicuam
2268 2428 2548 2485 littoribus
2579 2431 2776 2485 lineam
2806 2429 3146 2499 imprimens,
3185 2428 3343 2498 quasi
3389 2429 3583 2497 lingua.

1989 2517 2216 2572 mandat
2252 2534 2320 2573 ne
2373 2518 2809 2591 transgrediatur
2863 2520 3155 2573 terminum
3204 2517 3443 2572 mandati
3488 2517 3584 2571 di-

1987 2609 2121 2663 vini.
2176 2607 2474 2664 Pulchrum
2521 2624 2790 2680 quoque,
2834 2608 2977 2680 quod
3025 2624 3149 2664 cum
3181 2607 3466 2664 ﬂuminum
3502 2611 3577 2663 sit

1988 2708 2183 2762 mater,
2232 2700 2349 2770 ipsa
2392 2701 2580 2756 eadem
2629 2715 2825 2756 rursus
2873 2700 3138 2770 suscipit,
3193 2699 3321 2755 hinc
3350 2699 3584 2770 quinilem.

1986 2792 2144 2860 quasi
2198 2792 2252 2845 in
2299 2792 2472 2846 lucem
2543 2790 2869 2862 proferens,
2922 2792 3073 2846 illinc
3125 2806 3255 2847 vero
3300 2789 3580 2860 recipiens

1986 2882 2143 2951 quasi
2177 2882 2443 2953 hospites.
2478 2881 2776 2938 Pulchrum
2808 2896 2962 2946 vero,
3009 2881 3155 2953 quod
3188 2893 3241 2939 et
3268 2881 3586 2953 plurimum.

1987 2971 2130 3027 inter
2159 2987 2219 3027 se
2245 2972 2473 3031 dissitas
2500 2973 2836 3030 continentis
2878 2982 3059 3029 terras
3090 2981 3145 3028 et
3176 2973 3341 3029 urbes
3368 2986 3481 3043 prae
3514 2986 3573 3026 se

1986 3064 2290 3135 conjungit,
2334 3080 2399 3121 ac
2432 3064 2618 3121 ferens
2652 3065 2708 3119 in
2741 3080 2840 3120 sua
2880 3065 3202 3121 summitate
3228 3080 3415 3126 naves,
3446 3064 3571 3118 nul-

1987 3154 2209 3226 lumque
2236 3156 2485 3225 praebens
2506 3155 2955 3226 impedimentum
2984 3155 3182 3220 nautis,
3218 3156 3417 3225 partim
3446 3154 3573 3225 qui-

1986 3243 2110 3301 dem
2144 3247 2348 3312 nautis,
2378 3248 2575 3319 partim
2612 3264 2743 3304 vero
2769 3249 2982 3304 caeteris
3014 3247 3400 3304 commercium
3433 3262 3574 3317 pra:-

1985 3335 2096 3391 bet.
2135 3335 2241 3392 Sed
2269 3346 2324 3393 et
2352 3353 2544 3393 eorum
2575 3354 2697 3410 qua!
2723 3338 3067 3410 ignorantur,
3102 3338 3269 3393 variae
3296 3337 3563 3408 cognitio-

1984 3425 2072 3482 nis
2100 3425 2426 3484 benelicium
2458 3428 2711 3501 largitur,
2740 3438 2795 3485 et
2822 3430 2874 3485 in
2904 3431 3071 3487 rebus
3093 3428 3423 3486 necessariis
3443 3428 3573 3486 sub-

1982 3516 2130 3571 venit
2163 3516 2557 3589 indigentibus,
2585 3520 2911 3592 exportandi
2941 3533 2994 3576 et
3028 3521 3276 3576 vicissim
3309 3517 3593 3575 reddendi
3624 3582 3634 3591 .

1980 3609 2429 3666 commoditatem
2458 3611 2772 3667 civitatibus
2810 3623 3097 3682 praestans.
3126 3610 3246 3667 Non
3279 3619 3461 3665 tamen
3489 3610 3574 3664 sic

1978 3710 2033 3757 et
2063 3700 2132 3757 de
2166 3703 2273 3758 Deo
2297 3705 2599 3774 putandum
2627 3714 2733 3771 est,
2761 3705 2905 3776 quod
2938 3707 3140 3760 bonum
3167 3704 3250 3759 vel
3282 3703 3570 3773 pulchrum

290 3767 674 3837 etjucundum
705 3773 783 3827 illi
817 3775 992 3831 visum
1025 3778 1097 3832 sit
1124 3795 1295 3848 mare,
1326 3785 1421 3839 sed
1450 3786 1654 3843 bonum
1694 3789 1762 3846 de
1802 3807 1911 3863 quo
1965 3795 2037 3851 ibi
2084 3767 2339 3863 habetur,
2375 3801 2587 3856 ratione
2632 3767 2834 3871 Opi-ﬁcii
2871 3801 3168 3871 judicatur.
3211 3767 3299 3853 Ad
3318 3797 3575 3853 eumdem.

295 3864 518 3920 modum
551 3874 607 3922 ct
637 3866 704 3924 de
737 3868 857 3925 luce
889 3881 943 3925 et
968 3875 1181 3931 caeteris
1213 3877 1640 3937 existimandum
1670 3892 1778 3941 est.

886 3982 1136 4036 ΠΕΥΣΙΣ
1161 3985 1287 4041 HE'.

365 4089 491 4154 Πῶς
522 4091 614 4145 τοῦ
656 4094 901 4159 Μωσέως
944 4098 1255 4169 γράψαντος
1277 4144 1291 4168 ,
1340 4104 1421 4158 ὅτι
1462 4101 1618 4162 εἶπεν
1646 4111 1674 4163 ὁ
1704 4110 1835 4176 Θεὸς
1860 4127 1875 4142 ’

293 4181 708 4270 Βλᾳστησάτω
766 4185 806 4253 ἡ
866 4186 942 4256 γῆ
992 4190 1269 4261 βοτάνην
1327 4196 1548 4264 χόρτου
1612 4202 1878 4270 σπείρων

290 4267 531 4337 σπέρμα
549 4272 700 4326 κατὰ
729 4273 1010 4344 γένοςκαί
1039 4282 1167 4334 καθ’
1198 4284 1532 4354 ὁμοιότητα,
1562 4289 1660 4344 καὶ
1682 4267 1875 4356 ξύλιον

291 4359 610 4431 κάρπιμον,
644 4361 717 4422 οὗ
761 4367 827 4421 τὸ
853 4369 1091 4440 σπέρμα
1120 4373 1307 4429 αὐτοῦ
1336 4375 1407 4430 ἐν
1427 4378 1588 4445 αὐτῷ
1611 4383 1762 4437 κατὰ
1784 4386 1873 4455 γέ-

289 4469 427 4519 νος·
461 4454 730 4539 βλέπομεν
759 4460 931 4514 πολλὰ
954 4462 1063 4516 τῶν
1095 4465 1277 4535 φυτῶν
1312 4469 1589 4535 παντελῶς
1621 4454 1867 4546 ἄκαρπα,

290 4545 385 4596 καὶ
420 4542 556 4638 μηδὲ
595 4549 820 4621 σπέρμα
869 4552 1101 4624 ἔχοντας
1156 4558 1316 4611 Ποῖον
1345 4560 1455 4633 γάρ
1486 4542 1872 4638 αἴγειρος-ἔχει

292 4636 522 4703 καρπὸν,
576 4638 610 4708 ἢ
666 4641 854 4715 ἐλάτη,
894 4644 928 4716 ἢ
973 4647 1236 4721 πεύκη,ἢ
1283 4651 1569 4724 κά).αμος;
1621 4636 1873 4713 ποῖονῖδὲ

293 4725 515 4819 σπέρμα
551 4728 665 4799 ἔχει
688 4734 960 4804 σκόροδον,
984 4736 1015 4806 ἢ
1050 4738 1220 4808 ῥόδον,
1254 4741 1579 4817 ηκρόκος,ἢ
1605 4747 1866 4819 ἄμπελος,

289 4815 323 4886 ἢ
360 4817 592 4889 μυρίκη,
620 4822 715 4874 καὶ
743 4823 811 4877 τά
837 4822 1000 4882 λοιπά
1019 4831 1126 4884 τῶν
1146 4834 1420 4906 ἀκάρπων
1447 4853 1461 4902 ;

894 4916 1259 4987 Ἀπόκρισις.

359 4999 428 5053 Εἴ
450 5017 532 5065 τις
559 5002 875 5075 φιλομαθῶς
906 5008 1001 5062 καὶ
1045 5014 1440 5085 πεπονημένως
1479 5018 1776 5086 ἀναπτύξει
1800 5024 1869 5078 τὰ

288 5089 432 5156 θεῖα,
479 5094 701 5167 εὑρήσει
753 5099 930 5153 πάντα
979 5101 1281 5170 ἀνελλιπῶς
1311 5107 1389 5178 τῷ
1435 5108 1566 5180 θείῳ
1605 5110 1870 5185 θελήματι

290 5186 666 5252 παραστάντα.
703 5189 962 5264 Αίγειρος
999 5196 1107 5268 γὰρ
1150 5198 1381 5270 παρέχει
1414 5201 1648 5272 καρπὸν,
1696 5204 1872 5260 κλονι-

290 5273 425 5342 σμὸν
473 5277 609 5347 πρὸς
638 5280 734 5350 τήν
768 5284 1000 5339 ἑκάστου
1050 5288 1207 5359 ἡμῶν
1236 5290 1450 5362 χρείαν,
1474 5292 1537 5345 τὸ
1563 5291 1761 5362 φῦλλον
1789 5300 1873 5364 εἰς

287 5372 682 5441 κτηνοτροφίαν
744 5378 1010 5447 χειμῶνος
1062 5382 1483 5456 ἀποτιθέμενονο
1542 5387 1603 5440 τὸ
1660 5390 1725 5442 ὲκ
1773 5391 1869 5445 τοῦ

286 5457 510 5555 μδσχουΔ
540 5461 726 5518 ’ἔλαιον
771 5471 884 5533 τοῖς
926 5471 1233 5543 ἀρρώστοις
1285 5479 1678 5549 παρεχόμενον,
1732 5483 1868 5555 ὅπερ

285 5550 647 5620 αίγειρέλαιον
686 5559 801 5620 τοῖς
832 5558 1046 5625 πολλοῖς
1074 5564 1429 5636 ὀνομάζεται·
1462 5569 1583 5623 ἀντὶ
1612 5570 1669 5623 δὲ
1701 5550 1869 5641 σπέρξ

2361 4000 2884 4061 ΙΝΤΕΒΒΟΕΑΤΙΟ
2923 4004 3191 4061 LXXXV.

2054 4104 2340 4171 Quomodo
2367 4109 2587 4178 scripsit
2621 4110 2823 4179 Moses,
2850 4114 2996 4184 quod
3025 4114 3224 4170 dixerit
3261 4113 3523 4170 Dominus
3548 4130 3579 4166 :-

1982 4191 2351 4265 Progerminet
2378 4206 2522 4253 terra
2559 4199 2776 4255 herbam
2823 4204 3083 4273 graminis
3106 4243 3125 4268 ,
3175 4219 3293 4275 qua
3348 4204 3571 4258 semiuet

1979 4302 2157 4342 semen
2203 4289 2492 4344 secundum
2533 4308 2694 4362 genus
2737 4303 2787 4347 et
2834 4296 3123 4349 secundum
3158 4295 3569 4351 similitudinem

1983 4394 2159 4443 suam,
2195 4389 2245 4434 et
2275 4381 2480 4452 lignum
2520 4383 2883 4454 fructi/erum,
2913 4387 3067 4456 cujus
3104 4388 3158 4442 in
3184 4404 3238 4450 se
3277 4388 3347 4442 sit
3390 4403 3564 4442 semen

1983 4472 2271 4527 secundum
2318 4490 2482 4544 genus
2505 4475 2555 4507 δ’
2587 4495 2601 4531 :
2639 4491 2765 4549 cum
2809 4485 2992 4534 tamen
3040 4478 3325 4536 videamus
3363 4481 3565 4536 multas

1977 4564 2193 4633 plantas
2224 4579 2456 4635 prorsus
2488 4566 2862 4639 infrugil'eras,
2896 4584 3018 4640 quae
3049 4585 3227 4641 neque
3253 4585 3441 4626 semen
3468 4571 3566 4625 ha-

1977 4656 2145 4712 bent?
2195 4655 2500 4723 Quemnam
2548 4660 2695 4715 enim
2742 4661 2982 4717 fructum
3034 4662 3199 4718 habet
3249 4663 3432 4728 alnus,
3469 4670 3568 4717 aut

1975 4747 2150 4815 abies,
2177 4758 2274 4805 aut
2305 4751 2470 4821 pinus
2501 4753 2793 4822 silvestris,
2823 4762 2919 4810 aut
2947 4757 3197 4811 arundo?
3236 4756 3409 4824 Quale
3432 4756 3591 4812 item.

1976 4853 2163 4894 semen
2193 4840 2358 4897 habet
2382 4844 2589 4908 allium,
2624 4852 2719 4900 aut
2741 4861 2890 4911 rosa,
2920 4855 3015 4902 aut
3040 4863 3260 4913 crocus,
3288 4859 3383 4904 aut
3412 4850 3575 4916 vitis,

1977 4939 2072 4988 aut
2098 4933 2305 5005 myrica
2336 4935 2552 5006 aliaque
2586 4931 2876 4996 innumera
2910 4940 3271 5013 infrugifera?

2608 5026 2916 5097 Responsio.

2048 5115 2106 5170 Si
2137 5116 2263 5187 quis
2302 5116 2593 5191 diligenter
2627 5129 2683 5178 et
2728 5136 2990 5181 accurate
3013 5125 3250 5196 explicet
3293 5142 3382 5184 res
3422 5128 3562 5186 divi-

1975 5221 2096 5272 nas,
2121 5206 2362 5265 inveniet
2392 5211 2576 5266 omnia
2607 5212 2816 5284 absque
2848 5215 3065 5272 defectu
3089 5215 3276 5273 divina
3303 5219 3559 5276 volunta-

1973 5310 2026 5355 te
2060 5301 2344 5371 producta.
2384 5303 2559 5359 Alnus
2601 5305 2746 5360 enim
2792 5304 3029 5363 fructum
3061 5309 3265 5379 praebet
3304 5310 3365 5365 in
3388 5313 3563 5368 ramis

1973 5391 2039 5445 ad
2067 5392 2501 5463 uniuscujusque
2526 5403 2773 5451 nostrum
2797 5399 3219 5468 necessitatem;
3251 5400 3441 5456 folium
3466 5418 3555 5456 re-

1973 5483 2210 5550 positum
2248 5481 2378 5539 facit
2409 5483 2476 5538 ad
2513 5486 2801 5543 nutrienda
2849 5490 2904 5543 in
2956 5491 3137 5547 hieme
3185 5506 3382 5560 pecora
3427 5509 3441 5545 :
3484 5506 3560 5547 ex.

1974 5572 2268 5630 fruticante
2316 5578 2531 5632 stolone
2572 5579 2751 5634 oleum
2790 5582 2934 5651 quod
2978 5584 3254 5654 praebetur
3293 5582 3550 5648 inﬁrmis,

286 5656 458 5725 ματος
508 5645 558 5696 ot
607 5646 789 5701 κλάδοι
824 5649 926 5721 τῆς
969 5653 1214 5725 αἱγείρου
1269 5660 1721 5732 κατορυττόμενοι
1781 5667 1866 5734 ῥι-

1988 5666 2118 5735 ιιιοά
2161 5682 2191 5721 a
2226 5667 2616 5725 multis'oleum
2651 5670 2761 5726 alni
2797 5645 3165 5746 nuncupatur.
3210 5672 3338 5731 Vice
3368 5682 3562 5731 autem

365 5800 408 5833 δ’
446 5800 554 5859 Jcr.
583 5821 621 5874 ι,
786 5808 829 5840 ⁵³
867 5807 1027 5867 Joau.
1058 5828 1093 5883 ι,
1125 5812 1213 5873 48.
1292 5818 1335 5851 ³⁵³
1374 5817 1506 5875 Gen.
1539 5837 1692 5891 mn,
1721 5824 1805 5890 ιο,

1988 5825 2130 5884 loan.
2162 5844 2276 5899 rm,
2310 5829 2397 5886 58.
2476 5832 2520 5865 "
2558 5831 2659 5891 Job
2684 5850 2917 5906 surtu,
2960 5837 3047 5895 11..
3095 5838 3169 5920 ,⁸⁷
3210 5837 3352 5897 Gen.
3385 5849 3425 5905 I,
3462 5833 3574 5895 ιι..
