2000 3206
208 182 257 211 951

208 239 324 268 seminis
339 239 409 266 rami
430 239 486 266 alni
499 239 602 267 defossi
620 240 727 268 radices
748 246 842 275 agn-nt.
869 242 910 270 Ad
926 249 1002 269 etun~

207 284 269 313 dem
286 292 352 312 vero
368 285 479 312 modum
503 291 530 313 et
552 285 640 319 abies,
658 290 686 314 et
708 287 790 314 arbor
812 288 889 322 picea
906 296 999 315 ramu-

207 331 293 359 sculis
308 334 336 358 et
349 330 480 359 defractis
495 332 615 360 surculis
630 340 716 367 genus
730 337 839 368 augent.
859 333 932 362 Rosa
953 342 999 361 au-

207 380 272 409 tem,
289 380 338 403 aut
360 376 473 409 allium,
499 381 547 404 aut
562 384 679 410 crocus,
705 378 805 413 partim
831 379 943 414 quidem
967 380 1001 406 ad

207 422 301 449 odoris
323 421 500 457 fragrantiam
526 423 695 457 conducunt,
717 424 815 459 partim
837 429 868 451 ut
885 425 1001 453 commi-

208 471 338 494 sceantur
353 466 529 501 degeneranti
555 468 618 495 vino
644 468 740 496 sicerzn
765 469 925 504 potoribus,
950 478 1002 497 un-

209 512 363 548 guentariis
374 512 440 540 item
450 512 484 540 ad
496 513 697 541 conﬁciendum
713 513 861 542 artiﬁciose
871 514 1002 547 sumtum,

207 562 236 585 et
252 558 366 586 medicis
388 558 422 586 ad
447 559 571 595 collyria,
588 560 617 586 in
643 560 705 587 cibo
719 567 869 595 sumptum.
900 560 953 588 Sed
977 565 1004 588 et

209 610 287 638 aqua:
302 603 445 638 potoribus
459 611 558 639 aquam
576 604 716 632 innoxiam
734 608 876 640 praestant.
890 605 1004 633 Arundo

209 657 274 677 vero
306 650 426 677 fructum
461 650 534 682 I'ert.
569 658 676 679 comam
708 651 817 687 quidem
852 651 886 678 ad
920 659 1004 687 spon-

752 182 782 210 S.
802 179 966 218 CESARII,
985 183 1151 212 GREGOBII
1177 183 1340 216 FRATRIS,

1052 243 1172 276 ζοῦνται.
1190 243 1307 277 Ὁμοίως
1323 241 1352 268 δὲ
1368 249 1416 268 και
1429 239 1511 273 ἐλάτη
1533 240 1579 266 καὶ
1591 239 1696 275 πεύκη,
1716 240 1775 271 τοῖς
1789 239 1857 266 κλο-

1050 288 1173 324 νίσμασι,
1186 288 1234 315 καὶ
1246 286 1402 317 ἀποσπάδες
1417 285 1447 312 τδ
1461 285 1537 320 γένος
1555 284 1681 318 αὔξουσι.
1697 284 1737 311 Τὸ
1757 284 1788 310 δὲ
1805 285 1854 319 ῥό-

1049 333 1094 360 δον
1110 333 1126 369 ἢ
1139 333 1265 368 σκόροδον
1275 332 1292 367 ἦ
1310 331 1419 366 κρόκος,
1430 329 1463 357 τὰ
1477 329 1528 365 μὲν
1540 329 1591 365 τὴν
1603 328 1732 360 εὐωδίαν,
1744 328 1794 355 καὶ
1813 329 1856 364 τῷ

1050 376 1270 412 καταμίγνυσθαι
1279 374 1433 410 νοθουμένῳ
1444 372 1479 408 τῷ
1492 373 1556 407 οῐνῳ
1570 372 1628 403 τοῖς
1639 371 1836 407 σικεροτυύταις
1844 379 1854 386 -

1054 423 1069 450 δ
1080 423 1210 459 μυρεψοῖς
1219 421 1300 448 πάλιν
1314 413 1510 455 φιλοτεχνεῖται
1529 418 1568 449 εῑς
1590 417 1730 452 θυμίαμα..
1744 416 1793 443 καὶ
1810 417 1855 444 ια-

1054 470 1131 505 τροϊς
1145 469 1185 499 εις
1208 467 1336 502 κόλλυρα,
1353 464 1427 492 ἔνδον
1449 463 1618 498 ἐσθιόμενον.
1632 462 1690 488 Καὶ
1703 462 1761 493 τοῖς
1770 461 1855 497 ὑδρο-

1053 515 1148 546 πόταις
1158 513 1188 540 τὸ
1200 512 1317 543 ἀϐλαϐὲς
1327 510 1374 537 τοῦ
1392 510 1489 541 ὕδατος
1497 507 1697 544 παρεχόμενον.
1715 507 1746 533 ὐ
1757 507 1788 534 δὲ
1799 507 1854 534 κάρ

1052 561 1138 596 λαμος
1151 559 1320 596 καρποφορεῖ
1330 556 1379 593 τὴν
1391 556 1439 591 μὲν
1456 554 1543 590 κόμην
1554 554 1594 585 εἰς
1606 553 1755 587 σπόγγους,
1772 552 1805 578 τὸ
1822 551 1854 578 δὲ

1052 605 1146 633 λοιπὸν
1159 605 1199 636 εἰς
1221 602 1365 639 γραφιδας.
1378 601 1478 636 Ἀμφω
1491 599 1520 625 δὲ
1542 599 1570 624 ἐν
1581 599 1642 629 ταῖς
1659 596 1854 632 παρεκφύσεσι

1053 651 1107 678 τῶν
1124 649 1208 686 ῥιζῶν
1223 648 1255 675 τὸ
1269 648 1347 683 γένος
1360 645 1549 682 πληθύνουσιν.

208 698 276 731 glas,
298 697 432 731 reliquum
461 706 524 724 vero
553 697 587 723 ad
613 698 794 724 instrumenta
830 697 985 732 scriptoria.
1010 697 1165 730 Utrumque
1194 699 1282 721 autent
1314 692 1435 719 radicum
1456 688 1739 725 suppullulationibus
1763 696 1854 724 genus

209 748 318 778 augent.

394 799 655 827 INTERROGATIO
676 799 819 827 LXXXVI.

253 855 345 887 Quare
372 854 452 889 quasi
477 854 639 881 naturaliter
666 854 804 881 coth-rent
831 862 892 880 cum
926 854 1004 880 bonis

210 900 293 933 mala,
313 900 505 934 corruptibilia
528 907 589 927 cum
616 899 671 927 vita
694 904 799 931 nostra,
826 908 886 926 cum
913 900 1005 926 tritico

212 946 348 972 zizanium
365 950 392 973 et
409 946 510 976 cicuta,
533 954 595 973 cum
616 946 687 973 rosis
704 946 799 980 spina;
816 953 877 972 cum
899 946 1005 973 caeteris

212 992 390 1019 nutrimentis
421 992 590 1019 hellcborum
605 1012 612 1023 ,
645 996 671 1019 et
699 991 857 1022 aconitum,
878 995 905 1018 ct
927 998 1005 1018 man—

212 1038 339 1073 dragora,
356 1043 382 1066 et
405 1046 506 1066 succus
527 1038 681 1073 papaveris,
700 1046 760 1073 quae
778 1043 898 1065 nostram
921 1039 1004 1065 vitam

213 1085 331 1112 tollunt?

535 1130 686 1165 Responsio.

248 1175 319 1203 Num
339 1176 422 1211 igitur
437 1176 532 1204 relicta
554 1185 603 1211 pro
623 1176 737 1203 utilibus
754 1176 903 1211 gratiarum
923 1176 1007 1202 actio-

214 1230 257 1253 ne,
271 1222 375 1249 crimen
390 1222 587 1249 intentabimus
596 1221 701 1256 Opiﬁci,
718 1221 791 1255 quod
813 1223 938 1256 quaedam
957 1229 1006 1248 no-

214 1268 257 1295 bis
276 1268 308 1295 ad
326 1267 487 1299 discrimen,
500 1268 624 1302 quaedam
640 1275 705 1295 vero
721 1268 825 1295 utiliter
839 1268 1009 1294 nascuntur?

215 1315 269 1340 Aut
286 1321 341 1340 non
365 1313 556 1348 reputabimus
579 1313 658 1344 illud,
680 1313 752 1347 quod
769 1320 823 1340 non
839 1312 929 1339 omnia
947 1320 1009 1347 pro-

217 1364 278 1394 pter
292 1363 415 1387 ventrem
441 1363 565 1386 nostrum
589 1358 699 1386 condita
719 1358 802 1386 sunt?
827 1358 908 1392 Atqui
931 1357 1010 1384 nobis

216 1405 330 1440 quidem
346 1405 468 1439 deputati
483 1404 538 1431 cibi
549 1404 678 1431 omnibus
694 1404 720 1430 in
736 1407 861 1438 promptu
875 1406 902 1429 et
914 1403 1009 1438 cogni-

217 1455 247 1478 tu
263 1451 360 1478 faciles
375 1455 449 1477 sunt.
469 1449 676 1483 linumquodvis
696 1457 760 1476 vero
778 1449 947 1476 nascentium
963 1456 1011 1483 pe-

218 1497 349 1524 culiarem
363 1496 509 1531 quamdam
526 1497 552 1523 in
565 1496 704 1522 creatione
721 1488 851 1522 rationem
863 1494 964 1529 implet.
975 1494 1012 1521 Ne

218 1543 290 1570 cnim
307 1542 416 1570 laederet
425 1548 575 1570 venenatus
588 1543 712 1569 taurinus
722 1541 845 1576 sanguis,
857 1548 910 1567 non
919 1540 1011 1567 debuit

219 1587 245 1614 id
257 1587 359 1614 animal
375 1587 489 1621 produci
506 1586 547 1613 vel
559 1593 654 1613 carere
667 1586 810 1620 sanguine,
823 1585 902 1619 cujus
916 1585 1012 1612 robore

218 1635 246 1661 in
269 1638 324 1661 tam
348 1632 442 1660 multis
462 1632 566 1666 indiget
589 1632 642 1658 vita
662 1631 776 1658 nostra?
802 1631 885 1665 Atqui
906 1630 939 1657 ad
966 1638 1012 1657 ca-

218 1680 307 1708 venda
335 1679 489 1714 perniciosa
513 1678 562 1705 tibi
580 1678 652 1705 ratio
679 1677 789 1705 suﬁirit.
815 1677 914 1703 Annon
938 1676 1011 1703 enim

219 1734 286 1754 oves
302 1729 329 1753 et
346 1732 435 1759 caprae
456 1728 558 1751 norunt
574 1724 699 1759 refugere
714 1731 775 1759 quae
789 1723 851 1749 vita:
878 1729 934 1749 sua:
949 1729 1012 1756 per-

221 1772 328 1799 nici05a
344 1775 421 1802 sunt,
438 1771 496 1798 solo
512 1771 613 1797 olfactu
629 1770 709 1797 noxia
729 1768 930 1804 dijudicantes?
951 1767 1012 1794 Tibi

222 1822 312 1845 autem
328 1817 371 1843 cui
384 1821 410 1844 et
421 1817 492 1843 ratio
504 1816 593 1847 adest,
607 1820 634 1844 et
649 1824 694 1843 ars
705 1815 858 1847 medicimc,
868 1821 929 1849 quae
940 1813 1011 1849 quod

221 1868 263 1892 est
281 1864 403 1897 salubre,
417 1863 584 1899 suppeditat,
601 1867 628 1890 ct
645 1861 856 1897 praecedentium
868 1860 1012 1894 experien-

220 1911 268 1944 tia,
292 1911 510 1946 perniciosorum
534 1910 625 1944 fugam
651 1916 810 1943 suggerens,
834 1906 942 1934 ditlicile
962 1905 1014 1932 crit

220 1958 358 1985 declinare
377 1956 537 1984 mortifera?
561 1955 633 1982 Nihil
654 1960 743 1981 autem
767 1954 864 1981 horum
883 1952 1014 1979 inutiliter

221 2010 267 2031 aut
280 2004 315 2031 ab
330 2011 360 2031 re
371 2008 464 2030 natum
478 2007 529 2035 est,
542 2003 588 2031 sed
603 2006 649 2029 aut
665 2001 745 2028 nobis
763 2003 810 2027 aut
824 1999 968 2034 pecoribus
980 1997 1012 2023 ad

221 2050 366 2076 utilitatem
381 2049 531 2080 tributum;
548 2056 611 2075 nam
628 2048 719 2075 cicuta
735 2046 845 2082 quidem
861 2045 949 2072 sturni
966 2052 1012 2079 pa-

222 2102 348 2130 scuntur,
362 2096 502 2123 belleboro
517 2102 582 2122 vero
597 2093 765 2124 coturnices,
776 2092 922 2125 utriusque
935 2096 1014 2116 noxa:

221 2143 358 2169 immunes
373 2140 493 2176 quadam
513 2138 695 2174 dispositione
718 2140 824 2163 natum
846 2144 853 2162 :
877 2142 923 2169 per
937 2141 1015 2160 man-

221 2188 366 2223 dragoram
378 2191 469 2213 autem
483 2191 610 2212 somnum
622 2182 738 2210 inﬁrmis
750 2180 885 2208 inducunt
900 2177 1014 2210 medici;

222 2241 306 2261 succo
325 2230 471 2267 papaveris
487 2235 634 2264 corporum
655 2226 829 2254 vehementes
841 2223 950 2251 dolores
968 2229 1014 2249 so-

223 2278 318 2312 piunt;
337 2277 394 2312 jam
409 2282 476 2303 vero
503 2279 530 2301 et
548 2274 638 2301 cicuta
654 2267 766 2307 quidam
783 2269 888 2296 rabiem
911 2267 1016 2302 appeti-

222 2327 301 2350 tuum
320 2321 508 2350 sustulerunt,
532 2322 559 2346 et
584 2317 723 2345 hellebore
745 2315 847 2342 multos
870 2314 1015 2341 diuturnos

223 2368 334 2395 morbos
343 2366 542 2400 exstirparunt.
554 2363 645 2396 Quare
657 2362 727 2396 quod
738 2364 866 2396 putamus
876 2359 1014 2386 inimicum

223 2422 283 2443 esse
298 2417 401 2441 nostra:
415 2415 530 2443 natum.
553 2410 579 2437 id
603 2409 682 2436 nobis
704 2409 732 2436 in
753 2410 929 2443 augmentum
955 2414 1016 2441 gra-

223 2461 324 2489 tiarum
339 2459 458 2487 actionis
472 2456 600 2484 accessit.
639 2464 646 2470 ·

403 2554 663 2583 INTERROGATIO
683 2553 838 2581 LXXXVII.

260 2605 351 2639 Quare
365 2603 400 2631 de
412 2603 495 2630 herba
513 2608 538 2630 et
558 2602 712 2633 arboribus,
732 2599 917 2635 Progerminet
934 2602 1016 2630 terra,

225 2651 332 2687 inquit;
356 2649 391 2677 de
409 2649 553 2684 pecoribus
567 2652 658 2676 autem
681 2652 709 2675 et
729 2646 837 2678 bestiis,
856 2643 1017 2672 Producat?

224 2698 326 2725 Annon
347 2695 469 2730 aliquam
489 2694 688 2722 dissonantiam
711 2693 810 2723 habet,
839 2690 962 2725 utrisque
983 2696 1016 2717 ex

225 2743 322 2771 eodem
338 2740 563 2777 provenicntibus
578 2739 693 2766 ventre?

546 2785 688 2820 Responsio
693 2804 699 2810 .

260 2834 489 2869 Quandoquidem
501 2832 624 2868 germina
638 2835 666 2859 et
680 2831 786 2858 fructus
799 2827 948 2864 quotannis
959 2835 1018 2862 ger-

225 2877 362 2905 minatura
381 2880 471 2906 erant.
486 2880 514 2903 et
534 2875 562 2902 in
584 2879 658 2902 terra
680 2879 854 2903 remansura,
871 2871 899 2898 in
914 2871 1013 2905 ipsam,

228 2922 301 2950 velut
319 2924 348 2951 in
364 2922 427 2950 sinu
445 2921 542 2950 matris
559 2919 743 2949 deﬂuentibus
758 2917 872 2946 ﬁoribus
888 2916 1016 2945 desinen-

1348 790 1471 817 ῘΙΕΥΣΙΣ
1486 790 1556 823 Πςι.

1091 847 1166 874 Διατί
1188 845 1356 881 συμψύονται
1375 844 1430 874 τοῖς
1447 841 1539 871 καλοῖς
1558 841 1592 867 τὰ
1607 841 1692 874 κακὰ,
1707 840 1755 867 καὶ
1764 841 1855 876 φθαρ-

1056 894 1120 920 τικὰ
1133 893 1182 927 τῆς
1200 891 1272 926 ζωῆς
1286 890 1374 925 ἡμῶν,
1390 888 1457 924 μετὰ
1474 887 1520 914 τοῦ
1534 887 1607 913 σίτου
1624 886 1655 912 τὺ
1670 886 1792 919 ζιζάνιον
1803 886 1855 914 καὶ

1056 941 1087 967 τὸ
1106 939 1227 969 κώνειον,
1246 937 1314 972 μετὰ
1342 935 1396 961 τῶν
1418 934 1501 970 ῥόδων
1524 934 1549 959 οἱ
1566 932 1696 968 τριϐολοι,
1713 933 1784 968 μετὰ
1797 931 1856 959 τῶν

1057 986 1158 1012 λοιπῶν
1172 984 1311 1019 τροφίμων
1334 981 1485 1016 ἐλλέϐορος,
1507 979 1554 1006 καὶ
1569 979 1704 1011 ἀκόνιτος,
1717 979 1765 1006 καὶ
1781 985 1856 1014 μαν-

1057 1031 1203 1067 δραγόρας,
1217 1029 1263 1055 καὶ
1280 1029 1293 1054 ὁ
1309 1028 1357 1063 τῆς
1377 1028 1501 1063 μήκωνος
1521 1024 1606 1056 ὡπδς,
1621 1025 1693 1060 ἆπερ
1709 1024 1854 1060 ἀναιροῦιπ

1058 1079 1107 1113 τὴν
1123 1076 1194 1111 ζωὴν
1210 1075 1304 1110 manu;

1366 1119 1542 1152 Ἀπόκρισις.
1703 1140 1705 1142 .

1095 1169 1127 1195 Τί
1147 1166 1194 1195 οὖν
1215 1166 1329 1201 ἀφέντες
1354 1165 1404 1199 τὴν
1426 1164 1472 1190 ἐπὶ
1495 1165 1551 1194 τοῖς
1575 1163 1722 1198 χρησίμοις
1743 1161 1856 1197 εὔχαρις

1060 1214 1146 1246 στίαν,
1175 1211 1369 1246 ὲγκαλέσωμεν
1397 1209 1436 1245 τῷ
1464 1207 1629 1244 Δημιουργῴ
1654 1207 1701 1234 ἐπὶ
1719 1207 1773 1233 τῶν
1786 1207 1856 1242 ἡμῖν

1060 1261 1128 1296 πρὸς
1141 1259 1277 1295 διάκρισιν
1303 1257 1350 1283 καί
1373 1264 1452 1282 τινων
1469 1254 1664 1290 συμφερόντως
1676 1253 1858 1288 ὲκφυέντων;

1067 1306 1171 1332 Ἐκεῖνο
1180 1304 1208 1330 δὲ
1222 1303 1252 1330 οὔ
1266 1301 1447 1336 λογισώμεθα,
1458 1301 1498 1327 ὅτι
1513 1299 1543 1326 οὑ
1559 1299 1648 1326 πάντα
1671 1298 1721 1334 τῆς
1734 1297 1855 1334 γαστρδς

1061 1352 1154 1377 ἕνεκεν
1168 1349 1218 1383 τῆς
1230 1348 1367 1383 ἡμετέρας
1383 1345 1634 1381 δεδημιούργηται;
1650 1343 1707 1371 ἀλλ’
1722 1344 1786 1379 ἡμῖν
1803 1342 1854 1379 μὲν

1062 1399 1091 1424 αἱ
1116 1394 1338 1429 ἁποτεταγμέναι
1364 1393 1464 1428 τροφαὶ
1488 1392 1629 1427 πρόχειροι
1646 1391 1693 1417 καὶ
1709 1390 1792 1416 πᾶσιν
1808 1387 1855 1416 εὗ-

1063 1450 1190 1477 γνωστοι,
1216 1440 1331 1466 ἕκαστον
1346 1439 1374 1465 δὲ
1388 1438 1441 1465 τῶν
1456 1437 1605 1473 γινομένων
1621 1436 1686 1463 ἴδιόν
1697 1444 1757 1463 τινα
1774 1435 1857 1470 λόγον

1062 1489 1091 1514 ἐν
1105 1489 1139 1523 τῇ
1151 1486 1238 1513 κτίσει
1252 1485 1361 1520 πληροῖ.
1377 1484 1422 1519 Μὴ
1442 1483 1496 1518 γὰρ
1513 1482 1605 1518 ἐπειδή
1630 1490 1670 1509 σοι
1692 1481 1855 1517 δηλητήριον

1061 1534 1186 1568 ταύρειον
1201 1529 1280 1566 αἷμα,
1296 1531 1346 1557 οὐκ
1364 1529 1465 1564 ὀφείλει
1489 1528 1662 1563 παραχθῆναι
1678 1527 1708 1560 τὸ
1731 1527 1798 1560 ζῶον
1811 1547 1820 1560 ,
1832 1525 1852 1563 ἢ

1062 1581 1176 1615 ἄναιμον
1190 1579 1333 1614 ὑπάρχειν,
1349 1574 1380 1603 οὖ
1406 1577 1456 1612 τῆς
1469 1574 1558 1610 ἰσχύος
1569 1574 1637 1610 πρὸς
1650 1573 1769 1600 τοσαῦτα
1775 1571 1855 1608 ἡμῶν

1062 1628 1076 1652 ὁ
1092 1627 1149 1661 βίος
1164 1625 1318 1655 anteis-tat;
1346 1622 1426 1649 Ἀλλὰ
1440 1621 1481 1647 σοι
1497 1621 1545 1656 μὲν
1557 1619 1697 1655 αὐτάρκης
1708 1619 1723 1645 ὁ
1735 1617 1856 1654 ἔμφυτος

1062 1673 1141 1706 λόγος
1157 1671 1225 1705 πρὸς
1251 1670 1301 1704 τὴν
1324 1668 1377 1695 τῶν
1404 1667 1533 1702 ὀλεθρίων
1559 1666 1693 1701 φυλακήν.
1714 1665 1752 1692 οὐ
1768 1664 1854 1704 δήμω

1063 1718 1117 1754 γὰρ
1136 1716 1262 1752 πρόϐατα
1279 1715 1325 1741 καὶ
1341 1712 1416 1748 αἶγες
1433 1714 1521 1740 ἴσασιν
1535 1711 1701 1746 ἀποφεύγειν
1716 1709 1750 1737 τὰ
1769 1709 1856 1746 φθαρ-

1062 1763 1127 1790 τικὰ
1139 1762 1187 1797 τῆς
1205 1762 1276 1796 ζωῆς
1286 1760 1386 1788 αὐτῶν.
1404 1759 1472 1794 μόνῃ
1486 1759 1519 1793 τῇ
1537 1757 1670 1793 ὀσφρήσει
1684 1756 1718 1783 τὰ
1738 1754 1857 1792 βλαϐερὰ

1063 1808 1236 1844 διακρίνοντα
1251 1816 1257 1840 ;
1273 1806 1314 1833 σοὶ
1326 1806 1354 1833 δὲ
1368 1802 1389 1840 ᾧ
1401 1805 1447 1831 καὶ
1456 1805 1533 1838 λόγος
1545 1803 1662 1838 πάρεστι
1684 1802 1732 1829 καὶ
1745 1801 1855 1837 ἰατρικὴ

1064 1855 1146 1891 τέχνη
1157 1854 1187 1880 τὸ
1199 1854 1332 1889 χρήσιμον
1346 1850 1538 1886 ὲκπορίζουσα,
1551 1849 1598 1875 καὶ
1614 1849 1631 1883 ἠ
1642 1848 1697 1874 τῶν
1712 1846 1858 1883 προλαϐόν-

1064 1910 1118 1928 των
1135 1901 1226 1935 πεῖρα,
1251 1898 1304 1924 τῶν
1325 1896 1453 1932 ὀλεθρίων
1468 1895 1516 1930 τὴν
1534 1893 1622 1930 φυγὴν
1637 1892 1856 1929 ὑπαγορεὺουσα,

1066 1945 1185 1982 χαλεπὸν
1208 1943 1329 1971 ἐκκλῖναι
1344 1942 1379 1969 τὰ
1394 1941 1562 1976 δηλητήρια;
1587 1939 1670 1966 Οὐδὲν
1693 1939 1722 1965 δὲ
1747 1937 1858 1964 ἐκείνοιν

1065 1981 1158 2026 ἄργῶς
1171 1990 1188 2024 ἦ
1206 1987 1351 2023 ἀνωφελῶς
1369 1986 1485 2020 ἐξεφύη·
1504 1985 1560 2011 ἀλλ’
1577 1984 1594 2019 ἢ
1606 1985 1671 2019 ἡμῖν
1682 1983 1698 2019 ἦ
1710 1984 1767 2015 τοῖς
1784 1981 1859 2016 κτή-

1068 2046 1124 2064 νεσι
1139 2036 1207 2071 πρὸς
1221 2035 1252 2061 τὸ
1268 2033 1406 2068 συμφέρον
1421 2030 1539 2066 ἐξεδόθη.
1559 2030 1595 2056 Τὸ
1611 2029 1661 2065 μὲν
1675 2029 1730 2066 γὰρ
1743 2027 1857 2056 κώνειον

1065 2084 1088 2109 οἱ
1100 2083 1186 2118 ψᾶρες
1217 2081 1367 2116 βόσκονται,
1379 2078 1409 2104 τὺ
1426 2077 1568 2112 ἑλλέϐορον
1586 2076 1610 2102 οἱ
1629 2075 1754 2110 δρτυγες,
1771 2074 1858 2110 ἄμφω

1065 2129 1116 2164 τῆς
1127 2126 1228 2163 βλάϐης
1250 2124 1419 2152 ἁνεπίδεκτοι
1438 2124 1471 2158 τῇ
1491 2122 1649 2157 κατασκευῇ
1669 2121 1718 2156 τῆς
1731 2120 1856 2155 φύσεως·

1066 2174 1111 2201 διὰ
1122 2173 1151 2200 δὲ
1171 2172 1217 2198 τοῦ
1236 2169 1424 2207 μανδραγόρου
1437 2167 1520 2195 ὕπνον
1533 2167 1620 2203 ἰατροὶ
1635 2167 1695 2199 ταῖς
1708 2165 1858 2203 ἀσθενειαις

1067 2219 1200 2253 ἐπάγουσι
1211 2225 1218 2232 '
1236 2217 1274 2252 τῷ
1290 2216 1318 2243 δὲ
1341 2215 1410 2250 ὸπὶῳ
1427 2214 1476 2245 τὰς
1491 2212 1607 2248 σφοδρὰς
1626 2211 1721 2244 ὀδύνας
1739 2211 1793 2239 τῶν
1806 2219 1859 2238 σω-

1069 2266 1162 2302 μάτων
1185 2264 1395 2295 κατευνάζουσιν
1410 2271 1418 2278 ο
1432 2261 1482 2296 ἤδη
1498 2260 1526 2287 δέ
1549 2268 1620 2291 τινες
1636 2259 1675 2295 τῷ
1689 2258 1794 2294 κωνείῳ
1810 2257 1860 2285 καὶ

1068 2313 1099 2339 τὸ
1109 2310 1245 2341 λυσσῶδες
1256 2309 1311 2336 τῶν
1323 2308 1439 2344 ὀρέξεων
1462 2315 1525 2333 κατε
1530 2304 1664 2340 μάραναν,
1680 2304 1727 2331 καὶ
1736 2302 1774 2339 τῷ
1786 2301 1859 2330 ἐλλε-

1069 2359 1142 2394 ϐόρῳ
1156 2356 1241 2383 πολλὰ
1250 2355 1304 2382 τῶν
1319 2353 1433 2390 χρονὶων
1450 2351 1544 2379 παθῶν
1557 2350 1763 2386 ὲξεμόχλευσαν.
1775 2348 1859 2394 Ὥστε

1067 2405 1081 2431 ὃ
1101 2393 1234 2438 δοκοῦμεν
1264 2400 1393 2435 πολέμιον
1421 2399 1453 2434 τῇ
1482 2397 1560 2432 φύσει
1590 2395 1669 2431 ἡμῶν
1691 2393 1857 2438 πεφυκέναι,

1069 2452 1147 2478 τοῦτο
1178 2449 1244 2484 ἡμῖν
1268 2448 1307 2478 εἰς
1336 2445 1495 2481 προσθήκην
1526 2441 1701 2478 εὐχαριστίας
1731 2435 1858 2479 περιελή-

1069 2497 1159 2524 λυοεν.

1363 2548 1487 2576 ΠΕΥΣΙΣ
1504 2547 1566 2574 ΠΖ’.

1105 2597 1182 2626 Δια.τί
1195 2597 1242 2623 ἐπὶ
1255 2596 1304 2632 μὲν
1320 2597 1370 2631 τῆς
1385 2594 1512 2630 βοτάνης,
1522 2591 1569 2619 καὶ
1580 2588 1634 2617 τῶν
1649 2588 1773 2624 δένδρων,
1785 2588 1861 2614 Βλα-

1069 2643 1212 2679 στησάτω
1220 2631 1296 2676 ἠγῆ,
1311 2640 1358 2667 ὲπι
1368 2640 1396 2666 δὲ
1408 2639 1462 2666 τῶν
1475 2635 1582 2672 κτηνῶν
1594 2634 1640 2679 καξι
1654 2633 1769 2669 θηρίων,
1795 2631 1861 2679 ξεεε

1069 2677 1219 2725 ardre“);
1234 2684 1309 2721 ’Ἄρα
1321 2685 1357 2720 μή
1376 2692 1436 2710 τινα
1457 2680 1604 2717 διαφωνίαν
1619 2678 1687 2714 ἔχει,
1697 2677 1861 2714 ἀμφοτέρων

1070 2737 1120 2772 τῆς
1135 2734 1221 2768 αὐτῆς
1238 2730 1447 2768 προερχομένων
1457 2726 1592 2763 γαστρός;

1377 2775 1553 2809 Ἀπόκρισις,

1114 2823 1222 2858 Ἐπειδὴ
1237 2822 1271 2850 τὰ
1287 2822 1466 2857 βλαστήματα
1484 2822 1568 2848 και-οἱ
1583 2819 1683 2856 καρποὶ
1693 2817 1752 2844 κατ’
1769 2817 1863 2842 ἐνιαυ-

1070 2871 1115 2897 τὸν
1132 2868 1288 2904 βλαστάνειν
1315 2866 1430 2902 ἤμελλον
1452 2866 1498 2893 καὶ
1520 2865 1684 2902 παραμένειν
1706 2863 1740 2897 τῇ
1759 2862 1807 2897 γῇ,
1820 2860 1862 2893 εις

1071 2916 1157 2951 αὐτὴν
1184 2913 1277 2949 ὥσπερ
1292 2914 1320 2940 ἐν
1335 2912 1426 2948 κόλπῳ
1442 2913 1543 2948 μητρὸς
1565 2913 1598 2948 τῇ
1618 2907 1764 2944 ἁνθορῤοίᾳ
1778 2913 1864 2934 κατα·

1802 177 1861 207 952
