4000 6406
383 420 485 472 553

377 529 636 603 λήγοντα,
663 528 861 600 ἐαυτῆς
902 529 961 582 δὲ
1016 528 1178 584 πάλιν
1209 527 1596 599 άποκυούμενα
1620 540 1636 556 °
1665 527 1735 581 τὰ
1757 527 1814 581 δέ
1843 526 1959 591 ζῶα

383 623 533 689 ἅπαξ
564 621 737 692 αὐτῆς
795 621 1231 699 άποϐρασθέντα,
1262 622 1364 676 οὐκ
1405 622 1485 676 ἔτι
1513 620 1573 689 ἐξ
1602 621 1794 693 αὐτῆς,
1823 620 1960 675 ἀλλὰ

336 735 345 743 ·
383 716 493 773 ἀπὸ
517 714 627 770 τῶν
654 714 911 787 διαδόχων
945 715 1264 770 άποκὺεται.

965 826 1215 880 ΠΕΥΣΙΣ
1240 826 1373 878 UH’.

455 937 608 992 Διατί
640 937 716 1009 μὴ
763 937 855 992 τὸν
876 937 1122 1010 οὐρανὸν.
1149 938 1224 1001 ὡς
1248 935 1460 1009 πρῶτον
1501 935 1593 989 ὑπ’
1618 934 1781 990 αὐτοῦ
1810 934 1963 1005 γενό-

389 1046 549 1101 μενον
570 1029 944 1101 διεκόσμησεν,
970 1029 1108 1084 ἀλλὰ
1127 1030 1226 1099 τὴν
1257 1029 1372 1100 μετ’
1401 1030 1606 1083 ἐκεῖνον
1633 1027 1967 1099 δημιουργη-

387 1119 572 1174 θείσαν
595 1122 699 1191 γῆν
752 1120 1116 1192 προετίμησεν
1140 1136 1155 1187 ;
1181 1120 1329 1173 Ἔδει
1363 1119 1420 1173 δέ
1448 1119 1587 1173 κατὰ
1624 1119 1723 1192 τὴν
1743 1118 1968 1174 ἀκολου·

388 1210 509 1267 θίαν
534 1212 635 1282 τῆς
657 1211 921 1282 γενέσεως
945 1208 1250 1283 ἐπαχθῆναι
1273 1212 1372 1283 τὴν
1409 1210 1788 1283 διακόσμησιν.

1001 1392 1359 1459 Ἀπόκρισις.

460 1481 560 1537 Διὰ
606 1482 706 1555 τὴν
755 1480 1054 1552 μέλλουσαν
1095 1480 1426 1535 ἀνακύπτειν
1448 1479 1705 1535 πολύθεον
1737 1479 1969 1551 πλάνην,

391 1575 491 1649 τὴν
521 1574 616 1629 καὶ
634 1574 730 1628 νῦν
751 1572 1086 1644 κατέχουσαν
1107 1573 1231 1635 τοὺς
1249 1571 1497 1636 πολλοὺς,
1525 1569 1676 1641 ἣλιον
1696 1569 1816 1624 ἀντὶ
1832 1567 1968 1622 Θεοῦ

393 1668 672 1732 σέϐοντας,
706 1666 800 1720 καὶ
831 1664 1027 1729 ἀθέους
1053 1665 1110 1718 ἐν
1134 1665 1291 1718 νυκτὶ
1320 1663 1687 1735 ὑπάρχοντας,
1716 1664 1784 1733 τῇ
1820 1661 1970 1714 ἐκεί-

392 1776 485 1813 νου
504 1757 654 1812 δύσει
674 1774 689 1789 ·
719 1759 792 1829 μὴ
822 1774 953 1810 ποτε
977 1755 1306 1826 νομισθῶσιν
1327 1756 1375 1808 οἱ
1400 1754 1602 1827 καρποὶ
1620 1756 1686 1824 τῇ
1700 1752 1795 1807 τοῦ
1819 1751 1968 1824 ἡλίου

395 1845 574 1919 θέρμῃ
602 1844 956 1917 ἐκϐληθέντες
996 1845 1096 1916 τῆς
1149 1845 1251 1915 γῆς
1301 1842 1625 1907 πέπτεσθαι,
1673 1843 1769 1897 καὶ
1809 1842 1869 1895 οὑ
1903 1843 1970 1914 τῇ

395 1940 575 1994 πάντα
604 1938 1018 2012 πρυτανευούσῃ
1042 1937 1162 2010 θείᾳ
1189 1936 1349 2011 ῥώμῃ
1380 1934 1713 1990 τελειοῦσθαι
1741 1934 1973 1989 ἕκαστον

396 2033 535 2105 πρὸς
558 2036 617 2088 τὸ
670 2034 761 2087 ὑπ’
800 2031 1015 2102 ἐκείνης
1068 2030 1284 2104 ὁρισθὲν
1310 2029 1567 2102 μέγεθος.
1602 2030 1674 2083 Ἢ
1706 2024 1774 2083 αὖ
1810 2027 1973 2083 πάλιν

400 2126 475 2197 μή
508 2140 637 2178 ποτε
657 2123 898 2196 ἀρχηγὸν
930 2126 1023 2179 καὶ
1068 2124 1282 2195 πατέρα
1329 2123 1502 2192 φωτὸς
1529 2122 1621 2176 τὸν
1664 2122 1818 2192 ἥλιον
1856 2123 1970 2193 οίηο

395 2215 532 2269 θῶσί
558 2232 725 2280 τινες,
746 2215 837 2269 διὰ
867 2215 1026 2269 τοῦτο
1049 2213 1399 2286 πρεσϐυτέρα
1417 2214 1516 2286 τῆς
1538 2213 1789 2285 οὐρανίου
1811 2214 1846 2284 ἡ
1873 2213 1975 2285 τῆς

397 2310 498 2379 γῆς
530 2308 909 2379 διακόσμησις.

987 2419 1237 2473 ΠΕΥΣΙΣ
1254 2419 1382 2474 ΠΘ’.

466 2535 579 2589 Καὶ
599 2533 687 2588 διὰ
713 2534 766 2588 τί
802 2533 877 2605 μὴ
903 2536 969 2605 τῇ
1010 2532 1199 2605 πρώτῃ
1257 2534 1462 2606 ἡμέρᾳ,
1488 2535 1588 2606 τῆς
1627 2535 1864 2591 ἀϐύσσου
1894 2536 1976 2591 ἔτι

395 2624 700 2696 ἐπεχούσης
726 2624 797 2678 τὰ
832 2625 1151 2697 ἐπουράνια,
1175 2625 1271 2679 καὶ
1289 2627 1453 2698 μήπω
1470 2627 1825 2698 συναχθείσης
1840 2627 1977 2700 πρὸς

400 2716 531 2788 μίαν
565 2717 907 2788 συναγωγὴν,
935 2716 1010 2788 μὴ
1038 2717 1293 2790 ἐποίησεν
1311 2717 1462 2789 ἥλιον
1498 2719 1593 2772 καὶ
1626 2718 1855 2791 σελήνην
1883 2721 1980 2774 καὶ

396 2809 635 2881 ἀστέρας
652 2825 668 2876 ;
1840 2825 1844 2829 ’

1011 2903 1373 2972 Ἀπόκρισις.

482 2993 635 3047 Ἐπεὶ
673 2992 885 3047 οὐδέπω
912 2988 982 3064 ἦν
1012 2993 1076 3047 τὸ
1105 2993 1391 3064 στερέωμα
1430 2994 1486 3046 ἐν
1535 2987 1580 3062 ᾧ
1616 2993 1667 3047 οἱ
1693 2993 1981 3066 φωστῆρες

400 3084 631 3156 ἤμελλον
655 3083 1023 3139 ἀνατίθεσθαι.
1068 3084 1171 3137 Ἐν
1203 3082 1362 3153 ἀρχῇ
1390 3082 1520 3156 γὰρ,
1559 3084 1743 3155 φησιν,
1774 3085 1979 3154 ἐποιη-

401 3192 516 3229 aer
535 3178 567 3230 ό
594 3175 734 3242 Θεὸς
761 3175 868 3229 τὸν
888 3174 1170 3243 οὐρανὸν,
1202 3175 1300 3229 καὶ
1327 3174 1445 3243 τὴν
1468 3173 1610 3245 γῆν·
1645 3175 1705 3228 οὐ
1734 3174 1827 3229 τὸν
1846 3174 1981 3248 ὁρώ·

406 3281 584 3334 μενον,
612 3262 746 3318 ἀλλὰ
773 3264 863 3318 τὸν
889 3263 1283 3336 ὑπερκείμενον
1306 3262 1400 3318 τοῦ
1430 3263 1729 3335 ὁρωμένου.

1015 3380 1266 3434 ΠΕΥΣιΣ
1306 3384 1376 3448 ιιι.

467 3471 533 3529 Τί
556 3467 651 3528 οὗν
670 3472 763 3527 καὶ
787 3471 989 3543 πλῆθος
1012 3472 1193 3542 λέγεις
1217 3471 1460 3544 οὐρανῶν
1496 3472 1762 3545 ὑπάρχειν
1813 3472 1982 3546 ὑπερ.

398 3567 515 3626 ἀνω
536 3566 628 3622 τοῦ
656 3566 1060 3640 στερεώματοςς

1017 3656 1378 3726 Ἀπόκρισις.

486 3749 744 3822 ’Δριθμὸν
779 3749 877 3820 μὲν
905 3748 1079 3813 οὐδεὶς
1119 3749 1228 3803 τῶν
1260 3749 1560 3803 θεσπεσίων
1599 3749 1819 3803 πώποτε
1874 3750 1984 3803 ἀπο

403 3846 636 3917 εφήνατο
660 3843 798 3914 πλὴν
816 3841 910 3897 τοῦ
936 3840 1141 3912 ὑψηλοῦ
1166 3841 1510 3907 Ἀποστόλου,
1535 3840 1642 3903 ἕως
1661 3841 1845 3912 τρίτου
1869 3840 1985 3895 δια-

404 3938 796 4008 πεφοιτηκέναι
825 3934 1084 4006 βοῶντος·
1119 3934 1179 3987 οὑ
1212 3933 1393 4004 μέντοι
1427 3932 1621 4005 μέχρις
1647 3931 1827 3986 αὐτῶν
1856 3932 1984 4004 στή-

406 4045 507 4093 σας
538 4029 627 4082 τὺν
654 4027 905 4100 ἀριθμόν.
947 4026 1021 4079 Τὸ
1045 4024 1156 4096 γὰρ
1182 4025 1351 4095 φῆσαι
1386 4023 1705 4096 ἁρπαγέντα
1736 4022 1841 4085 ἕως
1868 4020 1985 4091 τρί-

404 4139 499 4175 του
527 4119 780 4191 οὐρανοῦ,
808 4117 874 4172 δι’
903 4116 1104 4189 ἄρθρου
1147 4115 1265 4181 τοῦ,
1307 4116 1439 4183 ἕως,
1484 4114 1779 4186 ὑπῃνίξατο
1811 4113 1983 4183 ὑπερ·

407 4215 619 4267 κεῖσθαι
641 4211 734 4265 καὶ
755 4210 976 4278 ἑτέρους
996 4209 1104 4263 τῶν
1128 4208 1313 4281 τριῶν.
1338 4208 1445 4262 Καὶ
1465 4206 1630 4262 Δαϐὶδ
1649 4209 1678 4260 ὁ
1696 4205 1804 4260 τῶν
1827 4204 1984 4259 θείων

411 4300 667 4374 μελῳδὸς,
705 4300 935 4357 Αἰνεῖτε
974 4301 1084 4355 τὸν
1120 4300 1381 4369 Κύριον,
1408 4300 1595 4372 φησὶν,
1634 4298 1704 4352 ἐκ
1734 4295 1853 4352 τῶν
1886 4297 1986 4351 οὑ-

401 4392 635 4466 ρῐινῶν·
681 4395 777 4449 καὶ
802 4394 850 4447 οἱ
880 4393 1009 4465 περὶ
1040 4392 1132 4447 τὸν
1171 4391 1418 4447 Ἀνανίαν
1451 4390 1760 4457 θεσπέσιοι,
1797 4391 1989 4443 Εὐλο-

407 4486 580 4557 τεῖτε,
601 4487 788 4556 φασὶν,
804 4487 859 4539 οἱ
882 4485 1123 4554 οὐρανοὶ
1144 4484 1388 4552 Κυρίου,
1410 4483 1518 4538 τὸν
1537 4482 1761 4550 Κύριον
1777 4499 1791 4514 ·
1822 4479 1990 4552 ἄμφω

406 4579 497 4632 τὸν
523 4579 754 4651 ἀριθμὸν
781 4576 871 4632 διὰ
900 4576 994 4631 τοῦ
1024 4575 1332 4647 πνεύματος
1365 4576 1759 4644 σιωπήσαντες.
1793 4574 1859 4627 Τί
1879 4571 1989 4644 γὰρ

408 4672 556 4742 ἡμᾶς
598 4672 780 4743 ὀνήσει
826 4669 916 4725 τὸν
960 4670 1254 4740 κορυφαῖον
1289 4667 1383 4721 καὶ
1409 4666 1709 4738 ὑπέρτερον
1735 4664 1829 4719 τοῦ
1866 4665 1990 4736 ἀρι-

411 4762 551 4835 θμοῦ
582 4761 870 4830 γινώσκειν
901 4761 1147 4832 οὐρανὸν,
1179 4746 1316 4832 μηδέ
1341 4759 1436 4813 τοῦ
1462 4757 1704 4830 πρώτου,
1724 4758 1818 4811 καὶ
1847 4756 1989 4831 ὑπὲρ

413 4851 653 4923 κεφαλῆς
672 4851 851 4924 ἡμῶν,
876 4851 1131 4921 ἐπιϐῆναι
1154 4854 1220 4922 τῇ
1249 4851 1457 4921 διανοίᾳ
1486 4849 1859 4921 βουλομένους,
1887 4847 1990 4921 ὕλῃ

415 4941 786 5017 βαρουμένους
814 4940 909 4994 καὶ
953 4940 1171 5005 πάθεσι,
1202 4940 1263 4993 τὸ
1290 4939 1628 5011 διανοητικὸν
1656 4939 1990 5012 ἠμαυρωμέ-

413 5053 514 5104 νοι,
542 5034 678 5108 πρὸς
709 5033 779 5088 τὰ
804 5031 955 5087 κάτω
982 5031 1078 5086 καὶ
1107 5029 1282 5102 χαμαὶ
1307 5029 1534 5101 κείμενα
1564 5030 1888 5102 κεχηνότες;

1003 5223 1254 5279 nam:
1291 5223 1411 5291 ιιΑο.

488 5315 555 5369 Τί
586 5308 711 5383 οὑν;
758 5315 887 5370 ἄλλο
911 5313 1155 5386 νομίζεις
1188 5316 1254 5386 τῇ
1285 5313 1452 5385 φύσει,
1480 5314 1574 5369 τὸν
1602 5314 1994 5387 ὑπερκείμενον

421 5407 572 5480 παρὰ
596 5408 686 5462 τὸν
710 5407 983 5480 ὁρώμενον
1014 5407 1202 5463 τοῦτον
1226 5407 1323 5462 καὶ
1351 5406 1637 5480 στερέωμα
1665 5406 1991 5480 λεγόμενον;

1032 5585 1387 5656 Ἀπόκρισις.
1657 5642 1667 5652 ,

488 5676 834 5747 Λεπτοτέρας
875 5676 1074 5741 αὐτοὺς
1125 5678 1390 5750 ὑπάρχειν
1434 5680 1623 5745 οὐσίας
1670 5681 1814 5753 φημὶ
1841 5680 1994 5754 παρὰ

419 5767 512 5824 τὸν
548 5768 961 5842 ὑστερούμενον,
994 5766 1071 5833 ώς
1112 5768 1562 5841 ὑπερτεροῦντας,
1600 5771 1693 5827 καὶ
1732 5774 1993 5843 κουφοτέ-

1794 405 2138 469 DIALOGUS
2184 412 2228 470 1.

3540 421 3652 483 θῦῑ

2065 531 2161 595 tia,
2197 542 2250 587 et
2280 549 2345 589 ex
2399 534 2517 605 ipsa
2572 549 2769 592 rursus
2810 538 3158 600 enascentia;
3222 536 3481 592 animalia
3518 552 3657 593 vero

2063 627 2232 681 semel
2258 627 2328 681 ab
2352 626 2467 697 ipsa
2502 628 2785 699 producta,
2816 645 2922 685 non
2959 630 3195 701 amplius
3222 646 3284 685 ex
3321 629 3460 699 ipsa,
3494 632 3589 686 sed
3618 646 3655 687 ει

2062 718 2485 776 succedentibus
2514 730 2895 790 procreantur.

2414 829 2933 887 INTERROGATIO
2972 831 3305 891 LXXXVIII.

2135 943 2316 1010 Quare
2337 960 2444 1001 non
2466 947 2666 1001 cmlum
2696 955 2958 1016 tanquam
2982 948 3220 1017 primum
3251 963 3281 1002 a
3310 965 3370 1006 se
3399 957 3651 1006 creatum

2065 1038 2373 1105 exornavit,
2402 1038 2498 1093 sed
2528 1039 2650 1108 ejus
2668 1055 2791 1111 quae
2809 1051 2933 1112 post
2956 1042 3086 1098 illud
3114 1043 3336 1099 condita
3360 1051 3467 1105 est,
3491 1050 3657 1099 terra:

2069 1130 2306 1200 priorem
2334 1145 2524 1185 curam
2553 1131 2767 1195 habuit,
2801 1148 2927 1188 cum
2963 1140 3146 1190 tamen
3175 1135 3478 1191 secundum
3514 1149 3652 1190 cou-

2069 1224 2411 1294 sequentiam
2448 1224 2745 1281 creationis
2784 1225 3011 1281 deberet
3056 1226 3241 1282 addita
3286 1226 3463 1284 fuisse
3510 1227 3657 1284 caelo

2070 1315 2306 1385 primum
2337 1316 2662 1371 exornatio?

2708 1404 3017 1476 Responsio.

2142 1494 2380 1565 Propter
2401 1509 2645 1551 errorem
2676 1496 2743 1552 de
2770 1497 3120 1553 multitudine
3151 1496 3377 1553 deorum
3409 1495 3505 1569 qui
3540 1497 3657 1555 ori6

2074 1595 2233 1643 turus
2257 1594 2396 1652 erat,
2421 1588 2515 1658 qui
2539 1588 2702 1643 etiam
2728 1603 2874 1644 nunc
2901 1588 3044 1659 apud
3075 1589 3281 1645 multos
3306 1589 3538 1656 obtinet,
3559 1588 3656 1660 qui

2074 1678 2245 1735 solem
2274 1692 2373 1748 pro
2397 1676 2498 1734 deo
2527 1678 2739 1747 colunt,
2771 1693 2895 1733 cum
2932 1688 3097 1734 noctu
3130 1678 3198 1734 ad
3220 1679 3370 1734 illius
3395 1692 3655 1734 occasum

2076 1769 2189 1826 sint
2232 1768 2408 1840 impii,
2457 1785 2526 1825 ne
2567 1769 2973 1825 existimaretur
3025 1769 3242 1828 fructus
3290 1772 3475 1827 calore
3522 1771 3658 1827 solis

2074 1860 2371 1931 productos
2396 1875 2427 1915 a
2467 1867 2614 1916 terra
2642 1860 2838 1931 digeri.
2864 1868 2920 1917 et
2950 1876 3061 1917 non
3086 1862 3155 1918 ab
3187 1863 3432 1917 omnium
3471 1860 3659 1917 mode-

2074 1950 2277 2005 ratrice
2301 1948 2485 2005 divina
2509 1950 2754 2020 potentia
2785 1951 3218 2022 unumquodque
3239 1950 3425 2022 perﬁci
3447 1950 3514 2005 ad
3534 1967 3655 2007 eam

2076 2058 2197 2114 quae
2225 2042 2294 2098 ab
2330 2042 2423 2097 illa
2457 2041 2683 2097 deﬁnita
2728 2049 2837 2107 est,
2865 2042 3326 2113 magnitudinem,
3355 2041 3440 2099 vel
3468 2042 3658 2109 etiam,

2073 2149 2147 2190 ne
2190 2142 2470 2191 auctorem
2509 2141 2564 2191 et
2611 2142 2823 2205 patrem
2873 2134 3016 2191 lucis
3050 2133 3221 2191 solem
3263 2140 3522 2204 putarent
3560 2135 3665 2189 ali-

2075 2226 2193 2297 qui.
2237 2241 2358 2282 eam
2407 2226 2480 2282 ob
2527 2239 2749 2283 causam
2798 2234 2944 2282 terra
2988 2225 3146 2298 prius
3164 2238 3329 2320 qpam
3349 2225 3550 2282 cadum
3580 2233 3666 2282 est

2075 2326 2361 2373 exornata.

2459 2425 2981 2484 INTERROGATIO
3018 2425 3309 2483 LXXXIX.

2148 2540 2218 2597 Et
2263 2556 2437 2613 quare
2471 2556 2581 2597 non
2635 2541 2726 2596 die
2782 2541 3004 2612 primo,
3051 2541 3254 2613 abysso
3294 2539 3477 2595 adhuc
3521 2538 3667 2594 obti-

2079 2641 2243 2690 nente
2281 2632 2565 2701 coelestia,
2623 2631 2985 2703 nondumque
3031 2639 3363 2704 congregata
3408 2646 3550 2701 aqua
3596 2628 3666 2685 ad

2079 2722 2561 2794 congregationem
2605 2736 2770 2776 unam
2800 2759 2817 2788 ,
2869 2720 3002 2776 fecit
3056 2722 3231 2777 solem
3283 2731 3339 2776 et
3378 2720 3564 2775 lunam
3611 2727 3670 2776 et

2081 2813 2304 2869 stellas?

2722 2902 3029 2973 Responsio.

2153 2994 2231 3051 Eo
2264 2994 2409 3066 quod
2452 2995 2695 3050 nondum
2739 3005 2859 3051 erat
2895 2996 3300 3067 ﬁrmamentum
3332 2994 3397 3049 .in
3439 3009 3552 3066 quo
3588 2994 3673 3049 lu-

2080 3087 2314 3141 minaria
2362 3097 2521 3142 erant
2569 3088 2905 3157 reponenda.
2967 3084 3037 3139 In
3080 3085 3341 3155 principio
3378 3085 3547 3149 enim,
3586 3084 3673 3139 in-

2079 3178 2218 3250 quit,
2254 3178 2378 3246 fecit
2426 3177 2567 3231 Deus
2614 3177 2802 3231 caelum
2842 3186 2893 3232 ει
2945 3185 3144 3231 terram
3187 3176 3254 3230 “.
3289 3173 3408 3230 Non
3439 3174 3493 3228 id
3522 3174 3671 3245 quod

2080 3269 2346 3330 cernitur,
2385 3268 2480 3324 sed
2516 3284 2683 3338 supra
2716 3267 2771 3322 id
2807 3267 2953 3338 quod
2988 3267 3258 3331 cernitur,
3284 3265 3671 3322 constitutum.

2536 3376 3064 3434 INTERROGATIO
3102 3375 3217 3433 XC.

2152 3469 2294 3526 Num
2327 3478 2382 3525 et
2417 3469 2827 3526 multitudinem
2862 3468 3006 3525 dicis
3050 3469 3319 3525 caelorum
3352 3482 3477 3524 esse
3505 3481 3673 3539 supra

2085 3562 2494 3619 ﬁrmamentum
2517 3560 2542 3615 ?

2724 3650 3035 3722 Responsio.

2153 3744 2456 3802 Numerum
2517 3745 2741 3815 quidem
2801 3745 2992 3800 nullus
3050 3750 3371 3800 sanctorum
3433 3738 3675 3812 unquam

2064 3837 2482 3909 ’pronuntiavit,
2507 3845 2738 3907 excepto
2773 3836 2977 3892 eximio
3014 3834 3305 3905 Apostolo,
3340 3833 3436 3903 qui
3463 3834 3532 3888 ad
3566 3840 3676 3890 ter-

2085 3931 2220 3985 tium
2253 3944 2313 3985 se
2336 3928 2655 4001 pervenisse
2682 3928 2886 3982 clamat
2914 3926 2980 3979 ⁸⁹.
3014 3925 3135 3982 Non
3161 3936 3342 3982 tamen
3374 3926 3429 3981 in
3464 3940 3532 3981 eo
3566 3942 3673 3981 nu-

2085 4033 2297 4073 merum
2346 4018 2590 4086 ipsorum
2644 4014 2918 4081 collocat;
2982 4030 3110 4069 nam
3165 4015 3312 4084 quod
3381 4016 3560 4087 inquit
3615 4031 3678 4072 se

2086 4117 2308 4181 raptum
2353 4109 2408 4164 in
2458 4109 2683 4164 tertium
2716 4107 2918 4162 ctelum
2951 4122 3149 4177 usque,
3205 4122 3304 4177 per
3355 4108 3672 4171 articulum,

2086 4215 2269 4271 usque,
2301 4197 2592 4255 subinuuit
2620 4197 2788 4252 etiam
2818 4197 2959 4253 alios
2988 4211 3157 4268 supra
3199 4204 3312 4253 tres
3338 4197 3674 4253 constitutos

2089 4306 2231 4347 esse.
2291 4289 2359 4344 Et
2420 4288 2655 4345 Davides
2715 4288 3027 4344 divinorum
3098 4295 3291 4343 auctor
3345 4288 3675 4354 carminum,

2088 4381 2331 4454 Laudate
2351 4380 2637 4435 Dominum
2663 4395 2728 4434 ea:
2763 4380 2927 4446 cmlis,
2954 4379 3133 4450 inquit
3168 4380 3235 4432 ⁸ο.
3272 4378 3338 4434 Et
3371 4379 3509 4435 socii
3529 4379 3676 4434 Ana-

2090 4475 2196 4529 nia:
2221 4473 2415 4537 divini,
2443 4471 2764 4535 Benedicite,
2811 4471 3088 4542 inquiunt,
3139 4473 3258 4527 cwli
3302 4470 3534 4534 Domini,
3562 4468 3676 4523 Do-

2089 4568 2293 4621 minum
2328 4566 2374 4598 “
2406 4585 2420 4620 :
2461 4565 2678 4635 utrique
2725 4578 3014 4618 numerum
3069 4577 3165 4634 per
3203 4563 3459 4633 spiritum
3495 4560 3677 4618 subti-

2091 4666 2303 4715 eentes.
2326 4657 2467 4725 Quid
2495 4657 2642 4712 enim
2665 4654 3003 4725 nosjuvabit
3035 4669 3335 4718 summum,
3370 4663 3425 4710 et
3448 4666 3678 4709 numero

2091 4752 2349 4823 superius
2379 4749 2523 4807 scire
2551 4748 2774 4812 cmlum,
2800 4762 2927 4803 cum
2972 4763 3042 4803 ne
3083 4746 3139 4802 id
3180 4746 3401 4817 quidem
3425 4744 3574 4817 quod
3593 4751 3680 4801 εει

2091 4852 2219 4899 ante
2244 4850 2300 4899 et
2326 4857 2492 4912 super
2517 4841 2697 4911 capita
2726 4848 2941 4905 nostra,
2974 4838 3348 4896 conscendere
3379 4845 3561 4893 mente
3583 4851 3679 4892 ve-

2089 4936 2279 5001 limus,
2307 4933 2534 4990 materie
2560 4939 2749 4989 crassa
2780 4930 2988 5003 gravati
3018 4937 3074 4987 et
3096 4929 3403 4994 affectibus,
3437 4927 3492 4983 id
3527 4926 3674 4998 quod

2092 5033 2275 5082 mente
2310 5022 2517 5094 percipi
2563 5027 2762 5092 potest,
2809 5022 3195 5088 obscurantes,
3238 5017 3594 5075 inferioribus
3620 5025 3679 5074 et

2093 5118 2243 5176 humi
2269 5116 2468 5189 positis
2494 5130 2714 5187 semper
2744 5102 3070 5172 inbiantes?’

2537 5219 2744 5276 INTER
2752 5218 3056 5276 ROGATIO
3091 5219 3233 5276 XCI.

2164 5314 2307 5384 Quid
2334 5313 2540 5386 igitur?
2569 5327 2702 5368 num
2728 5312 2877 5368 aliud
2899 5311 3204 5384 secundum
3239 5321 3493 5368 naturam
3514 5317 3677 5384 putas

2094 5409 2147 5463 id
2181 5406 2328 5478 quod
2362 5419 2528 5476 supra
2559 5405 2802 5477 positum
2839 5411 2948 5469 est,
2997 5403 3071 5460 ab
3105 5418 3174 5462 eo
3207 5404 3354 5476 quod
3375 5404 3674 5470 cernimus,

2093 5506 2150 5555 et
2176 5497 2579 5554 ﬁrmamentum
2613 5494 2890 5550 dicimus?

2730 5585 3039 5656 Responsio.
3174 5594 3217 5648 ι

2171 5679 2490 5736 Subtilior-is
2520 5678 2611 5733 illa
2644 5692 2769 5734 esse
2805 5677 3129 5733 substantia:
3170 5675 3299 5732 dico
3331 5674 3404 5730 ab
3428 5688 3495 5730 eo
3525 5671 3670 5744 quo!

2101 5769 2400 5829 secundum
2439 5776 2544 5831 est,
2578 5778 2835 5838 tanquam
2859 5766 3148 5839 superiora
3179 5772 3234 5823 et
3269 5764 3474 5823 leviora
3525 5763 3673 5821 velut

495 5903 543 5938 “
576 5904 713 5964 Gen.
746 5922 782 5974 ι,
820 5907 866 5963 ι.
945 5904 1075 5982 ⁸³]]
1107 5904 1229 5963 Cor.
1258 5922 1358 5974 xu,
1386 5906 1441 5963 2.
1517 5908 1563 5942 ⁸ο
1602 5908 1745 5968 Psal.
1784 5925 1979 5968 cum!

2167 5911 2212 5945 "
2253 5908 2387 5966 Dan.
2419 5922 2499 5974 III,
2538 5906 2623 5962 59.
