4000 6412
360 404 465 460 957

357 518 474 574 ἀλλ’
502 516 731 587 ὲηδέθη
773 517 944 588 αὐτῆς
985 520 1017 590 ἡ
1048 519 1280 586 οὖδενία,
1309 521 1403 575 τοῦ
1438 521 1778 593 Σολομῶντος
1817 523 1938 576 ἐπι-

362 609 657 679 ϐοήσαντος
678 626 693 639 ’
749 609 1124 678 ’Υψηλότερά
1149 627 1266 666 σου
1297 611 1383 682 μὴ
1411 612 1584 679 ζήτει,
1630 614 1727 667 καὶ
1753 615 1943 679 βαθύ-

362 700 504 768 τερά
549 716 668 755 σου
708 700 796 770 μὴ
844 700 1096 767 ἐξέταζε.
1148 706 1216 758 Ἀ
1245 705 1553 777 προσετάγη
1599 723 1679 759 σοι
1708 744 1723 766 ,
1769 706 1943 761 ταῦτα

360 793 594 857 διανοοῦ,
631 793 902 847 πιστεύων
927 794 1025 866 τὴν
1065 800 1388 867 συνεκτικὴν
1425 798 1520 850 τοῦ
1555 798 1752 863 παντὸς
1793 799 1941 853 θείαν

364 888 557 958 ῥώμην
583 887 759 941 πάντα
787 887 1117 957 διακρατεῖν,
1141 887 1235 940 καὶ
1262 886 1475 952 σώζειν,
1493 889 1590 941 καὶ
1611 888 1699 943 διὰ
1722 890 1941 943 πάντων

363 979 538 1049 ἥκειν,
570 978 666 1033 καὶ
694 976 1047 1048 πρυτανεύειν
1076 977 1145 1031 τὰ
1169 978 1482 1049 σύμπαντα.

953 1261 1204 1315 nam:
1240 1261 1354 1328 tJ".

433 1373 604 1428 Πόθεν
634 1373 881 1442 ἐγένοντο
909 1374 958 1427 οἱ
985 1372 1271 1444 φωστῆρες
1304 1371 1455 1443 ἥλιος
1498 1372 1593 1425 καὶ
1623 1371 1820 1441 σελήνη
1848 1371 1942 1424 καὶ

358 1466 388 1518 ὁ
415 1466 524 1519 τῶν
552 1465 766 1534 ἄστρων
789 1464 979 1541 χορόςς
1012 1465 1092 1517 ὅτι
1123 1465 1221 1534 μὲν
1243 1464 1378 1519 Θεοῦ
1399 1463 1460 1516 τὸ
1485 1463 1664 1534 ἔργον,
1694 1463 1936 1534 οἴδαμεν,

358 1556 498 1610 ἀλλὰ
519 1557 618 1628 τὴν
640 1556 825 1610 οὐσίαν
848 1555 1229 1626 ἐπιζητοῦμεν.
1368 1625 1383 1641 ⁸

978 1650 1342 1713 Ἀπόκρισις.

389 1738 402 1751 ’
445 1742 539 1795 Ἐκ
564 1738 657 1795 τοῦ
685 1740 1029 1811 πρωτογόνου
1060 1741 1236 1809 φωτὸς
1264 1740 1412 1794 δοκεῖ
1454 1758 1541 1812 μοι
1570 1740 1696 1804 τοὺς
1726 1740 1941 1810 φωστῆ-

362 1849 462 1902 ρας
495 1831 782 1904 ὑπάρχειν.
835 1832 947 1902 Τὴν
972 1830 1080 1902 γὰρ
1113 1829 1242 1900 ὓλην
1268 1830 1362 1883 τοῦ
1404 1830 1582 1900 φωτὸς
1621 1830 1884 1902 παράγων
1914 1830 1943 1883 ὁ

360 1923 532 1986 Θεὸς,
586 1911 760 1993 φησίλ
818 1923 1141 1991 Γενηθήτω
1183 1918 1328 1992 φῶς,
1373 1922 1472 1976 καὶ
1511 1922 1752 1992 ἐγένετο
1791 1920 1938 1992 φῶς.

363 2012 805 2078 Μετασκευάζων
824 2015 881 2068 δὲ
902 2015 1037 2085 πρὸς
1057 2014 1155 2078 τὰς
1174 2014 1465 2086 διαφόρους
1485 2013 1635 2084 ὃψεις
1662 2013 1762 2084 τὴν
1786 2013 1939 2085 ὓλην,

364 2107 530 2177 φησί’
557 2105 996 2175 Γενηθήτωσαν
1014 2106 1346 2177 φωστῆρες.
1377 2107 1464 2170 Ὠς
1484 2106 1537 2161 εἴ
1563 2125 1646 2171 τις
1677 2108 1941 2179 πρότερον

361 2197 655 2269 προδάλλοι
695 2197 789 2251 τοῦ
833 2199 1061 2267 χρυσίου
1096 2198 1306 2268 μάζαν,
1350 2196 1557 2269 ταύτην
1584 2198 1641 2251 δὲ
1673 2201 1752 2261 είς
1784 2197 1940 2269 νομί-

360 2304 542 2358 σματα
565 2287 922 2358 κερματίσας,
941 2287 1035 2341 δύο
1061 2289 1349 2359 ὑπερέχειν
1370 2288 1448 2359 τῷ
1473 2288 1692 2358 μεγέθει
1715 2288 1936 2360 ποιήσῃ,

358 2377 454 2429 καὶ
496 2379 587 2430 ἐπὶ
634 2377 819 2431 δίσκου
852 2377 1243 2448 παμμεγέθους
1289 2377 1691 2451 κατακολλήσῃ,
1737 2379 1832 2433 καὶ
1870 2382 1937 2452 τῇ

357 2470 528 2540 ὀροφῇ
560 2469 660 2539 τῆς
691 2468 868 2530 οἰκίας
914 2469 1224 2541 ὑπαρτήσῃ,
1254 2470 1473 2542 τέρπων
1517 2471 1615 2542 μὲν
1652 2471 1752 2535 τὰς
1790 2471 1941 2541 ὄψεις

350 2561 467 2614 τῶν
514 2559 904 2631 ἱστορούντων,
954 2560 1257 2625 ἀθανάτους
1284 2562 1340 2614 δὲ
1386 2562 1557 2617 ποιῶν
1583 2563 1683 2626 τὰς
1718 2564 1940 2634 μνήμας

354 2654 458 2722 τῆς
510 2652 660 2723 σφῶν
706 2652 985 2723 ἀγχινοίας
1005 2668 1020 2683 ⁸
1079 2654 1268 2725 πόρρω
1312 2654 1369 2707 δὲ
1411 2654 1505 2708 τοῦ
1562 2654 1941 2727 στερεώματος

356 2744 589 2815 ποιήσας
620 2745 838 2819 αὐτοῷς,
877 2744 997 2798 τότε
1027 2746 1301 2818 ὑπέθηκεν
1330 2746 1498 2817 αὐτῷ.
1535 2748 1672 2817 Φησὶ
1700 2748 1810 2818 γὰρ
1843 2748 1942 2800 αὑ-

354 2835 447 2900 τὸς
495 2838 524 2889 ὁ
564 2835 672 2889 τῶν
703 2835 863 2890 θείων
914 2838 1156 2908 Μωσῆς⁸
1218 2838 1327 2892 Καὶ
1375 2839 1665 2907 ἐποίησεν
1706 2842 1739 2893 ό
1793 2840 1940 2903 Θεὸς

353 2926 499 2993 τοὺς
536 2926 644 2981 δύο
671 2928 994 2997 φωστῆρας
1021 2929 1162 2995 τοὺς
1183 2927 1506 2999 μεγάλους.
1550 2928 1815 2983 Ἐνταῢθά
1849 2946 1938 3000 μοι

356 3017 527 3090 πῆξον
568 3019 666 3091 τὴν
714 3020 901 3092 ἀκοὴν,
939 3021 1258 3090 ἀξιάγαστε.
1307 3021 1394 3074 Ἐν
1427 3020 1537 3092 γὰρ
1570 3024 1637 3093 τῇ
1685 3021 1828 3086 λέξει
1877 3021 1939 3075 τὸ

357 3111 528 3179 σαφὲς
574 3114 909 3184 παραστήσω
965 3114 1064 3185 τῆς
1121 3113 1227 3179 ἔξω
1275 3113 1371 3167 τοῦ
1399 3111 1780 3185 περεὼματος
1831 3115 1938 3169 τῶν

359 3203 660 3273 φωστήρων
687 3205 987 3272 γενέσεωςο
1020 3206 1154 3277 φησὶ
1179 3206 1287 3276 γὰρ
1318 3206 1525 3275 Μωσῆς
1550 3222 1566 3236 ·
1618 3205 1727 3260 Kal
1773 3205 1940 3261 ἔθετο

357 3290 578 3356 αὐτοὺς
607 3291 677 3345 ἐν
706 3291 786 3357 τῷ
813 3291 1050 3361 οὐρανῷ
1081 3311 1099 3327 ι
1151 3292 1326 3364 δηλῶν
1373 3296 1559 3361 κάτω,
1609 3295 1642 3366 ἢ
1683 3294 1788 3361 ἔξω
1838 3297 1940 3366 τῆς

357 3383 561 3453 ὀροφῆς
592 3383 719 3448 τοὺς
751 3384 987 3449 πίνακας
1019 3387 1200 3440 αὐτῶν
1226 3387 1487 3459 γράφωνο
1519 3387 1615 3441 καὶ
1640 3383 1741 3441 εἷθ’
1769 3387 1941 3454 οὕτως

359 3474 701 3530 ὑποτίθενται
743 3476 912 3549 αὐτῷ.

946 3571 1196 3624 ueram
1234 3574 1347 3639 ιβ’.

440 3678 605 3752 Ὁμοῦ
651 3682 778 3746 τοὺς
824 3682 917 3736 δύο
965 3683 1198 3756 ἔπηξεν,
1234 3685 1266 3756 ἢ
1315 3685 1557 3758 ἀλλήλων
1601 3687 1799 3752 αὐτοὺς
1829 3688 1940 3743 διέ-

361 3788 564 3845 στησεν
589 3790 604 3840 ;

974 3863 1031 3917 Ἀ
1041 3866 1336 3932 πόκρισις.

425 3971 537 4026 Καὶ
575 3970 708 4043 μετὰ
741 3972 837 4043 τὴν
869 3970 972 4041 τῆς
998 3973 1102 4041 γῆς
1137 3970 1500 4043 διακόσμησιν
1527 3976 1555 4028 ὁ
1582 3974 1732 4045 ἥλιος
1759 3974 1939 4044 παρή-

354 4064 483 4139 χθη,
512 4065 597 4118 ἵνα
630 4064 705 4136 μὴ
746 4064 923 4133 φωτὸς
974 4064 1220 4134 ἀρχηγὸν
1249 4064 1411 4118 αὐτόν
1437 4083 1581 4131 τινες
1609 4064 1938 4135 ὀνομάσωσι,

360 4157 495 4226 μήτε
516 4155 624 4208 τῶν
653 4156 718 4208 ὲκ
750 4156 854 4225 γῆς
887 4154 1172 4225 φυομένων
1202 4155 1553 4227 δημιουργόν.
1584 4157 1810 4229 Πρῶτον
1842 4157 1942 4228 μὲν

357 4247 465 4318 γὰρ
494 4247 588 4300 τοῦ
622 4246 797 4316 φωτὸς
825 4248 858 4318 ἡ
888 4246 1051 4317 φύσις
1083 4248 1340 4319 παρήχθη
1363 4265 1377 4278 ο
1414 4252 1480 4321 τῇ
1510 4248 1551 4302 δ’
1580 4247 1635 4302 δὲ
1666 4248 1849 4320 ἡμέρᾳ
1876 4249 1938 4302 τὸ

356 4338 579 4410 ἡλιακὸν
623 4337 716 4391 τοῦ
765 4338 1017 4410 σώματος
1062 4338 1244 4410 ὄχημα
1294 4337 1433 4394 εἶναι
1481 4340 1561 4412 τῷ
1609 4342 1936 4412 πρωτογόνῳ

357 4429 496 4496 φωτὶ
527 4430 989 4499 παρεσκεύασται,
1025 4427 1216 4500 ὥσπερ
1248 4446 1332 4493 τις
1364 4429 1554 4501 λύχνος
1579 4429 1666 4484 διὰ
1691 4431 1938 4503 ἐπιτεθη-

359 4522 582 4594 σόμενον
604 4521 752 4593 αὐτῷ
777 4521 908 4595 πῦρ.
939 4522 1152 4592 Ὥσπερ
1180 4522 1236 4576 δὲ
1264 4522 1449 4595 ἕτερον
1473 4523 1573 4592 μὲν
1598 4524 1630 4594 ή
1652 4522 1936 4594 λευκότης,

356 4616 542 4688 ἕτερον
568 4614 626 4668 δὲ
652 4614 712 4668 τὸ
744 4613 1179 4687 λελευκασμένον
1220 4613 1378 4685 σῶμα
1397 4628 1413 4644 ·
1460 4613 1606 4668 οὕτω
1639 4615 1733 4668 καὶ
1764 4616 1939 4669 ταῦτα

352 4692 587 4776 ¹διάφορα
615 4705 745 4760 ὄντα
776 4707 1035 4777 ἤνωνται,
1071 4707 1119 4759 ει
1151 4707 1245 4760 καὶ
1274 4705 1555 4776 ἀδιαίρετά
1593 4707 1752 4761 εἰσιν.
1800 4706 1939 4759 Ἀλλ’

361 4795 518 4847 ἅτινα
550 4796 681 4865 ἡμῖν
708 4797 774 4864 τῇ
814 4795 1026 4865 ἐπινοίᾳ
1066 4796 1173 4848 εἰσὶ
1203 4796 1445 4866 χωριστὰ
1470 4836 1485 4858 ,
1539 4794 1712 4848 ταῦτα
1750 4798 1815 4864 τῇ
1852 4799 1940 4849 ἐν-

359 4884 550 4955 εργείᾳ
570 4883 867 4936 διίστανται
898 4886 963 4954 τῇ
991 4885 1219 4954 δυνάμει
1249 4885 1343 4937 τοῦ
1367 4886 1692 4956 ποιήσαντος
1715 4902 1728 4915 ·
1764 4886 1821 4950 ὃς
1848 4887 1941 4940 καὶ

357 4971 457 5039 τὴν
503 4970 800 5041 καυστικὴν
839 4968 1069 5037 δύναμιν
1107 4969 1199 5022 τοῦ
1233 4971 1402 5042 πυρὸς
1430 4972 1537 5025 ἀπὸ
1565 4976 1663 5042 τῆς
1688 4974 1940 5046 λαμπρό-

357 5075 517 5129 τητος
543 5058 878 5131 διεχώρισεν,
917 5056 992 5121 ὡς
1034 5059 1091 5111 ὲν
1133 5059 1200 5129 τῇ
1231 5057 1376 5129 βάτῳ
1415 5059 1511 5113 καὶ
1540 5061 1597 5113 ὲν
1624 5063 1691 5131 τῇ
1722 5061 1941 5132 καμίνῳ

360 5151 466 5205 τῶν
490 5152 656 5223 τριῶν
682 5152 888 5206 παίδων
910 5146 1021 5205 οἶόν
1046 5169 1099 5205 τι
1131 5151 1422 5223 ἀκούομεν,
1453 5154 1546 5207 καὶ
1569 5153 1631 5207 τὺ
1660 5157 1718 5209 ἐν
1745 5159 1811 5228 τῇ
1845 5174 1940 5226 φο·

361 5243 496 5316 δερᾷ
517 5246 693 5314 κρίσει
724 5244 837 5316 πῦρ
863 5245 991 5309 τοὺς
1010 5244 1251 5309 δικαίους
1275 5243 1528 5315 φωτίζον,
1557 5247 1652 5299 καὶ
1675 5247 1938 5319 πιμπρῶν

360 5333 486 5396 τοὺς
511 5334 891 5406 ἁμαρτωλοὺς,
917 5335 992 5398 ὡς
1020 5339 1285 5409 μαρτυρεῖ
1305 5335 1466 5389 Δαϐίδ
1485 5353 1498 5366 ’
1526 5336 1698 5405 Φωνὴ
1718 5338 1939 5405 Κυρίου

358 5425 787 5492 διακόπτοντος
814 5428 1011 5497 φλόγα
1052 5429 1261 5496 πυρός.
1317 5428 1412 5481 Ἐκ
1454 5426 1511 5481 δὲ
1547 5428 1655 5482 τῶν
1688 5430 1816 5501 περὶ
1848 5446 1938 5483 σε-

358 5515 523 5586 λήνην
554 5517 741 5571 παθῶν
772 5517 879 5570 τῶν
916 5517 1262 5587 ζητουμένων
1304 5518 1607 5589 κατάληψις
1636 5536 1649 5550 θ
1700 5519 1940 5591 λήγουσα

359 5610 488 5677 γὰρ,
520 5607 581 5660 οὐ
608 5605 686 5677 τῷ
722 5608 886 5661 παντὶ
914 5608 1086 5679 αὐτῆς
1115 5608 1329 5680 σώματι
1355 5610 1827 5678 δαπανᾶται,άλλὰ
1858 5612 1936 5683 τῷ

362 5696 739 5771 περικείμενον
775 5699 889 5767 φῶς
922 5698 1338 5771 ἀποτιθεμένην,
1375 5702 1467 5756 καὶ
1497 5703 1935 5776 προσλαμϐάνειν

428 5864 472 5896 ⁸⁸
512 5862 676 5920 Eccli.
710 5861 911 5931 111,Ξ2.
988 5863 1032 5897 ”
1075 5861 1208 5920 Gen.
1243 5881 1278 5932 ι,
1317 5866 1370 5920 ’5.

1786 410 2133 469 DIALOGUS
2165 413 2203 467 1.

1454 5867 1496 5899 ⁸ο
1534 5868 1665 5924 ibid.
1704 5870 1784 5926 Η.
1867 5871 1907 5904 ⁶¹
1954 5869 2086 5927 ibid.
2119 5866 2201 5923 16.

3514 422 3619 479 938

2045 528 2294 585 inventas
2330 529 2487 586 sedes
2517 530 2655 586 imas
2689 542 2743 587 et
2781 531 2940 588 bases
2966 533 3190 603 insuper
3232 535 3367 591 alias
3398 539 3623 608 excogi-o

2045 625 2190 681 tans,
2221 618 2365 672 ultra
2405 634 2544 690 quas
2593 621 2739 690 quod
2785 630 3073 676 succurrat
3109 622 3244 676 nihil
3282 631 3404 689 est;
3457 623 3617 679 Solo-

2045 722 2206 765 mone
2234 711 2583 779 inclamante,
2618 712 2947 768 Sublimiora
2987 722 3035 768 te
3065 730 3128 768 ne
3160 730 3391 785 qua-ras,
3423 724 3471 769 et
3497 732 3620 784 pro-

2043 801 2295 870 fundiora
2322 812 2371 857 te
2400 820 2463 858 ne
2490 806 2743 859 scruteris
2771 806 2841 858 ⁸³.
2869 804 3002 871 Qum
3042 805 3140 859 tibi
3184 806 3439 859 mandata
3470 814 3618 867 sunt.

2044 893 2134 947 illa
2181 895 2384 964 cogita,
2427 895 2656 951 credens
2696 896 3154 951 conservatricem
3205 896 3449 952 universi
3483 897 3620 951 divi-

2044 1000 2167 1039 nam
2200 986 2498 1057 potentiam
2528 988 2713 1042 omnia
2751 997 3061 1044 sustentare
3090 997 3145 1043 et
3185 1003 3533 1053 conservare,
3567 997 3622 1042 et

2043 1077 2230 1130 omnia
2278 1085 2586 1147 penetrare,
2645 1079 2712 1134 ad
2764 1080 3179 1150 gubernandum
3247 1080 3303 1133 in
3366 1081 3620 1135 universa

2044 1180 2249 1221 omnia.

2462 1258 2977 1316 INTERROGATIO
3013 1259 3195 1317 XCIII.

2116 1366 2270 1424 Unde
2306 1368 2447 1424 facta
2476 1379 2607 1425 sunt
2638 1372 2932 1426 luminaria
2966 1374 3047 1428 sol
3081 1383 3136 1428 et
3176 1374 3326 1440 luna,
3355 1383 3411 1429 et
3439 1383 3619 1430 astro-

2042 1475 2165 1515 rum
2194 1461 2590 1528 cmtus?Quod
2625 1463 2718 1518 Dei
2751 1464 2970 1533 quidem
3003 1465 3072 1520 sit
3092 1465 3369 1534 Opiﬁcium
3388 1465 3617 1531 scimus,

2044 1553 2137 1607 sed
2176 1552 2245 1608 de
2277 1553 2586 1609 substantia
2621 1556 2944 1625 quaerimus.

2677 1642 2990 1711 Responsio.

2115 1730 2193 1786 Ex
2229 1732 2553 1802 primigenia
2585 1732 2705 1788 luce
2729 1733 2860 1787 mihi
2886 1733 3141 1788 videntur
3165 1733 3455 1790 luminaria
3475 1748 3616 1788 esse.

2042 1821 2177 1876 Nam
2208 1824 2492 1878 materiam
2537 1825 2675 1879 lucis
2705 1825 3016 1894 produccns
3050 1826 3213 1889 Deus,
3249 1824 3460 1894 inquit,
3494 1823 3622 1878 Fiat

2045 1916 2157 1979 lux,
2182 1925 2233 1969 et
2256 1916 2403 1985 facta
2433 1927 2512 1971 est
2551 1918 2643 1971 (ua:
2682 1920 2753 1972 ".
2791 1900 3191 1973 Transnmtans
3240 1926 3419 1973 autem
3450 1919 3505 1972 in
3527 1933 3622 1970 va-

2042 2008 2154 2062 rias
2184 2010 2394 2077 species
2433 2011 2740 2073 materiam,
2785 2011 2985 2082 inquit,
3030 2010 3195 2065 Fiant
3226 2012 3515 2064 luminaria
3551 2011 3618 2064 ⁶⁰.

2038 2098 2221 2156 .Veluti
2255 2101 2299 2173 si
2328 2100 2453 2171 quis
2473 2101 2709 2172 primum
2747 2111 2960 2173 promat
3003 2118 3239 2158 massam
3281 2104 3421 2165 auri,
3457 2116 3620 2171 quam

2044 2189 2097 2242 in
2128 2165 2456 2244 numismata
2489 2204 2706 2257 secans,
2741 2191 2852 2245 duo
2898 2193 3209 2261 praecellere
3251 2189 3623 2261 magnitudine

2043 2281 2233 2345 faciat,
2271 2292 2325 2338 et
2356 2284 2408 2337 in
2443 2282 2575 2341 orbe
2608 2298 2907 2353 permagno
2954 2283 3276 2353 conjungat,
3313 2282 3625 2352 domusque

2044 2380 2189 2428 tecto
2214 2373 2800 2444 applicet;oblectans
2837 2372 3055 2443 quidem
3081 2370 3461 2440 aspicientium
3497 2385 3623 2423 ocu-

2042 2465 2148 2530 los,
2184 2465 2510 2520 immortalia
2543 2480 2670 2520 vero
2702 2463 2912 2520 faciens
2947 2472 3301 2519 monumenta
3326 2478 3440 2517 sua:
3468 2461 3624 2515 indnv

2044 2557 2235 2627 striae;
2272 2561 2501 2627 ipsaque
2559 2558 2749 2625 procul
2816 2573 2847 2611 a
2915 2557 3257 2610 firmamento
3309 2568 3621 2615 removens,

2042 2648 2301 2718 deinceps
2333 2649 2408 2702 illi
2446 2648 2699 2718 subjecit.
2748 2647 2930 2717 lnquit
2974 2647 3117 2701 enim
3158 2647 3274 2715 ipse
3311 2644 3623 2698 divinorum

2043 2749 2333 2793 enarrator
2362 2738 2562 2802 Moses,
2597 2737 2662 2791 Et
2694 2737 2817 2807 [erit
2854 2736 2992 2789 Deus
3024 2734 3313 2788 luminaria
3337 2748 3533 2802 magna
3553 2732 3620 2790 θ’.

2045 2826 2143 2883 llic
2186 2828 2316 2882 mihi
2367 2835 2604 2883 attentas
2645 2842 2808 2881 aures
2861 2826 3060 2895 prarbe,
3108 2840 3141 2878 ο
3181 2822 3457 2894 praeclare.
3486 2818 3622 2874 Nam

2043 2932 2109 2971 ex
2142 2917 2260 2986 ipsa
2286 2916 2596 2972 elocutione
2626 2915 2973 2971 manifestum
3013 2913 3235 2977 faciam,
3269 2909 3624 2965 luminarium

2044 3008 2379 3063 creationem
2420 3016 2577 3063 extra
2623 3007 3025 3063 ﬁrmamentum
3074 3021 3217 3061 esse.
3261 3004 3444 3074 lnquit
3476 3001 3623 3057 enim

2045 3099 2247 3166 Moses,
2276 3098 2343 3152 Et
2369 3090 2545 3168 posuit
2575 3116 2637 3154 ea
2659 3101 2711 3155 in
2742 3100 2869 3154 caelo
2900 3099 2967 3163 ⁸³,
2998 3097 3260 3152 inferiora
3282 3096 3622 3165 signiﬁcans,

2045 3196 2137 3242 aut
2158 3197 2312 3244 extra
2348 3197 2549 3245 tectum
2581 3192 2743 3245 orbes
2778 3191 3023 3260 ipsorum
3063 3188 3406 3252 describens,
3432 3185 3625 3255 sicque

2044 3278 2243 3335 deinde
2271 3280 2320 3334 ei
2352 3280 2600 3350 subjecta
2631 3295 2776 3336 esse.

2467 3563 2981 3621 INTERROGATIO
3019 3563 3204 3619 XCIV.

2111 3672 2249 3727 Num
2287 3673 2449 3729 simul
2486 3675 2574 3729 illa
2610 3677 2720 3731 duo
2749 3675 3143 3738 constabilivit,
3172 3680 3267 3727 aut
3306 3686 3334 3726 a
3389 3687 3448 3726 se
3485 3671 3626 3725 invi-

2045 3779 2162 3820 cem
2195 3765 2466 3835 disjunxit
2489 3766 2513 3819 ?

2679 3854 2988 3925 Responsio.

2116 3960 2291 4016 Etiam
2346 3972 2472 4032 post
2510 3970 2672 4018 terra:
2728 3963 3143 4016 exornationem
3197 3961 3281 4017 sol
3325 3959 3628 4031 productus

2044 4059 2149 4114 est,
2178 4068 2247 4108 ne
2276 4052 2455 4122 ipsum
2517 4051 2687 4120 aliqui
2730 4052 2872 4107 lucis
2923 4060 3200 4105 auctorem
3252 4052 3622 4111 nominarent,

2044 4159 2182 4199 neve
2219 4143 2287 4199 de
2318 4152 2463 4198 terra
2514 4144 2858 4199 nascentium
2891 4143 3161 4213 opiﬁcem.
3199 4141 3441 4195 Primum
3477 4140 3623 4195 enim

2044 4234 2187 4290 lucis
2219 4242 2413 4289 natura
2439 4233 2705 4305 producta
2734 4240 2835 4289 est.
2893 4232 3102 4300 Quarto
3134 4247 3261 4287 vero
3296 4231 3384 4286 die
3427 4230 3625 4286 solaris

2043 4328 2297 4397 corporis
2323 4341 2525 4381 currus
2554 4325 2894 4396 primigenia:
2936 4324 3042 4378 luci
3077 4331 3302 4395 paratus
3325 4331 3433 4388 est,
3479 4322 3625 4377 velut

2045 4419 2228 4489 aliqua
2307 4400 2534 4472 lucerna
2610 4424 2835 4487 propter
2891 4415 3209 4485 impositum
3259 4413 3362 4469 sibi
3420 4412 3622 4484 ignem.

2043 4509 2513 4577 Quemadmodum
2566 4516 2749 4562 autem
2800 4507 2949 4561 aliud
3007 4507 3229 4577 quidem
3273 4513 3357 4560 est
3408 4502 3624 4567 albedo,

2043 4603 2190 4658 aliud
2218 4618 2349 4659 vero
2370 4602 2685 4657 dealbatam
2734 4615 2937 4670 corpus
2971 4617 2983 4653 :
3020 4599 3102 4654 sic
3156 4604 3212 4652 et
3257 4597 3373 4650 haec
3407 4595 3624 4650 diversa

2042 4711 2166 4751 cum
2196 4695 2327 4761 sint,
2359 4694 2511 4748 unita
2539 4700 2689 4758 sunt,
2734 4692 2865 4746 licet
2901 4690 3140 4745 discreta
3170 4689 3301 4743 sint.
3333 4686 3625 4741 Enimvero

2043 4803 2165 4858 quae
2192 4787 2449 4857 Opinione
2501 4792 2688 4841 nostra
2753 4792 2882 4840 sunt
2910 4781 3260 4853 separabilia,
3308 4779 3625 4851 Operatione

2042 4878 2322 4941 ditl'erunt,
2353 4878 2546 4931 virtute
2577 4876 2697 4945 ejus
2737 4876 2834 4945 qui
2875 4874 3023 4930 fecit.
3064 4873 3167 4939 Qui
3195 4880 3250 4927 et
3279 4872 3470 4926 ureudi
3511 4871 3622 4924 vim

2043 4969 2099 5023 in
2127 4968 2252 5039 igne
2279 4983 2307 5022 a
2341 4966 2632 5037 splendore
2657 4964 2951 5035 separavit,
2994 4964 3142 5018 velut
3180 4962 3237 5016 in
3268 4962 3403 5015 rubo
3478 4968 3533 5014 et
3564 4959 3621 5012 in

2045 5060 2266 5115 fornace
2293 5059 2455 5112 trium
2485 5072 2805 5127 puerorum,
2840 5053 3153 5125 cujusmodi
3188 5061 3243 5108 et
3295 5052 3350 5106 in
3391 5050 3623 5105 terribili

2038 5150 2247 5221 judicio
2277 5149 2530 5203 audimus
2559 5149 2738 5218 ignem
2771 5145 3015 5216 fore,qui
3042 5146 3222 5216 justos
3250 5143 3468 5215 quidem
3500 5142 3625 5196 illu-

2043 5243 2236 5304 minet,
2273 5241 2562 5295 comburat
2600 5254 2731 5294 vero
2778 5244 3114 5309 peccatores.
3151 5234 3622 5302 Quemadmodum

2042 5334 2278 5389 testatur
2335 5330 2567 5386 Davides
2606 5347 2619 5384 :
2657 5327 2770 5384 Vox
2797 5329 3014 5384 Domini
3046 5325 3431 5399 perrumpentis
3465 5325 3626 5393 ﬂam—

2045 5440 2189 5479 mam
2216 5425 2350 5495 ignis
2370 5423 2436 5477 “.
2475 5422 2675 5477 Eorum
2698 5437 2830 5477 vero
2861 5438 2983 5492 quae
3014 5421 3081 5476 de
3102 5420 3450 5490 passionibus
3482 5417 3624 5471 luna:

2050 5525 2393 5589 quaeruntur,
2429 5516 2610 5571 brevis
2639 5514 3060 5586 comprehensio
3099 5521 3204 5576 est,
3251 5509 3395 5582 quod
3427 5509 3622 5564 dcere-

2046 5627 2208 5668 scens
2247 5626 2356 5665 non
2394 5618 2508 5663 toto
2552 5623 2782 5680 corpore
2818 5622 2920 5663 suo
2957 5614 3334 5671 consumatur,
3376 5601 3470 5658 sed
3511 5601 3618 5654 cir-

2046 5702 2389 5773 cumjaccntc
2416 5701 2539 5756 luce
2566 5699 2834 5770 deposita,
2858 5711 3161 5768 rursusque
3192 5699 3497 5765 assumpta,
3522 5691 3616 5748 dc-

2283 5866 2325 5899 ⁶²
2360 5864 2493 5921 ibid.
2544 5865 2626 5922 Π.
2711 5864 2755 5898 ⁶³
2792 5863 2937 5923 Psal.
2982 5878 3173 5931 xxvm,
3209 5860 3261 5917 7.
