4000 6414
485 394 590 452 959

495 511 750 569 trementi
806 519 863 567 et
904 513 1232 570 incrementi
1299 515 1512 586 species
1555 519 1815 588 praebeat.
1891 517 2076 574 Potest

479 601 626 658 enim
657 603 714 657 in
746 619 880 659 aere
911 620 1054 676 puro
1084 605 1258 661 videri
1288 607 1410 676 ejus
1438 607 1762 664 obscuratio
1793 619 1945 665 tanta
1969 612 2076 665 cir-

481 694 854 750 cumferentia
903 697 1353 769 circumscripta,
1413 709 1623 771 quanta
1663 702 1716 756 in
1758 697 2093 773 pleniluniis‘

482 794 585 840 est.
638 783 789 840 Idem
842 786 1121 858 intelligas
1156 788 1226 843 de
1259 791 1398 854 sole,
1453 792 1560 846 nisi
1608 791 1756 861 quod
1799 793 1888 847 hic
1930 792 2075 864 quod

483 876 654 931 semel
697 878 936 947 accepit,
973 878 1026 933 id
1058 881 1426 951 inseparabile
1455 883 1658 948 habet;
1696 883 1788 938 illa
1821 899 1953 938 vero
1988 900 2075 938 as-

484 967 643 1024 sidue
691 969 944 1026 induitur
996 979 1052 1027 et
1104 973 1350 1028 exuitur.
1404 975 1470 1030 Et
1509 976 1625 1029 haec
1671 975 1738 1030 de
1769 974 1888 1030 sole
1930 974 2076 1030 dicta

485 1059 810 1116 creduntur.
851 1061 1028 1118 Porro
1055 1065 1224 1120 situm
1253 1081 1448 1122 eorum
1479 1084 1544 1124 ex
1579 1069 1822 1124 Mosaieo
1868 1070 2078 1140 scripto

486 1152 878 1224 intelligamus.
910 1153 1094 1226 lnquit
1116 1158 1304 1212 enim:
1341 1158 1410 1212 Et
1441 1160 1568 1228 fecit
1603 1160 1743 1215 Deus
1775 1161 1882 1216 duo
1915 1161 2077 1215 lumi-

485 1246 643 1298 naria
692 1263 909 1316 magna,
941 1257 990 1301 et
1015 1250 1192 1318 posuit
1214 1267 1278 1304 ea
1311 1252 1368 1305 in
1398 1253 1736 1321 ﬁrmamento
1765 1268 1785 1306 :
1816 1253 2078 1309 luminare

486 1352 733 1408 magnum
757 1340 812 1393 in
841 1341 1136 1395 dominium
1165 1343 1294 1408 diei,
1321 1354 1370 1398 et
1403 1345 1667 1400 luminare
1693 1345 1865 1400 minus
1895 1345 1949 1399 in
1975 1345 2076 1400 do-

484 1433 705 1486 minium
733 1437 904 1490 noctis
922 1437 988 1490 “.
1021 1437 1165 1508 Ergo
1200 1439 1307 1494 sibi
1339 1442 1580 1496 invicem
1608 1456 1639 1495 e
1665 1441 1888 1512 regione
1909 1455 2079 1511 oppo-

482 1523 588 1580 sita
622 1526 845 1589 locavit.
871 1529 1022 1583 illum
1038 1530 1265 1600 quidem
1295 1531 1349 1585 in
1376 1522 1600 1602 regione
1619 1531 1910 1596 matutina,
1938 1532 2079 1586 hanc

479 1637 613 1678 vero
645 1622 700 1678 in
745 1625 1086 1695 vespertina.
1124 1626 1191 1682 Et
1219 1628 1372 1682 illum
1419 1628 1639 1697 quidem
1675 1629 1769 1698 qui
1803 1627 1911 1684 diei
1942 1644 2080 1698 pm-

481 1721 630 1769 esset
665 1732 679 1768 :
716 1714 860 1769 hanc
891 1731 1020 1770 vero
1050 1733 1178 1788 quae
1229 1717 1405 1772 nocti.
1443 1717 1514 1772 Ut
1562 1718 1666 1773 sibi
1700 1733 1768 1772 ex
1825 1717 2079 1788 opposito

480 1817 798 1870 currentes,
852 1808 946 1863 ille
973 1809 1196 1878 quidem
1230 1824 1327 1879 per
1367 1811 1512 1866 diem
1557 1821 1910 1874 nocturnum,
1962 1809 2078 1866 haec

483 1904 667 1952 autem
703 1913 800 1968 per
849 1906 1069 1953 noctem
1124 1899 1405 1966 diurnam,
1463 1901 1531 1956 ad
1579 1900 1834 1958 eumdem
1868 1901 2079 1972 pertin-

481 2001 614 2062 gant
637 2003 844 2048 ortum.
903 1993 969 2051 Ut
1003 1995 1308 2052 inclinante
1361 1996 1471 2062 die,
1530 1996 1647 2052 haec
1697 1995 1754 2051 in
1799 2011 2078 2052 summum

479 2093 640 2142 ortus
675 2085 930 2141 matutini
955 2088 1160 2154 veniat,
1187 2105 1357 2161 agens
1386 2090 1536 2144 velut
1568 2089 1780 2161 regina,
1811 2089 2078 2159 splendo-

480 2177 639 2234 ribus
671 2186 890 2234 noctem
909 2179 1248 2237 exhilarans.
1271 2180 1365 2236 Ille
1394 2195 1521 2236 vero
1559 2181 1805 2237 tenebris
1834 2179 2080 2251 ingrave-

480 2273 768 2328 scentibus
792 2272 861 2327 ad
878 2273 1018 2330 idem
1041 2285 1291 2330 centrum
1306 2275 1608 2346 appellens.
1623 2275 1791 2331 veluti
1809 2291 1904 2329 rex
1937 2289 2078 2346 pre-

481 2359 721 2417 sidentia
737 2378 839 2418 sua
866 2364 1145 2436 regionem
1165 2381 1384 2422 onmem
1397 2381 1519 2436 quae
1542 2367 1647 2422 sub
1662 2365 1803 2422 emlo
1825 2371 1931 2432 est,
1955 2366 2078 2421 illu-

482 2458 636 2508 stret.
674 2450 745 2508 Ut
774 2453 850 2509 sit
880 2455 1031 2510 illius
1063 2455 1285 2526 quidem
1311 2465 1490 2522 ortus,
1527 2457 1696 2528 hujus
1727 2471 1992 2523 occasus;
2021 2464 2078 2513 et

482 2542 648 2614 lmjus
678 2546 1058 2616 praesidentia,
1096 2547 1248 2604 illius
1282 2549 1614 2604 subtractio.
1649 2547 1720 2605 Ut
1762 2549 2077 2618 perﬁciatur

482 2633 637 2705 illud,
679 2636 1034 2693 Dominentur
1058 2639 1164 2695 diei
1189 2648 1240 2696 et
1265 2643 1409 2696 nocti
1425 2643 1493 2696 ⁸⁵.

912 2919 1432 2980 ΙΝΤΕΒΒΟΟΑΤΙΟ
1491 2924 1652 2980 XCV.

554 3011 844 3078 Quomodo
867 3028 993 3068 cum
1025 3014 1198 3086 elapsi
1225 3023 1413 3071 essent
1468 3016 1586 3073 dies
1621 3016 1692 3072 ab
1717 3024 1842 3071 ortu
1886 3031 2074 3072 rerum

483 3113 743 3172 quatuor,
774 3105 936 3174 plena
953 3116 1071 3161 erat
1098 3107 1315 3172 Iuna,et
1344 3115 1518 3163 totum
1551 3105 2077 3166 mundumillustra-

483 3193 598 3260 bat,
618 3210 728 3250 non
759 3195 922 3250 aliter
942 3211 1007 3250 ac
1033 3196 1078 3252 si
1104 3197 1222 3253 dies
1253 3197 1572 3270 quindecim
1601 3199 1776 3270 elapsi
1802 3199 2078 3256 fuissent?

482 3287 773 3352 Quomodo
799 3303 930 3344 vero
961 3289 1127 3346 hodie
1155 3306 1280 3345 cum
1325 3290 1514 3346 itidem
1557 3290 1927 3362 quatriduana
1967 3298 2074 3357 est,

481 3393 593 3436 non
616 3380 877 3436 similiter
909 3393 1008 3447 per
1038 3392 1256 3437 noctem
1287 3382 1566 3438 illuminat
1589 3382 1896 3436 mundum?

1127 3471 1438 3541 Responsio.

552 3561 936 3630 Quatriduana
965 3563 1190 3634 quidem
1224 3573 1481 3636 respectu
1533 3564 1900 3636 praecedentis
1944 3581 2080 3622 con-

425 3658 430 3663 '
484 3668 767 3712 servorum
806 3665 962 3712 ortus
995 3654 1221 3722 dicitur,
1246 3671 1352 3711 non
1387 3658 1545 3728 quasi
1565 3655 1935 3728 quatriduana
1959 3657 2078 3714 fuc-

484 3746 576 3808 rit,
631 3761 756 3816 qua:
811 3745 1166 3816 postmodum
1222 3753 1409 3800 creata
1457 3747 1731 3818 apparuit.
1782 3745 2078 3804 Enimvero

481 3850 608 3890 cum
647 3838 869 3892 condita
909 3845 1015 3901 est,
1059 3836 1306 3907 perfecta
1335 3847 1476 3892 erat.
1536 3837 1657 3893 Non
1705 3839 1852 3894 enim
1891 3840 2079 3896 debuit

484 3929 818 3988 mutilatum,
845 3937 942 3982 aut
970 3926 1422 3998 semiperfectum
1464 3944 1590 3985 esse
1615 3930 1867 3986 divinum
1913 3946 2074 4002 opus,

481 4019 640 4086 Quod
666 4027 850 4075 autem
881 4035 1029 4075 nunc
1047 4035 1154 4074 non
1172 4021 1299 4074 talis
1313 4021 1677 4090 conspicitur,
1705 4023 1926 4093 quando
1941 4040 2079 4094 qua-

481 4113 740 4170 triduana
787 4122 896 4179 est,
943 4130 1012 4170 ne
1042 4114 1352 4185 quaestione
1387 4115 1610 4184 quidem
1661 4116 1888 4188 dignum
1932 4119 2079 4173 arbi-

481 4213 618 4269 tror,
653 4204 699 4260 si
725 4212 972 4260 nostram
999 4205 1295 4277 imaginem
1316 4205 1763 4264 consideremus.
1788 4206 2077 4265 Perfectus

481 4298 623 4352 enim
651 4299 863 4370 primus
894 4305 1049 4368 pater
1076 4305 1267 4352 noster
1295 4299 1542 4355 Adamus
1593 4307 1840 4364 creatus,
1897 4302 2079 4370 perfe-

477 4399 621 4444 ctam
647 4405 869 4460 quoque
898 4389 1024 4443 vitae
1051 4397 1362 4444 consortem
1383 4391 1604 4460 accipit.
1637 4391 1802 4459 Atqui
1829 4391 2078 4447 videmus

479 4481 700 4536 illorum
721 4488 982 4551 posteros
1018 4495 1128 4533 nou
1157 4480 1410 4535 eamdem
1439 4496 1664 4536 servare
1706 4483 2076 4551 aequalitatem

482 4572 901 4644 magnitudinis,
927 4586 1102 4644 neque
1133 4570 1263 4624 item
1291 4571 1359 4626 ad
1382 4572 1757 4642 generandum
1789 4575 2075 4644 progredi,

483 4664 588 4718 nisi
611 4664 764 4734 prius
797 4676 1058 4731 processu
1085 4661 1351 4728 temporis
1383 4661 1449 4716 ad
1465 4663 1703 4717 debitam
1731 4667 2077 4734 pervenerint

481 4754 946 4828 magnitudinem.
979 4752 1348 4822 Posteaquam
1404 4765 1585 4811 autem
1625 4755 1769 4812 hanc
1835 4762 2074 4816 assecuti

483 4849 710 4915 iuerint,
747 4849 1062 4904 interventu
1094 4846 1293 4902 mortis
1330 4847 1384 4901 in
1433 4857 1636 4905 terram
1683 4868 1880 4910 rursus
1926 4854 2076 4911 desi-

481 4952 642 4999 nunt.
672 4941 846 4996 Paulo
872 4947 997 5011 post
1009 4954 1140 4995 vero
1163 4955 1260 5011 per
1281 4942 1745 5000 resurrectionem
1775 4963 2078 5004 renascun-

479 5041 592 5102 tur,
623 5034 878 5104 deposito
912 5041 968 5087 et
998 5032 1183 5087 denuo
1223 5033 1417 5090 induto
1445 5050 1700 5107 corpore,
1743 5037 1892 5108 juxta
1935 5040 2079 5095 lunze

481 5125 920 5180 similitudinem.
963 5121 1226 5178 Undeeim
1257 5136 1438 5182 autem
1470 5127 1588 5183 dies
1621 5129 1824 5200 quibus
1858 5147 2080 5200 supera-

482 5218 562 5273 vit
596 5219 791 5278 solem,
836 5233 946 5271 non
981 5217 1315 5284 substantia,
1347 5220 1442 5276 sed
1474 5227 1672 5276 natura
1713 5223 1966 5292 rependit
2001 5223 2073 5290 ci,

483 5325 580 5380 per
605 5310 907 5383 quemlibet
935 5325 1181 5367 mensem
1214 5311 1332 5368 dies
1369 5314 1562 5385 viginti
1594 5329 1790 5370 novem
1822 5322 1876 5368 et
1907 5314 2074 5370 dimi-

481 5402 632 5461 dium
664 5417 985 5467 numerans,
1009 5411 1062 5460 et
1095 5414 1369 5462 trecentos
1410 5405 1812 5476 quinquaginta
1841 5414 2080 5476 quatuor

479 5492 600 5553 dies
625 5493 920 5551 absolvens
965 5509 1062 5564 per
1106 5495 1236 5549 anni
1269 5496 1588 5561 circuitum,
1632 5493 1936 5550 secundum
1973 5493 2080 5550 lle-

481 5581 685 5642 braeam
722 5585 1198 5655 supputationem.
1233 5583 1350 5638 Non
1388 5586 1535 5640 enim
1562 5592 1768 5639 norunt
1797 5584 1873 5638 illi
1923 5601 2079 5641 men-

481 5685 573 5733 ses
625 5680 1023 5744 Romanorum,
1078 5674 1173 5746 qui
1201 5673 1346 5746 apud
1402 5690 1505 5731 nos
1555 5681 1708 5741 sunt,
1764 5674 1940 5729 solam
1991 5688 2076 5731 se-

483 5776 715 5830 quentes
741 5769 948 5822 lunam.

564 5899 609 5933 οι
645 5899 786 5956 Gen.
818 5916 857 5967 ι,
899 5901 986 5968 l6,
1033 5901 1120 5953 ιτ.
1199 5900 1243 5932 σε
1286 5899 1417 5954 ibid.
1466 5902 1547 5956 ιε.

1607 397 1664 454 S.
1705 397 2362 467 CA'ZSARILGREGORH
2399 399 2721 465 FBATRIS,

3682 401 3783 460 ιω

2183 521 2366 587 πάλιν,
2392 520 2738 582 ἐλαττώσεως
2758 517 2851 571 καὶ
2875 516 3154 588 αὐξήσεως
3180 518 3280 581 τὰς
3304 517 3626 587 φαπασέας
3647 534 3779 591 παρ-

2183 612 2388 682 έχεται.
2441 613 2662 678 Ἔξεστι
2712 609 2822 680 γὰρ
2869 609 2930 662 ἑν
2976 608 3203 680 καθαρῷ
3245 607 3327 679 τῷ
3375 609 3506 679 ἀέρι
3548 609 3680 662 ίδεῖν
3721 609 3779 663 to

2181 703 2431 773 ἀλαμπὲς
2477 703 2676 772 αὑτῆς,
2717 701 2824 755 ὑπὸ
2869 701 3139 772 τοσαύτης
3189 700 3382 769 ἁψῖδος
3427 702 3775 773 περιγραφό-

2186 811 2368 865 μενον,
2389 794 2592 865 ὁπόσης
2627 795 2686 847 ὲν
2712 793 3089 862 πανσελήνοις.
3123 791 3380 845 Τοιοῦτον
3409 793 3529 845 νόει
3563 795 3660 847 ἐπὶ
3685 793 3774 847 τοῦ

2181 887 2361 957 ἡλίου·
2405 886 2566 957 πλὴν,
2593 887 2620 939 6
2647 886 2747 957 μὲν
2786 886 2930 952 ἅπαξ
2963 884 3164 948 λαϐὼν,
3192 884 3508 957 ἀχώριστον
3538 884 3654 955 ἔχει
3684 887 3776 941 αὑ-

2180 979 2314 1049 τήνο
2365 980 2398 1048 ἠ
2443 979 2500 1032 δὲ
2544 976 2782 1048 συνεχῶς
2828 975 3211 1048 άμφιαζομένη
3260 977 3359 1029 καὶ
3400 975 3771 1048 άποδυομένη.

2181 1071 2292 1124 Καὶ
2321 1071 2390 1124 τά
2423 1072 2550 1142 ’περὶ⁵
2581 1070 2674 1123 τοῦ
2709 1071 2862 1140 ἡλίου
2893 1069 3158 1140 εἰρημένα
3186 1068 3503 1123 πιστοῦται.
3557 1070 3656 1121 Ἐκ
3685 1069 3786 1122 τοῦδ

2180 1161 2476 1218 Μωσαῖκοῢ
2514 1163 2840 1234 γράμματος
2891 1161 2989 1230 τὴν
3039 1161 3188 1214 θέσιν
3230 1161 3416 1214 αὑτῶν
3451 1161 3774 1231 νοήσωμενσ

2181 1252 2319 1324 φησὶ
2348 1252 2487 1323 γάρ’
2531 1251 2641 1306 Καὶ
2671 1252 2962 1319 ἐποίησεν
2987 1253 3020 1305 ό
3049 1251 3193 1317 Θεὸς
3225 1251 3369 1317 τοὺς
3396 1251 3514 1305 δύο
3541 1250 3776 1320 φωστῆ-

2173 1361 2290 1414 ρας
2341 1343 2484 1409 τοὺς
2536 1342 2872 1414 μεγάλους,
2920 1341 3021 1395 καὶ
3071 1341 3241 1397 ἔθετο
3286 1342 3519 1408 αὐτοὺς
3577 1343 3652 1396 ἐν
3699 1341 3773 1407 τῷ

2179 1437 2559 1508 στερεώματι,
2609 1435 2718 1490 τὸν
2755 1433 3042 1505 φωστῆρα
3073 1433 3182 1487 τὸν
3214 1432 3410 1504 μέγαν
3447 1436 3542 1499 εις
3586 1433 3772 1502 ἀρχὰς

2179 1529 2294 1599 τῆς
2323 1529 2571 1600 ἡμέρας,
2615 1527 2712 1582 καὶ
2749 1527 2858 1581 τὸν
2905 1525 3196 1596 φωστῆρα
3227 1525 3336 1578 τὸν
3373 1525 3657 1590 ἐλάσσω,
3689 1527 3770 1593 εὶς

2179 1622 2372 1690 ἀρχὰς
2393 1621 2504 1689 τῆς
2529 1620 2771 1687 νυκτός.
2818 1617 3290 1690 Ἀντιπροσώπους
3312 1619 3499 1672 τοίνυν
3529 1619 3778 1689 ἀλλήλων

2180 1713 2381 1777 αὑτοὺς
2435 1710 2610 1776 ἔθετο,
2657 1713 2751 1767 τὸν
2807 1712 2906 1783 μὲν
2955 1711 3013 1764 ὲν
3060 1714 3126 1782 τῇ
3173 1709 3304 1781 ἑῴα,
3345 1711 3448 1782 τὴν
3494 1711 3555 1765 δὲ
3608 1713 3669 1765 ἐν
3705 1713 3767 1783 τῇ

2181 1812 2390 1881 ἑσπέρᾳ
2423 1851 2438 1876 ,
2487 1805 2691 1858 ἐκεῖνον
2722 1805 2821 1876 μὲν
2847 1804 2946 1874 τῆς
2980 1803 3192 1876 ἡμέρας
3231 1806 3446 1874 ἄρχειν,
3480 1804 3692 1874 ταύτην
3715 1806 3770 1858 δὲ

2180 1904 2282 1971 τῆς
2323 1898 2521 1962 νυκτός
2553 1914 2568 1929 ο
2622 1899 2711 1951 ἵνα
2740 1899 2952 1960 ἑαυτοῖς
2980 1897 3338 1962 άντιθέοντες,
3367 1899 3397 1950 ὁ
3434 1897 3540 1967 μὲν
3565 1896 3652 1950 διά
3679 1895 3771 1950 τοῦ

2179 1987 2598 2061 ήμερονυκτίου,
2623 1990 2656 2059 ἠ
2679 1987 2735 2040 δὲ
2760 1987 2848 2040 διὰ
2876 1987 2970 2040 τοῦ
2992 1987 3359 2058 νυχθημέρου,
3389 1989 3486 2040 ὲπὶ
3519 1988 3623 2059 τὴν
3647 1988 3767 2058 μίαν

2179 2083 2364 2155 φθάσῃ
2390 2080 2657 2150 ἀνατολήν
2677 2095 2690 2109 °
2725 2081 2874 2142 ὅπως
2898 2078 3112 2150 ἡμέρας
3141 2078 3452 2148 κλινούσης,
3557 2081 3657 2150 μὲν
3683 2081 3767 2134 ἐπὶ

2178 2174 2239 2228 τὸ
2271 2174 2443 2244 ἄκρον
2469 2171 2572 2240 τῆς
2597 2169 2738 2241 ἑῴας
2763 2169 2987 2240 γένηται
3015 2169 3178 2223 οἱονεὶ
3207 2167 3501 2239 βασίλισσα
3556 2169 3766 2240 ἔχουσα,

2179 2269 2274 2323 καὶ
2311 2269 2434 2329 ταῖς
2475 2265 2671 2333 αὐγαῖς
2707 2263 2806 2336 τὴν
2848 2263 3020 2317 νύκτα
3073 2260 3444 2332 φαιδρύνουσα
3468 2277 3482 2292 ο
3538 2264 3569 2315 ὁ
3598 2263 3656 2315 δὲ
3683 2259 3768 2315 τοῦ

2179 2360 2406 2422 σκότους
2435 2355 2854 2420 ὑπονοστοῦντος
2896 2355 2991 2409 ἐπὶ
3022 2354 3084 2408 τὸ
3122 2353 3254 2407 αὑτὸ
3285 2353 3522 2424 κέντρον
3555 2354 3772 2418 ἐλάσας,

2177 2447 2288 2506 οἷον
2309 2449 2444 2516 ἄναξ
2465 2452 2532 2520 τῇ
2563 2448 2822 2519 προεδρίᾳ
2849 2447 2948 2518 τὴν
2976 2447 3066 2498 ὑπ’
3086 2443 3313 2516 οὐρανὸν
3338 2444 3760 2515 καταστράπτῃ,

2179 2543 2320 2596 ὥστε
2375 2542 2643 2612 ὑπάρχειν
2689 2538 2900 2592 ἐκείνου
2951 2538 3050 2608 μὲν
3094 2536 3194 2606 τὴν
3225 2535 3491 2605 ἀνατολὴν
3515 2574 3536 2602 ,
3574 2533 3769 2603 ταύτης

2177 2635 2331 2689 δύσιν
2356 2651 2368 2664 ·
2418 2632 2622 2702 ταύτης
2648 2631 2705 2683 δὲ
2730 2631 2829 2700 τὴν
2855 2627 3170 2700 προεδρίαν,
3199 2627 3411 2680 ἐκείνου
3439 2623 3764 2693 ὑποστολὴν,

2178 2729 2327 2790 ὅπως
2361 2725 2624 2796 πληρωθῇ
2668 2724 2749 2790 τὸ,
2807 2723 3180 2792 Ἀρχέτωσαν
3209 2719 3320 2788 τῆς
3367 2717 3631 2788 ἡμέρας,
3673 2713 3768 2771 καὶ

2181 2819 2290 2888 τῆς
2321 2819 2567 2884 νυκτός.

2774 2908 3020 2962 nam:
3055 2907 3171 2974 ιε’.

2252 3001 2377 3066 Πῶς
2403 3001 2698 3072 τεταρταία
2731 2997 2866 3053 οὖσα
2902 3000 3044 3064 τότε,
3092 2996 3430 3068 πανσέληνος
3462 2989 3561 3068 ἦν,
3599 2993 3769 3048 πάντα

2178 3097 2270 3150 τὸν
2321 3095 2525 3165 κόσμον
2579 3093 2996 3161 καταυγάζουσα
3018 3131 3034 3158 ,
3081 3090 3282 3160 ὁμοίως
3336 3088 3432 3143 τοῦ
3481 3088 3647 3141 πέντε
3679 3085 3768 3139 καὶ

2178 3185 2441 3242 δεκαταία
2478 3183 2772 3255 γενέσθαι;
2816 3181 2934 3246 πῶς
2963 3181 3020 3234 δὲ
3063 3181 3303 3251 σήμερον
3331 3179 3634 3249 τεταρταία
3670 3176 3765 3228 πά-

2179 3280 2261 3333 λιν
2311 3276 2448 3335 οὖσα
2472 3317 2488 3343 ,
2541 3277 2642 3347 οὑχ
2692 3274 2892 3346 ὁμοίως
2937 3271 3027 3326 διά
3073 3270 3267 3334 νυκτὸς
3296 3269 3652 3342 καταλάμπει
3683 3268 3776 3322 τὸν

2180 3373 2386 3445 κόσμον
2402 3387 2420 3437 ;

2795 3458 3158 3525 Ἀπόκρισις.

2252 3555 2645 3626 Τετραήμερος
2697 3552 2798 3624 μὲν
2853 3553 3006 3624 παρὰ
3049 3549 3152 3621 τὴν
3199 3546 3626 3619 προηγουμένην
3665 3545 3770 3601 τῶν

2182 3647 2486 3704 συνδούλων
2514 3646 2729 3716 γένεσιν
2761 3644 2998 3714 λέγεται.
3041 3644 3153 3714 Οὑχ
3185 3640 3260 3704 ὡς
3291 3640 3349 3694 δὲ
3375 3639 3647 3711 τέτταρας
3671 3639 3762 3710 μὲν

2179 3743 2380 3814 ἔχουσα
2407 3740 2643 3812 ἡμέρας,
2664 3737 2946 3792 κτισθεῖσα
2974 3736 3198 3806 ὕστερον
3227 3733 3486 3802 ἐξεφάνη,
3512 3732 3631 3786 ἀλλ’
3659 3729 3760 3801 ἡνί-

2181 3853 2252 3890 κα
2271 3831 2704 3906 ὲδημιουργήθη,
2732 3828 2912 3883 τελεία
2934 3827 3208 3898 ὑπῆρχεν·
3237 3825 3296 3877 οὑ
3325 3823 3434 3894 γὰρ
3463 3823 3569 3876 ἔδει
3595 3825 3766 3893 ἠκρω-

2180 3925 2555 4000 τηριασμένον
2585 3921 2618 3993 ἦ
2648 3920 2905 3991 ἡμιτελὲς
2925 3917 3192 3987 ὑπάρχειν
3219 3915 3278 3968 τὸ
3309 3915 3446 3968 θεῖον
3469 3915 3673 3985 δρᾶμα.
3698 3910 3768 3964 To

2179 4020 2238 4074 δὲ
2269 4018 2348 4090 μὴ
2379 4015 2637 4084 τοιαύτην
2665 4011 2763 4067 νῦν
2787 4009 3155 4081 τεταρτοῦσαν
3186 4004 3434 4076 ὁρᾶσθαι,
3458 4003 3581 4057 οὑδὲ
3607 4000 3764 4074 ζητή-

2183 4128 2322 4175 σεως
2354 4108 2504 4174 ἄξιον
2526 4102 2701 4177 οἶμαι,
2731 4103 2833 4174 τῆς
2859 4101 3133 4174 ἡμετέρας
3161 4097 3366 4159 εἰκόνος
3395 4097 3453 4148 ὲν
3475 4096 3615 4166 αὑτῇ
3638 4095 3766 4164 ὁρω-

2185 4206 2374 4276 μένης.
2414 4200 2633 4263 Τέλειος
2662 4199 2772 4270 γὰρ
2806 4197 2836 4250 ὁ
2870 4195 3174 4266 προπάτωρ
3208 4189 3366 4262 ήμῶν
3405 4188 3574 4259 Ἀδὰμ
3611 4187 3764 4257 δημιο

2185 4293 2500 4367 ουργηθεὶς,
2526 4289 2740 4342 τελείαν
2769 4286 2865 4341 καὶ
2889 4284 2982 4339 τοῦ
3019 4282 3130 4354 βίου
3160 4279 3417 4334 κοινωνὸν
3453 4277 3760 4349 κομίζεται·

2186 4386 2283 4438 καὶ
2306 4383 2525 4455 ὁρῶμεν
2573 4380 2700 4441 τοὺς
2726 4376 2951 4429 ἐκείνων
2981 4371 3260 4441 διαδόχους
3295 4369 3371 4440 μὴ
3407 4370 3507 4440 τὴν
3553 4369 3766 4437 ἰσότητα

2187 4474 2386 4540 σώζειν
2413 4471 2508 4526 τοῦ
2544 4470 2771 4524 ἐκείνων
2810 4467 3093 4538 μεγέθους,
3129 4459 3283 4526 αὖθις
3313 4461 3408 4515 τοῦ
3445 4463 3523 4523 εἰς
3562 4459 3766 4528 γένεσιν

2187 4564 2504 4639 παρελθεῖν,
2539 4559 2708 4633 πρινὴ
2749 4557 2838 4611 διὰ
2878 4557 2978 4626 τῆς
3020 4553 3131 4608 τῶν
3176 4552 3384 4624 χρόνων
3419 4548 3766 4622 παραδρομῆς

2180 4662 2268 4715 ἐπ’
2303 4659 2482 4712 ἐκεῖνο
2527 4653 2712 4724 φθάσῃ
2743 4650 2804 4703 τὸ
2840 4648 3103 4720 μέγεθος·
3157 4645 3377 4698 ἐπειδὰν
3420 4644 3466 4697 δ’
3511 4645 3569 4696 ὲν
3600 4639 3765 4708 τούτῳ

2181 4753 2433 4825 γένηται,
2465 4748 2556 4802 διὰ
2584 4743 2820 4799 θανάτου
2856 4739 3018 4794 πάλιν
3057 4741 3138 4802 εἰς
3167 4738 3269 4809 γῆν
3292 4736 3554 4807 ἀπολήγει
3577 4751 3595 4767 ·
3637 4733 3768 4803 μετά

2183 4847 2358 4919 βραχὺ
2388 4843 2447 4896 δὲ
2477 4839 2639 4892 πάλιν
2661 4836 2728 4906 τῇ
2754 4832 3047 4886 ἀναστάσει
3081 4830 3358 4898 γεννᾶται,
3387 4825 3766 4919 ἀποτιθέμενος

2179 4914 2820 5006 καὶ-ἐπαμφιεννύμενος
2866 4924 2928 4977 τὸ
2967 4922 3127 4994 σῶμα
3159 4919 3300 4974 κατὰ
3333 4920 3433 4991 τὴν
3461 4918 3644 4971 εἰκόνα
3673 4914 3766 5006 τῆς

2181 5031 2465 5102 φαίνακος.
2495 5024 2607 5086 Τὰς
2631 5021 2688 5073 δὲ
2715 5019 2907 5072 ἕνδεκα
2943 5015 3157 5077 ὲκείνας
3186 5011 3399 5083 ἡμέρας
3427 5009 3495 5073 ἃς
3527 5005 3768 5102 ἐπλεονέ-

2180 5100 2352 5195 κτησε
2385 5121 2478 5188 τὸν
2501 5118 2676 5190 ἥλιον,
2703 5113 2766 5166 οὑ
2797 5114 2870 5183 τῇ.
2899 5105 3154 5178 ὑπάρξει,
3187 5103 3324 5156 ἀλλὰ
3354 5105 3424 5173 τῇ
3453 5100 3766 5195 φύσει-ὰποο

2178 5192 2420 5273 τίννυσιν
2450 5209 2619 5281 αὑτῷ,
2652 5207 2718 5260 δι’
2748 5203 2979 5260 ἑκάστου
3025 5197 3192 5271 μηνὸς
3235 5193 3568 5248 εἰκοσιεννέα
3600 5192 3766 5262 ἥμισυ

2179 5373 2455 5470 τέσσαρας
2480 5373 2696 5464 ἡμέρας
2724 5382 3064 5439 ἀποτελοῦσα
3103 5382 3171 5450 τῇ
3214 5375 3450 5470 περιόδῳ
3477 5373 3765 5470 τοῦᾲέτους,

2181 5492 2327 5548 κατὰ
2354 5465 2470 5559 ’τὴν
2522 5480 2781 5546 Ἐὁραῒδα
2821 5476 3022 5546 ψῆφον.
3075 5472 3149 5525 Οὑ
3199 5469 3309 5539 γάρ
3352 5467 3534 5520 ἴσασιν
3575 5465 3767 5559 ἐκεῖνοι

2181 5587 2307 5649 τοὺς
2339 5555 2463 5638 καθ’
2495 5577 2644 5649 ἡμᾶς
2679 5569 2966 5643 Ῥωμαίων
2997 5565 3192 5637 μῆνας,
3232 5563 3298 5633 τῇ
3334 5559 3480 5633 μήνῃ
3517 5555 3766 5628 ἑπόμενοι

2186 5679 2347 5752 μόνῃ.
