4000 6406
337 403 447 460 961

924 517 1172 572 ηΕγΣιΣ
1208 516 1339 586 ις.

415 628 481 682 Τί
513 629 625 682 ἐστι
655 627 735 691 τὸ,
784 629 1105 682 Ἔστωσαν
1139 632 1225 695 εις
1259 627 1500 698 σημεῖα,
1544 628 1641 682 καὶ
1671 631 1760 697 είς
1799 647 1926 684 και-

337 713 510 787 ροὺς,
550 718 648 772 καὶ
675 720 763 784 είς
793 719 1037 787 ἡμέρας,
1073 721 1168 773 καὶ
1200 721 1288 786 εις
1313 720 1665 786 ἐνιαυτούς;
1706 721 1923 793 Ἐπειδή

345 827 490 874 τινες
517 809 732 878 λέγουσι
761 811 931 864 πολλὰ
977 813 1039 864 ἐκ
1065 811 1174 864 τῶν
1213 812 1488 881 στοιχείων
1527 813 1925 884 τεκμαίρεσθαι

345 897 476 967 περὶ
499 897 597 967 τῆς
625 896 973 969 ἀνθρωπίνης
997 900 1281 968 γενέσεως.

951 1031 1320 1100 Ἀπόκρισις.

434 1145 498 1198 Θί
543 1145 641 1216 μὲν
673 1144 1066 1218 ματαιόφρονες
1107 1146 1482 1218 ἁστρολογίαις
1517 1147 1616 1220 τὴν
1648 1150 1796 1220 σφῶν
1832 1151 1925 1220 γέ-

353 1253 489 1290 νεσιν
519 1236 938 1307 ἐπιγράφουσιν.
979 1237 1106 1315 ξ’(ὴι
1132 1239 1189 1294 δὲ
1212 1241 1307 1310 οὐχ
1330 1233 1442 1293 οἷόν
1477 1258 1536 1294 τε
1568 1243 1675 1296 άπὸ
1707 1242 1922 1315 ἄστρων

345 1327 756 1400 σημειώσασθαί
793 1346 846 1382 τι
887 1311 1014 1401 περὶ
1061 1330 1162 1401 τῆς
1197 1331 1406 1402 βροτῶν
1443 1331 1609 1405 ζωῆς,
1655 1311 1926 1406 μαρτυρεῖ

354 1419 617 1484 Ἡσαΐας,
667 1420 890 1486 φάσκων
919 1437 934 1452 ο
993 1421 1443 1490 Ἀναστήτωταν
1480 1427 1534 1478 οἱ
1563 1426 1922 1500 ἀστρολόγοι

339 1513 446 1568 τοῦ
474 1513 755 1582 οὐρανοῦ,
781 1517 836 1567 oI
859 1513 1198 1581 βλέποντες
1231 1517 1318 1583 είς
1339 1517 1480 1583 τοὺς
1511 1517 1788 1588 ἀστέρας,
1821 1521 1919 1573 και

337 1604 868 1675 ιὶναγγιειλάτωσαν
893 1606 951 1659 τί
977 1622 1075 1660 σοι
1111 1605 1327 1676 μέλλει
1366 1609 1656 1678 γίνεσθαι.
1707 1611 1920 1680 Μικρὸν

337 1697 394 1750 δέ
434 1697 660 1770 ὕστερον
689 1697 1025 1770 πλατύτερον
1060 1699 1365 1770 ἐκθήσομαι
1407 1699 1534 1764 τοὺς
1563 1701 1785 1755 ἐκείνων
1818 1702 1920 1772 μύ-

339 1789 486 1852 θους.
541 1789 622 1842 Τὰ
665 1788 722 1842 δέ
767 1792 967 1860 σημεῖα
1017 1789 1110 1843 τοῦ
1144 1789 1374 1854 οὐρανοῦ
1417 1791 1510 1849 καὶ
1554 1791 1661 1844 τῶν
1706 1792 1921 1863 ἄστρων

337 1879 564 1943 εἰκότως
597 1880 831 1952 λεχθείη,
861 1881 1076 1952 ὄμϐροι,
1119 1881 1426 1952 πνεύματα,
1473 1881 1766 1952 χειμῶνες,
1799 1883 1916 1954 ἔαρ.

335 1970 528 2024 Ταῦτα
552 1971 616 2023 ἐκ
642 1969 748 2024 τῶν
773 1969 986 2042 ἄστρων
1019 1970 1407 2042 παιδευόμεθα,
1441 1970 1576 2024 Θεοῦ
1614 1972 1921 2043 φιλανθρω-

339 2061 472 2115 πίαν
491 2079 504 2094 ο
548 2062 694 2123 ὅπως
720 2063 748 2115 6
787 2061 1031 2125 ναυτῖλος
1061 2061 1203 2133 ὁρῶν
1229 2061 1291 2116 τὸ
1323 2065 1567 2134 σημεῖον,
1602 2064 1695 2116 ἐπὶ
1727 2063 1922 2134 λιμένα

340 2152 589 2216 οίακίσας
614 2152 710 2223 τὴν
742 2151 899 2220 ναῦν,
937 2153 1221 2226 ἀποδράσῃ
1245 2153 1306 2207 τὸ
1331 2153 1590 2222 ναυάγιον
1611 2172 1624 2186 ο
1659 2155 1744 2207 ἴνα
1767 2157 1795 2208 6
1821 2173 1922 2224 γη-

337 2243 500 2307 πόνος
545 2242 623 2313 τῷ
665 2243 865 2314 ἐτησίῳ
915 2244 1127 2315 σημείῳ
1161 2244 1458 2315 ἑπόμενος,
1502 2245 1774 2319 διασκάψῃ
1821 2247 1920 2318 τὴν

332 2336 574 2405 ἄρουραν
597 2351 609 2364 ο
653 2334 738 2387 ἵνα
768 2335 796 2386 6
827 2334 1006 2405 ὁδίτης
1037 2333 1228 2404 βραχεί
1262 2336 1321 2387 ἐν
1358 2334 1436 2405 τῷ
1471 2337 1770 2408 πανδοκείῳ
1801 2337 1921 2411 μεί-

333 2441 432 2489 νας
460 2425 701 2498 διαφύγῃ
721 2425 818 2495 τῆς
849 2424 1152 2495 ἐπομϐρίας
1179 2425 1296 2497 ἦτοι
1324 2425 1562 2497 χαλάζης
1583 2427 1681 2499 τὴν
1709 2428 1918 2499 ἔφοδον.

329 2515 548 2569 Γίνεται
584 2518 786 2585 σημεῖα
813 2516 904 2568 καὶ
932 2515 1183 2586 πολέμων
1216 2517 1310 2570 καὶ
1340 2518 1596 2590 είρὴνηςο
1626 2518 1795 2574 ταῦτα
1825 2522 1920 2577 καὶ

327 2608 363 2659 6
387 2607 578 2679 Σωτὴρ
608 2606 902 2661 ἐϐεϐαίωσε
936 2606 1214 2680 θεηγορῶν
1248 2609 1386 2680 πρὸς
1427 2609 1736 2677 Ἰουδαίους.

930 2743 1179 2797 nam:
1214 2747 1325 2811 ιζ’.

405 2854 471 2909 Τί
495 2849 620 2921 οὗνς
655 2854 786 2909 αὐτὸ
813 2855 1052 2926 νομίζεις
1081 2856 1346 2929 ὑπάρχειν
1371 2855 1558 2930 καιρὸν
1580 2861 1672 2914 καὶ
1694 2863 1918 2933 σημεῖον

333 2947 430 3001 καὶ
456 2947 675 3019 χρόνον;
710 2947 805 3001 καὶ
835 2947 952 3011 πῶς
980 2948 1080 3010 τὴν
1108 2948 1374 3020 διαφοράν
1405 2949 1641 3021 δηλοῦσα
1667 2955 1701 3024 ἡ
1725 2955 1916 3029 Γραφὴ

331 3039 513 3109 λέγει’
572 3040 680 3095 Καὶ
725 3040 1004 3094 ἔστωσαν
1025 3041 1112 3106 εὶς
1145 3040 1384 3109 σημεῖα,
1415 3041 1516 3095 καὶ
1537 3045 1625 3110 εἰς
1649 3045 1916 3114 καιροὺς,

332 3131 539 3198 άιαὶεις
568 3132 811 3202 ἡμέρας,
852 3131 953 3186 καί
987 3133 1076 3199 εἰς
1105 3132 1458 3200 ἐνιαυτούς;

948 3266 1313 3336 Ἀπόκρισις.

408 3380 633 3452 Ἕτερον
662 3379 760 3452 μὲν
786 3378 999 3451 χρόνος,
1025 3379 1250 3451 Θάτερον
1277 3378 1332 3432 δὲ
1353 3380 1565 3466 καιρόςξ
1601 3381 1661 3436 τὸ
1691 3381 1788 3453 μὲν
1809 3381 1917 3452 γὰρ

336 3471 546 3543 μήκους
571 3471 805 3542 ὑπάρχει
832 3469 1188 3542 σημαντικὸν,
1209 3468 1269 3523 τὺ
1291 3468 1348 3522 δὲ
1373 3470 1676 3544 εὐκαιρίας.
1711 3472 1786 3525 Ού
1809 3472 1916 3545 γάρ

332 3579 518 3634 ,φαμεν
543 3579 558 3594 ο
607 3563 812 3632 Χρόνος
855 3560 1060 3634 ἐπέστη
1093 3559 1304 3632 ἀμητοῦ
1343 3560 1376 3634 ἢ
1407 3561 1714 3636 τρυγητοῦ,
1759 3564 1915 3633 ἀλλὰ,

337 3653 559 3726 καιρόςο
605 3652 748 3717 οὐδὲ,
791 3652 997 3722 Χρόνος
1029 3653 1206 3724 γῆμαι
1235 3652 1334 3723 τὴν
1363 3657 1564 3719 νεᾶνιν,
1603 3656 1762 3722 ἀλλὰ,
1793 3676 1918 3713 και-

335 3745 462 3818 ρός·
505 3744 599 3799 τοῦ
637 3743 801 3813 σοφοῦ
835 3744 1179 3815 Σολομῶντος
1206 3745 1378 3798 ταῦτα
1405 3745 1769 3810 παιδεύοντος.
1814 3748 1919 3820 Ση-

341 3838 468 3908 μεῖα
493 3835 550 3890 δὲ
576 3835 686 3890 τῶν
713 3837 929 3906 ἄστρων
955 3835 1081 3888 τάδε
1121 3834 1264 3904 φημί
1285 3850 1301 3866 ⁸
1345 3835 1612 3906 ἀνατολὴν
1643 3837 1916 3906 πλειάδος,

336 3926 510 3999 ἀρχὴν
534 3925 747 3997 ἀμητοῦ
774 3925 868 3978 καὶ
891 3925 1273 3996 ’ποντοπορίας⁹
1306 3923 1455 3978 δύσιν
1481 3925 1557 3990 δὲ,
1585 3927 1914 3981 τούναντίονο

336 4021 372 4090 ἡ
411 4021 509 4090 μὲν
538 4019 646 4090 γὰρ
674 4018 917 4086 συνάγει,
942 4019 976 4088 η
1005 4017 1060 4068 δὲ
1087 4013 1370 4086 σκορπίζει
1398 4019 1521 4080 ταῖς
1562 4017 1826 4088 ἀρούραις
1850 4019 1919 4074 τὰ

336 4111 650 4183 σπέρματα.
698 4110 770 4164 Τὸ
799 4110 874 4173 δὲ,
913 4109 991 4172 εἰς
1030 4108 1265 4179 ἡμέραν,
1301 4108 1398 4180 τὴν
1428 4110 1493 4162 ἐκ
1537 4109 1783 4182 περιόδου
1817 4112 1917 4182 τῆς

337 4200 650 4271 ἐὸδομάδος,
679 4201 891 4272 ἡμέραν
911 4197 1004 4252 τοῦ
1034 4198 1405 4270 σαϐϐατισμοῦ
1435 4217 1597 4271 φημι.
1630 4201 1786 4254 Πᾶσα
1809 4203 1918 4273 γὰρ

337 4290 500 4362 ἐορτὴ
527 4331 541 4352 ,
588 4291 786 4362 ἀνοχὴν
822 4290 932 4343 τῶν
960 4290 1136 4344 πόνων
1171 4289 1371 4361 ἔχουσα
1394 4331 1408 4352 ,
1463 4290 1739 4344 Σάϐϐατον
1785 4295 1914 4364 παρ’

350 4381 622 4454 Ἑϐραίοις
667 4380 1165 4454 προσαγορεύεται·
1217 4381 1356 4452 ὅπερ
1402 4382 1586 4445 αὐτοῖς
1629 4381 1779 4452 παρά
1827 4383 1917 4436 τὸν

338 4474 688 4546 ἐϐδομαδικδν
717 4473 914 4527 κύκλον
937 4474 1059 4544 τρὶς
1093 4471 1188 4527 τοῦ
1219 4474 1372 4538 ἔτους
1400 4474 1746 4529 ἐπιτελεῖται.
1778 4476 1917 4528 Πολ-

335 4567 492 4632 λάκις
522 4566 673 4639 παρὰ
699 4566 762 4620 τὸ
790 4565 976 4636 κύριον
1007 4565 1304 4620 Σάδδατον.
1366 4565 1581 4637 Ἡμέρα
1626 4565 1736 4638 γάρ
1777 4566 1918 4620 Σαδ-

334 4660 504 4714 6άτου
526 4658 618 4712 καὶ
645 4661 676 4729 ὴ
722 4656 1088 4730 Ἀζυμοϐορία
1111 4673 1126 4689 ο
1158 4656 1360 4728 ὁμοίως
1386 4658 1486 4728 τῆς
1513 4657 1915 4728 Πεντηκοστῆς·

335 4751 598 4814 ὡσαύτως
635 4751 670 4820 ἡ
715 4750 814 4820 τῆς
865 4749 1244 4820 Σκηνοπηγίας
1279 4765 1292 4779 ο
1339 4749 1434 4802 καὶ
1463 4747 1570 4814 ἔξω
1595 4751 1694 4819 τῆς
1717 4748 1920 4819 κυρίως

341 4841 622 4897 Σαδδάτου
665 4839 754 4893 διά
781 4841 878 4910 τῆς
911 4840 1168 4909 χρονικῆς
1211 4839 1462 4908 περιόδου
1495 4840 1545 4894 εί
1581 4839 1798 4912 ἐμπέσῃ
1823 4841 1922 4893 a6-

341 4937 453 5000 τοῖς
495 4935 528 5004 ἡ
579 4931 762 5005 ἐορτὴ,
813 4929 1090 4984 Σάδδατον
1127 4931 1338 5000 ἡμέραν
1387 4929 1917 5002 προσαγορεύουσιν·

339 5031 480 5098 ὅπερ
541 5023 855 5095 σαφηνίζων
913 5022 944 5074 6
1007 5018 1210 5090 ὑψηλὸς
1265 5021 1540 5085 Matinio;
1567 5061 1583 5086 ,
1649 5024 1923 5087 Δευτερο-

344 5120 552 5189 πρώτῳ
583 5117 720 5187 (33),
768 5115 934 5186 φησὶ,
979 5109 1290 5176 Σαϐϐἀτφο
1339 5111 1438 5182 τὴν
1485 5111 1701 5184 ἡμέραν
1745 5114 1922 5185 δηλῶν

343 5214 442 5283 τὴν
467 5212 603 5282 μετὰ
625 5209 686 5264 τὺ
710 5207 897 5280 κύριον
922 5205 1196 5260 Σάϐϐατον
1222 5203 1407 5266 αὐτοῖς
1427 5203 1494 5257 δι’
1515 5205 1706 5276 ἑορτῆς
1725 5207 1925 5277 ἀργου-

348 5303 538 5375 μένην.
587 5301 779 5371 Μῆνας
811 5298 988 5352 τοίνυν
1027 5297 1062 5367 ἡ
1111 5295 1309 5366 σελήνη
1349 5295 1616 5361 ἀποτελεῖ,
1647 5295 1924 5360 ἐνιαυτοὺς

341 5397 400 5452 δὲ
430 5395 612 5467 ἦλιοςο
665 5396 698 5465 ἡ
750 5395 847 5464 μὲν
892 5394 957 5446 ἐκ
1005 5390 1256 5462 περιόδου
1321 5386 1548 5459 ἡμερῶν
1594 5387 1924 5460 πληρηφαὴς

341 5487 641 5558 γενομένη,
680 5487 709 5538 6
742 5484 800 5538 δὲ
847 5484 911 5536 ἐκ
953 5481 1208 5550 ,περιόδου
1255 5479 1438 5550 μηνῶν
1485 5477 1579 5531 ἐπὶ
1613 5476 1708 5531 τοῦ
1759 5477 1924 5533 αὑτοῦ

409 5665 458 5699 ⁸⁸
494 5663 633 5722 Gen.
668 5679 706 5729 ι,
739 5660 825 5715 Η.
902 5660 944 5690 ⁸⁷
985 5656 1088 5713 Isa.
1123 5675 1288 5725 mu,
1319 5659 1404 5715 15.
1481 5661 1527 5692 ⁸⁸
1563 5657 1696 5715 Luc.
1723 5674 1796 5725 vi,
1841 5657 1891 5724 l.

1680 399 2025 482 DlALQGUS
2054 401 2095 458 ι.
2181 367 2187 371 ’

3509 416 3624 474 νοτ

2439 524 2958 582 INTERROGATIO
3020 527 3206 586 XCVI.

2095 636 2236 703 Quid
2263 649 2346 694 est
2381 640 2504 706 hoc,
2555 642 2676 697 Sint
2713 645 2769 697 in
2805 645 2959 713 signa
2991 646 3120 698 etin
3175 655 3430 715 tenipora,
3485 653 3614 706 etin

2027 727 2161 792 dies,
2222 739 2273 783 et
2320 731 2376 783 in
2420 733 2691 787 annos“?
2745 733 2803 789 Si
2847 735 3070 805 quidem
3131 745 3388 792 asserunt
3441 741 3612 812 aliqul

2027 821 2197 875 multa
2235 837 2302 876 ex
2334 823 2622 896 principiis
2668 825 2789 882 istis
2815 826 3052 897 judicari
3099 828 3167 884 de
3197 829 3437 886 humana
3477 836 3614 888 nati-

2027 912 2217 966 vitate.

2659 1047 2964 1119 Responsio.

2093 1155 2569 1216 Circumscribunt
2615 1163 2836 1232 quidem
2879 1180 3034 1219 suam
3070 1167 3409 1225 nativitatem
3441 1183 3614 1227 astro-
3723 1151 3726 1156 I

2025 1245 2216 1317 logicis
2262 1252 2753 1322 supputationibus
2787 1255 2912 1309 vani
2966 1257 3239 1314 homines.
3291 1261 3449 1327 Quod
3483 1280 3613 1320 vero

2023 1352 2090 1392 ex
2117 1341 2285 1396 astris
2307 1358 2415 1396 non
2449 1343 2664 1412 possint
2689 1346 2992 1416 quidquam
3022 1353 3350 1420 portendere
3375 1355 3442 1412 de
3473 1374 3614 1413 mor-

2025 1431 2212 1487 talium
2243 1432 2375 1497 vita,
2410 1441 2645 1490 testatur
2668 1435 2858 1502 Isaias,
2890 1437 3082 1496 dicens
3115 1459 3129 1495 :
3162 1440 3400 1513 Surgunt
3437 1457 3614 1501 astro-

2022 1520 2131 1590 logi
2174 1522 2291 1576 cazli
2343 1525 2434 1593 qui
2486 1526 2674 1579 stellas
2711 1528 3005 1594 intuentur,
3055 1541 3104 1585 et
3147 1537 3459 1590 annuntient
3517 1538 3614 1590 tibi

2023 1611 2148 1681 quid
2179 1613 2420 1682 futurum
2467 1616 2624 1670 sit“.
2683 1618 2982 1700 Sedpaulo
3010 1631 3132 1691 post
3177 1624 3343 1682 latius
3389 1627 3609 1682 illorqu

2026 1703 2238 1760 fabulas
2269 1707 2578 1776 explicabo.
2615 1709 2781 1780 Signa
2807 1728 2937 1766 vero
2961 1714 3089 1769 ereti
3119 1722 3173 1769 et
3191 1725 3468 1772 astrorum
3495 1734 3610 1774 me-

2026 1797 2133 1849 rito
2166 1810 2581 1864 recenscantur,
2614 1802 2842 1868 imbres,
2867 1803 3050 1872 ﬁatus,
3076 1814 3455 1878 tempestates,
3485 1825 3603 1866 ver.

2026 1887 2151 1944 llaac
2178 1905 2244 1945 ex
2277 1891 2444 1946 astris
2475 1891 2742 1948 discimus
2772 1911 2869 1964 per
2900 1895 2990 1951 Dei
3021 1912 3152 1967 erga
3212 1915 3386 1968 genus
3420 1900 3609 1956 buma-

2024 1992 2156 2032 num
2190 1977 2513 2044 bonitatem,
2542 1989 2602 2035 ut
2634 1982 2689 2036 in
2731 1984 2865 2037 mari
2899 1994 3085 2050 nauta,
3139 1987 3355 2056 signum
3393 1990 3604 2055 videns,

2024 2065 2089 2118 ad
2137 2074 2356 2135 portum
2408 2083 2604 2123 navem
2655 2071 2924 2142 dirigens,
2977 2077 3325 2146 naufragium
3364 2077 3606 2149 eﬁ'ugiat,

2024 2165 2082 2210 ut
2122 2159 2360 2227 agricola
2407 2162 2849 2218 anniversarium
2877 2166 3175 2222 etesiarum
3203 2168 3420 2238 signum
3452 2184 3609 2225 secu-

2026 2260 2142 2312 tus,
2183 2250 2354 2306 fodiat
2391 2267 2609 2318 arvum,
2652 2264 2714 2308 ut
2744 2255 2925 2310 viator
2964 2258 3016 2312 in
3069 2259 3377 2316 diversorio
3423 2261 3614 2320 minus

2021 2339 2114 2393 diu
2144 2350 2391 2396 moratus
2419 2342 2644 2414 ellugiat
2681 2345 3030 2413 ingruentem
3063 2348 3293 2404 imbrem
3326 2357 3423 2403 aut
3448 2365 3608 2420 gran-

2022 2427 2227 2498 dinem;
2263 2430 2398 2486 ﬁuut
2427 2434 2581 2504 signa
2611 2443 2664 2490 et
2694 2435 2817 2489 belli
2843 2445 2898 2491 et
2938 2440 3111 2507 pacis,
3132 2455 3255 2510 quae
3287 2440 3357 2496 ad
3379 2439 3610 2500 Iudaeos

2021 2521 2357 2584 concionans
2385 2525 2737 2581 conﬁrmavit
2763 2526 3047 2584 Servator.

2421 2737 2945 2795 INT-ERIIOGATIO
2986 2741 3191 2799 XCVII.

2089 2847 2232 2916 Quid
2265 2850 2431 2922 igitur
2454 2854 2479 2906 ?
2535 2870 2665 2908 num
2700 2855 2844 2910 idem
2883 2865 3045 2926 putas
3070 2874 3194 2914 esse
3226 2859 3488 2933 temporis
3519 2879 3613 2919 ar-

2019 2941 2250 2998 ticulum
2282 2953 2336 2998 et
2362 2947 2576 3016 signum
2606 2955 2660 3001 et
2685 2948 2943 3017 tempus?
2975 2950 3125 3018 atqui
3156 2953 3431 3020 quomodo
3458 2953 3612 3010 Scri-

2018 3043 2179 3104 ptura
2209 3036 2572 3092 diﬁ‘ercntiam
2607 3038 2884 3104 indicans,
2934 3040 3119 3112 inquit
3156 3063 3167 3097 :
3206 3042 3275 3096 Et
3311 3046 3418 3098 sint
3441 3048 3495 3101 in
3532 3048 3611 3102 si-

2017 3142 2146 3195 gna,
2169 3137 2217 3181 et
2245 3128 2298 3182 in
2328 3139 2586 3200 tempora,
2634 3138 2683 3184 et
2714 3131 2767 3183 in
2797 3131 2930 3194 dies,
2960 3141 3009 3186 et
3034 3132 3087 3186 in
3115 3151 3280 3188 annos
3303 3137 3330 3191 Ρ

2653 3263 2965 3334 Responsio.

2090 3378 2252 3432 Aliud
2284 3377 2505 3448 quidem
2556 3384 2641 3432 est
2688 3385 2927 3449 tempus,
2981 3382 3130 3436 aliud
3165 3399 3296 3440 vero
3341 3391 3609 3458 temporis

2022 3469 2312 3525 articulus.
2341 3467 2476 3522 Nam
2524 3467 2657 3522 illud
2689 3469 2914 3539 quidem
2952 3474 3266 3540 prolixioris
3317 3479 3477 3547 spatii
3537 3483 3612 3534 sl-

2020 3563 2430 3636 gniﬁcationem
2467 3561 2648 3626 liabet,
2696 3561 2798 3616 hoc
2835 3578 2967 3617 vero
3021 3569 3472 3634 opportunitatis.
3510 3570 3611 3627 Ne-

2022 3671 2128 3726 que
2157 3656 2304 3711 enim
2334 3653 2570 3709 dicimus
2613 3672 2626 3706 :
2656 3653 2828 3707 Instat
2867 3655 3109 3723 spatiqu
3144 3658 3410 3725 temporis
3459 3674 3607 3715 mes-

2022 3747 2121 3809 sis,
2151 3754 2246 3798 aut
2288 3743 2597 3809 vindemiae,
2637 3745 2732 3796 sed
2771 3747 3189 3814 opportunitas;
3244 3763 3422 3817 neque
3475 3765 3608 3822 δρα.

2021 3839 2157 3891 tium
2188 3835 2453 3905 temporis
2489 3845 2546 3888 ut
2601 3835 2772 3888 nubat
2805 3835 3007 3904 puella,
3063 3837 3161 3893 sed
3217 3841 3604 3909 tempestivum

2021 3935 2108 3983 est
2141 3944 2155 3980 :
2191 3942 2314 3996 quae
2337 3924 2556 3996 quidem
2593 3939 2695 3978 nos
2731 3926 2951 3993 sapiens
2985 3925 3076 3981 ille
3110 3927 3270 3983 docet
3321 3928 3602 3988 Salomon.

2023 4017 2185 4086 Signa
2222 4022 2404 4069 autem
2457 4026 2734 4069 astrorum
2771 4016 2864 4068 illa
2921 4016 3082 4072 dico:
3139 4027 3322 4076 ortum
3381 4024 3603 4092 quidem

2022 4106 2279 4168 Pleiadis,
2317 4105 2535 4159 initium
2568 4105 2764 4160 messis
2793 4113 2846 4160 et
2877 4107 3242 4178 navigationis
3271 4127 3286 4177 ;
3343 4127 3602 4169 occasum

2021 4212 2170 4260 vero,
2219 4195 2517 4251 diversum.
2566 4194 2700 4249 Nam
2730 4197 2822 4252 ille
2871 4199 3095 4268 quidem
3144 4213 3465 4275 congregat,
3513 4205 3602 4260 hic

2025 4305 2154 4346 vero
2187 4289 2394 4359 spargit
2415 4289 2469 4342 in
2503 4288 2649 4343 arvis
2680 4289 2911 4344 semina.
2944 4289 3079 4346 Illud
3115 4301 3322 4362 autem,
3347 4295 3402 4350 in
3433 4297 3601 4361 diem,

2024 4397 2145 4451 qua:
2175 4380 2400 4451 periodo
2433 4381 2754 4450 septimana:
2797 4389 3036 4449 constat,
3073 4382 3218 4439 diem
3279 4387 3602 4444 sabbatismi

2022 4473 2177 4529 dicit.
2233 4472 2430 4526 Omnia
2463 4473 2608 4526 enim
2664 4471 2800 4527 festa
2835 4471 3085 4528 laborum
3136 4475 3602 4535 intermissionem

2023 4565 2301 4630 habentia,
2357 4564 2644 4619 sabbatum
2695 4565 2840 4636 apud
2898 4565 3155 4623 Hebraeos
3208 4569 3600 4638 appellantur:

2023 4670 2258 4726 quorum
2294 4655 2364 4710 ab
2422 4655 2561 4725 ipsis
2605 4663 2806 4724 praeter
2854 4655 3340 4713 hebdomadarium
3387 4661 3601 4731 cyelum

2024 4747 2132 4802 tria
2180 4747 2235 4802 in
2266 4761 2412 4801 anno
2451 4745 2831 4816 perﬁciuntur.
2874 4747 3180 4818 Aliquoties
3213 4750 3375 4806 etiam
3409 4760 3602 4822 praeter

2027 4854 2192 4910 quam
2230 4838 2450 4908 proprie
2501 4837 2708 4892 dictum
2749 4836 3075 4894 Sabbatum.
3135 4840 3260 4897 Dies
3289 4841 3435 4896 enim
3468 4841 3604 4896 Sab-

2023 4931 2138 4987 bati
2163 4939 2281 4986 erat
2307 4939 2361 4985 et
2390 4938 2607 5000 tempus
2632 4945 2744 5000 quo
2771 4932 3139 4988 vescebantur
3163 4931 3599 4989 infermentatis:

2027 5018 2278 5075 similiter
2320 5026 2376 5094 et
2429 5017 2784 5076 Pentecostes
2822 5038 2837 5076 :
2874 5019 2943 5074 ad
2975 5021 3227 5078 eumdem
3273 5022 3494 5078 modum
3547 5033 3606 5079 et

2028 5113 2396 5184 Scenopegiae.
2438 5111 2504 5166 Et
2523 5123 2678 5168 extra
2712 5113 2938 5185 proprie
2967 5113 3268 5169 Sabbatum
3302 5113 3535 5180 dictum,
3556 5114 3602 5170 si

2026 5205 2290 5275 temporis
2319 5204 2547 5275 periodo
2579 5205 2789 5261 incidat
2840 5206 2978 5276 ipsis
3024 5206 3248 5273 festum,
3298 5205 3601 5261 Sabbatum

2025 5294 2171 5352 diem
2207 5296 2511 5367 appellant;
2541 5296 2688 5367 quod
2721 5297 3012 5352 declarans
3051 5297 3286 5354 eximius
3315 5298 3604 5368 apostolus

2028 5387 2338 5455 Mattlraaus,
2378 5387 2612 5442 Sabbato
2642 5388 2870 5444 secundo
2902 5391 3098 5458 primo,
3149 5389 3392 5460 inquit“
3425 5407 3440 5444 :
3475 5402 3614 5442 eum.

2029 5477 2173 5534 diem
2241 5478 2582 5550 signiﬁcans,
2644 5477 2739 5548 qui
2797 5487 2921 5549 post
2965 5478 3265 5536 Sabbatum
3323 5477 3604 5550 proprium

413 5803 531 5876 ('53)
563 5797 1037 5872 Δευτερσπρὼτῳ.
1092 5796 1302 5871 Lapsus
1347 5795 1611 5854 memoria
1655 5796 1744 5854 hic
1787 5794 2002 5855 videtur
2041 5792 2335 5853 Caesarius.
2382 5793 2534 5852 lianc
2577 5793 2722 5853 enim
2774 5807 2964 5852 vocem
3020 5808 3162 5850 unus
3212 5788 3387 5848 Lucas
3424 5806 3497 5861 vr,
3551 5791 3608 5860 l,

340 5889 590 5945 lISuI‘pitl.
