4000 6406
333 424 438 480 οδες

329 533 495 601 ἔγγὺς
522 530 620 601 τὴν
657 530 1002 601 μεσημὸρίαν
1046 532 1367 604 γενόμενος,
1416 536 1477 588 ού
1530 532 1629 605 τὴν
1676 534 1908 604 ὑψηλὴν,

330 627 466 681 ἀλλὰ
512 627 614 698 τὴν
652 626 891 694 πλαγίαν
931 626 1133 692 ἐλθὼν,
1183 627 1522 700 βραχυτέρας
1555 628 1656 691 τὰς
1700 627 1913 698 ἡμέρας

331 718 643 790 ἐργάζεται.
667 717 836 781 Δύνας
863 718 923 772 δὲ
945 719 1023 789 τῷ
1050 720 1204 790 ἄκρῳ
1227 720 1322 772 τοῦ
1349 719 1603 791 ἑσπερίου
1626 719 1911 788 κλίματος,

332 810 521 864 κυκλοῖ
540 810 629 863 διὰ
652 810 751 880 τῆς
776 810 970 873 νυκτὸς
994 811 1174 864 πᾶσαν
1216 811 1316 881 τὴν
1343 810 1494 866 δύσιν
1527 812 1620 865 καὶ
1655 813 1911 880 Ἄρκτον,

331 900 425 953 καὶ
449 900 550 969 τὴν
579 898 742 969 ἑῴαν,
783 899 935 964 ὅπως
971 899 1155 973 φθάσῃ
1198 900 1361 955 πάλιν
1394 902 1455 955 τὸ
1492 900 1660 972 ἄκρον
1686 901 1785 970 τῆς
1818 917 1913 970 με-

331 990 643 1062 σημϐρίας,
695 990 906 1044 ἐκεῖθεν
952 992 1116 1046 πάλιν
1167 993 1268 1063 τῆς
1320 993 1591 1065 ἡμερινῆς
1632 991 1914 1062 ὠκύτητος

331 1080 652 1153 ἀρχόμενος.
695 1080 858 1135 Ὅθεν
894 1084 1124 1147 εἰκότως
1162 1084 1449 1153 συμϐαίνει
1478 1084 1578 1153 τὴν
1605 1083 1776 1137 νύκτα
1805 1099 1912 1153 μη-

331 1172 609 1236 κύνεσθαι,
640 1171 738 1243 τὴν
775 1173 833 1226 δὲ
861 1174 1076 1244 ἡμέραν
1110 1174 1495 1246 βραχύνεσθαι.
1523 1176 1691 1229 Ὅταν
1713 1176 1772 1230 δὲ
1804 1178 1913 1230 ἰσο-

330 1259 517 1332 μερῶς
567 1260 656 1315 διὰ
704 1261 869 1332 μέσου
920 1264 1213 1334 ίππηλατεῖ
1239 1264 1333 1317 τὸν
1361 1265 1574 1333 αἰθέρα,
1622 1265 1911 1338 ἰσημερίαν

326 1352 639 1423 ἐργάζεται.
685 1354 889 1424 Θέρους
931 1355 988 1409 δὲ
1025 1356 1187 1410 πάλιν
1228 1356 1416 1420 κλίνας
1456 1358 1551 1411 ἐπὶ
1592 1358 1653 1410 τὸ
1700 1357 1911 1427 βόρειον

328 1443 578 1511 ὑψοῦται,
602 1444 703 1513 τῆς
734 1445 831 1515 μὲν
861 1447 1054 1511 νυκτὸς
1087 1446 1513 1519 ὑφαιρούμενος,
1544 1451 1608 1519 τῇ
1639 1448 1697 1501 δὲ
1727 1449 1911 1523 ἡμέρᾳ

324 1534 746 1606 προστιθέμενος
765 1535 852 1589 διὰ
872 1537 965 1591 τοῦ
986 1538 1321 1610 βραχυτέρου
1341 1541 1400 1592 ἐν
1419 1542 1489 1611 τῇ
1510 1541 1665 1594 νυκτὶ
1681 1539 1906 1595 κύκλου.

338 1627 402 1679 Ὶι
426 1625 482 1679 δὲ
524 1626 742 1697 σελήνη,
782 1627 844 1681 ού
875 1628 1076 1683 τέλειον
1107 1630 1402 1701 μειουμένη
1435 1631 1734 1697 ἁλίσκεται,
1774 1632 1912 1687 ἀλλὰ

328 1717 609 1782 σκιάζεται
636 1717 731 1771 τοῦ
760 1718 945 1772 δίσκου
971 1719 1112 1773 κατὰ
1147 1721 1333 1792 μέρος,
1365 1721 1460 1774 καὶ
1496 1722 1642 1776 ἔστιν
1670 1723 1909 1795 ἀθρῆσαι

328 1808 620 1877 φαίνουσαν
643 1808 815 1881 αὐτὴν
844 1810 941 1864 καὶ
966 1809 1241 1881 λήγουσαν
1265 1811 1372 1863 ὑπὸ
1403 1813 1461 1865 τὸ
1496 1812 1656 1881 νέφος
1691 1813 1909 1877 σκιαζο-

331 1899 522 1967 μένην,
554 1890 665 1951 οἷον
707 1898 887 1952 εἰκόνα
922 1900 1384 1971 παραπετάσματι
1416 1901 1705 1972 βόμϐυκος.
1742 1902 1911 1957 Πάλιν

326 1989 373 2042 δ’
401 1990 882 2061 ὲπαμφιεννυμένη
910 1991 972 2044 τὸ
1010 1992 1148 2060 φῶς,
1193 1993 1586 2065 συνελκομένου
1610 1994 1705 2047 τοῦ
1735 2013 1909 2067 παρα-

328 2079 713 2150 πληρώματος,
731 2080 886 2152 δίκην
916 2080 1184 2151 βασιλίδος
1202 2085 1466 2155 πρόεισιν,
1489 2088 1724 2158 ἐναργὴς
1745 2085 1911 2141 είκὼν

327 2169 646 2240 ὑπάρχουσα
666 2169 764 2240 τῆς
796 2170 1071 2243 ἡμετέρας
1100 2173 1337 2242 φύσεως,
1377 2178 1713 2248 γεννωμένη,
1759 2177 1912 2241 αὐξο-

329 2265 488 2333 μένη,
512 2264 888 2337 πληρουμένη,
922 2268 1201 2336 φθίνουσα,
1230 2269 1619 2340 ὲλαττουμένη,
1654 2270 1906 2337 δύνουσα,

326 2355 387 2408 οὐ
419 2355 603 2409 τέλεον
651 2357 708 2411 δὲ
746 2358 1116 2429 ἀπολλυμένη.
1167 2360 1570 2430 Παραπλησίως
1604 2363 1698 2415 καὶ
1750 2364 1911 2433 ἡμεῖς

323 2447 665 2518 γεννώμεθα,
696 2446 954 2519 αὔξομεν,
999 2448 1355 2520 πληρούμεθα
1384 2451 1442 2503 ἐν
1469 2452 1650 2521 γήρει,
1682 2449 1911 2507 είθιοῦ-

322 2552 432 2599 τως
456 2535 698 2608 λήγομεν
721 2540 787 2607 τῇ
813 2536 934 2608 ῶρᾳ.
956 2538 1052 2608 τῆς
1072 2537 1267 2606 ὅψεως,
1303 2538 1560 2609 φθίνομεν
1589 2542 1656 2611 τῇ
1685 2542 1910 2614 εὐχροίᾳ

321 2626 421 2679 καὶ
452 2626 679 2699 εὑανθίᾳ
723 2628 824 2697 τῆς
865 2631 1120 2699 παρειᾶς,
1170 2628 1233 2681 τὸ
1281 2629 1511 2700 ἐρυθρὸν
1542 2629 1907 2702 ὠχριώμενοι.

336 2716 736 2787 Ἐλαττούμεθα
764 2718 862 2790 τὴν
890 2718 1080 2790 ῥώμην
1119 2719 1215 2773 τοῦ
1243 2718 1513 2790 σώματος,
1552 2722 1909 2792 κυρτοϐατεῖν

323 2807 637 2878 ἀρχόμενοι,
668 2808 764 2862 καὶ
796 2809 1069 2881 βακτηρίᾳ
1096 2810 1495 2881 ύπερείδεσθαι,
1520 2812 1658 2881 πρὸς
1678 2813 1785 2882 γῆν
1823 2831 1912 2867 νεα

324 2896 596 2960 νευκότες,
618 2896 710 2950 καὶ
732 2896 821 2950 διὰ
842 2896 935 2950 τοῦ
968 2900 1244 2968 σχήματος
1273 2898 1444 2969 αὐτὴν
1470 2901 1873 2972 μαρτυρόμενοι
1888 2919 1906 2935 ο

336 2986 467 3039 Ἰδοὺ
503 2986 897 3058 παραγίνομαι.
956 2988 1296 3059 Θνήσκομεν,
1327 2990 1423 3042 καὶ
1462 2990 1544 3054 είς
1571 2991 1744 3064 αὐτὴν
1770 2994 1902 3046 ἀποο

322 3078 563 3149 λήγομεν
595 3080 828 3149 σώματι,
859 3079 965 3132 ούκ
1009 3079 1373 3151 ἀπολλύμενοι
1407 3080 1701 3151 πνεύματι.
1751 3084 1911 3138 Ἀλλὰ

330 3170 526 3242 μικρὸν
565 3168 793 3241 ὕστερον
835 3169 896 3223 τὸ
928 3169 1190 3224 ἀποτεθὲν
1226 3171 1442 3241 ἱμάτιον
1491 3171 1593 3243 τῆς
1643 3173 1845 3245 σαρκὸς
1875 3176 1909 3245 ἡ

324 3261 472 3332 ψυχὴ
496 3260 657 3314 πάλιν
686 3261 1093 3332 περιϐάλλεται.
1125 3264 1198 3315 Οὐ
1221 3262 1331 3335 γὰρ
1354 3263 1468 3332 ἐγὼ
1493 3264 1557 3318 τὸ
1584 3265 1765 3337 σῶμα,
1794 3267 1910 3320 ἀλλ’

324 3352 440 3422 ἐγὼ
471 3353 624 3424 μὲνὴ
650 3352 817 3424 ψυχὴ,
836 3352 968 3424 ἐμὸν
997 3354 1055 3407 δὲ
1081 3353 1143 3407 τὸ
1169 3354 1328 3425 σῶμα
1357 3356 1450 3409 καὶ
1469 3356 1569 3409 ὅσα
1591 3356 1693 3427 τῆς
1712 3357 1921 3429 χέρσου

324 3442 589 3513 ὲκφύεται
614 3459 626 3473 ·
660 3443 781 3496 ὅθεν
806 3443 899 3496 καὶ
932 3442 1110 3499 τοῦτο.
1165 3444 1334 3498 Πάλιν
1370 3445 1427 3497 δὲ
1462 3445 1601 3516 μετὰ
1626 3447 1726 3517 τὴν
1758 3445 1912 3518 λῆξιν

324 3534 581 3601 γεννᾶται
608 3534 643 3605 ἡ
698 3532 927 3611 φαίναξ,
976 3534 1141 3587 οἱονεὶ
1194 3534 1491 3590 άναὸιοῦσα
1510 3540 1578 3609 τῇ
1615 3536 1737 3607 ὕψει
1766 3554 1911 3610 παρ-

326 3624 612 3696 ισταμένη.
660 3625 816 3678 Ἐπεὶ
849 3626 943 3679 καὶ
973 3627 1133 3697 ἡμεῖς
1158 3628 1217 3681 ὲν
1252 3627 1411 3698 τάφῳ
1452 3628 1713 3699 λήξαντες
1751 3630 1914 3685 πάλιν

325 3714 769 3785 ἁναστησόμεθα,
809 3714 973 3767 οἱονεὶ
995 3714 1468 3785 παλιγγενόμενοι,
1486 3717 1627 3770 κατὰ
1655 3718 1755 3789 τὴν
1785 3719 1914 3789 θεη-

325 3802 518 3874 γορίαν
544 3817 560 3834 ·
590 3801 778 3855 Ὅταν
798 3795 913 3855 οὖν
938 3800 1090 3868 ἔλθῃ
1122 3804 1156 3855 ό
1193 3800 1327 3865 Υἱὸς
1358 3802 1465 3854 τοῦ
1501 3801 1817 3868 ἀνθρώπου
1840 3804 1912 3856 ἐν

325 3892 401 3962 τῇ
422 3890 852 3962 παλινγενεσίᾳ
870 3906 885 3921 ο
917 3890 1015 3960 τῆς
1040 3890 1391 3955 ἀναστάσεως
1412 3889 1570 3961 ἡμῶν
1600 3891 1691 3945 τὸν
1719 3894 1910 3963 καιρὸν

325 3983 394 4037 ὲκ
420 3982 610 4037 τούτου
639 3980 841 4053 δηλῶν.

338 4096 343 4101 ’
399 4092 448 4126 ⁷³
485 4092 675 4149 Matth.
710 4107 826 4159 xu,
854 4090 950 4146 28.

1745 406 2089 465 DlALOGUS
2144 407 2207 463 il.

3484 414 3590 472 ωδ

2016 531 2111 588 sed
2148 546 2314 601 prope
2362 534 2645 589 meridiem
2692 534 3048 599 constitutus,
3102 548 3211 588 non
3255 535 3445 606 altam,
3488 537 3586 592 sed

2016 624 2287 693 obliquam
2324 624 2584 681 incedens
2613 626 2781 688 viam,
2817 627 3097 681 breviores
3137 627 3296 681 nobis
3337 627 3456 682 dies
3501 627 3587 681 ef—

2014 713 2143 768 ficit.
2176 701 2446 771 Occidens
2486 732 2618 771 vero
2671 717 2729 773 in
2786 732 3003 772 smmno
3055 717 3227 787 plagae
3268 719 3591 787 vespertina:

2012 805 2186 860 ambit
2217 821 2315 875 per
2344 818 2559 862 noctem
2600 823 2819 863 omnem
2849 807 3191 862 occidentem
3216 848 3228 867 .
3259 817 3314 862 et
3339 808 3588 870 Arctum,

2011 906 2063 953 et
2087 898 2378 960 orientem,
2413 916 2523 969 quo
2550 901 2834 970 perveniat
2863 915 3055 954 rursus
3077 900 3142 951 ad
3174 913 3447 955 summum
3476 914 3594 955 me-

2012 988 2194 1055 ridici,
2226 989 2353 1044 inde
2381 1006 2578 1046 rursus
2606 989 2863 1044 diurnum
2903 991 3136 1045 celerem
3185 1005 3408 1045 cursum
3453 991 3592 1046 inei-

2012 1080 2186 1150 piens.
2220 1081 2393 1146 Unde,
2424 1098 2522 1137 ceu
2562 1091 2801 1148 constat,
2858 1083 3062 1137 accidit
3100 1090 3158 1136 ut
3204 1099 3309 1137 nox
3352 1085 3590 1154 longior,

2011 1171 2127 1227 dies
2160 1187 2287 1227 vero
2317 1174 2538 1228 brevior
2568 1171 2853 1228 efﬁciatur.
2886 1172 3119 1240 Quando
3153 1189 3283 1229 vero
3307 1178 3592 1245 aequaliter

2011 1275 2108 1330 per
2154 1261 2389 1315 medium
2447 1262 2559 1331 agit
2614 1264 2852 1326 aethera,
2919 1263 3306 1331 aequinoctium
3357 1266 3589 1334 perficit.

2010 1348 2224 1404 Estate
2257 1365 2388 1404 vero
2424 1365 2621 1406 rursus
2654 1352 2722 1405 ad
2782 1351 3057 1406 borealem
3093 1368 3325 1422 vergens
3373 1355 3590 1424 plagam

2010 1441 2289 1507 elevatur;
2318 1456 2381 1496 ae
2407 1444 2554 1496 nocti
2597 1441 2816 1513 quidem
2862 1442 3065 1507 aufert,
3113 1445 3266 1499 addit
3308 1460 3441 1499 vero
3482 1445 3590 1499 diei

2011 1545 2110 1600 per
2142 1532 2444 1586 breviorem
2480 1534 2659 1588 noctis
2687 1533 2976 1588 circulum.
3039 1534 3193 1588 Luna
3244 1543 3426 1589 autem
3476 1550 3588 1588 non

2011 1635 2240 1689 prorsus
2264 1635 2361 1689 per
2390 1622 2824 1678 imminutionem
2865 1624 3097 1680 deficere
3133 1625 3589 1702 deprehendLIur,

2013 1710 2109 1765 sed
2140 1727 2206 1765 ex
2248 1722 2401 1780 parte
2442 1713 2595 1767 orbis
2644 1714 2994 1770 inumbratur
3048 1733 3063 1769 :
3118 1716 3403 1785 ipsamque
3442 1715 3592 1784 aspi-

2012 1815 2139 1856 cere
2204 1801 2332 1857 licet
2396 1802 2806 1857 decrescentem
2865 1811 3033 1873 atque
3086 1803 3428 1858 deiicientem
3484 1802 3595 1857 sub

2012 1893 2157 1947 nube
2180 1893 2553 1957 obscuratam,
2587 1910 2707 1963 quae
2739 1895 2906 1950 veluti
2939 1905 3088 1950 veste
3116 1895 3442 1965 bombycina
3479 1909 3593 1948 rur-

2012 1999 2108 2039 sus
2136 1982 2324 2039 induta
2359 1984 2499 2047 luce,
2534 1992 2769 2041 attracto
2799 1986 3227 2055 complementa,
3280 1987 3457 2039 instar
3501 2000 3592 2039 re-

2010 2075 2149 2146 gium
2173 2080 2436 2145 procedit.
2466 2075 2673 2147 Estque
2700 2076 2925 2133 evidens
2950 2078 3129 2147 imago
3155 2084 3358 2132 nostra:
3380 2088 3593 2132 natura:

2011 2181 2267 2230 nascens,
2309 2182 2589 2231 crescens,
2633 2168 2831 2239 plena,
2873 2169 3223 2232 decrescens,
3275 2169 3589 2234 imminuta,

2010 2257 2290 2322 occidens,
2316 2273 2424 2313 non
2457 2268 2636 2314 tamen
2674 2276 2902 2330 prorsus
2928 2261 3280 2317 intercidens.
3316 2262 3594 2317 Consimi-

2010 2344 2137 2399 liter
2169 2354 2226 2400 et
2252 2361 2354 2401 nos
2383 2346 2689 2410 nascimur,
2721 2349 3061 2413 crescimus,
3094 2350 3160 2403 ad
3191 2350 3589 2419 plenitudinem

2010 2436 2295 2492 evadimus
2319 2436 2373 2491 in
2406 2444 2689 2492 senectute
2715 2455 2730 2492 :
2762 2438 2838 2492 ita
2868 2439 3065 2493 deinde
3086 2439 3374 2496 deficimus
3403 2441 3592 2511 vigore

2010 2527 2193 2591 faciei,
2228 2528 2605 2585 decrescimus
2625 2528 2898 2599 elegantia
2927 2530 3152 2592 coloris,
3190 2540 3246 2585 et
3290 2531 3465 2600 gratia
3490 2530 3594 2585 ﬁo-

2013 2620 2088 2674 ris
2120 2621 2172 2673 in
2204 2620 2380 2684 vultu,
2415 2620 2601 2675 rubori
2634 2621 2897 2689 pallorem
2931 2621 3364 2676 introducentes.
3396 2622 3589 2675 Immi-

2010 2711 2232 2765 nnimur
2262 2711 2509 2780 corporis
2543 2712 2763 2776 robore,
2789 2712 3110 2781 incipientes
3135 2713 3390 2768 incedere
3411 2712 3592 2777 curvi,

2011 2810 2066 2857 et
2091 2802 2248 2856 inniti
2279 2802 2498 2865 baculo,
2529 2802 2597 2856 ad
2632 2812 2832 2859 terram
2864 2803 3144 2861 inclinari.
3172 2815 3226 2859 et
3261 2805 3380 2873 ipso
3402 2804 3594 2858 habitu

2011 2891 2183 2961 ipsam
2240 2891 2584 2946 obtestantes
2624 2890 2802 2947 :Ecce
2842 2892 3059 2948 adsum.
3103 2892 3387 2957 Moriuntur,
3434 2902 3489 2950 et
3537 2895 3595 2948 in

2014 2981 2186 3052 ipsam
2211 2982 2515 3037 desinimus
2543 2997 2793 3051 corpore,
2829 2999 2941 3037 non
2974 2992 3155 3038 tamen
3205 2985 3595 3041 intercidentes

2014 3074 2233 3143 Spiritu,
2264 3075 2360 3130 sed
2393 3075 2555 3144 paulo
2578 3085 2702 3143 post
2727 3075 2979 3143 deposito
3024 3074 3211 3129 carnis
3258 3075 3423 3144 pallio
3467 3090 3594 3128 rur-

2013 3181 2110 3220 sus
2135 3167 2315 3219 anima
2339 3167 2586 3221 vcstitur.
2618 3165 2737 3220 Non
2769 3165 2914 3220 enim
2947 3180 3048 3236 ego
3074 3181 3195 3221 sum
3227 3181 3429 3235 corpus
3450 3206 3464 3231 ,
3496 3167 3593 3222 sed

2013 3270 2113 3326 ego
2135 3255 2355 3325 quidem
2405 3257 2612 3318 anima,
2659 3269 2839 3310 meum
2893 3262 3076 3310 autem
3117 3254 3223 3309 hoc
3267 3270 3493 3326 corpus,
3539 3265 3596 3311 et

2014 3363 2359 3420 quaecunque
2384 3364 2448 3402 ex
2486 3357 2629 3402 terra
2664 3354 2968 3402 nascuntur
2998 3365 3012 3401 :
3048 3348 3193 3402 unde
3224 3356 3279 3403 et
3321 3349 3422 3404 hoc
3468 3364 3598 3404 rur-

2016 3457 2113 3499 sus
2140 3450 2262 3511 post
2293 3441 2574 3496 interitum
2604 3440 2872 3503 nascitur,
2903 3446 2963 3492 ut
2991 3439 3122 3492 luna
3148 3454 3269 3509 quae
3297 3439 3464 3493 veluti
3506 3454 3595 3494 re-

2009 3534 2302 3597 viviscens,
2325 3532 2427 3587 sub
2450 3543 2729 3602 aspectum
2753 3532 3010 3587 omnibus
3035 3533 3203 3587 venit.
3229 3531 3595 3602 Quandoqui-

2011 3626 2214 3683 demet
2243 3642 2347 3682 nos
2374 3628 2426 3680 in
2460 3626 2715 3694 sepulcro
2770 3625 3133 3690 intereuntes,
3182 3640 3377 3679 rursus
3409 3640 3596 3679 resuro

2010 3732 2226 3788 gamus,
2258 3718 2411 3785 quasi
2448 3715 2625 3770 renati
2651 3715 2956 3770 secundum
2997 3715 3223 3769 verlmm
3277 3713 3411 3767 illud
3450 3713 3594 3768 divi-

2014 3822 2146 3861 num
2178 3807 2441 3869 τραπηάο
2486 3807 2679 3859 venerit
2727 3802 2905 3858 Filius
2943 3805 3171 3857 hominis
3208 3803 3261 3855 in
3314 3819 3593 3872 regenera-

2015 3898 2154 3949 tione
2179 3895 2266 3947 τί
2309 3911 2420 3965 quo
2448 3905 2652 3951 nostrae
2693 3894 3121 3950 resurrectionis
3169 3903 3384 3963 tempus
3423 3893 3595 3963 signi-

2015 3987 2227 4040 ﬁeatur.

324 4248 3581 4280 v————_—_———_——_———-—————--——-—_————_“

728 4371 1279 4462 ΔΙΑΛΟΓΟΣ
1368 4373 1456 4456 BI

916 4601 1047 4655 ΠΕΥ
1059 4601 1163 4654 ΣΙΣ
1190 4601 1314 4655 PA‘.

327 4692 339 4716 ‘
412 4690 627 4761 Ἐπειδὴ
650 4691 964 4764 ⁴ἠκούσαμέν
994 4709 1088 4745 σου
1112 4692 1238 4763 χθὲς
1268 4691 1404 4763 πρὸς
1432 4690 1560 4754 τοὺς
1587 4689 1902 4760 ἐρωτήσαν-

328 4794 431 4842 τας
457 4779 720 4845 εἰπόντος,
751 4781 956 4850 ἄψυχον
985 4777 1247 4852 εἶναιτὴν
1276 4780 1382 4851 γῆν
1401 4799 1415 4813 ο
1451 4781 1502 4833 εί
1530 4779 1737 4850 ἄψυχός
1770 4781 1909 4845 ἐστι,

331 4869 451 4933 πῶς
481 4869 757 4941 άπογεννᾷ
789 4872 861 4925 τὰ
891 4871 1141 4943 ἔμψυχα,
1175 4872 1324 4942 βοῦν,
1364 4872 1654 4945 πρόϐατον,
1700 4871 1910 4939 λέοντα,

328 4961 621 5035 δράκοντα,
655 4963 751 5016 καὶ
778 4962 846 5016 τὰ
874 4961 999 5031 ἑξῆς
1020 4961 1152 5032 γένη
1186 4961 1397 5032 κτηνῶν
1418 4963 1515 5017 καὶ
1541 4962 1785 5035 ἑρπετῶν
1820 4965 1914 5018 καὶ

331 5052 537 5124 θηρίων
559 5051 654 5106 καὶ
677 5052 786 5108 τῶν
820 5052 1023 5107 λοιπῶν
1043 5069 1059 5118 ;

930 5143 1290 5212 Ἀπόκρισις.

406 5230 572 5287 Οὐδὲν
628 5233 867 5299 τούτων,
913 5232 1155 5305 ἔμψυχον
1202 5234 1306 5304 γῆν
1362 5251 1444 5288 σοι
1494 5236 1871 5292 ἀποδείκνυσιν
1895 5254 1909 5269 ·

335 5323 460 5376 ἐπεὶ
499 5323 672 5389 οὕτως
702 5325 948 5396 δώσομεν
997 5326 1216 5390 πάντως
1242 5325 1337 5378 καὶ
1367 5325 1466 5396 τὴν
1495 5326 1739 5397 ἄμπελον
1774 5325 1912 5397 μετὰ

333 5414 441 5470 τῶν
471 5414 711 5487 βοτρύων
754 5416 1227 5473 ὑπολανθάνουσαν
1248 5458 1264 5485 ,
1296 5416 1508 5488 ἁθρόως
1547 5417 1870 5489 ἀναδοθῆναι
1890 5434 1908 5450 ο

336 5508 432 5563 καὶ
479 5508 571 5563 τὸν
621 5508 841 5577 φοίνικα
887 5509 1085 5580 καρπῷ
1137 5510 1320 5582 πλήρη
1366 5508 1649 5580 ὑποφύντα
1694 5512 1761 5581 τῇ
1816 5510 1911 5581 γῇ,

335 5598 552 5669 ἀθρόως
586 5599 935 5670 ἀναπηδῆσαι
960 5599 1100 5668 πρὸς
1139 5599 1240 5667 τὴν
1269 5600 1594 5670 ἐπιφάνειαν
1635 5599 1782 5671 ἢτὺν
1813 5617 1915 5653 πυ-

334 5691 431 5764 ριν
462 5691 578 5761 (54)
622 5692 803 5763 πλήρη
852 5690 1074 5760 στάχυν.
1095 5690 1191 5743 καὶ
1234 5690 1372 5762 πρὸς
1419 5692 1631 5765 ἀμητὸν
1672 5691 1911 5763 ἕτοιμον,

417 5845 528 5917 (34)
568 5842 785 5913 Πυρόν.
817 5840 981 5897 Forte
1008 5839 1215 5913 πυρῶν.
1243 5837 1401 5897 Eon.

2384 4358 2979 4450 DlALOGUS
3077 4352 3251 4450 Il.-

2475 4591 2995 4652 INTERROGATIO
3035 4594 3120 4651 Cl.

2083 4683 2539 4754 Quandoquidem
2596 4688 2909 4743 audivimus
2963 4688 3082 4743 beri
3131 4696 3184 4744 te
3237 4689 3305 4744 ad
3359 4706 3453 4747 eos
3498 4693 3593 4763 qui

2013 4778 2407 4847 quaesiverant,
2444 4777 2744 4844 dicentem,
2787 4780 3146 4834 inanimatam
3181 4796 3306 4837 esse
3353 4790 3592 4849 terram;

2014 4870 2062 4923 si
2095 4869 2340 4922 inanima
2362 4875 2471 4931 est,
2503 4870 2779 4939 quomodo
2819 4879 3045 4942 generat
3069 4871 3334 4938 animata,
3374 4873 3592 4940 bovem,

2014 4972 2195 5023 ovem,
2233 4960 2471 5025 lennem,
2513 4959 2810 5015 draconem
2858 4968 2914 5016 et
2952 4970 3151 5017 caetera
3183 4978 3385 5033 genera
3428 4978 3593 5033 peco-

2014 5066 2159 5117 rum,
2191 5059 2247 5108 et
2279 5051 2579 5123 reptilium,
2617 5061 2674 5108 et
2708 5053 3052 5109 bestiarum?

2646 5143 2952 5213 Responsio.

2084 5231 2231 5287 Nihil
2264 5233 2458 5288 horum
2488 5234 2785 5289 animatam
2819 5243 3023 5290 terram
3054 5251 3180 5294 esse
3214 5238 3592 5297 demonstrat:

2014 5325 2286 5396 siquidem
2318 5325 2423 5381 hoc
2456 5328 2617 5382 modo
2668 5329 3038 5385 concedemus
3079 5330 3307 5386 omnino
3338 5338 3391 5386 et
3432 5331 3592 5386 vitem

2015 5432 2141 5472 cum
2180 5415 2358 5472 botris
2394 5415 2833 5486 delitescentem,
2881 5419 3174 5476 confestim
3221 5423 3490 5491 proferri;
3538 5431 3594 5476 et

2017 5507 2256 5581 palmam
2286 5505 2539 5562 arborem
2569 5506 2810 5563 fructum
2835 5509 3060 5580 plenum
3091 5512 3460 5582 proferentem
3489 5512 3596 5565 sub

2020 5606 2169 5653 terra
2213 5611 2340 5652 mox
2386 5596 2612 5652 exsilire
2649 5605 2710 5652 ut
2757 5608 3058 5670 appareat;
3099 5609 3193 5655 aut
3247 5612 3304 5655 tu
3346 5600 3592 5654 triticum

2019 5688 2236 5759 plenam
2265 5686 2475 5759 spicam
2499 5694 2552 5745 et
2585 5688 2653 5745 ad
2691 5703 2927 5748 messem
2958 5696 3210 5765 paratam
3240 5691 3437 5747 subtus
3464 5702 3595 5760 pro-
