4000 6414
458 382 564 439 967

459 504 673 569 tendat,
705 517 1012 572 rursusque
1044 501 1232 557 divino
1259 509 1534 573 praecepto
1570 500 1802 555 oriatur.
1841 498 2044 555 Verum

460 610 571 652 non
619 595 782 650 habet
822 597 1093 650 rationem
1127 593 1452 651 similitudo.
1488 590 1622 648 Nam
1657 591 1706 648 si
1751 600 1895 647 terra
1929 592 2050 647 ani-

459 694 608 743 mata
651 702 720 742 ex
758 700 827 742 eo
863 692 969 753 est,
1023 685 1172 757 quod
1210 684 1449 740 animata
1495 682 1727 754 profert,
1769 698 1833 740 se
1867 683 2044 754 ipsam

461 777 645 833 anima
664 775 932 833 destituit.
965 773 1101 829 Nam
1129 773 1225 845 qui
1248 773 1489 828 animam
1512 771 1717 838 educit,
1754 770 1872 827 sive
1888 786 2044 828 suam

460 864 578 919 sive
608 862 870 934 proximi,
905 871 1161 920 mortuus
1187 861 1417 918 omnino
1445 868 1500 916 et
1527 858 1799 917 exanimis
1823 866 1931 927 est,
1962 860 2046 914 vi-

462 956 626 1013 talem
658 969 883 1011 causam
916 954 964 1024 ej
974 954 1175 1010 ieiens.

919 1041 1448 1100 lNTERROGATIO
1487 1043 1600 1098 Cll.

532 1139 675 1196 Num
707 1138 896 1211 igitur,
936 1135 1383 1209 quandoquidem
1421 1135 1677 1192 homines
1709 1132 1952 1192 viventia
1989 1141 2047 1190 et

461 1231 702 1288 animata
731 1237 1017 1301 generant,
1050 1227 1203 1284 edito
1228 1229 1284 1283 iu
1316 1227 1493 1283 lucem
1524 1226 1736 1284 infante
1768 1226 2047 1284 inanimus

460 1322 686 1380 relictus
713 1321 836 1378 est?

1095 1413 1409 1484 Responsio.

528 1502 738 1563 Verum
768 1505 907 1562 nihil
937 1505 1087 1562 aliud
1115 1522 1281 1575 quam
1311 1499 1577 1576 'orgauum
1602 1505 1768 1561 homo
1792 1513 2045 1576 generat,

455 1599 697 1655 animam
740 1605 926 1656 autem
972 1598 1216 1654 immittit
1258 1599 1420 1654 Deus.
1469 1597 1752 1669 Nusquam
1795 1599 1943 1654 enim
1990 1598 2046 1652 in

457 1686 748 1758 Scriptura
773 1686 983 1743 dictum
1013 1695 1099 1744 est
1124 1705 1139 1742 :
1174 1687 1447 1743 Producat
1474 1688 1672 1742 mulier
1689 1688 1927 1743 animam
1966 1692 2047 1743 vi-

454 1788 711 1847 ventem;
768 1795 946 1850 neque
989 1779 1136 1850 quod
1186 1779 1297 1835 Eva
1350 1780 1690 1850 concipiens,
1745 1789 1841 1834 aut
1882 1778 2052 1843 Sara,

456 1877 555 1926 aut
603 1870 880 1926 Elisabeta
932 1870 1260 1941 produxerit
1305 1870 1572 1938 animam,
1618 1869 1715 1925 sed
1762 1872 1906 1941 quod
1952 1886 2046 1940 ge-

457 1960 645 2015 nuerit
700 1959 967 2015 infantem
1016 1975 1267 2030 puerum.
1313 1958 1426 2015 Cur
1462 1959 1756 2030 caeteroqui
1793 1959 2046 2031 plurimae

459 2057 667 2107 matres
699 2058 968 2121 generant
1001 2050 1117 2106 sola
1146 2064 1405 2121 corpora,
1437 2050 1619 2105 anima
1653 2050 1938 2114 destituta,
1968 2050 2045 2106 si-

455 2141 678 2212 quidem
709 2148 963 2213 poterant
1010 2142 1312 2199 animatum
1351 2140 1656 2213 producere
1684 2142 1900 2199 fetum?
1936 2144 2044 2197 Aut

455 2248 630 2306 quare
659 2233 831 2290 fctum
877 2241 1155 2290 mortuum
1203 2235 1399 2300 enixa,
1449 2250 1620 2305 super
1665 2250 1733 2291 eo
1769 2235 1958 2305 lugent
1988 2241 2046 2289 et

458 2327 699 2400 plorant,
738 2333 794 2384 et
831 2342 941 2382 non
995 2343 1120 2383 mox
1175 2329 1415 2383 animam
1454 2328 1653 2383 indunt
1701 2337 1966 2384 mortuo:
1995 2327 2042 2383 si

457 2418 679 2491 quidem
702 2419 888 2474 denuo
915 2419 996 2476 fas
1026 2428 1145 2476 erat
1166 2419 1405 2475 animam
1438 2421 1736 2490 generare?
1758 2418 2045 2486 Quomodo

456 2524 590 2566 vero
617 2509 854 2581 quodvis
890 2510 1197 2565 animatum
1230 2511 1380 2567 ferro
1404 2511 1707 2568 dissectum
1741 2518 1836 2566 aut
1870 2511 2045 2567 lania-

458 2606 602 2667 tum,
630 2617 759 2657 mox
793 2603 1118 2673 sanguinem
1147 2602 1432 2674 profundit
1456 2603 1633 2659 instar
1664 2604 1950 2667 torrentis,
1989 2610 2045 2658 et

458 2693 892 2762 circumquaque
955 2694 1231 2749 rnbefacit
1294 2693 1643 2764 subjectum?
1718 2702 1866 2750 terra
1912 2709 2046 2749 vero

459 2791 616 2839 arata
646 2785 977 2855 pastinoqne
1001 2786 1265 2851 dissecta,
1290 2796 1346 2842 et
1378 2786 1433 2840 in
1456 2792 1679 2857 puteum
1709 2786 1908 2843 eﬂ'ossa
1934 2802 2043 2842 non

458 2874 683 2941 clamat,
732 2890 842 2930 non
894 2875 1072 2930 reddit
1121 2877 1466 2947 sanguinem,
1500 2891 1609 2931 non
1659 2877 1878 2941 ruhelit,
1932 2892 2045 2948 non

459 2968 791 3022 contradicit
836 2968 1283 3038 percussoribus,
1342 2977 1403 3024 ut
1447 2969 1690 3023 animata
1729 2968 1913 3023 omnia
1953 2983 2046 3023 so-

459 3058 613 3115 lent?
658 3057 947 3126 Quomodo
1011 3074 1142 3115 vero
1196 3059 1385 3116 allium
1441 3068 1497 3115 et
1552 3074 1719 3129 cepas,
1783 3066 1881 3113 aut
1924 3060 2046 3114 aliae

457 3148 660 3221 planta:
690 3149 868 3205 cultro
895 3150 978 3206 vel
1002 3150 1140 3206 falce
1172 3158 1468 3222 amputata:
1496 3150 1763 3220 sanguine
1781 3165 1892 3205 non
1920 3165 2046 3221 per-

460 3238 790 3305 funduntur,
822 3242 868 3296 si
899 3241 1120 3312 quidem
1155 3240 1411 3296 animata:
1437 3247 1570 3297 sunt
1603 3241 1902 3297 secundum
1931 3240 2047 3296 Ma-

459 3328 707 3385 nichacus
734 3330 1062 3400 vaniloquos
1087 3337 1143 3383 et
1185 3330 1404 3393 stultos,
1438 3330 1533 3399 qui
1566 3329 1785 3385 fetidam
1816 3329 2046 3384 maledi-

459 3420 699 3475 centiam
756 3419 814 3473 iu
863 3421 980 3476 suis
1031 3420 1323 3476 animabus
1386 3420 1824 3476 circumferunt?
1872 3420 2046 3478 Omne

461 3517 648 3565 autem
673 3510 979 3566 animatum
1004 3519 1283 3566 terrenum
1312 3520 1368 3568 et
1393 3513 1668 3567 marinum
1694 3514 1919 3568 omnino
1932 3514 2046 3568 crit

462 3609 518 3655 et
564 3603 890 3673 sanguinem
937 3601 1170 3660 habens.
1209 3601 1330 3657 Non
1388 3601 1556 3673 igitur
1610 3604 1849 3658 animata
1897 3610 2044 3659 terra

459 3703 589 3759 est,
652 3709 833 3766 neque
877 3695 1181 3765 quidquam
1248 3694 1603 3765 plantarum,
1666 3701 1763 3749 aut
1808 3694 2043 3750 lumina-

465 3785 629 3840 rium.
668 3783 952 3856 Nusquam
1000 3783 1145 3840 enim
1181 3784 1248 3840 de
1287 3784 1374 3840 bis
1422 3783 1598 3855 inquit
1625 3784 1821 3855 pagina
1863 3800 2040 3849 saera,

460 3874 607 3947 quod
646 3875 994 3946 inspiraverit
1028 3874 1162 3944 ipsis
1189 3873 1375 3929 ﬂatum
1403 3875 1548 3942 vitm,
1585 3876 2042 3946 quemadmodum

459 3966 641 4034 inquit
673 3966 741 4022 de
764 3967 1007 4022 homine.
1043 3966 1203 4022 Absit
1249 3966 1417 4037 igitur
1457 3980 1489 4020 a
1536 3973 1590 4022 te
1630 3967 1819 4036 procul
1857 3981 2042 4037 quaso

460 4054 680 4113 illorum
723 4055 993 4111 dementia
1037 4054 1091 4111 et
1121 4055 1395 4110 delirium.
1430 4052 1604 4111 Omne
1650 4055 1797 4110 enim
1840 4055 2043 4110 animal

463 4146 570 4201 sibi
610 4146 790 4202 simile
817 4154 1064 4218 generat,
1105 4146 1207 4201 bos
1239 4146 1456 4212 bovem,
1490 4145 1747 4202 similiter
1769 4154 1827 4201 et
1866 4161 2043 4216 equus

459 4250 685 4307 equum,
728 4242 784 4290 ct
822 4250 1041 4306 caprea,
1071 4242 1125 4290 et
1154 4236 1332 4304 tigris,
1367 4242 1421 4289 et
1451 4234 1717 4289 oneribus
1755 4236 2041 4305 portandis

459 4328 736 4383 destinata
782 4326 1052 4398 jumenta,
1110 4326 1409 4396 bestiaeque
1460 4325 1798 4393 crudivorze,
1856 4343 2046 4382 unum-

461 4419 742 4490 quodlibct
780 4432 936 4473 suam
993 4424 1247 4473 naturam
1299 4431 1530 4487 eamque
1583 4417 1757 4471 solam
1797 4425 2039 4488 generat.

460 4510 748 4578 Quomodo
798 4508 964 4580 igitur
1004 4518 1150 4564 terra
1196 4522 1320 4563 cum
1366 4508 1530 4567 unius
1568 4514 1784 4563 natura:
1830 4507 1922 4573 sit,
1961 4514 2044 4563 tot

460 4605 627 4669 queat
673 4598 885 4654 animas
938 4612 1199 4667 generare
1254 4596 1479 4653 alterius
1532 4597 1751 4667 generis
1794 4604 1850 4651 et
1906 4597 2040 4652 inae-

460 4687 706 4760 qualium
747 4687 1088 4753 animalium,
1130 4687 1238 4744 nisi
1282 4684 1469 4742 divino
1513 4688 1772 4744 mandato
1817 4688 2039 4743 anima-

459 4784 656 4834 rentur
704 4793 828 4848 quae
862 4778 989 4834 inde
1032 4777 1455 4849 producuntur?
1491 4778 1778 4845 Quomodo
1817 4794 1949 4835 vero
1986 4787 2042 4836 et

461 4883 619 4940 aqua:
646 4870 820 4925 eidem
853 4870 1041 4925 divino
1065 4869 1245 4941 jussui
1276 4869 1547 4939 obnoxiae,
1572 4886 1697 4926 cum
1732 4872 1843 4927 sint
1876 4872 2040 4930 unius

461 4968 673 5015 naturze
703 4961 884 5017 mollis
911 4971 966 5017 et
996 4959 1175 5029 ﬂuxae,
1201 4962 1487 5018 innumera
1506 4978 1706 5035 genera
1730 4964 2037 5019 natatilium

461 5052 849 5120 animatorum,
905 5060 1341 5125 caeterorumque
1399 5062 1454 5110 et
1510 5055 1742 5111 aliorum
1803 5055 2037 5126 piscium

460 5138 944 5210 cartilagineorum
970 5142 1026 5195 in
1049 5156 1160 5197 uno
1186 5140 1452 5212 temporis
1475 5151 1751 5198 momento
1778 5143 2039 5199 consimi-

461 5229 589 5285 liter
634 5245 760 5284 cum
812 5238 958 5287 terra
1001 5234 1395 5289 excreverunt?
1449 5233 1555 5301 Qui
1611 5248 1700 5290 res
1763 5234 1946 5290 mollis
1985 5241 2040 5288 et

461 5321 625 5380 liuida
657 5322 915 5394 produxit
943 5338 1175 5395 corpora
1206 5324 1467 5389 animata,
1499 5325 1786 5396 solidaque
1817 5333 1871 5381 et
1904 5324 2040 5394 lapi-

459 5415 585 5481 dea,
611 5413 667 5470 in
713 5416 912 5488 abysso
950 5415 1240 5483 ﬂuitantia,
1280 5417 1565 5488 adaequata
1613 5418 1889 5474 montibus
1922 5431 2039 5472 ma-

460 5507 765 5580 gnitudine,
793 5509 1100 5579 cuiusmodi
1129 5516 1260 5566 sunt
1286 5509 1496 5579 phocae,
1526 5510 1767 5574 habente,
1792 5510 2034 5580 priones,

460 5600 639 5668 gauri,
664 5607 797 5667 etc.,
830 5600 1116 5657 horribilia
1151 5602 1303 5656 dictu
1328 5611 1384 5657 et
1407 5608 1631 5671 aspectu
1666 5603 1723 5656 in
1756 5599 2033 5671 profundo

366 5712 373 5719 λ·
461 5687 716 5761 degentia
746 5693 1027 5759 animalia,
1060 5708 1297 5764 quorum
1331 5708 1438 5748 non
1467 5701 1553 5748 est
1576 5691 1863 5763 prasentis
1893 5697 2031 5746 tem-

528 5822 644 5897 (35)
688 5824 1032 5898 ‘EEéﬁpwo's.
1057 5826 1217 5885 Forte
1256 5826 1565 5899 ὲξέρῥευσε.
1595 5827 1754 5884 Eutr.

1544 379 1601 436 s.
1638 363 2311 443 meminerimus"
2338 380 2665 449 FRATRIS,

2153 502 2553 574 ὑποκεχῶσθαι,
2585 504 2681 560 καὶ
2709 498 2867 568 αὖθις
2892 502 2971 574 τῷ
3004 504 3134 577 θείῳ
3176 505 3557 577 προστάγματι
3594 509 3726 563 ἀνα-

2146 592 2416 648 τείλαντα.
2471 594 2611 648 Ἀλλ’
2650 595 2751 649 οὐκ
2789 594 2901 665 ἔχει
2932 594 3088 663 λόγον
3132 596 3166 667 ὴ
3197 598 3489 668 παροιμία.
3527 598 3726 672 Είγάρ

2148 683 2390 756 ἔμψυχος
2413 687 2448 757 ἡ
2478 685 2672 757 χέρσος
2698 687 2761 740 ἐκ
2787 685 2881 740 τοῦ
2902 686 3211 756 ἀποϐρᾶσαι
3235 689 3303 743 τὰ
3331 688 3571 761 ἔμψυχα,
3594 690 3724 764 ἔρη-

2151 792 2251 845 μον
2288 772 2382 829 οὖν
2409 776 2608 850 ἑαυτὴν
2642 776 2899 831 κατέλιπε
2928 777 3247 850 τῆςψυχῆς.
3288 780 3348 832 ὐ
3384 779 3493 852 γὰρ
3515 781 3727 851 ἐξάγων

2145 866 2343 938 ψυχὴν,
2372 869 2483 922 εἴτε
2508 867 2607 940 τὴν
2636 869 2925 940 σφετέραν,
2943 870 3053 924 εἴτε
3079 870 3175 924 τοῦ
3211 871 3401 936 πέλας,
3427 872 3615 944 νεκρὸς
3631 874 3728 930 καὶ

2146 956 2353 1027 ἄψυχος
2377 957 2594 1021 πάντως
2624 957 2881 1029 ὑπάρχει,
2909 957 2971 1011 τὸ
2997 957 3228 1023 ζωτικὸν
3259 958 3430 1015 αἴτιον
3456 959 3722 1018 ὲκὸαλών.

2737 1044 2985 1100 ΠΕΥΣΙΣ
3010 1046 3132 1101 PB'.

2217 1136 2284 1190 Τί
2303 1131 2435 1204 adv;
2477 1135 2667 1207 ἐπειδὴ
2712 1134 2991 1207 ἄνθρωποι
3030 1134 3207 1201 ζῶντα
3249 1136 3344 1199 καὶ
3369 1136 3583 1209 ἔμψυχα
3608 1156 3730 1207 γεν-

2147 1227 2313 1283 νῶσιν
2335 1267 2369 1291 ,,
2402 1224 2513 1301 ἆρα
2559 1226 2912 1299 προελθόντος
2950 1226 3046 1282 τοῦ
3090 1227 3322 1299 βρέφους
3361 1230 3565 1301 ἄψυχος
3592 1248 3729 1288 κατ-

2146 1320 2369 1391 ελείφθη
2394 1336 2409 1385 ;

2757 1413 3111 1482 Ἀπόκρισις.

2231 1504 2371 1558 Ἀλλ’
2400 1505 2429 1559 ὁ
2465 1504 2752 1576 ἄνθρωπος
2779 1503 3012 1575 ὄργανον
3039 1503 3227 1575 γεννᾷ,
3252 1503 3350 1575 τὴν
3379 1504 3435 1559 δὲ
3460 1504 3636 1578 ψυχὴν
3664 1506 3727 1561 τὺ

2146 1597 2301 1651 Θείον
2338 1595 2562 1667 ἐνίησιν.
2596 1596 2822 1650 Οὐδέπω
2848 1594 2958 1666 γὰρ
2984 1597 3052 1666 τῇ
3085 1595 3276 1667 Γραφῇ
3309 1597 3524 1668 εἴρηται
3545 1613 3561 1629 θ
3604 1598 3726 1663 Ἐξο

2148 1689 2403 1757 αγαγέτω
2424 1689 2458 1759 ἡ
2487 1688 2621 1758 γυνὴ
2648 1687 2831 1758 ψυχὴν
2868 1685 3047 1751 ζῶσαν
3070 1703 3087 1719 ο
3125 1687 3235 1741 οὐδ’
3269 1687 3352 1741 ὃτι
3385 1688 3723 1742 συλλαϐοῦσα

2146 1778 2280 1844 Εὕα,
2311 1779 2344 1851 ἢ
2383 1779 2590 1849 Σάρρα,
2627 1778 2662 1849 ἢ
2684 1777 2968 1832 Ἐλισάὸετ
3000 1776 3237 1849 ἐξήγαγε
3261 1777 3459 1848 ψυχὴν,
3500 1779 3615 1833 ἀλλ’
3641 1779 3728 1837 ὅτι

2145 1870 2402 1940 ἐγέννησε
2450 1868 2680 1922 παιδίον.
2740 1867 2894 1921 Διατί
2935 1866 2993 1920 δὲ
3033 1867 3142 1940 ἄρα
3194 1867 3441 1920 πλεῖσται
3490 1868 3726 1937 μητέρες

2143 1959 2319 2029 ψυχῆς
2361 1956 2543 2029 ἔρημα
2584 1955 2884 2010 άποκύουσι
2929 1955 3066 2026 μόνα
3096 1954 3166 2008 τά
3193 1955 3443 2025 σώματα,
3473 1954 3631 2027 εἴπερ
3653 1951 3726 2026 ἦν

2145 2050 2335 2110 αὑταῖς
2364 2047 2589 2102 δυνατὸν
2623 2045 2864 2117 ἔμψυχον
2898 2045 3163 2100 ἀποκύειν
3190 2045 3251 2099 τὸ
3279 2046 3550 2118 έμόρυον;
3584 2047 3725 2100 διατι

2143 2142 2199 2195 δὲ
2225 2139 2665 2213 νεκροτοκοῠσαι,
2696 2137 3063 2192 ὲπικωκύουσι
3092 2139 3187 2192 καὶ
3221 2138 3597 2210 ὀλοφύρονται,
3626 2139 3725 2194 καὶ

2148 2230 2223 2303 μὴ
2256 2228 2412 2296 αὖθις
2458 2230 2556 2302 τὴν
2582 2227 2759 2301 ψυχὴν
2802 2227 2881 2299 τῷ
2906 2227 3084 2301 νεκρῷ
3116 2228 3439 2291 ὲντιθέασιν,
3463 2230 3620 2301 εἴπερ
3655 2225 3726 2300 ἦν

2144 2323 2334 2385 αὐταῖς
2362 2320 2579 2392 θεμιτὸν
2604 2320 2786 2390 ψυχὴν
2805 2319 3109 2389 ἀπογεννᾷν
3131 2335 3146 2385 ;
3180 2318 3298 2380 πῶς
3330 2318 3387 2371 δὲ
3413 2318 3612 2382 παντὸς
3626 2320 3729 2390 ὲμο

2142 2414 2314 2485 eam»
2350 2412 2554 2484 σιδήρῳ
2568 2410 2917 2482 ,τεμνομένου
2967 2407 2999 2479 ἢ
3028 2408 3437 2479 άμυσσομένου,
3468 2403 3623 2471 αὖθις
3664 2408 3727 2461 τὸ

2143 2501 2284 2576 αἷμα
2320 2505 2602 2575 προχεῖται
2626 2499 2945 2572 κρουνηδδν,
2966 2499 3059 2552 καὶ
3088 2498 3478 2569 περιφοινίττει
3499 2497 3563 2550 τὸ
3589 2499 3724 2550 ὐπο-

2143 2597 2424 2668 κείμενοψ
2452 2597 2487 2665 ἡ
2507 2594 2563 2648 δὲ
2598 2593 2792 2665 χέρσος
2816 2590 3120 2663 ἀρουμένη,
3152 2591 3245 2643 καὶ
3270 2588 3442 2659 λίσγῳ
3484 2589 3725 2660 διαιρου-

2149 2687 2305 2759 μένη,
2331 2688 2422 2742 καὶ
2454 2688 2533 2750 εἰς
2555 2685 2731 2756 φρέαρ
2750 2680 3109 2755 ὀρυττομένη,
3138 2682 3199 2734 οὐ
3230 2681 3349 2754 βοᾷ,
3392 2681 3492 2751 οὐχ
3533 2682 3726 2752 αἱμορ-

2146 2782 2326 2853 ραγεῖ,
2344 2778 2407 2831 οὐ
2428 2775 2910 2848 περιφοινίττεται,
2931 2774 2991 2828 οὐ
3012 2775 3250 2844 καματοῖ
3265 2772 3390 2835 τοὺς
3411 2772 3725 2835 πταίοντας,

2146 2872 2400 2942 καθάπερ
2436 2869 2505 2923 τὰ
2531 2869 2749 2941 ἔμψυχα
2777 2867 2958 2922 πάντα
2984 2867 3232 2936 πέφυκε;
3266 2863 3384 2926 πῶς
3415 2863 3473 2917 δὲ
3503 2863 3573 2916 τά
3601 2862 3727 2915 σκύ-

2147 2965 2299 3036 ροδα,
2323 2963 2357 3035 ἢ
2385 2954 2669 3032 κρόμμυα,
2701 2960 2735 3032 ἢ
2766 2959 2834 3013 τὰ
2866 2957 3029 3012 λοιπά
3059 2956 3167 3010 τῶν
3190 2954 3373 3025 φυτῶν
3406 2954 3648 3025 μαχαίρᾳ
3692 2953 3725 3023 ἢ

2143 3054 2388 3128 δρεπάνῃ
2415 3052 2746 3125 τεμνόμενα.
2788 3052 2889 3122 οὐχ
2926 3049 3272 3121 αἱμάττεται,
3311 3048 3468 3119 εἰπερ
3507 3045 3728 3117 ἔμψυχα

2146 3145 2405 3216 ὑπάρχει,
2438 3143 2582 3199 κατὰ
2602 3141 2936 3213 Μανιχαίους
2956 3142 3083 3204 τοὺς
3105 3139 3473 3208 είκαιολόγους
3507 3138 3602 3191 καὶ
3623 3153 3729 3206 μα-

2143 3239 2470 3309 ταιόφρονας
2489 3276 2505 3302 ,
2542 3237 2671 3303 τοὺς
2696 3237 2798 3308 τὴν
2838 3236 3063 3291 ἐκείνων
3086 3233 3348 3304 δύσοδμον
3375 3249 3589 3302 κακοφη
3598 3231 3728 3303 μίαν

2142 3330 2203 3384 ὲν
2225 3333 2343 3393 ταῖς
2368 3329 2519 3398 σφῶν
2546 3328 2745 3399 ψυχαῖς
2767 3327 3164 3399 περιφέροντας
3188 3342 3204 3392 ;
3247 3325 3362 3377 Πᾶν
3393 3323 3451 3378 δὲ
3484 3322 3727 3393 ἔμψυχον

2145 3420 2396 3492 χερσαῖόν
2436 3435 2497 3472 τε
2548 3419 2645 3473 καὶ
2681 3419 2889 3472 ἐνάλιον
2925 3417 3142 3480 πάντως
3173 3414 3326 3468 ἔσται
3366 3414 3459 3469 καὶ
3481 3413 3726 3484 ἔναιμον.

2145 3507 2261 3561 Οὐκ
2311 3504 2552 3577 ἔμψυχος
2582 3505 2761 3559 τοίνυν
2790 3507 2823 3577 ἡ
2854 3506 2959 3576 γῆ.
3001 3504 3123 3558 οὐδέ
3169 3521 3221 3557 τι
3267 3503 3376 3559 τῶν
3426 3502 3639 3571 φυτῶν,
3689 3501 3725 3573 ἢ

2146 3601 2469 3671 φωστήρων.
2525 3598 2750 3652 Οὐδέπω
2795 3599 2904 3669 γὰρ
2936 3597 3299 3669 περὶτούτων
3326 3597 3493 3667 φησὶν
3531 3599 3564 3664 ἡ
3607 3595 3730 3648 θεία

2146 3690 2355 3761 Πυκτὴ,
2405 3691 2488 3744 ὅτι
2523 3690 2854 3761 ἐνεφύσησεν
2886 3689 3069 3753 αὐτοῖς
3100 3687 3268 3759 πνοὴν
3297 3687 3438 3757 ζωῆς
3474 3685 3731 3756 καθάπερ

2145 3782 2237 3835 ἐπὶ
2277 3780 2373 3836 τοῦ
2415 3780 2703 3851 ἀνθρώπου
2748 3779 2931 3852 φησίν.
2974 3781 3186 3848 Ἄπαγε
3225 3773 3319 3833 οὖν
3359 3778 3461 3846 τῆς
3503 3777 3729 3832 ἐκείνων

2144 3870 2472 3941 παροινίας,
2530 3871 2625 3925 καὶ
2667 3871 3020 3941 φρενήτιδος,
3068 3869 3225 3935 ἀξιῶ.
3283 3869 3401 3922 Πᾶν
3440 3868 3548 3939 γὰρ
3587 3866 3727 3931 ζῶον

2145 3961 2323 4030 ἐαυτῷ
2348 3962 2530 4030 ὅμοιον
2558 3962 2753 4031 γεννᾷ,
2806 3960 2932 4030 βοῦς
2963 3959 3119 4031 βοῦν,
3175 3958 3269 4015 καὶ
3307 3959 3473 4021 ἵππος
3499 3957 3724 4028 ὁμοίως,

2144 4053 2238 4108 καὶ
2275 4053 2478 4126 ὼρκὰς
2520 4054 2612 4107 καὶ
2663 4054 2843 4124 τίγρις
2876 4055 2968 4107 καὶ
3015 4054 3084 4108 τὰ
3114 4053 3393 4125 ἀχθοφόρα
3437 4052 3545 4105 τῶν
3598 4052 3728 4104 ὑπο-

2145 4142 2381 4213 ζυγίων,
2430 4146 2524 4199 καὶ
2579 4145 2845 4216 αἱμοϐόρα
2891 4145 3001 4198 τῶν
3051 4144 3291 4215 θηρίων,
3347 4144 3578 4198 ἕκαστον
3620 4142 3727 4212 τῆς

2143 4235 2349 4299 οίκείας
2387 4235 2601 4305 φύσεως
2634 4236 2728 4289 καὶ
2756 4236 2924 4306 μόνης
2964 4236 3195 4305 ὑπάρχει
3230 4234 3566 4305 γεννητικόν.
3599 4233 3728 4296 Πῶς

2144 4321 2238 4379 οὖν
2257 4329 2290 4395 ἡ
2314 4326 2506 4397 χέρσος
2541 4326 2628 4380 οἴα
2655 4344 2715 4380 τε
2739 4322 2807 4398 ἦν
2832 4328 2961 4397 μιᾶς
2994 4325 3311 4397 ὑπάρχουτα
3344 4325 3558 4395 φύσεως
3577 4365 3592 4390 ,
3633 4341 3725 4375 το-

2147 4417 2351 4479 σαύτας
2408 4420 2777 4489 ἀπογεννῆσαι
2826 4418 3004 4490 ψυχὰς
3024 4458 3040 4482 ,
3095 4418 3399 4487 ἀλλογενῶν
3449 4417 3542 4470 καὶ
3595 4417 3722 4469 άνο-

2148 4508 2316 4578 μοίων
2337 4508 2510 4574 ζώων,
2543 4511 2590 4563 εἰ
2621 4509 2695 4581 μὴ
2726 4509 2804 4581 τῷ
2847 4510 2976 4581 θείῳ
3006 4510 3387 4582 προστάγματι
3415 4505 3723 4580 ὲμψυχοῦτο

2143 4598 2211 4653 τά
2249 4600 2692 4672 ἐκδραττόμενα;
2745 4602 2862 4665 πῶς
2906 4601 2964 4655 δὲ
2993 4602 3085 4655 καὶ
3121 4601 3191 4655 τὰ
3243 4600 3411 4654 ὕδατα
3447 4599 3524 4670 τῷ
3569 4597 3723 4667 αὐτῷ

2144 4689 2439 4744 ὑπείκοντα
2461 4690 2813 4760 θεσπίσματι,
2849 4692 2976 4760 μιᾶς
3004 4691 3315 4762 ὑπάρχοντα
3347 4690 3579 4758 φύσεως.
3615 4704 3720 4758 μα-

2141 4779 2315 4853 λακῆς
2343 4799 2403 4837 τε
2431 4782 2526 4837 καὶ
2565 4783 2753 4854 ρυτῆς,
2798 4784 2963 4854 μυρία
2994 4782 3128 4852 γένη
3170 4781 3399 4836 πλωτῶν
3440 4780 3718 4852 ἐμψύχων,

2142 4870 2327 4942 κητῶν
2357 4888 2419 4924 τε
2460 4871 2561 4925 καὶ
2589 4871 2850 4943 σελαχῶν,
2882 4873 2941 4926 ἐν
2994 4873 3095 4943 μιᾷ
3118 4871 3312 4943 καιροῦ
3341 4873 3482 4943 ῥοπῇ
3518 4869 3721 4939 ὁμοίιος

2139 4967 2207 5035 τῇ
2239 4967 2310 5036 γῇ
2358 4964 2731 5037 ἐξωμόρξατο;
2777 4966 2812 5036 ἡ
2846 4964 3063 5035 μαλακή
3096 4981 3156 5016 τε
3205 4964 3301 5017 καὶ
3334 4962 3468 5034 ρυτὴ
3490 4962 3721 5032 σώματα

2141 5054 2538 5126 ἐμψυχωμένα,
2572 5055 2777 5127 στερρά
2804 5072 2865 5108 τε
2889 5054 2986 5108 καὶ
3020 5052 3271 5124 πετρώδη
3295 5052 3625 5122 ὲννηχόμενα
3646 5050 3720 5120 τῇ

2140 5146 2363 5217 ἁϐύσσῳ
2382 5187 2397 5212 ,
2441 5146 2590 5218 ὄρεσι
2620 5146 2699 5218 τῷ
2727 5144 2948 5217 μεγέθει
2993 5143 3393 5215 παρισούμενα,
3417 5141 3593 5212 φῶκαι
3621 5140 3724 5193 καὶ

2141 5237 2419 5307 φάλαιναι,
2444 5238 2664 5311 πρίονες
2688 5238 2782 5292 καὶ
2809 5237 3025 5308 γαῦροι,
3059 5234 3155 5289 καὶ
3180 5234 3249 5289 τά
3278 5231 3442 5287 λοιπὰ
3473 5229 3722 5302 φρικώδη

2139 5330 2205 5399 τῇ
2247 5327 2436 5399 κλήσει
2465 5329 2560 5383 καὶ
2591 5328 2711 5397 ὕψει
2756 5326 2993 5398 ὲμϐὐθια
3023 5326 3157 5395 ζῶα,
3186 5325 3332 5397 ἅπερ
3359 5326 3421 5379 οὐ
3458 5323 3551 5380 τοῦ
3585 5339 3725 5392 παρ.

2140 5418 2292 5482 ὄντος
2320 5419 2512 5490 καιροῦ
2546 5419 2969 5490 ἀνερμηνεύειν;
3002 5416 3126 5481 Πῶς
3158 5412 3273 5478 οὖν,
3296 5416 3456 5487 είπερ
3491 5414 3589 5486 μία
3615 5413 3723 5482 φύ-

2141 5528 2224 5590 et;
2246 5510 2488 5581 ἔμψυχος
2508 5511 2571 5564 τὸ
2601 5510 2767 5582 ὕδωρ,
2839 5511 3183 5584 ἀναρίθμητα
3211 5510 3481 5582 ὲξέρῤωσε
3502 5507 3613 5578 (55)
3635 5507 3727 5574 γέ-

2138 5617 2205 5671 νη
2227 5600 2454 5654 πλωτῶν
2497 5618 2558 5654 τε
2606 5600 2703 5654 καὶ
2745 5601 2963 5671 πτηνῶν
2996 5600 3296 5672 ἑτεῳφυῆ,
3349 5599 3443 5652 καὶ
3470 5595 3727 5668 tamen

2140 5692 2235 5749 xci
2261 5694 2524 5765 ἀμφίϐια,
2546 5693 2642 5749 νῦν
2679 5693 2779 5766 μὲν
2804 5691 2898 5749 ἐπὶ
2924 5693 3026 5765 τῆς
3051 5692 3272 5764 χέρσου,
3299 5689 3395 5745 νῦν
3428 5688 3486 5744 δὲ
3516 5690 3576 5743 ὲν
3606 5689 3729 5754 τοῖς

3290 6402 3400 6410 7——
3484 6404 3526 6410 ἡ
3621 6406 3638 6412 -
3719 6409 3738 6414 __
3820 6412 3829 6414 _
