4000 6406
290 394 395 449 960

292 505 446 558 ὕδασι
491 500 852 574 διαιτώμενα,
886 503 935 556 οῖ
971 500 1200 573 Νειλῷοι
1240 502 1339 571 τῆς
1369 498 1644 568 Αἰγύπτου
1680 498 1876 570 κροκό-

288 597 475 663 δειλοι,
501 597 550 649 οἱ
576 597 822 669 ἑσπέριοι
843 598 1145 650 Φυσωνῖται
1179 593 1571 664 κυνοπόταμοι,
1591 593 1639 645 oi
1660 592 1877 663 Εὐφρα-

289 689 469 759 τήσιοι
496 688 729 760 γρύπες,
758 688 808 741 oi
833 687 1185 759 τελματήσιοι
1217 685 1500 757 βάτραχοι,
1517 686 1567 739 οἱ
1596 686 1726 756 παρ’
1748 688 1879 756 ἡμῖν

291 779 480 849 ἐχῖνοι,
509 777 606 831 καὶ
639 777 829 831 κύκνοι
854 795 868 842 ;
903 777 1010 830 Kal.
1046 776 1216 848 μυρία
1243 793 1326 839 τις
1350 774 1605 846 εύρήσειε
1627 774 1737 827 τῶν
1770 774 1881 845 άμε-

291 870 490 940 φιϐἱων
519 869 674 939 γένη,
693 869 787 922 νῦν
819 868 918 940 μὲν
938 870 1031 922 ἐπὶ
1057 868 1166 922 τῶν
1193 865 1474 939 λειμώνων
1491 867 1585 920 καὶ
1608 866 1881 937 μεδίμνων

291 961 806 1034 σπερμολογοῦντα,
853 961 887 1032 ἢ
948 959 1375 1033 ποηφαγοῦντα,
1423 959 1542 1031 ἅμα
1590 962 1703 1024 τοῖς
1751 977 1879 1031 χερ-

289 1056 463 1118 σαίοις
498 1052 690 1119 ζώοιςο
720 1052 813 1107 νῦν
836 1052 895 1106 δὲ
925 1055 984 1107 ἐν
1008 1055 1122 1119 τοῖς
1142 1052 1302 1107 ’ύδασι
1338 1052 1410 1106 τά
1440 1052 1744 1124 λεπτότερα
1770 1053 1880 1105 τῶν

289 1146 520 1200 πλωτῶν
546 1144 1280 1217 διανηχόμεναματεσθίειν,
1330 1145 1469 1217 ὅπερ
1492 1144 1590 1198 καὶ
1620 1143 1690 1198 τὰ
1721 1145 1882 1214 αἱμο-

289 1238 426 1309 6όρα
449 1236 560 1290 τῶν
588 1237 861 1309 χερσαίων
891 1240 1067 1291 ποιεῖν
1097 1237 1363 1307 πέφυκεν.

1691 382 1800 439 ΒΙΑ
1810 381 2041 439 LOGUS
2077 380 2140 437 II.

3460 374 3567 431 97"

1988 498 2140 567 poris
2185 495 2497 566 expositio?
2530 493 2814 562 Quomodo
2858 491 3046 563 igitur,
3097 490 3141 546 si
3192 489 3411 559 quidem
3459 503 3568 542 una

1984 599 2182 646 natura
2215 591 2456 644 animata
2484 598 2568 644 est
2597 602 2763 658 aqua,
2806 587 3096 640 innumera
3124 581 3450 636 eﬂ'luserunt
3476 596 3569 650 ge-

1984 696 2116 736 nera
2158 680 2469 734 natatilium
2515 685 2571 733 et
2604 676 2932 737 volatilium,
2984 674 3142 728 aliter
3175 670 3479 735 nascentia,
3515 676 3571 725 ct

1985 775 2145 830 aliter
2173 773 2437 838 viventia,
2470 758 2541 826 et.
2566 770 2789 842 quidem
2822 768 3043 823 diverso
3086 765 3234 820 victu
3274 762 3516 819 viventia
3551 779 3567 816 :

1985 881 2133 921 nunc
2161 864 2382 937 quidem
2413 878 2577 935 super
2612 871 2839 926 terram,
2881 874 3029 915 nunc
3065 872 3197 913 vero
3219 856 3276 910 in
3302 852 3463 925 aquis
3484 852 3571 908 vi-

1984 967 2133 1014 etum
2191 956 2534 1028 quaerentia?
2582 953 2772 1009 Niliaci
2826 962 2963 1010 sunt
3002 951 3059 1007 in
3103 949 3340 1021 Egypto
3377 958 3573 1001 croco-

1986 1051 2112 1120 dili;
2151 1050 2221 1106 ad
2271 1048 2668 1106 occidentalem
2715 1045 3027 1118 Physonem
3075 1056 3245 1097 canes
3289 1037 3571 1103 ﬂuminei;

1989 1143 2299 1215 Euphrataei
2350 1141 2608 1214 gryphes,
2656 1139 2930 1211 palustres
2972 1151 3142 1201 ranae,
3200 1142 3257 1189 et
3285 1130 3429 1202 apud
3470 1142 3574 1183 nos

1985 1233 2170 1289 echini
2196 1242 2250 1288 et
2275 1232 2457 1304 cygni.
2485 1232 2663 1302 Atque
2690 1229 2979 1284 innumera
3004 1227 3131 1298 quis
3157 1222 3430 1279 invenerit
3457 1233 3574 1273 am-

292 1328 604 1398 phibiorum
631 1343 852 1399 genera,
897 1344 1020 1398 qua
1053 1342 1202 1383 nunc
1241 1328 1462 1399 quidem
1494 1326 1550 1382 in
1584 1327 1757 1397 pratis
1791 1335 1844 1381 et
1875 1325 2167 1382 medimnis
2201 1324 2412 1380 semina
2439 1322 2726 1393 colligunt,
2757 1327 2854 1376 aut
2886 1318 3085 1374 herbas
3113 1315 3433 1378 comedunt,
3463 1325 3574 1367 una

292 1437 421 1477 cum
462 1422 826 1479 terreStribus
867 1424 1200 1479 animalibus
1236 1443 1252 1479 :
1306 1439 1457 1479 nunc
1490 1438 1622 1479 vero
1660 1423 1716 1479 in
1755 1422 1915 1495 aquis
1939 1422 2188 1477 natantia
2217 1421 2451 1478 leviores
2481 1418 2829 1476 ﬂuviatilium
2862 1416 3017 1472 cibos
3059 1411 3392 1468 comedunt:
3424 1408 3572 1480 quod

290 1524 349 1573 et
378 1517 673 1572 crudivora
698 1532 763 1571 ex
799 1517 1156 1572 terrestribus
1192 1514 1372 1571 facere
1410 1515 1609 1571 solent.

375 1608 516 1663 Ἀλλ’
550 1610 645 1662 ἐπὶ
685 1608 745 1662 τὸ
791 1608 1155 1680 προκείμενον
1186 1608 1314 1672 τοὺς
1355 1608 1550 1671 οἴακας
1598 1606 1692 1661 τοῦ
1720 1605 1882 1675 λόγου

289 1701 604 1774 τρέφωμεν,
631 1703 745 1764 τοῖς
777 1702 1137 1772 προφητικοῖς
1166 1684 1424 1769 ἑπόμενοι
1457 1698 1745 1770 δόγμασιν.
1778 1698 1884 1752 Οὐ-

287 1794 441 1848 δέπω
466 1793 576 1863 γάρ
604 1792 848 1864 ἔμψυχον
886 1792 986 1864 τὴν
1019 1791 1125 1863 γῆν
1152 1791 1569 1861 ἀποφαίνονται.
1596 1789 1732 1844 ἀλλὰ
1761 1789 1886 1862 θείᾳ

296 1885 459 1958 ῥώμῃ
497 1885 590 1937 καὶ
627 1883 900 1955 πνεύματι
951 1882 1327 1955 ἐμψυχοῦσθαι
1370 1884 1441 1937 τά
1494 1883 1711 1953 ἐκείνης
1752 1884 1881 1936 ἀπο-

295 1975 618 2047 ϐράσματα·
669 1974 765 2029 τοῦ
808 1975 909 2046 μὲν
950 1973 1238 2029 θεσπεσίου
1285 1974 1451 2029 Δαϐὶδ
1480 1974 1875 2047 μελῳδούντος·

308 2064 685 2132 Ἆποστελεῖς
729 2063 799 2118 τὸ
825 2063 1068 2134 Πνεῦμά
1102 2078 1243 2129 σου,
1279 2064 1375 2117 καί
1411 2063 1845 2131 πεισθήσονται
1865 2080 1881 2094 ·

296 2154 391 2209 τοῦ
412 2156 468 2208 δὲ
512 2156 733 2210 Ἡσαΐου
765 2154 842 2220 ὡς
872 2156 939 2210 ἐκ
973 2153 1273 2227 προσώπου
1307 2153 1405 2208 τοῦ
1426 2154 1562 2208 Θεοῦ
1587 2153 1885 2227 διαρρήδην

296 2246 528 2318 βοῶντος
556 2264 569 2276 ·
596 2248 746 2317 Ἐγὼ
775 2249 809 2301 ὀ
841 2246 988 2313 Θεὸς
1016 2250 1050 2301 o’
1079 2244 1344 2316 ποιήσας
1363 2244 1625 2314 οὐρανὸν
1651 2244 1749 2299 καί
1772 2244 1887 2313 τὴν

294 2339 433 2409 τῆν,
447 2340 545 2394 καὶ
567 2339 774 2406 διδοὺς
805 2337 1005 2406 πνοὴν
1023 2337 1174 2406 ζωῆς
1195 2338 1320 2405 τοῖς
1343 2337 1644 2392 πατοῦσιν
1668 2336 1883 2405 αὐτήν.

881 2430 1131 2484 ΠΕΥΣΙΣ
1165 2430 1284 2483 PI".

365 2522 533 2577 Οὐδὲν
573 2520 900 2593 μυκώμενον
921 2559 937 2583 ,
977 2521 1011 2592 ἢ
1046 2520 1389 2592 ώρυόμενον,
1429 2520 1636 2593 ἄψυχον
1657 2519 1888 2590 λέγομεν

295 2614 599 2686 ὑπάρχειν·
655 2612 775 2677 πῶς
825 2612 1075 2685 ώρυᾶται
1111 2612 1223 2685 (56)
1257 2614 1289 2684 ή
1326 2614 1439 2686 γῆ,
1497 2613 1657 2683 εῐπερ
1682 2613 1889 2684 ἄψυχός

294 2707 433 2775 ἐστι,
467 2704 563 2760 καὶ
595 2706 836 2776 μυκᾶται
865 2704 1156 2776 σειομένης

912 2796 1282 2865 Ἀπόκρισις.

378 2888 613 2961 Ὁμοίως
633 2889 701 2960 τῇ
726 2886 969 2962 Θαλάττῃ
989 2890 1103 2952 τοῖς
1129 2887 1406 2957 ὑπογείοις
1434 2887 1713 2959 πνεύμασι
1740 2886 1890 2957 διογ-

295 2985 536 3058 κουμένη
562 3024 578 3049 ,
618 2980 732 3039 οἷον
784 2984 962 3057 ῥοῖζον
1003 3000 1126 3037 τινα
1168 2983 1202 3055 ἢ
1244 2982 1534 3055 μυκηθμὸν
1574 2982 1887 3038 ἀποδίδωσι.

296 3078 408 3134 Καὶ
436 3078 547 3150 γὰρ
582 3077 766 3148 ἐκείνη
794 3075 1057 3139 πολλάκις
1085 3077 1153 3147 τῇ
1198 3074 1562 3145 ἀναθυμιάσει
1584 3073 1681 3127 τοῦ
1726 3073 1890 3135 βυθοῦ

300 3171 635 3243 σαλευομένη
672 3170 769 3226 καὶ
807 3168 1198 3235 ἐξοιδαίνουσα,
1229 3164 1366 3242 ἦχον
1406 3167 1683 3232 ἀποτελεῖ,
1716 3182 1887 3239 προσ-

298 3261 644 3334 αραττομένη
693 3261 896 3334 ἑαυτὴν
924 3261 1246 3333 τρικυμίαις
1276 3277 1291 3292 ·
1331 3259 1426 3314 τοῦ
1475 3260 1533 3314 δὲ
1580 3259 1891 3330 πνεύματος

301 3351 637 3423 ἠρεμοῦντος
664 3347 716 3407 εἴ
733 3352 847 3425 (37)
867 3352 1073 3423 ἄψυχος
1093 3368 1107 3381 ο
1137 3350 1318 3422 βοῶσα
1337 3351 1395 3406 δὲ
1416 3351 1511 3404 καὶ
1547 3349 1888 3421 κοιμωμένη,

300 3443 522 3516 βαθεῖαν
559 3444 672 3517 ἔχει
704 3444 966 3516 γαλήνην.
996 3446 1067 3499 Ἢ
1096 3443 1306 3499 δοκεῖτε
1326 3442 1427 3509 τὰς
1462 3443 1670 3515 ὑδρίας,
1700 3442 1734 3513 ἢ
1766 3442 1891 3505 τοὺς

298 3536 521 3602 πίθους,
562 3536 785 3609 ἔμψυχα
827 3537 1115 3609 ὑπάρχειν,
1159 3528 1237 3592 ὧν
1268 3536 1542 3607 ἀκούομεν
1568 3534 1891 3607 ροιζούντων

300 3629 396 3681 καὶ
435 3629 777 3700 μυκωμένων
809 3631 876 3699 τῇ
916 3627 1010 3682 τοῦ
1054 3627 1240 3699 άερίου
1274 3627 1583 3697 πνεύματος
1610 3626 1892 3699 διαφοιτήσυ

302 3737 424 3784 σει;
465 3720 852 3792 Σφαττομένης
904 3720 962 3775 δὲ
1014 3721 1116 3791 τῆς
1162 3720 1320 3788 αἰγὸς
1367 3720 1462 3773 καὶ
1508 3720 1893 3789 πτησσομένης

302 3810 478 3883 πάντη
512 3812 626 3881 158)
672 3811 833 3881 δῆλον
883 3810 1093 3880 ἄψυχον
1127 3810 1396 3880 ὑπάρχειν
1433 3808 1495 3863 τὸ
1532 3807 1724 3862 κώδιον
1740 3825 1754 3838 ’
1813 3810 1894 3872 εἰς

300 3902 471 3957 ἀσκὸν
506 3902 552 3956 δ’
586 3900 1030 3973 ἐξεργασθέντος,
1063 3901 1159 3954 καὶ
1206 3898 1480 3971 πνεύματι
1526 3898 1890 3964 διαταθέντος,

302 3990 421 4048 εἶτα
454 3992 618 4048 πάλιν
647 3993 727 4065 τῷ
760 3991 983 4063 πιεσμῷ
1017 3991 1129 4045 τῶν
1168 3990 1371 4063 χειρῶν
1398 3990 1559 4063 ἡμῶν
1589 3990 1893 4061 ἐκπνεόμε-

310 4098 400 4147 νος
421 4122 439 4148 ,
511 4081 630 4147 πῶς
711 4083 890 4155 ροῖζόν
917 4098 1070 4141 τινα.
1116 4082 1150 4155 ἢ
1186 4078 1475 4154 μυκηθμὸν
1512 4079 1834 4135 ἀποδίδωσιν
1865 4082 1894 4133 ὁ

300 4172 542 4243 ἄψυχος-ς
577 4172 701 4236 Πῶς
723 4172 781 4226 δὲ
812 4171 975 4226 πάλιν
1011 4170 1090 4242 τῷ
1120 4169 1364 4242 μουσικῷ
1410 4171 1682 4224 ὑποπνέον
1726 4170 1893 4242 ὀργά-

304 4280 402 4336 νιρ,
448 4268 513 4336 τῇ
548 4264 784 4336 ποδηγίᾳ
814 4263 911 4318 τοῦ
954 4264 1207 4329 άστάτως
1252 4263 1561 4334 ἐφεστῶτος
1588 4264 1698 4317 πᾶν
1733 4263 1893 4334 μέλος

302 4358 726 4431 διακεχυμένον,
764 4358 956 4431 γοερόν
996 4376 1056 4412 τε
1090 4360 1185 4413 καὶ
1219 4357 1409 4413 ὕπτιον
1451 4356 1540 4412 διὰ
1572 4356 1682 4411 τῶν
1711 4355 1893 4411 αὐλῶν

302 4452 565 4523 ἐκφωνῇ;
615 4446 705 4525 ἆρ’
755 4446 850 4507 οὖν
902 4450 1053 4524 παρὰ
1087 4450 1277 4505 τούτου
1330 4448 1609 4522 ἐμψύχους
1658 4448 1893 4521 ἐροῦμεν

300 4543 404 4608 τὰς
434 4545 851 4616 ὑποπνεομένας
902 4548 1016 4608 τοῖς
1056 4545 1335 4616 μουσικοῖς
1372 4542 1626 4613 ὀργάνοις
1667 4543 1733 4612 τῇ
1768 4539 1893 4612 βρο-

303 4634 414 4691 τῶν
441 4636 801 4709 ἐπινοίᾳςτὰς
812 4634 874 4691 δὲ
906 4635 1224 4710 κιννυρικὰς
1255 4636 1475 4708 χορδὰς,
1506 4633 1602 4687 καὶ
1626 4632 1726 4695 τὰς
1748 4649 1889 4703 τυμ-

305 4728 540 4791 πανικὰς
568 4728 780 4799 δέρρεις
815 4728 1069 4792 τιννύσας
1100 4728 1195 4783 καὶ
1229 4726 1558 4800 βομόούσας,
1585 4725 1680 4779 καί⁹
1710 4740 1892 4795 μυκω-

312 4819 478 4890 μένας
520 4822 589 4891 τῇ
618 4820 801 4890 ἐπαφῇ
834 4822 930 4873 καὶ
966 4821 1044 4892 τῷ
1090 4820 1354 4893 πλήκτρῳ
1387 4820 1483 4874 τοῦ
1531 4816 1891 4888 κατέχοντοςς

308 4909 497 4975 Οὕτως
533 4926 623 4981 μοι
669 4908 780 4962 νόει
817 4910 912 4962 καὶ
953 4910 1052 4979 τὴν
1098 4911 1202 4981 γῆν
1249 4911 1502 4982 ἐνεργείᾳ
1532 4909 1677 4971 τινὸς
1702 4909 1891 4979 ἐτέρου

311 5004 643 5077 μυκωμένην
672 5002 765 5055 καὶ
789 5000 1094 5072 σειομένην.

900 5179 1151 5233 ΠΕΥΣΙΣ
1187 5180 1302 5232 PA'.

380 5272 503 5337 ιιῶς
530 5270 622 5328 οὖν
655 5275 705 5326 οἱ
740 5275 890 5346 τρεῖς
919 5271 1105 5336 παῖδες
1149 5273 1331 5328 πᾶσαν
1356 5271 1457 5344 τὴν
1499 5271 1673 5325 κτίσιν
1716 5270 1893 5342 ἐμψυ-

302 5385 396 5439 χον
432 5366 788 5438 παριστῶσιν,
821 5366 1039 5438 ᾅδοντες
1080 5369 1139 5419 ἐν
1166 5368 1232 5439 τῇ
1273 5366 1508 5437 καμίνῳ,
1545 5366 1889 5435 Εὑλογεῖτε,

309 5460 509 5516 πάντα
533 5460 606 5516 τὰ
638 5460 784 5531 ἔργα
816 5462 1062 5529 Κυρίου,
1091 5459 1200 5514 τὸν
1229 5461 1478 5530 Κύριον·
1510 5459 1748 5529 ὑμνεῖτε
1791 5461 1889 5514 καὶ

378 5651 422 5682 ⁷⁸
461 5650 605 5707 Psal.
635 5665 757 5719 cm,
784 5652 874 5708 50.
952 5651 997 5683 ⁷⁷
1040 5652 1143 5708 Isa.
1176 5669 1311 5718 xui,
1335 5654 1391 5709 5.

376 5816 488 5890 (ἒξ)
538 5815 1019 5890 ῗρριζᾶταιηΐυηο
1043 5818 1299 5890 ὠρύεται.
1339 5818 1497 5875 Eutr.

377 5885 493 5958 (37')
530 5886 619 5960 ει,
651 5885 811 5942 Forte
830 5888 967 5943 ἐστί.
1005 5888 1080 5943 In.

544 5982 813 6044 l’A’I‘IlOL.
859 5986 975 6047 Gtt.
1011 5984 1367 6047 XXXVIII.

2061 1606 2171 1662 Sed
2211 1606 2279 1661 ad
2316 1605 2658 1677 propositum
2708 1617 3018 1660 sermonem
3063 1596 3431 1671 gubernacula
3458 1610 3575 1649 ver-

1987 1707 2190 1766 tamus,
2229 1698 2548 1770 prophetica
2585 1695 2762 1754 secuti
2801 1694 3077 1765 dogmata.
3116 1691 3396 1760 Nusquam
3427 1688 3573 1743 enim

1989 1798 2196 1848 terram
2241 1791 2539 1845 animatam
2587 1787 2966 1860 pronuntiant,
3009 1784 3106 1842 sed
3149 1782 3333 1838 divina
3376 1781 3577 1835 virtute

1993 1889 2049 1936 et
2081 1880 2278 1951 spiritu
2307 1879 2541 1934 animari
2582 1894 2651 1934 ex
2685 1877 2803 1947 ipsa
2845 1875 3195 1947 pullulantia,
3236 1872 3424 1929 divino
3448 1870 3576 1941 qui-

1989 1972 2113 2028 dem
2141 1971 2344 2028 Davide
2371 1979 2624 2038 caueute,
2658 1968 2839 2025 Hittes
2868 1967 3128 2037 Spiritum
3152 1976 3325 2032 tuum,
3354 1974 3405 2020 et
3428 1980 3579 2019 crea-

1988 2064 2249 2118 bantur"
2279 2083 2293 2119 :
2321 2064 2462 2121 Isaia
2493 2079 2624 2120 vero
2656 2062 2805 2120 velut
2851 2062 2905 2116 in
2949 2074 3183 2132 persona
3212 2059 3309 2116 Dei
3353 2057 3579 2112 manife-

1987 2165 2077 2213 sto
2124 2159 2433 2214 clamante:
2474 2157 2586 2229 Ego
2611 2156 2755 2213 Deus
2786 2157 2878 2227 qui
2912 2155 3013 2225 feci
3056 2154 3244 2209 cwtum
3274 2162 3324 2207 et
3353 2162 3574 2215 terram,

1984 2261 2036 2304 et
2061 2250 2152 2320 qui
2173 2249 2240 2303 do
2263 2250 2455 2319 ﬂatum
2488 2251 2607 2305 vita:
2637 2248 2884 2304 omnibus
2911 2247 3245 2301 calcantibus
3273 2260 3393 2298 eam
3416 2244 3482 2295 ⁷⁷.

2438 2429 2960 2488 INTERROGATIO
2995 2430 3127 2487 CIII.

2061 2526 2208 2583 Nihil
2233 2526 2379 2597 quod
2412 2525 2584 2596 mugit
2611 2534 2707 2579 aut
2733 2525 2899 2594 rugit,
2940 2522 3244 2577 inanimum
3280 2536 3404 2577 esse
3438 2521 3578 2576 dici-

1990 2637 2149 2690 mus;
2184 2619 2462 2692 quomodo
2493 2619 2659 2690 igitur
2688 2618 2836 2689 rugit
2864 2626 3034 2683 terra,
3073 2618 3117 2672 si
3141 2616 3362 2687 quidem
3396 2617 3577 2670 inan’-

1991 2721 2138 2769 mata
2167 2721 2272 2779 est,
2300 2722 2357 2769 et
2397 2712 2677 2784 quomodo
2709 2710 2882 2783 mugit
2912 2710 3133 2779 quando
3154 2710 3511 2766 concutitur?

2596 2802 2904 2872 Responsio.

2071 2899 2340 2957 Similiter
2379 2912 2447 2954 ac
2493 2912 2646 2953 mare
2680 2895 3061 2953 subterraneis
3101 2894 3390 2967 spiritibus
3432 2894 3580 2949 intu-

1991 3008 2267 3057 mescens,
2317 2990 2475 3063 quasi
2530 2991 2825 3047 stridorem
2872 2990 3112 3060 aliquem
3156 2997 3252 3044 aut
3310 2989 3579 3061 mugitum

1991 3080 2192 3136 reddit.
2242 3077 2459 3135 Etenim
2500 3078 2635 3133 illud
2669 3092 3047 3148 saepenumero
3081 3087 3414 3148 evaporante
3452 3093 3582 3147 pro-

1994 3168 2146 3225 fundi
2186 3176 2324 3225 aestu
2374 3179 2711 3224 commotum
2752 3177 2806 3223 et
2841 3168 3149 3234 exundans,
3190 3168 3431 3223 sonitum
3464 3168 3582 3223 eﬂi-

1997 3262 2107 3327 cit,
2162 3260 2394 3316 allidens
2442 3261 2798 3330 semetipsum
2844 3259 3103 3331 procellis
3152 3260 3581 3316 vehementiori-

1998 3353 2121 3409 bus.
2155 3352 2486 3420 Quiescente
2516 3368 2645 3408 vero
2667 3350 2823 3416 ﬂatu,
2864 3351 3011 3406 velut
3041 3351 3403 3406 inanimatum
3432 3352 3580 3409 haud

1992 3444 2216 3509 clamat,
2263 3444 2358 3499 sed
2406 3442 2645 3513 sopitum
2695 3441 3086 3513 profunditatis
3128 3444 3579 3515 tranquillitatem

1994 3536 2175 3592 habet.
2214 3534 2523 3607 Caeteroqui
2554 3549 2684 3589 num
2721 3535 2927 3605 putatis
2955 3536 3181 3607 aquaria
3205 3551 3333 3593 vasa
3359 3536 3443 3591 vel
3482 3537 3583 3592 do-

1993 3629 2066 3684 lia
2101 3630 2344 3684 animata
2389 3643 2536 3695 esse,
2578 3643 2702 3700 quae
2732 3628 2988 3685 audimus
3038 3630 3326 3686 stridentia
3369 3639 3423 3685 et
3462 3648 3583 3686 mus

1994 3720 2219 3791 gientia,
2264 3736 2388 3776 cum
2415 3729 2668 3790 penetrat
2696 3721 2879 3777 aerius
2929 3720 3200 3791 spiritus?
3230 3722 3412 3777 occisa
3451 3738 3582 3778 vero

1994 3826 2160 3881 capra
2202 3820 2260 3867 et
2289 3813 2593 3877 excoriata,
2636 3812 2814 3867 cuivis
2867 3819 3086 3868 constat
3149 3811 3324 3883 ipsam
3384 3813 3578 3884 pellem

1995 3903 2296 3958 inanimam
2333 3917 2495 3968 esse;
2532 3903 2587 3957 in
2624 3910 2798 3958 utrem
2827 3916 2961 3957 vero
2993 3910 3121 3958 cute
3158 3913 3495 3960 commutata
3524 3914 3580 3961 et

1995 3993 2190 4063 spiritu
2228 3993 2495 4059 distenta,
2524 3993 2721 4048 deinde
2773 4008 2968 4049 rursus
3004 3995 3416 4065 compressione
3463 4012 3583 4052 ma-

1995 4099 2168 4141 nuum
2204 4091 2519 4141 nostrarum
2556 4085 2758 4140 emisso
2784 4082 2938 4151 ﬂatu,
2974 4087 3248 4157 quomodo
3287 4089 3579 4145 stridorem

1995 4175 2287 4248 quemdam
2320 4186 2415 4230 aut
2437 4176 2704 4246 mugitum
2730 4176 2907 4232 reddit
2936 4177 3274 4236 inanimata?
3293 4178 3581 4246 Quomodo

1995 4269 2127 4323 item
2168 4266 2383 4322 musico
2425 4267 2673 4323 serviens
2705 4266 3097 4337 instrumento,
3133 4269 3304 4325 ductu
3342 4271 3581 4331 hominis

1994 4358 2147 4415 varie
2181 4360 2274 4414 illo
2304 4359 2512 4415 utentis
2542 4358 2776 4429 quodvis
2812 4374 3034 4415 carmen
3076 4360 3332 4430 etlicitur,
3375 4377 3439 4418 ac
3468 4371 3579 4418 tam

1996 4451 2305 4523 lugubriter
2327 4466 2493 4523 quam
2519 4450 2753 4507 remisse
2783 4466 2880 4521 per
2909 4451 3121 4508 ﬁstulas
3155 4454 3412 4509 resonat?
3439 4453 3581 4511 Num

1995 4545 2164 4616 igitur
2186 4544 2460 4599 animatas
2490 4542 2742 4600 dicemus
2787 4543 2936 4613 quod
2984 4544 3186 4601 inﬂatae
3232 4547 3462 4605 musicis
3497 4548 3583 4603 in-

1997 4645 2198 4694 sonant
2230 4637 2618 4694 instrumentis
2662 4636 2946 4693 hominum
2985 4641 3580 4713 excogitationeﬂtem

1994 4730 2335 4785 cithararum
2380 4728 2642 4796 chordas,
2691 4736 2748 4785 et
2783 4736 3168 4802 tympanorum
3216 4733 3383 4802 pelles
3412 4734 3582 4788 tinni-

1996 4833 2084 4878 tus
2123 4831 2178 4877 et
2220 4837 2388 4877 sonos
2415 4822 2611 4888 edunt,
2650 4837 2855 4892 perque
2884 4832 3087 4878 tactum
3138 4825 3259 4894 ejus
3300 4841 3328 4880 a
3355 4841 3465 4897 quo
3500 4837 3579 4883 te-

1993 4922 2218 4980 nentur,
2260 4921 2535 4983 strepunt.
2580 4911 2659 4966 Ad
2713 4913 2858 4969 hunc
2893 4914 3115 4969 modum
3163 4917 3341 4987 cegita
3386 4925 3439 4973 et
3468 4926 3580 4975 ter-

1999 5019 2136 5068 ram,
2164 5019 2262 5073 per
2299 5003 2528 5058 alterius
2568 5003 2803 5073 alicujus
2834 4998 3231 5073 operationem,
3272 5010 3485 5080 mugire
3524 5019 3581 5067 et

1995 5098 2235 5153 concuti.

2447 5185 2967 5244 INTERROGATIO
3013 5189 3146 5247 CIV.

2068 5276 2354 5345 Quomodo
2391 5276 2560 5348 igitur
2610 5285 2723 5331 tres
2761 5277 2841 5331 illi
2892 5279 3049 5347 pueri
3092 5293 3309 5336 omnem
3370 5292 3579 5340 creatu-

1995 5382 2111 5421 ram
2134 5366 2426 5432 animatam
2460 5366 2699 5418 innuunt
2722 5403 2736 5427 ,
2771 5372 3032 5421 canentes
3068 5365 3124 5420 in
3170 5367 3393 5425 fornace
3429 5392 3439 5426 :
3480 5371 3577 5424 Be-

1995 5458 2434 5523 nedicite,omuia
2459 5472 2617 5528 opera
2652 5455 2883 5523 Domini,
2910 5457 3214 5527 Dominum,
3246 5462 3503 5517 celebrate
3525 5474 3580 5518 et

2064 5815 2175 5940 L("313!)
2208 5814 2663 5940 lgtmwoyérnc
2716 5818 2934 5889 πάντη.
2980 5817 3143 5874 Forte
3185 5817 3576 5890 strumosum,

1996 5902 2179 5941 παντι.
2208 5902 2283 5943 ID.

3250 5980 3325 6042 3|
