4000 6402
412 338 517 396 9'23

410 462 758 535 μεσημϐρίᾳ,
812 464 990 534 νεφῶν
1040 467 1374 536 κινουμένων
1425 465 1852 531 ὑποσκιάζεσθαι
1903 465 1993 519 τὸν

400 553 556 624 ’ἥλιον
582 553 1042 627 ὑπεριπτάμενονο
1085 559 1119 628 ἡ
1151 558 1206 611 δὲ
1234 556 1326 610 τοῦ
1363 556 1668 627 πνεύματος
1696 557 1786 628 βία
1819 557 1990 629 πρόσ-

405 661 555 714 γειος
601 646 945 717 τυγχάνουσα
969 687 984 710 ,
1013 649 1238 712 εἰκότως
1259 647 1578 718 ἐκμοχλεύει
1605 649 1703 721 τὴν
1732 648 1989 715 ἄϐυσσον,

406 733 500 788 καὶ
530 735 727 790 πάσσει
757 737 848 791 τὸν
877 738 1014 807 ἀέρα
1039 740 1204 793 κόνει.
1238 739 1362 805 Πῶς
1380 740 1437 793 δὲ
1460 742 1494 810 ἡ
1530 739 1636 793 τῶν
1665 740 1990 810 πνευμάτων

409 820 497 891 βία
527 822 622 875 ἕνα
655 824 916 891 οἰκίσκον,
962 827 995 897 ἦ
1029 826 1173 880 λίθον
1213 829 1432 900 κινῆσαι
1469 829 1566 900 οὐχ
1613 830 1699 882 οἵα
1729 847 1788 882 τε
1815 829 1992 900 ὑπάρ-

407 926 596 982 χουσα,
625 914 836 986 κινήσει
870 917 1022 982 ποτὲ,
1049 917 1082 988 ἦ
1113 918 1538 990 μεθιδρύσειτδν
1571 919 1752 990 πάσης
1781 919 1992 984 πόλεως

409 1005 628 1076 μεγέθει
662 1008 996 1090 ὑπερέχοντα
1019 1012 1192 1083 ἥλιον,
1218 1014 1250 1083 ἧ
1281 1016 1391 1078 τοῖς
1421 1013 1642 1085 ἄστροις
1670 1013 1990 1086 προσαρρά-

408 1097 546 1162 ξειεν
566 1117 580 1166 ;

965 1185 1237 1252 ’ΠΕΥΣΙΣ
1268 1202 1388 1254 rz'.

475 1284 537 1338 Εί
595 1286 760 1358 μηδὲν
807 1289 943 1360 πρὸς
991 1292 1091 1364 τὴν
1133 1293 1494 1364 άναγέννησιν
1547 1295 1889 1348 συντελοῦσιν
1939 1297 1988 1349 οἱ

404 1375 654 1450 ἀστέρες,
685 1382 804 1435 οὐδὲ
833 1383 981 1438 ἔστιν
1003 1386 1210 1441 ἐκεῖθεν
1232 1387 1300 1440 τά
1329 1388 1573 1460 ἡμέτερα
1601 1389 1990 1460 στοχάσασθαι,

405 1471 522 1534 πῶς
548 1475 614 1542 τῆ
638 1475 887 1544 γεννήσει
914 1475 1006 1528 τοῦ
1033 1477 1270 1547 Χριστοῦ
1293 1480 1469 1550 ἀστὴρ
1489 1480 1850 1538 ἐπανέτειλεν.
1879 1482 1994 1553 ὁδη.

404 1565 499 1633 γὸς
530 1567 642 1627 τοῖς
671 1564 880 1634 Μάγοις
909 1566 1232 1638 γενόμενοςς
1264 1568 1378 1633 πῶς
1406 1570 1450 1623 δ’
1483 1571 1679 1626 ἐκεῖνοι
1717 1572 1993 1642 βασιλικὸν

401 1653 716 1723 ἐπιγνόντες
744 1654 835 1708 τὸν
857 1655 1061 1727 ἀστέρα
1079 1697 1093 1721 ,
1123 1657 1259 1727 πρὸς
1289 1659 1387 1729 τὴν
1414 1658 1721 1732 ὁδοιπορίαν
1747 1663 1995 1734 ἐκινήθη-

404 1763 525 1810 σαν,
557 1745 930 1817 προσκυνῆσαι
974 1747 1035 1800 τὸ
1065 1749 1276 1803 παιδίον
1317 1745 1422 1804 ὑπὸ
1461 1750 1553 1804 τοῦ
1585 1753 1816 1824 ἀστέρος
1839 1757 1990 1809 ἐπει-

402 1839 622 1911 γόμενοι
646 1857 660 1906 ;

1030 1931 1384 2002 Ἀπόκρισις.

475 2022 799 2094 Σαμαριτῶν
847 2025 940 2078 καὶ
987 2025 1361 2081 Σαδδουκαίων
1407 2027 1672 2097 ἀγγέλους
1723 2030 1798 2102 μὴ
1841 2031 1987 2102 δεχο-

404 2114 600 2190 μένων,
631 2116 854 2178 εἰκότως
895 2115 1098 2187 ἀστέρα
1126 2117 1215 2170 τὸν
1264 2117 1492 2187 ἄγγελον
1523 2120 1551 2172 ὁ
1591 2117 1733 2183 θεῖος
1759 2121 1989 2190 εὐαγγε-

398 2187 584 2278 λιστης
612 2225 794 2278 φησιν.
825 2209 1034 2273 ’Ἄλλως
1063 2226 1122 2262 τε
1142 2209 1198 2262 δὲ
1227 2211 1320 2263 καὶ
1343 2210 1402 2264 τὸ
1431 2209 1593 2274 σέϐας
1624 2210 1731 2264 τῶν
1751 2212 1985 2283 ἄστρων,

397 2299 478 2360 εἰς
508 2300 742 2368 Χριστὸν
768 2297 1172 2368 ἐπισπώμενος,
1201 2300 1299 2371 τῆς
1326 2299 1586 2353 πολυθέου
1635 2301 1843 2373 πλάνης
1882 2304 1988 2356 άπ-

399 2388 547 2457 άγων
600 2389 857 2460 βροτοὺς,
907 2390 983 2453 ὡς
1039 2391 1245 2462 ἀστέρα
1272 2391 1363 2446 τὸν
1400 2393 1630 2462 ἄγγελον
1659 2393 1849 2465 ὁδηγὸν
1885 2395 1988 2465 τῆς

396 2481 821 2548 προσκυνήσεως
851 2479 1084 2550 τίθησιν.
1115 2483 1190 2533 Οὐ
1229 2482 1338 2554 γὰρ
1370 2483 1573 2554 ἑτέρως
1595 2485 1642 2537 οἱ
1682 2483 1863 2552 Μάγοι
1905 2488 1986 2544 είς

397 2567 769 2639 προσκύνησιν
797 2570 1232 2642 συνηγέρθησαν,
1268 2573 1300 2643 ἢ
1333 2574 1391 2625 ὲν
1424 2573 1695 2647 φαντασίᾳ
1715 2573 1807 2627 τοῦ
1838 2575 1986 2644 σφῶν

397 2666 760 2735 σεϐάσματος.
804 2663 1167 2734 Ἀτονωτέρας
1201 2664 1257 2718 δὲ
1296 2665 1392 2719 καὶ
1428 2667 1726 2737 ἀνισχύρου
1752 2668 1852 2739 τῆς
1881 2685 1982 2738 μα-

393 2756 549 2825 γείας
570 2758 884 2826 γινομένης,
913 2759 978 2826 τῇ
1009 2755 1295 2827 θεανδρικῇ
1328 2759 1579 2829 γεννήσει
1602 2757 1694 2812 τοῦ
1719 2758 1982 2828 θεμελιώ-

396 2865 589 2910 σαντος
644 2847 770 2909 τοὺς
809 2848 1078 2918 ἀστέρας,
1126 2848 1219 2900 καὶ
1252 2848 1405 2914 τάξιν
1448 2850 1633 2914 αὐτοῖς
1676 2851 1979 2922 ὁρίσαντος,

392 2939 702 3010 αἰσθόμενοι
727 2939 778 2991 οἱ
810 2937 1009 2992 ἐκεῖνοι
1038 2937 1380 3010 πλανώμενοι
1408 2939 1698 3004 Χαλδαῖοι,
1733 2942 1827 2996 καὶ
1853 2944 1976 2997 ἁνα-

397 3031 755 3101 σφαλίσαντες
804 3029 1123 3084 ποτνιᾶσθαι
1169 3030 1364 3103 λυτῆρι
1394 3033 1494 3103 τῆς
1551 3035 1786 3104 πλάνης,
1819 3037 1981 3090 αὺτο-

396 3120 667 3191 μολοῦσιν,
713 3120 1099 3189 εὐαγγελισταὶ
1141 3123 1234 3174 καὶ
1279 3120 1486 3193 πρῶτοι
1521 3124 1761 3194 κήρυκες
1810 3124 1980 3178 ἐθνῶν

393 3212 492 3283 τῆς
525 3211 843 3284 θεανδρικῆς
879 3213 1299 3283 ἐπιφοιτήσεως.
1343 3213 1698 3277 Ἀναστάντες
1730 3211 1844 3277 οὖν,
1878 3215 1979 3285 τῆς

398 3306 732 3378 προφητείας
760 3304 852 3360 τοῦ
894 3304 1099 3376 ὑψηλοῦ
1140 3305 1361 3358 Ἡσαΐου
1389 3306 1692 3369 ἐπαΐοντες,
1726 3306 1974 3376 βοῶντος⁸

391 3397 643 3453 Παιδίον
672 3397 965 3469 ἐγεννήθη
994 3398 1158 3466 ἡμῖν,
1191 3397 1318 3464 υἱὸς
1346 3399 1444 3452 καὶ
1470 3399 1648 3468 ἐδόθη
1689 3401 1851 3470 ἡμῖν,
1881 3401 1979 3454 καὶ

388 3491 655 3545 καλεῖται
688 3491 752 3544 τὸ
780 3491 969 3560 ὄνομα
1013 3490 1202 3545 αὐτοῦ
1226 3489 1509 3562 Μεγάλης
1536 3491 1780 3560 ,ϐουλῆς
1807 3493 1979 3564 ἀγγε-

392 3588 516 3649 λος,
542 3585 897 3655 Θαυμαστὸς
917 3585 1288 3654 σύμϐουλος,
1312 3583 1455 3651 Θεὸς
1473 3585 1743 3655 ἰσχυρὸς,
1775 3587 1979 3651 Ἑξου-

389 3678 669 3746 σιαστὴς,
700 3679 924 3745 Ἄρχων
956 3677 1197 3745 εἰρήνης
1217 3717 1230 3740 ,
1268 3677 1471 3747 Πατὴρ
1505 3679 1614 3732 τοῦ
1643 3679 1977 3748 μέλλοντος

385 3770 623 3836 αἰῶνος.
650 3770 731 3824 Τά
767 3769 824 3822 δὲ
853 3769 957 3838 πρὸ
979 3769 1348 3833 πεντακοσίων
1369 3767 1502 3820 ἐτῶν
1531 3770 1633 3822 ὑπὸ
1658 3770 1752 3822 τοῦ
1781 3771 1975 3824 θεσπε-

386 3865 504 3916 σίου
558 3861 973 3933 προφανθέντα,
1009 3860 1104 3913 καὶ
1157 3858 1232 3930 μὴ
1265 3857 1595 3923 ἀκούσαντες
1640 3860 1786 3932 ἔργῳ
1831 3880 1975 3933 πσρ-

385 3953 616 4019 έδωκαν,
674 3954 801 4017 τοὺς
861 3951 1009 4021 νόμῳ
1077 3951 1173 4004 καὶ
1239 3951 1552 4022 προφήταις
1618 3952 1975 4021 σχολάζοντας

384 4047 643 4118 ἀνοήτους
676 4043 984 4106 Ἰουδαίους,
1015 4045 1083 4114 τῇ
1116 4042 1298 4095 πίστει
1327 4042 1730 4113 προϐαίνοντες.
1771 4045 1896 4097 ’Ότι
1921 4045 1976 4097 δὲ

383 4141 484 4193 οὐκ
514 4140 710 4208 ἀστὴρ,
741 4134 879 4191 ἀλλὰ
903 4136 1066 4206 νοερά
1091 4152 1176 4199 τις
1213 4136 1306 4188 καὶ
1332 4135 1523 4205 λογικὴ
1565 4136 1779 4206 ὑπῆρχε
1813 4137 1974 4190 δύνα-

387 4246 482 4301 μις
511 4231 540 4281 ὁ
561 4229 670 4282 τῶν
707 4228 912 4297 Μάγων
941 4226 1282 4297 καθηγητὴς,
1315 4226 1374 4292 ἐξ
1403 4227 1572 4298 αὐτῆς
1606 4228 1974 4298 παιδευόμεθα

382 4319 484 4390 τῆς
509 4318 718 4372 ἐκείνου
743 4316 1012 4388 κινήσεώς
1034 4336 1093 4371 τε
1122 4318 1215 4371 καὶ
1244 4319 1508 4382 στάσεως.
1535 4318 1657 4373 Τῶν
1679 4319 1789 4390 γὰρ
1813 4321 1973 4373 ἀστέ-

384 4430 494 4484 ρων
521 4413 569 4466 οἱ
603 4412 699 4482 μὲν
729 4410 1027 4483 άεικίνητοι
1048 4450 1062 4474 ,
1108 4409 1209 4463 οὐκ
1247 4409 1518 4482 ὴρεμοῦσι
1545 4412 1644 4482 τῆς
1682 4413 1969 4483 κινήσεως·

379 4510 430 4561 οἱ
475 4507 534 4561 δὲ
573 4506 851 4576 ἱστάμενοι
897 4505 957 4558 οὐ
1004 4504 1299 4559 κινοῦνται.
1350 4499 1519 4569 Οὗτος
1555 4505 1613 4558 δὲ
1652 4506 1966 4577 ἀμφιδέξιος

231 4643 249 4659 ,
281 4612 290 4618 ‘
381 4601 650 4670 (petiverat,
679 4597 996 4669 κινούμενος
1020 4599 1116 4650 καὶ
1146 4598 1456 4668 ἱστάμενος,
1489 4598 1583 4651 καὶ
1614 4598 1968 4670 ἀποκρυπτό-

384 4708 541 4760 μενος
569 4690 695 4754 τοὺς
737 4689 1130 4761 ὀδηγουμένους
1150 4704 1163 4717 ’
1216 4689 1363 4754 ὅπως
1414 4689 1736 4759 πυθομένων
1763 4689 1963 4754 αὐτῶν,

381 4781 506 4836 Ποῦ
531 4782 564 4834 ό
591 4781 823 4849 τεχθεὶς
840 4780 1146 4845 ,βασιλεὺς
1165 4779 1286 4833 τῶν
1318 4779 1654 4840 Ἰουόιιίων;
1672 4780 1916 4853 ταραχθῇ
1940 4783 1968 4834 ὁ

393 4869 665 4940 Ἡρώδης,
717 4869 810 4922 καὶ
861 4871 1012 4922 πάσα
1072 4871 1452 4942 Ἱεροσόλυμα,
1494 4871 1589 4924 καὶ
1624 4871 1882 4945 διαϐοηθῇ
1938 4876 1968 4927 ὁ

379 4963 518 5026 θεῖος
550 4963 708 5024 τόκος
736 4961 832 5013 καὶ
879 4959 1274 5030 θρυλλούμενος
1307 4962 1413 5046 sub
1448 4962 1557 5014 τῶν
1604 4962 1834 5031 Μάγων,
1867 4964 1962 5017 τοῦ

377 5053 754 5125 καθηγεμόνος
786 5051 970 5116 αὐτοῖς
1010 5053 1435 5124 άποκρυὸέντος.
1471 5053 1641 5106 Πάλιν
1663 5054 1719 5108 δὲ
1751 5056 1963 5125 ἀναφα-

377 5149 522 5213 νεὶς,
562 5145 731 5200 ἐλθὼν
762 5144 892 5218 ἔστη
919 5145 1012 5198 ἐπὶ
1056 5143 1151 5197 τοῦ
1190 5143 1408 5215 ἄντρου,
1443 5140 1504 5198 οὗ
1538 5141 1605 5216 ἦν
1630 5146 1692 5200 τὸ
1724 5149 1959 5212 παιδίον,

379 5237 542 5306 φησὶν
567 5239 596 5290 ὁ
631 5235 833 5308 ὑψηλὸς
862 5235 1154 5299 Ματθαῖος.
1193 5237 1255 5288 Εἰ
1287 5238 1394 5307 γὰρ
1430 5238 1505 5308 μὴ
1535 5238 1600 5290 ὲκ
1630 5239 1961 5311 διαλειμμά-

377 5343 485 5382 των
527 5328 731 5400 ὲφάνη,
758 5329 859 5381 οὐκ
905 5328 971 5381 ἂν
1016 5327 1232 5400 ἐσείσθη
1273 5329 1620 5401 Ἱεροσόλυμα
1661 5334 1727 5403 τῇ
1772 5334 1960 5387 πεύσει

376 5417 486 5472 τῶν
507 5419 734 5488 Μάγων,
755 5419 856 5471 οὐκ
879 5416 944 5470 ἂν
961 5418 1220 5490 ἐθυμώθη
1263 5417 1508 5490 Ἡρώδης
1535 5420 1663 5491 περὶ¹
1697 5421 1961 5490 βασιλέως

374 5508 590 5564 ἁκούων
614 5525 628 5540 ⁸
651 5509 685 5579 ἢ
713 5509 824 5580 (42)
855 5509 1018 5579 νοερά
1036 5527 1118 5573 τις
1146 5511 1240 5563 καὶ
1257 5510 1447 5582 λογικὴ
1467 5511 1698 5583 δύναμις
1727 5515 1753 5569 ὁ
1783 5514 1958 5585 ἀστὴρ

445 5673 491 5703 ⁸ο
531 5671 634 5727 Isa.
662 5689 736 5734 Ix,
771 5671 824 5727 6.
899 5672 939 5700 ⁸⁸
987 5672 1173 5727 Matth.
1205 5691 1263 5739 ιι,
1295 5674 1352 5731 ‘2.

446 5833 560 5900 (49.)
599 5834 686 5888 Ἦ.
725 5830 886 5886 Forte
925 5833 992 5885 εἰ.
1026 5831 1179 5886 Eutr.

1817 340 2160 401 DlALOGUS
2199 341 2260 397 ll.
3251 370 3279 392 ο

3579 346 3685 401 971

2101 466 2263 522 bibus
2292 464 2509 536 agitatis
2569 465 2925 535 supervolans
2970 465 3316 522 inumbretur
3353 466 3456 522 sol.
3493 466 3685 522 Flatns

2096 564 2278 612 autem
2312 558 2568 613 violentia
2598 565 2758 613 terrae
2804 559 3147 613 contermina
3189 574 3311 614 eum
3355 561 3446 623 sit,
3482 561 3682 614 merito

2094 657 2400 706 commovet
2446 651 2727 720 abyssum,
2759 659 2809 706 et
2847 653 2901 707 in
2954 665 3080 706 aera
3125 652 3332 722 spargit
3373 653 3676 723 pulverem.

2093 740 2382 807 Quomodo
2428 759 2557 798 vero
2603 743 2828 798 llatunm
2875 743 2960 800 vis
2999 744 3252 815 exiguam
3302 745 3542 816 aliquam
3577 746 3679 800 alo-

2094 847 2242 886 mum
2292 841 2387 887 aut
2439 834 2671 904 lapidem
2708 851 2928 890 movere
2955 850 3080 891 cum
3119 850 3228 890 non
3260 835 3455 906 possit,
3494 851 3680 894 rnore-

2094 921 2173 978 bit
2203 923 2500 994 aliquando
2545 927 2628 981 vel
2681 927 2979 983 transferet
3014 928 3184 984 solem
3213 930 3408 1002 quavis
3454 931 3680 988 civitate

2094 1011 2381 1081 majorem.
2421 1024 2516 1069 aut
2545 1016 2612 1070 ad
2660 1025 2808 1072 astra
2843 1019 3108 1075 collidet?

2524 1208 3047 1272 INTERROGATIO
3090 1218 3249 1274 CVII.

2167 1296 2222 1350 Si
2248 1298 2381 1353 nihil
2401 1301 2467 1354 ad
2496 1303 2775 1360 hominum
2804 1309 3144 1366 nativitatem
3170 1313 3466 1370 conferunt
3482 1317 3677 1384 stellae,

2096 1403 2272 1459 neque
2300 1402 2533 1461 possunt
2577 1395 2705 1452 inde
2750 1398 2997 1470 indagari
3027 1419 3150 1473 qua:
3193 1406 3354 1464 nobis
3397 1409 3677 1476 accidunt,

2095 1483 2381 1550 quomodo
2414 1485 2468 1540 in
2497 1488 2785 1546 nativitate
2825 1492 3028 1549 Christi
3059 1505 3249 1552 exorta
3275 1507 3380 1564 cst,
3415 1516 3537 1572 qua:
3562 1501 3679 1557 Ma-

2094 1574 2178 1643 gis
2202 1573 2313 1630 dux
2346 1578 2446 1632 vite
2488 1580 2684 1637 ﬁeret?
2713 1586 2782 1637 At
2809 1588 3082 1656 quomodo
3116 1590 3190 1644 illi
3224 1593 3459 1661 regalem
3507 1610 3679 1665 agno-

2090 1676 2313 1724 scentes
2369 1671 2606 1738 stellam,
2649 1676 2717 1730 ad
2753 1677 2855 1732 iter
2885 1681 3297 1751 suseipicndum
3345 1686 3482 1740 moti
3523 1695 3675 1752 sunt,

2098 1759 2163 1814 ad
2194 1761 2535 1818 adorandum
2567 1781 2794 1836 puerum
2827 1785 2923 1839 per
2961 1774 3174 1827 stellam
3211 1775 3481 1830 deducti?

2725 1947 3032 2018 Responsio.

2160 2034 2298 2101 Quia
2343 2034 2681 2092 Samaritani
2718 2049 2771 2096 et
2801 2041 3084 2099 Sadducazi
3127 2049 3350 2117 angelos
3386 2066 3493 2106 non
3535 2054 3678 2108 rcci-

2091 2126 2334 2196 piebant,
2360 2128 2560 2184 merito
2595 2131 2806 2187 stellam
2832 2136 3088 2204 angelum
3136 2137 3297 2194 divus
3338 2144 3675 2215 evangelista

2089 2227 2267 2273 vocat.
2294 2218 2399 2274 Sed
2437 2228 2490 2276 et
2516 2223 2722 2278 cultum
2753 2226 2921 2282 astris
2958 2227 3263 2299 impensum
3289 2232 3356 2287 ad
3391 2233 3673 2292 Christum

2089 2311 2346 2374 trahens,
2379 2328 2407 2366 a
2448 2314 2743 2370 multorum
2775 2318 3000 2373 deorum
3045 2336 3234 2379 errore
3293 2328 3553 2384 mortales
3585 2346 3674 2386 re-

2087 2405 2362 2467 ducendo,
2399 2407 2548 2460 velut
2585 2409 2798 2463 stellam
2851 2413 3004 2480 ponit
3051 2416 3324 2486 angelum,
3347 2419 3447 2475 via:
3479 2422 3676 2479 adora-

2088 2498 2254 2554 tionis
2283 2497 2502 2554 ducem.
2537 2497 2654 2554 Non
2698 2501 2845 2557 enim
2872 2505 2977 2558 alia
3007 2522 3064 2561 re
3105 2507 3242 2577 Magi
3274 2510 3340 2565 ad
3394 2514 3675 2572 adoratio-

2088 2608 2210 2646 nem
2237 2592 2461 2647 excitati
2494 2602 2644 2658 sunt,
2685 2609 2848 2664 quam
2887 2597 3147 2666 opinione
3178 2586 3264 2656 sui
3295 2605 3499 2662 cultus.
3532 2607 3671 2664 Cum

2088 2692 2270 2739 autem
2301 2684 2586 2740 remissior
2603 2695 2656 2740 et
2683 2685 2954 2742 inﬁrmior
2985 2691 3157 2760 magis
3183 2692 3324 2748 facta
3359 2695 3553 2754 fuisse:
3577 2715 3677 2771 per

2086 2775 2323 2831 deiﬁeati
2367 2776 2606 2831 hominis
2646 2779 3008 2846 nativitatem,
3041 2783 3134 2852 qui
3168 2786 3358 2844 stellas
3412 2789 3676 2850 {nitidave-

2086 2875 2190 2931 rat,
2224 2877 2279 2924 et
2329 2869 2578 2925 ordinem
2640 2869 2774 2940 ipsis
2824 2876 3254 2946 praescripserat,
3291 2895 3348 2935 re
3396 2881 3672 2941 intellecta

2083 2970 2331 3015 errantes
2365 2960 2438 3014 illi
2462 2960 2724 3027 Chaldaei,
2767 2965 3092 3022 conlirmato
3140 2970 3207 3024 ad
3249 2975 3671 3044 supplicandum

2085 3051 2271 3104 animo
2320 3051 2540 3120 expiato
2586 3067 2794 3118 errore,
2837 3070 2937 3109 sua
2977 3066 3108 3111 eunt
3153 3071 3671 3136 sponte,tanquam

2083 3142 2434 3212 evangelista:
2485 3150 2540 3198 et
2583 3145 2744 3214 primi
2799 3164 3079 3216 praecones
3108 3155 3354 3222 gentium
3391 3159 3459 3214 de
3499 3161 3670 3218 divini

2086 3231 2325 3288 hominis
2355 3235 2613 3292 adventu.
2640 3237 2939 3308 Surgentes
2971 3242 3136 3312 igitur
3166 3248 3453 3316 prophetia
3482 3253 3668 3309 exiniii

2083 3321 2236 3379 Isaiae
2292 3326 2500 3391 audita,
2545 3329 2784 3386 clamant
2823 3347 2840 3386 :
2875 3332 3019 3388 Puer
3063 3345 3222 3391 natus
3275 3351 3354 3393 est
3405 3344 3593 3407 nobis,
3622 3359 3671 3400 et

2081 3418 2229 3486 ﬁlius
2258 3419 2417 3475 datus
2457 3431 2535 3476 est
2576 3422 2750 3489 nobis,
2781 3434 2830 3478 et
2862 3427 3135 3482 vocabitur
3164 3447 3350 3486 nomen
3394 3435 3530 3504 ejus,
3568 3437 3672 3490 Λιι-

2082 3509 2345 3566 mirabilis
2379 3515 2742 3579 consiliarius,
2787 3517 2973 3589 Slagni
3014 3522 3226 3576 consilii
3264 3528 3503 3595 nuntius,
3533 3528 3670 3584 Dens

2081 3602 2261 3671 fortis,
2311 3603 2667 3669 Dominalor,
2709 3606 2959 3679 Princeps
3033 3615 3216 3680 pacis,
3287 3616 3452 3671 Pater
3500 3620 3672 3686 futuri

2081 3699 2356 3751 circuli”.
2393 3701 2508 3755 Hoc
2556 3711 2739 3757 autem
2771 3719 2896 3758 cum
2951 3714 3078 3760 ante
3122 3709 3451 3777 quingentos
3495 3727 3672 3768 annos

2079 3787 2148 3839 ab
2186 3789 2278 3842 illo
2309 3791 2426 3843 viro
2459 3801 2656 3847 sancto
2682 3795 3002 3864 pra-dictum
3037 3797 3250 3863 fuisset,
3271 3800 3396 3855 licet
3451 3804 3526 3857 illi
3559 3821 3668 3861 non

2081 3878 2444 3942 audivissent,
2469 3890 2651 3937 tamen
2691 3898 2748 3939 re
2806 3885 2922 3954 ipsa
2965 3887 3454 3956 demonstrarunt,
3483 3894 3583 3964 legi
3614 3905 3670 3948 ct

2080 3969 2365 4038 prophetis
2413 3981 2695 4035 vacantes,
2729 3973 2952 4032 Judzeos
2993 3979 3366 4048 intelligentiae
3413 3993 3668 4054 expertes

2077 4073 2232 4121 esse,
2264 4068 2430 4129 atque
2483 4063 2555 4116 ita
2597 4063 2650 4117 in
2713 4065 2817 4119 (ide
2873 4080 3124 4138 pergunt.
3161 4070 3315 4136 Quod
3370 4090 3501 4131 vero
3557 4095 3666 4132 non

2077 4151 2254 4211 stella,
2276 4152 2370 4206 sed
2399 4154 2732 4211 intellectilis
2753 4158 3003 4228 quaedam
3034 4169 3087 4214 et
3117 4162 3402 4221 rationalis
3421 4175 3667 4236 potestas

2079 4242 2244 4298 fuerit
2301 4245 2390 4299 ille
2441 4245 2723 4315 Magorum
2760 4249 2871 4304 dux
2897 4291 2912 4309 .
2946 4268 3012 4306 ex
3057 4253 3172 4323 ipsa
3214 4255 3486 4313 discimus
3544 4265 3664 4314 tum

2077 4338 2317 4392 motione
2352 4347 2467 4393 tum
2505 4341 2875 4400 institutione.
2913 4343 3049 4399 Nam
3085 4349 3370 4405 stellarum
3411 4351 3518 4408 illze
3543 4355 3666 4423 qni-

2075 4430 2196 4486 dem
2227 4448 2350 4502 qua:
2403 4448 2621 4502 semper
2671 4445 2801 4490 sunt
2848 4437 3079 4494 mobiles
3123 4456 3406 4512 nunquam
3439 4459 3471 4498 a
3511 4454 3664 4501 motu

2075 4525 2402 4594 quiescunt;
2434 4542 2556 4595 quae
2588 4542 2717 4580 vero
2747 4529 2864 4584 lixa:
2885 4539 3033 4595 sunt,
3063 4546 3169 4586 non
3201 4544 3506 4590 moventur.
3536 4535 3663 4595 Haec

2073 4624 2256 4672 autem
2291 4625 2587 4687 utrumque
2618 4620 2865 4689 recipere
2909 4621 3146 4692 videtur,
3174 4625 3434 4681 nimirum
3461 4645 3584 4699 qua:
3609 4641 3664 4685 et

2073 4709 2296 4764 mohilis
2335 4722 2482 4764 esset
2513 4720 2565 4764 et
2598 4712 2724 4776 lixa,
2752 4721 2918 4784 atque
2946 4715 3112 4770 etiam
3156 4716 3226 4771 ab
3264 4718 3332 4774 iis
3363 4720 3457 4790 qui
3493 4721 3664 4778 duce-

2072 4798 2274 4854 bantur
2299 4841 2313 4858 .
2347 4817 2470 4855 sese
2528 4802 2908 4858 subduceret:
2950 4805 3022 4859 ita
3075 4815 3135 4860 ut
3190 4807 3660 4881 interrogantibus

2069 4889 2208 4959 ipsis
2233 4907 2246 4944 :
2287 4889 2388 4944 Ubi
2419 4901 2496 4947 est
2527 4903 2684 4946 natus
2711 4895 2802 4950 ille
2829 4911 2920 4950 rea:
2948 4895 3260 4953 Jua'azorum
3279 4901 3324 4932 ⁸¹
3355 4902 3661 4974 Uurbatus

2071 4983 2143 5035 sit
2172 4997 2261 5036 rex
2298 4981 2544 5039 Herodes
2569 4994 2623 5038 et
2653 4993 2766 5039 tota
2818 4985 3214 5062 Hierosolyma,
3244 4999 3298 5048 et
3347 4992 3661 5067 divulgatus

2070 5074 2290 5131 divinus
2324 5084 2537 5147 partus,
2573 5078 2790 5151 lateque
2840 5097 3070 5152 sparsus
3104 5099 3134 5138 a
3184 5083 3358 5158 Magis
3385 5128 3400 5153 ,
3434 5097 3661 5160 propter

2069 5168 2381 5238 ademptum
2435 5169 2533 5224 vise
2585 5170 2802 5229 ducem.
2854 5173 3308 5234 Rursus'autem
3359 5195 3656 5253 apparens,

2067 5261 2318 5315 constitit
2342 5277 2505 5332 supra
2537 5273 2758 5318 antrum
2793 5266 2883 5320 ubi
2915 5267 3098 5324 infans
3133 5279 3272 5339 erat,
3318 5271 3496 5342 inquit
3535 5277 3655 5330 cxi-

2067 5349 2210 5402 mius
2239 5348 2566 5416 Mattbaans;
2611 5367 2734 5406 nam
2773 5353 2878 5408 nisi
2923 5371 3020 5425 per
3052 5356 3518 5414 intermissionem
3555 5377 3654 5431 ap-

2069 5435 2364 5502 paruisset,
2389 5451 2496 5490 non
2541 5437 2732 5494 fuisset
2769 5451 3041 5498 commota
3079 5442 3455 5515 Hierosolyma
3483 5446 3656 5501 inter-

2069 5522 2432 5590 terrogatione
2463 5523 2766 5597 Magorum,
2811 5544 2990 5600 neque
3042 5531 3291 5597 irritatus
3321 5531 3515 5587 fuisset
3545 5531 3651 5588 lie-
