4000 6430
297 408 412 467 977

302 524 443 580 ἀλλά
467 521 777 579 θεοσέϐειαν
809 522 1023 596 πρῶτον
1051 525 1244 595 ἐαυτῷ,
1270 525 1370 581 εἷθ’
1393 526 1566 591 οὕτως
1600 527 1786 583 ἰσαάκ
1808 527 1887 598 τῷ

304 614 483 678 παιδὶ,
526 613 588 667 τὸ
646 613 887 685 σιδήριον
933 614 1032 686 τῆς
1079 617 1379 687 περιτομῆς
1415 617 1758 688 τεθηγμένον
1802 621 1893 672 ἐπ’

305 704 536 772 ήγαγεν.
579 700 715 754 Ούδέ
749 700 892 756 κατά
911 703 1297 775 ἀστρονομίαν,
1322 705 1461 759 ἀλλά
1486 706 1798 780 θεηγορίαν,
1829 709 1894 762 ἐκ

309 789 409 861 τῆς
446 790 643 859 ἀγόνου
682 793 778 846 καὶ
807 792 1113 863 παρήλικος
1145 794 1375 865 συμόίου
1402 796 1502 866 τὴν
1541 798 1749 852 ἐκείνου
1777 797 1894 867 γέν-

304 898 460 947 νησιν
490 880 852 936 ἐπιστώσατο·
882 884 1011 956 περὶ
1048 880 1118 957 ἧς
1144 886 1209 938 ἐκ
1239 885 1367 949 νέας
1396 887 1490 941 καὶ⁹
1518 886 1619 958 ἤδη
1652 888 1895 960 σφριγώ-

309 989 412 1043 σης
439 972 540 1043 τῆς
560 972 801 1043 ήλικίας,
847 975 1041 1046 μέχρις
1061 976 1230 1047 αὐτῆς
1255 976 1448 1042 πολιᾶς
1469 980 1562 1033 καὶ
1591 979 1893 1049 βαθυτάτου

304 1064 533 1133 γήρους,
565 1062 816 1135 ἀλλήλοις
847 1065 1328 1133 συγκαθεύδοντες,
1363 1068 1580 1123 οὐδέπω
1637 1071 1895 1142 ἀστρονο-

309 1153 463 1224 μίαις
494 1154 795 1211 ἐπείθοντο.
840 1156 962 1210 Οὐδ’
1007 1152 1075 1211 αὖ
1126 1158 1290 1214 πάλιν
1328 1158 1424 1214 τοῦ
1472 1161 1895 1233 ἀστροτέκτονος

304 1245 395 1299 τὸν
424 1245 588 1299 παῖδα
636 1249 1003 1318 πειραστικῶς
1046 1250 1210 1304 αὐτὸν
1262 1250 1413 1305 θύειν
1456 1255 1892 1326 προστάξαντος,

302 1335 418 1389 οὐδ’
474 1337 698 1410 ἄστροις
745 1339 1029 1412 ἑπόμενος,
1068 1340 1204 1397 ἀλλά
1251 1343 1372 1414 Θεῷ
1416 1344 1755 1417 πειθόμενος,
1793 1348 1896 1420 τήν

303 1428 584 1485 Χαλδαίαν
608 1433 672 1502 τῇ
705 1432 1104 1505 Μεσοποταμίᾳ
1133 1433 1333 1506 Συρίας
1369 1435 1676 1506 ἀμείϐεται.
1738 1437 1895 1505 ’Δειῶ

302 1518 363 1572 δέ
414 1536 509 1574 σου
553 1521 652 1593 τήν
698 1522 1000 1595 ἀγχίνοιαν,
1049 1524 1338 1598 ἀξιέραστε
1376 1530 1743 1595 Κωνστάντιε,
1780 1533 1895 1603 ,τῆς

306 1612 592 1685 παρούσης
618 1612 767 1678 θείας
792 1616 1115 1687 ὀμηγύρεως
1139 1618 1276 1690 πρὸς
1298 1619 1397 1691 τὴν
1435 1621 1696 1692 ἀκρόασιν
1720 1622 1894 1700 βραχὺ

309 1704 628 1777 σιωπώσης,
655 1707 754 1778 τὴν
784 1708 928 1762 κατὰ
960 1709 1020 1763 σὲ
1050 1710 1453 1783 ἀστρονομικήν
1491 1714 1650 1785 ήμῶν
1680 1716 1895 1784 γένεσιν

288 1791 675 1873 διηγήσασθαί
725 1814 851 1867 μοι,
893 1798 989 1853 καὶ
1033 1798 1154 1871 ἥτις
1201 1801 1382 1855 αὐτῶν
1429 1803 1664 1876 ὑπάρχει
1713 1806 1896 1877 κρίσις

308 1886 408 1938 καὶ
457 1887 771 1960 συμπλοκή·
827 1889 971 1945 οὕτω
1014 1893 1081 1963 τῇ
1128 1891 1250 1965 θείᾳ
1294 1892 1452 1967 ῥώμῃ
1495 1913 1556 1948 τε
1585 1896 1681 1950 καὶ
1731 1898 1895 1972 σοφίᾳ

309 1976 760 2049 καθαιρουμένων
786 1980 895 2035 τῶν
919 1981 1073 2053 παρά
1102 1981 1198 2036 σοῦ
1224 1984 1374 2037 δονου
1383 1985 1556 2055 μένων
1588 1985 1899 2057 δογμάτων,

313 2065 417 2119 πά)
431 2085 478 2121 ιν
517 2068 605 2122 διὰ
635 2069 848 2141 νήψεως
892 2073 987 2126 καὶ
1014 2072 1263 2139 παιδείας
1304 2075 1631 2147 κρειττόνων
1663 2076 1769 2129 ὑπὸ
1800 2076 1897 2131 σοῦ

311 2158 765 2230 ἀνεγειρομένων,
800 2162 876 2224 ὡς
905 2163 1117 2217 καὶτοῦ
1145 2163 1350 2235 ὑψηλοῦ
1387 2165 1730 2235 Ἀποστόλου,
1763 2167 1900 2222 καθ-

308 2249 638 2321 αιρεθέντων
685 2253 784 2322 μὲν
816 2253 924 2307 τῶν
957 2255 1215 2326 νομικῶν,
1258 2256 1681 2326 ἀνθυψωθέντων
1708 2258 1766 2312 δὲ
1791 2259 1901 2314 τῶν

305 2342 705 2411 εὐαγγελικῶν,
731 2344 828 2414 τῆς
853 2345 911 2399 δὲ
934 2347 1130 2411 κακίας
1151 2347 1595 2420 καταρραγείσης
1617 2350 1710 2404 καὶ
1726 2353 1903 2416 κτιζο-

307 2435 484 2504 μένης
521 2435 614 2488 ἐπὶ
635 2435 697 2488 τὸ
727 2437 999 2505 κρεῖττον,
1030 2437 1126 2491 καὶ
1150 2438 1374 2509 εἰρήνης
1413 2455 1496 2491 σοι
1528 2437 1666 2510 πρὸς
1691 2440 1762 2494 τὰ
1791 2440 1903 2512 ἐμὰ

305 2524 608 2595 γινομένης
635 2524 905 2595 δόγματα,
944 2527 1038 2579 καὶ
1072 2525 1181 2581 τῶν
1208 2528 1638 2600 συνεγερθέντων
1674 2530 1767 2583 ἐπὶ
1802 2529 1903 2600 τὴν

304 2614 483 2685 ἀκοὴν
535 2613 630 2666 τοῦ
680 2614 839 2683 λόγου
881 2614 1178 2687 ἀλωόήτως
1226 2616 1679 2687 ἀποφοιτιῖητων,
1736 2620 1905 2691 μηδὲν

303 2704 409 2773 τῆς
448 2702 762 2775 Ἑλληνικῆς
794 2705 1153 2775 ἐπαγομένων
1177 2706 1377 2770 κακίας
1397 2724 1412 2739 ·
1439 2708 1637 2777 ἐπάγει
1669 2709 1770 2777 μὲν
1796 2712 1901 2764 Δα-

301 2793 395 2846 6ὶδ
420 2793 450 2844 ό
483 2792 590 2845 τῶν
624 2792 785 2846 θείων
831 2792 1066 2864 μελῳδός
1086 2810 1100 2824 °
1156 2794 1319 2864 Αὕτη
1356 2797 1395 2864 ἡ
1426 2796 1759 2864 ἀλλοίωσις
1791 2798 1904 2867 τῆς

256 2883 516 2950 »δεξιᾶς
556 2884 661 2939 τοῦ
711 2885 1034 2952 Ὑψίστου·
1078 2885 1393 2958 ἐπιϐοήσειε
1442 2888 1499 2943 δέ
1554 2891 1651 2944 καὶ
1709 2893 1738 2945 ό
1792 2892 1904 2948 τῶν

306 2974 611 3046 προφητῶν
651 2973 857 3047 ὑψηλὸς
904 2975 1132 3039 Ἡσαΐας
1163 2977 1230 3031 ἐκ
1272 2977 1566 3051 προσώπου
1601 2980 1696 3036 τοῦ
1729 2982 1900 3037 Θεοῦ·

508 3069 541 3121 ό
579 3064 769 3120 ποιῶν
796 3065 1066 3136 εζρήνην,
1109 3068 1210 3122 καὶ
1242 3069 1451 3131 κτίζων
1485 3072 1645 3127 κακὰ
1691 3073 1790 3130 ἐπὶ
1839 3076 1904 3131 τό

308 3176 605 3231 κρειττον.
1585 3184 1592 3191 ν

902 3292 1152 3346 ΠΕΥΣΙΣ
1181 3294 1302 3349 PO'.

384 3403 500 3474 Τῆς
525 3402 793 3475 ὑμετέρας
812 3401 1121 3474 ἁγιωσύνης
1144 3404 1325 3476 λέγειν
1357 3425 1447 3479 μοι
1476 3410 1900 3485 ἐπιτρεπούσης,

309 3495 565 3551 ἐντεῦθεν
586 3496 681 3548 τοῦ
706 3496 864 3565 λόγου
891 3496 1153 3567 ἄρχομαι,
1178 3499 1238 3551 ού
1260 3498 1602 3573 λυμήνασθαι
1625 3505 1752 3568 τοὺς
1772 3523 1906 3578 παρ-

306 3592 495 3655 όντας,
529 3588 644 3642 ἀλλ’
675 3587 971 3642 ἀποθέσθαι
1001 3588 1100 3660 τὴν
1117 3588 1296 3662 λύμην
1328 3591 1666 3666 βουλόμενος.
1702 3596 1905 3652 Δύτίκα

312 3678 448 3749 γοῦν
484 3678 658 3749 Ἄρης
699 3676 810 3746 (45)
841 3678 1066 3748 κέντρον
1109 3678 1310 3744 λαϐὼν,
1345 3683 1529 3755 οἰκείῳ
1555 3685 1690 3757 οἴκῳ
1724 3686 1790 3740 ἐκ
1816 3704 1905 3741 τε-

313 3768 601 3842 τραγώνου
625 3767 941 3837 ἐπιθεωρῶν
960 3769 1167 3839 Κρόνον
1197 3772 1295 3825 σὺν
1334 3772 1509 3845 Ἑρμῇ
1537 3775 1633 3828 ἐπὶ
1659 3776 1904 3848 κέντρον,

314 3863 555 3934 Σελήνης
612 3860 700 3913 ἐπ’
749 3858 912 3913 αὐτὸν
963 3859 1207 3930 πλήρους
1250 3861 1562 3934 ἀρχομένης
1613 3865 1762 3935 (46),
1814 3868 1907 3921 ἐπὶ

315 3957 589 4027 ήμερινῆς
620 3952 954 4022 γεννήσεως,
1003 3951 1215 4005 ἐκτελεῖ
1245 3951 1601 4024 ἀνδροφόνους
1633 3956 1729 4010 καὶ
1762 3974 1908 4011 κτει-

315 4047 600 4116 νομένους,
644 4040 954 4113 ἐπωμώτας
986 4042 1098 4113 (47)
1129 4043 1224 4096 καὶ
1255 4044 1577 4115 αἰμοπότας,
1615 4046 1927 4117 μεθύσους,

316 4137 571 4205 λάγνους,
614 4132 1003 4206 δαιμονῶντας,
1052 4135 1367 4205 μυστηρίων
1399 4136 1734 4208 ἀποκρύφων
1761 4141 1907 4194 ἴστο-

323 4244 445 4296 ρας,
488 4227 694 4296 μάγους
721 4223 908 4288 θύτας,
957 4224 1052 4277 καὶ
1096 4224 1162 4278 τὰ
1190 4224 1399 4290 τούτοις
1427 4227 1716 4294 ἀκόλουθα,
1762 4231 1909 4297 ἐξαι-

322 4317 496 4389 ρέτως
525 4315 752 4387 μηδενός
777 4315 887 4369 τῶν
906 4316 1251 4385 ἀγαθοποιῶν
1278 4319 1525 4391 ἀστέρων
1545 4322 1907 4395 ἐπιθεωροῦν-

318 4424 435 4471 τος.
477 4407 648 4471 Αὐτὸς
681 4407 739 4460 δέ
782 4405 945 4460 πάλιν
984 4407 1158 4479 ’Ἄρης
1188 4408 1325 4480 πρὸς
1367 4409 1689 4484 Ἀφροδίτην
1719 4414 1907 4487 σχῆμα

317 4500 682 4573 τετράγωνον,
714 4498 977 4571 μοιρικῶς
1005 4499 1095 4551 ἐπὶ
1125 4498 1347 4571 κέντρον
1375 4501 1450 4573 μὴ
1481 4502 1908 4577 ἐπιθεωροῦντός

318 4610 468 4657 τινος
518 4589 853 4661 ’ἀγαθοποιοῦ
874 4633 887 4655 ,
934 4590 1154 4662 μοιχοὺς
1187 4592 1467 4652 ἀποτελεῖ,
1518 4594 1776 4665 ἀδελφαῖς
1814 4599 1910 4653 καὶ

321 4684 568 4755 μητράσι
605 4681 986 4753 μιγνυμένους.
1044 4680 1260 4755 Κύπρις
1303 4682 1400 4737 σὺν
1437 4684 1598 4757 Μήνῃ
1643 4687 1701 4738 ἐν
1738 4687 1910 4761 ὁρίοις

323 4775 423 4827 καὶ
447 4774 615 4836 οἴκοις
647 4774 877 4843 Κρόνου,
910 4774 1007 4826 σὺν
1038 4774 1252 4846 Κρόνῳ,
1287 4776 1787 4847 ἐπιμαρτυροῦντος
1814 4778 1909 4832 τοῦ

327 4856 549 4935 ’Λρεος,
582 4862 833 4915 ἀποτελεῖ
861 4865 1123 4929 γυναῖκας
1144 4866 1424 4935 γεωργοὺς
1452 4866 1545 4919 καὶ
1574 4867 1911 4939 οἰκοδόμους,

324 4955 424 5010 καὶ
450 4954 667 5008 πάντων
687 4951 949 5023 ἀνδρείων
978 4951 1155 5023 ἔργων
1180 4953 1568 5024 ἐπιστήμονας,
1606 4956 1698 5009 κοιλ⁵
1715 4961 1915 5013 κοινοῦ-

326 5046 456 5101 σθαι
484 5045 579 5098 καὶ
631 5041 1017 5112 συγκαθεύδειν
1063 5036 1145 5105 οἷς
1175 5043 1220 5096 δ’
1258 5043 1326 5096 ἂν
1356 5042 1662 5114 βούλοιντο,
1710 5049 1804 5101 καὶ
1839 5050 1915 5122 μὴ

326 5137 634 5193 κωλύεσθαι
659 5136 766 5189 ὑπὸ
791 5134 902 5189 τῶν
945 5134 1163 5189 οίκείων
1201 5134 1432 5205 ἀνδρῶν.
1493 5136 1797 5210 Ἀνδρείους
1823 5138 1917 5197 οὖν

400 5304 447 5345 ⁸³
488 5302 630 5360 Psal.
656 5319 842 5367 Lxxvr,
875 5302 960 5356 ll.
1037 5303 1085 5333 ”
1125 5299 1231 5357 lsa.
1265 5316 1390 5363 xcv,
1420 5301 1474 5356 7.

428 5459 518 5538 μδ)
548 5459 780 5538 Αὐτίκα,
812 5457 964 5538 rei)?
996 5459 1223 5538 :Apn¢._
1237 5457 1384 5538 Quae
1416 5457 1518 5510 hac
1561 5455 1614 5509 in
1649 5454 1913 5538 Interrog.

335 5528 441 5586 109
474 5528 529 5586 et
559 5536 823 5598 sequente
859 5528 961 5580 llO
997 5528 1157 5581 habet
1184 5529 1481 5583 Caesarius.
1513 5528 1788 5596 excerpsit
1819 5543 1914 5582 seu

331 5601 520 5681 petitis
549 5599 845 5681 descripsit
887 5614 953 5653 ea
986 5597 1418 5681 liecoguiti't‘mutn
1463 5594 1918 5681 Clenteat'inaru'rn

332 5666 432 5750 lib.
474 5685 552 5733 Ix,
586 5686 712 5750 cap:
739 5666 803 5749 l7.
836 5682 991 5750 seqq.
1019 5666 1210 5721 senex
1248 5667 1574 5750 Bal-desanis
1604 5666 1920 5750 dialogo-“De

335 5739 473 5810 fato,
514 5736 675 5806 cujus
701 5738 914 5805 insigne
953 5736 1316 5806 fragmentum
1349 5738 1508 5791 nobis
1540 5737 1778 5792 servavit
1809 5736 1919 5792 Eu—

336 5810 525 5862 sebius
559 5810 734 5862 Prmn.
766 5806 968 5862 Evmta.
1001 5807 1094 5860 lib.
1120 5822 1197 5862 vr.
1231 5823 1353 5862 can.
1388 5807 1472 5861 lt).

336 5810 525 5866 sobius
559 5810 734 5878 Prmp.
766 5810 968 5877 Evmtg.
1001 5810 1094 5860 lib.
1120 5822 1197 5869 vr,
1231 5823 1353 5876 cap.
1388 5810 1472 5861 10.

413 5880 525 5950 (ιθ)
561 5877 937 5950 Ἀρχομέγης.
972 5876 1123 5946 Legit
1148 5875 1458 5932 Cotelerius
1484 5875 1813 5948 ἐρχομένης,
1840 5877 1920 5931 ιορ-

1693 409 2046 468 DIALOGUS
2083 411 2146 467 ll.

3463 403 3570 460 ξεττ

1997 529 2142 599 leges
2167 528 2426 595 siderum,
2455 528 2548 584 sed
2578 528 2734 599 juxta
2776 527 3027 597 pietatem
3055 525 3109 581 in
3140 524 3307 579 Deum
3336 521 3570 591 primum

1997 618 2219 675 sibimet
2250 619 2374 691 ipsi,
2405 629 2459 675 et
2486 620 2744 690 deinceps
2776 618 2963 675 lsaaco
2988 616 3100 670 lilio
3130 611 3573 670 circumcisionis

1991 720 2216 776 acutum
2253 710 2490 765 cultrum
2515 712 2789 767 adhibuit.
2812 709 2999 780 Neque
3048 704 3354 763 secundum
3389 713 3572 756 astro-

1996 802 2258 867 nomiam,
2286 802 2381 857 sed
2412 801 2656 857 divinam
2707 800 3134 873 promissionem
3183 812 3247 852 ex
3299 793 3472 851 sterili
3521 800 3576 845 et

1997 891 2278 963 decrepita
2310 900 2569 948 consorte
2600 893 2851 949 sobolem
2896 907 2956 947 se
2990 897 3415 961 procreaturum
3449 899 3575 938 cre-

1978 978 2159 1043 ‘didit,
2193 995 2320 1034 cum
2342 996 2452 1051 qua
2481 982 2552 1037 ab
2612 981 2986 1037 adolescentia
3033 988 3088 1035 et
3143 974 3359 1032 ﬂorenti
3415 980 3577 1029 aetate

1999 1085 2175 1141 usque
2200 1071 2268 1126 ad
2289 1072 2466 1142 ipsam
2500 1075 2761 1130 canitiem
2789 1083 2846 1130 et
2872 1086 3174 1129 extremam
3230 1073 3575 1124 senectutem

1996 1168 2252 1218 versatus
2277 1171 2415 1219 erat.
2441 1163 2736 1236 Nunquam
2775 1172 2925 1221 certe
2975 1161 3330 1218 astronomiae
3370 1156 3579 1228 paruit.

1997 1267 2068 1310 ne
2093 1263 2222 1309 tunc
2242 1254 2488 1325 quidem,
2516 1271 2642 1311 cum
2681 1266 2956 1312 astrorum
2978 1254 3160 1323 opifex
3192 1267 3289 1323 per
3321 1247 3578 1306 tentatio-

1998 1359 2125 1399 nem
2156 1344 2325 1400 lilium
2357 1346 2643 1401 immolare
2669 1345 3045 1416 praacepisset.
3078 1336 3267 1412 Neque
3317 1348 3467 1394 astra
3490 1352 3580 1392 se-

1998 1451 2197 1508 quens.
2231 1436 2328 1493 sed
2365 1434 2476 1493 Deo
2505 1436 2792 1503 obediens,
2823 1435 3133 1491 Chaldteam
3164 1448 3289 1515 eum
3335 1429 3580 1498 Mesopo-

1999 1529 2170 1587 tamia
2195 1527 2370 1601 Syria:
2387 1534 2690 1599 permutat.
2733 1527 2981 1584 Obsecro
3027 1534 3210 1580 autem
3251 1536 3480 1578 acumen
3517 1519 3581 1572 il-

2000 1615 2093 1671 lttd
2124 1622 2306 1682 tuum,
2335 1615 2758 1685 praeclarissime
2787 1614 3103 1680 Constanti,
3138 1620 3200 1668 ut
3232 1613 3286 1666 in
3314 1607 3580 1681 praesenti

2002 1719 2166 1761 sacro
2198 1714 2344 1762 cmtu
2375 1705 2658 1775 paululum
2715 1703 3065 1761 auscultandi
3114 1700 3291 1773 gratia
3336 1702 3577 1759 tacente,

2001 1795 2429 1852 astronomicam
2470 1794 2716 1866 genesim
2756 1805 3003 1851 nostram
3048 1806 3216 1865 quam
3249 1797 3306 1844 tu
3356 1786 3578 1848 statuis,

1998 1886 2239 1958 explices
2265 1885 2421 1949 mihi,
2439 1901 2690 1957 quamam
2712 1885 2953 1942 siderum
2972 1885 3047 1942 sit
3072 1894 3182 1940 tam
3208 1882 3394 1939 mistio
3416 1892 3580 1952 quam

1999 1975 2338 2047 coniunctio,
2377 1975 2555 2031 donec
2597 1976 2784 2031 divina
2810 1976 3018 2041 virtute
3051 1991 3116 2031 ac
3142 1973 3409 2046 sapientia
3450 1972 3582 2028 sub—

1999 2068 2196 2132 versis,
2229 2082 2351 2138 quae
2379 2081 2410 2121 a
2444 2076 2496 2122 te
2518 2068 2817 2140 agitantur,
2833 2067 3128 2138 dogmatis,
3160 2080 3353 2121 rursus
3376 2080 3471 2135 per
3493 2078 3583 2119 so-

1999 2160 2288 2216 brietatem
2317 2170 2372 2216 et
2403 2159 2712 2215 doctrinam
2758 2159 3078 2215 melioribus
3122 2159 3179 2214 in
3214 2166 3269 2213 te
3303 2156 3579 2218 excitatis,

2001 2256 2465 2326 quemadmodum
2505 2264 2560 2312 et
2588 2256 2655 2310 ab
2690 2256 2909 2312 excelso
2928 2255 3193 2326 Apostolo
3218 2254 3440 2317 dicitur,
3487 2251 3584 2306 dc-

2003 2348 2207 2403 molitis
2238 2349 2528 2418 legalibus.
2574 2356 2630 2403 et
2662 2347 2908 2404 vicissim
2938 2346 3193 2403 exaltatis
3216 2343 3581 2414 Evangelicis.

2001 2438 2246 2508 nequitia
2284 2440 2478 2504 fracta,
2504 2447 2556 2493 et
2587 2439 2640 2493 in
2673 2439 2867 2495 melius
2892 2438 3168 2501 restituta,
3195 2450 3437 2506 paceque
3458 2449 3585 2488 cum

2002 2531 2142 2585 meis
2172 2531 2447 2603 dogmatis
2474 2533 2858 2598 reconciliata,
2890 2540 2944 2587 et
2980 2531 3088 2587 illis
3110 2531 3204 2601 qui
3237 2545 3344 2584 una
3376 2527 3443 2583 ad
3487 2543 3588 2581 au-

2002 2616 2261 2672 diendum
2296 2620 2444 2675 hunc
2487 2635 2794 2676 sermonem
2829 2620 3050 2676 excitati
3099 2626 3246 2683 sunt,
3277 2617 3462 2672 illazsis
3493 2615 3589 2673 ab-

1999 2708 2292 2775 euntibus,
2348 2725 2450 2764 nec
2518 2709 2892 2780 improbitatis
2943 2708 3227 2781 gentilitia:
3288 2707 3586 2777 quidquam

2002 2821 2190 2861 secum
2221 2805 2672 2875 asportantibus:
2724 2804 2959 2861 Darides
2998 2804 3218 2875 quidem
3274 2809 3468 2854 auctor
3499 2799 3590 2853 ille

2002 2895 2313 2952 divinorum
2362 2896 2669 2951 carminum
2710 2896 2969 2966 subjiciat
3004 2914 3017 2950 :
3074 2894 3202 2948 Παό
3249 2903 3326 2948 est
3363 2891 3589 2945 mutatio

2004 2989 2237 3045 dextera:
2260 2989 2528 3044 ditissimi
2546 2990 2591 3022 ⁸⁸
2622 3007 2637 3051 ς
2664 2989 2898 3045 eximius
2920 2997 3100 3044 autem
3125 2995 3278 3042 vates
3302 2986 3471 3041 Isaias
3493 2998 3587 3036 ac-

2002 3081 2204 3136 clamet
2232 3081 2287 3135 in
2320 3096 2556 3151 persona
2585 3080 2677 3136 Dei
2711 3099 2725 3135 :
2767 3078 2878 3150 Ego
2905 3078 3204 3143 suntDeus,
3235 3077 3325 3132 ille
3347 3076 3438 3148 qui
3459 3074 3590 3146 facit

2008 3186 2188 3240 pacem
2220 3181 2270 3226 et
2299 3172 2444 3227 mala
2473 3173 2527 3227 in
2550 3172 2736 3227 melius
2767 3182 2973 3227 revocat
2993 3172 3059 3227 ⁸³.

2523 3302 3040 3361 INTERROGATIO
3076 3302 3213 3361 CIX.

2082 3415 2248 3472 Facta
2280 3415 2413 3472 mihi
2447 3414 2664 3472 dicendi
2698 3419 2971 3486 potestate
3004 3427 3035 3466 a
3065 3409 3357 3467 sanctitate
3388 3414 3593 3474 vestra,

2005 3507 2315 3564 orationem
2340 3506 2696 3581 auspicabar,
2736 3521 2846 3562 non
2876 3514 2938 3560 ut
2960 3517 3315 3574 corrumpam
3349 3514 3596 3572 praesen-

2008 3607 2111 3664 tes,
2148 3601 2244 3656 sed
2286 3601 2366 3656 uti
2419 3615 2534 3658 rem
2581 3599 2951 3672 perniciosam
2981 3597 3319 3666 abjecturus.
3365 3590 3599 3658 Quando

2008 3691 2177 3762 igitur
2205 3691 2351 3749 Mars
2381 3700 2632 3749 centrum
2669 3699 2861 3747 tenens
2893 3691 2947 3745 in
2979 3689 3144 3744 domo
3175 3700 3298 3748 sua,
3328 3682 3598 3754 quadrato

2007 3793 2237 3856 aspectu
2289 3800 2414 3841 cum
2454 3782 2727 3840 Mercurio
2772 3790 3026 3838 centrum
3078 3780 3221 3834 luna:
3267 3790 3389 3846 quae
3434 3775 3595 3844 plena

2007 3888 2132 3929 esse
2161 3872 2388 3942 incipit,
2424 3871 2482 3925 in
2512 3870 2867 3941 generatione
2896 3868 3097 3922 diurna
3138 3866 3403 3927 intuetur,
3436 3861 3600 3916 cllieit

2010 3964 2318 4019 homicidas
2346 3970 2402 4017 et
2437 3961 2853 4027 interfectores,
2885 3959 3324 4029 juramentorum
3366 3967 3597 4024 usurpa-

2009 4063 2156 4109 tores
2178 4060 2234 4108 et
2258 4059 2481 4123 potores
2519 4049 2826 4119 sanguinis,
2862 4046 3069 4112 ebrios,
3099 4043 3463 4105 ell‘eminatos,
3487 4039 3602 4094 da:-

2008 4142 2293 4199 moniacas
2313 4141 2541 4196 notitias
2560 4137 3011 4195 absconditorum
3036 4135 3424 4206 mysteriorum
3449 4145 3598 4186 scru-

2008 4241 2210 4297 tantes,
2252 4246 2445 4303 magos
2480 4232 2763 4287 sacrilicos
2795 4237 2850 4284 et
2890 4243 3013 4300 qua:
3049 4233 3179 4280 sunt
3205 4224 3328 4278 istis
3358 4222 3595 4278 similia:

2010 4325 2056 4380 si
2081 4324 2384 4396 praesertim
2409 4323 2614 4377 nullius
2633 4320 2863 4376 alterius
2880 4318 3138 4374 benelicm
3155 4315 3327 4370 stella:
3339 4320 3599 4381 aspectus

2009 4417 2104 4473 sit.
2155 4414 2371 4471 Rursus
2416 4415 2559 4471 idem
2606 4413 2749 4468 Mars
2801 4413 3020 4467 intuens
3056 4410 3321 4464 Venerem
3373 4411 3596 4474 aspcclu

2014 4506 2304 4578 quadrato,
2336 4507 2381 4561 si
2413 4521 2522 4561 non
2558 4505 2642 4559 sit.
2672 4508 2930 4573 aspectus
2968 4497 3202 4569 alicujus
3233 4496 3404 4551 stellae
3436 4494 3601 4547 bene-

2019 4600 2134 4657 ηοω
2162 4600 2218 4655 in
2247 4606 2458 4659 centro.
2491 4596 2772 4651 adulteros
2803 4592 2989 4656 elﬁcit,
3022 4605 3136 4646 rem
3164 4603 3290 4644 cum
3317 4586 3600 4643 sororibus

2019 4696 2075 4745 et
2111 4688 2378 4743 matribus
2422 4686 2707 4742 habentes.
2747 4681 2934 4739 Venus
2975 4695 3103 4736 cum
3148 4680 3276 4733 luna
3309 4677 3363 4731 in
3401 4675 3602 4729 linibus

2018 4787 2073 4834 et
2107 4779 2367 4834 domibus
2392 4777 2637 4842 Saturni,
2658 4777 2953 4832 accedente
2979 4773 3241 4831 Saturno.
3265 4767 3602 4839 approbante

2011 4870 2205 4936 Marte,
2252 4870 2412 4926 efﬁcit
2455 4871 2717 4926 mulieres
2753 4882 3010 4939 agrorum
3043 4864 3305 4919 cultrices
3336 4868 3390 4915 et
3420 4858 3602 4913 archi-

2014 4971 2241 5019 tecturte
2279 4964 2638 5032 onmiurnque
2686 4960 2929 5015 virilium
2964 4970 3194 5027 Operum
3224 4966 3444 5025 gnaras,
3474 4966 3601 5006 con-

2014 5055 2369 5111 suetudinem
2406 5054 2672 5110 habentes
2700 5060 2757 5108 et
2781 5049 3213 5105 concumbentes
3243 5061 3366 5101 cum
3399 5044 3600 5113 quibus

2015 5146 2312 5212 voluerint,
2364 5145 2500 5200 nihil
2532 5144 2957 5215 impedientibus
3004 5140 3058 5194 in
3108 5138 3212 5193 hoc
3239 5150 3332 5192 eas
3364 5133 3595 5189 maritis.

2018 5476 2255 5530 cumque
2288 5460 2559 5531 integrum
2587 5459 2667 5514 sic
2702 5458 2915 5513 reddit:
2952 5457 3087 5512 Cum
3112 5457 3277 5526 igitur
3303 5452 3452 5531 Mars
3475 5468 3597 5531 cen-

2019 5520 2476 5594 trumdeneusfiu
2507 5529 2662 5584 domo
2685 5546 2784 5582 sua
2812 5544 2878 5583 ea:
2915 5520 3187 5597 tetragotio
3222 5524 3446 5597 respexit
3491 5520 3600 5597 δατ

2019 5611 2271 5666 turnum,
2318 5589 2445 5655 [uita
2494 5601 2724 5655 t'eniente
2764 5615 2918 5668 super
2940 5589 3073 5653 ειιηῖ
3097 5597 3272 5665 plena,
3327 5596 3379 5646 in
3424 5589 3598 5662 genui

2016 5672 2231 5734 diurna,
2261 5681 2368 5729 ctc.

2091 5733 2604 5813 (47)7’E.1w[ttbtac.
2640 5738 2730 5796 Vel
2758 5738 3069 5811 ἐπωμότας,
3100 5735 3235 5792 verti
3263 5733 3425 5791 etiam
3466 5746 3593 5804 pos—

2024 5822 2101 5869 set
2123 5813 2236 5882 ρον]
2242 5829 2271 5867 ιι
2280 5830 2384 5867 ros.
2421 5813 2630 5868 Com"
