4000 6408
282 320 397 379 988

290 432 709 505 ἐπιμαίνεσθαι,
768 434 860 488 καὶ
907 435 1280 506 μιαιφθορεῖν·
1326 436 1374 487 εἰ
1422 434 1513 487 καὶ
1571 433 1759 506 πόρρω
1796 434 1892 505 τῆς

285 522 681 595 ἑνεγκαμένης
706 524 991 593 γένωνται,
1026 527 1121 580 καὶ⁵
1148 528 1261 590 τοῖς
1295 524 1443 594 σφῶν
1487 524 1791 596 κεχρῆσθαι
1820 524 1901 577 v6-

287 628 457 684 μοις,
482 615 735 686 φανερῶς
777 618 871 671 καὶ
906 616 1208 689 λεληθότως
1238 615 1700 686 διακελευόμενον
1737 613 1798 679 ἐξ
1824 608 1899 669 ὧν

284 718 450 767 τινες
496 703 677 758 αὐτῶν
723 705 885 777 μέχρι
932 707 1029 761 καὶ
1072 706 1167 760 νῦν
1211 706 1548 779 ὑπάρχουσιν
1593 705 1653 759 ὲν
1694 704 1899 774 Μήδοις

286 794 394 847 καὶ
427 795 668 867 Πάρθοις
701 798 795 852 καὶ
822 798 1140 870 Ἑλαμίταις
1163 800 1262 853 καὶ
1289 798 1629 868 Αἰγυπτίοις,
1648 798 1713 850 ὲν
1731 795 1899 867 Φρυξὶ

283 886 393 939 καὶ
428 886 718 953 Γαλάταις,
760 889 818 942 ἐν
848 907 958 944 τισι
997 893 1211 962 κώμαις
1241 890 1625 963 μιαιῦιούντες.
1666 887 1780 942 Καὶ
1809 887 1902 940 ού·-

286 975 452 1029 δέπω
487 976 707 1049 Κύπρις
747 980 845 1033 σὺν
887 982 1047 1052 Μήνῃ
1076 983 1133 1035 ἐν
1154 982 1326 1053 ὁρίοις
1362 983 1459 1035 καὶ
1488 979 1658 1044 οἴκοις
1688 978 1899 1051 Κρόνου

285 1065 812 1141 ἑπιμαρτυροῦντος
848 1068 943 1122 τοῦ
982 1071 1195 1142 Ἀρεως
1227 1071 1286 1123 ὲν
1313 1072 1436 1134 ταῖς
1474 1069 1692 1125 πάντων
1720 1065 1899 1122 αὐτῶν

287 1160 584 1230 γενέσεσιν
641 1161 991 1235 εὑρίσκεσθαι
1051 1163 1141 1217 οἵα
1187 1180 1268 1218 τε.
1338 1162 1576 1233 Θάτερος
1628 1160 1686 1213 δὲ
1748 1156 1900 1229 παρᾶ

287 1250 504 1323 Γήλαις
543 1253 655 1324 (bl)
702 1252 895 1323 νόμος,
945 1257 1210 1323 γυναῖκας
1260 1256 1520 1326 γεωργεῖν
1562 1253 1656 1306 καὶ
1695 1252 1900 1306 οἰκοδο-

292 1348 448 1419 μεῖν,
493 1347 586 1400 καὶ
632 1346 703 1400 τά
748 1346 956 1419 ἀνδρῶν
1001 1349 1290 1420 πράττειν,
1335 1347 1472 1402 ἀλλά
1497 1346 1592 1401 καὶ
1624 1347 1899 1399 κοινωνεῖν

288 1432 383 1501 οἷς
421 1437 468 1490 δ’
495 1440 563 1492 ἂν
599 1438 898 1509 βούλωνται
940 1437 1049 1491 τῶν
1080 1438 1382 1508 ἐπηλύδων,
1409 1436 1510 1490 οὐκ
1556 1434 1900 1506 ἐπιτιμώμε-

290 1545 389 1582 ναι
438 1528 547 1582 ύπδ
587 1528 696 1583 τῶν
748 1522 1090 1600 προεχόντων
1126 1528 1356 1600 ἀνδρῶν,
1394 1528 1514 1582 οὐδὲ
1548 1526 1897 1598 ζηλούμεναι.

287 1622 371 1676 Οὐ
408 1621 732 1694 μυρίζονται
776 1620 856 1685 δὲ,
883 1621 1005 1676 οὐδὲ
1043 1622 1258 1691 φυκίοις
1290 1620 1391 1691 τὴν
1416 1619 1539 1690 δψιν
1565 1619 1897 1684 νοθεύονται,

290 1712 458 1784 σφῶν
508 1713 741 1784 παρειὰς
787 1714 1209 1787 ἐπιχρωννῦσαι,
1258 1712 1439 1777 καθὼς
1498 1714 1557 1766 αἰ
1603 1712 1734 1783 παρ’
1770 1712 1901 1782 ἡμῖν

288 1803 581 1872 ἀλλότριαι
614 1803 975 1858 ύποδύνουσαι
995 1806 1341 1875 προσωπεῖον
1386 1804 1459 1856 0E
1487 1802 1543 1856 δὲ
1570 1802 1763 1875 ἄνδρες
1794 1819 1901 1854 στι-

292 1894 569 1959 ϐάζονται⁸
606 1892 801 1964 ἐσθῆτι
838 1893 1077 1966 μαλακῇ,
1128 1894 1223 1948 καὶ
1267 1892 1560 1963 ἀνθοϐἀφῳ
1618 1890 1899 1962 περιϐολῇ.

308 1985 654 2057 Ὑπάρχουσι
674 1986 719 2040 δ’
746 1987 804 2040 ὲν
834 1988 1025 2052 αύταϊς
1054 1987 1149 2041 καὶ¹
1182 1984 1647 2057 πολεμικώταται,
1678 1983 1774 2037 καὶ
1808 1981 1905 2052 θη·

300 2074 502 2145 ροῦσαι
552 2074 621 2128 τά
672 2073 746 2147 μὴ
805 2075 926 2130 λίαν
977 2076 1173 2148 ἰσχυρά
1214 2074 1323 2128 τῶν
1369 2072 1591 2146 θηρίων.
1643 2071 1765 2135 Πῶς
1808 2066 1903 2124 οὖν

295 2166 481 2219 πᾶσαι
525 2166 581 2219 αί
622 2164 808 2237 Γήλων
843 2168 1120 2235 γυναῖκες,
1161 2166 1262 2219 οὐκ
1308 2163 1508 2234 ἔλαχον
1543 2161 1819 2232 αίτοκέρῳ
1869 2160 1903 2230 ἢ

291 2256 563 2330 ὑδροχόῳ,
603 2258 1059 2329 κακοδαιμονοῦσι
1114 2258 1229 2330 (5'2)
1269 2259 1336 2328 τῇ
1377 2254 1650 2326 Κύπριδις
1689 2253 1801 2308 οὒτ’
1835 2250 1903 2306 αὖ

293 2348 467 2403 πάλιν
498 2351 548 2403 oi
586 2350 780 2422 ἄνδρες
814 2349 1218 2420 αὑτῶν.ἔλαχον
1248 2350 1304 2401 ὲν
1331 2346 1471 2419 κριῷ
1502 2348 1598 2401 σὺν
1626 2347 1783 2417 Ἀρει
1805 2343 1905 2415 τὴν

304 2443 661 2515 Ἀφροδίτην.
691 2442 821 2498 ἔνθα
846 2444 971 2507 τοὺς
1003 2443 1282 2515 ἀνδρεῖους
1316 2443 1411 2496 καὶ
1449 2440 1755 2503 σπατάλους
1797 2456 1904 2508 φα-

291 2537 382 2589 σὶν
414 2537 479 2588 οἷ’
510 2538 576 2605 τῇ
621 2534 816 2606 γνώμῃ
853 2534 1138 2601 Χαλδαῖος
1187 2535 1277 2588 Ἐν
1310 2534 1365 2588 δὲ
1405 2531 1762 2601 Σούσοις-τῆς
1799 2530 1904 2582 Bx-

286 2625 545 2689 ϐυλῶνος
570 2628 626 2678 αί
649 2627 907 2694 γυναῖκες
941 2626 1104 2679 παντὶ
1146 2624 1303 2696 μύρῳ
1342 2624 1653 2694 διαφέροντι
1693 2622 1787 2675 καὶ
1815 2620 1908 2674 κό-

292 2735 428 2789 σμῳ
459 2716 715 2788 χρῶνται.
742 2716 1204 2788 ὑπηρετούμειαι,
1231 2717 1327 2771 καὶ
1348 2715 1590 2786 φαιδρῶς
1621 2714 1907 2786 προϊοῦσαι

291 2812 396 2865 σὺν
440 2808 699 2879 βλοσυρίᾳ
735 2809 827 2861 καὶ
852 2808 1091 2878 διαχύσει
1151 2807 1354 2879 πολλῇ·
1390 2810 1527 2860 πᾶσι
1556 2806 1615 2861 δὲ
1650 2805 1908 2876 Ἔλλητιν

291 2898 474 2965 ἀδεῶς
534 2916 596 2952 τε
648 2898 741 2952 καὶ
794 2898 1029 2962 ἀναιδῶς
1088 2897 1582 2966 συγκαθεύδουσιν,
1642 2896 1907 2967 ἄρχουσαι

291 2992 510 3064 μᾶλλον
540 2991 649 3044 τῶν
675 2990 892 3044 οἰκείων
922 2990 1131 3062 ἀνδρῶν
1151 3007 1166 3020 ο
1201 2990 1296 3044 καὶ
1321 2989 1383 3043 οὐ
1423 2990 1642 3053 πάντως
1670 2990 1728 3042 ὲν
1759 2987 1908 3059 πάσῃ

292 3083 520 3154 γενέσει
567 3081 674 3136 τῶν
727 3080 996 3136 Σουσίδων
1055 3080 1331 3150 γυναικῶν
1386 3081 1737 3151 μεσουρανεί
1771 3079 1912 3149 μετά

296 3176 431 3239 Διὸς
455 3174 549 3228 καὶ
572 3174 783 3246 ’Ἄρεως
807 3175 866 3227 ἐν
899 3173 1019 3237 Διὸς
1047 3174 1194 3245 ὅροις
1219 3174 1259 3244 ἡ
1290 3173 1606 3245 Ἀφροδίτη.
1647 3172 1735 3225 Ἐν
1764 3172 1819 3226 δὲ
1842 3174 1910 3243 τῇ

301 3267 421 3343 Elii;
460 3269 507 3320 οί
556 3264 1104 3340 ὰρῤενοφθοροῢντες,
1138 3267 1189 3320 οἱ
1231 3264 1385 3339 παρά
1420 3265 1792 3338 Χριστιανοῖς,
1820 3262 1916 3316 ἐὰν

212 3358 217 3361 ’
300 3359 631 3430 γνωσθῶσιν
669 3359 776 3413 ὑπὸ
824 3358 934 3411 τῶν
974 3359 1225 3430 ὁμαίμων
1253 3356 1486 3429 ἀφειδῶς
1521 3354 1910 3429 τιμωροῦνται.

312 3454 406 3508 Ἐν
459 3451 757 3523 Βρεττανίᾳ
810 3449 1050 3505 πλεῖστοι
1098 3451 1290 3523 ἄνδρες
1335 3451 1434 3521 μιᾷ
1486 3447 1914 3517 συγκαθεύδουσι

298 3545 555 3617 γυναικί·
587 3543 850 3609 ὡσαύτως
892 3543 988 3597 καὶ
1032 3543 1228 3599 πολλαὶ
1284 3545 1543 3613 γυναῖκες
1580 3542 1661 3596 ἑνὶ
1706 3540 1913 3612 ἐταιρί⁹

303 3638 493 3705 ζανται
520 3636 691 3709 ἀνδρί.
1000 3640 1012 3645 ’

380 3916 492 3971 Καὶ
520 3915 653 3968 πᾶσι
683 3916 794 3977 τοῖς
818 3910 1071 3984 πατρίοις
1098 3913 1168 3989 τὰ
1211 3909 1339 3979 ἕθιη
1373 3908 1560 3978 ὥσπερ
1587 3908 1736 3977 νόμῳ
1771 3922 1913 3959 στοι-

307 4006 500 4080 χοῦσιν
533 4006 780 4069 ἀδάκνως
829 4004 926 4058 καὶ
986 4002 1224 4066 ἀπόνως.
1273 3998 1568 4071 ’Λμαζόνες
1618 3998 1674 4052 δὲ
1712 3999 1914 4069 ἀνδρας

306 4097 412 4150 οὐκ
446 4095 692 4167 ἔχουσιν·
723 4093 840 4149 ἀλλ’
869 4092 948 4157 ὡς
987 4091 1056 4146 τά
1080 4090 1252 4160 ἄλογα
1281 4090 1418 4156 ζῶα,
1452 4088 1599 4156 ἅπαξ
1631 4088 1725 4142 τοῦ
1758 4088 1935 4152 ἔτους.

309 4186 443 4257 περὶ
470 4189 571 4258 τὴν
597 4184 879 4257 ὲαρινικὴν
914 4186 1041 4257 (55),
1081 4183 1372 4255 ίσημερίαν
1419 4180 1705 4253 ὕπερόριοι
1734 4180 1915 4251 γίνον-

307 4292 424 4340 ται,
454 4277 780 4349 μισγόμεναι
809 4278 920 4342 τοῖς
966 4274 1273 4345 γειτνιῶσιν
1318 4272 1597 4346 ἀνδράσιν,
1640 4267 1752 4326 οἷον
1787 4289 1919 4326 παν-

307 4368 508 4441 ήγυρίν
540 4386 661 4423 τινα
686 4369 779 4423 καὶ
799 4367 1107 4439 ἐορτὴντδν.
1123 4366 1314 4437 καιρὸν
1328 4364 1428 4436 τῆς
1454 4364 1729 4437 ἑταιρείας
1750 4363 1918 4435 ἠγούο

311 4476 495 4531 μεναι.
538 4459 627 4527 Ἐξ
655 4453 732 4514 ὧν
761 4456 905 4512 κατά
935 4455 1173 4529 γαστρὸς
1202 4455 1483 4527 φέρουσαι,
1517 4452 1911 4525 παλινδρομοῷ

312 4569 398 4607 σιν
424 4552 606 4608 οἶκαδε
635 4551 754 4624 ἃμα
778 4551 971 4605 πᾶσαι.
1004 4548 1097 4620 Τῷ
1119 4547 1176 4602 δὲ
1199 4546 1378 4619 καιρῷ
1404 4546 1505 4617 τῆς
1532 4546 1916 4617 ἀποκυήσεως,

308 4641 403 4694 τὸν
453 4642 554 4712 μὲν
600 4643 810 4714 ἄρρενα
843 4640 1150 4713 φθείρουσι,
1192 4639 1256 4692 τὸ
1305 4639 1363 4693 δὲ
1410 4637 1545 4709 θῆλυ
1591 4636 1922 4707 ζωογονοῦσι

310 4733 410 4785 καὶ
433 4732 755 4802 τιθηνοῢσιν.
783 4731 1080 4803 ἐπιμελῶς.
1117 4732 1353 4785 ’Ἄτοπον
1397 4729 1457 4784 δὲ
1501 4727 1789 4783 πιστεῦσαι
1827 4728 1922 4782 ἐπὶ

316 4824 421 4893 μὲν
466 4825 534 4894 τῇ
587 4822 699 4876 τῶν
752 4823 1003 4894 ἀρρένων
1054 4826 1232 4894 σπορᾷ
1286 4825 1457 4893 ’Δρεα
1512 4820 1651 4892 μετά
1712 4820 1923 4891 Κρόνου

312 4916 406 4969 ὲπὶ
427 4916 524 4985 τῆς
553 4913 701 4985 ὥρας
733 4913 1023 4985 ἱσομοίρως
1070 4916 1253 4985 τυχεῖν
1276 4955 1289 4979 ,
1328 4914 1423 4965 ἐπὶ
1470 4913 1528 4965 δὲ
1570 4911 1665 4966 τοῦ
1710 4910 1917 4983 θήλεως

311 5005 590 5060 οὐδέποτε.
628 5004 739 5058 Καὶ
774 5001 892 5066 πῶς
938 5004 996 5057 ὲν
1041 5001 1120 5072 τῷ
1164 5001 1310 5072 αὐτῷ
1338 4999 1667 5072 νυχθημέρῳ
1698 5001 1916 5053 πάντων

314 5098 374 5152 ὲν
427 5098 547 5161 ταῖς
595 5092 1023 5166 ύποδεξαμέναις
1082 5091 1567 5163 καταϐληθέντων,
1632 5093 1725 5145 καὶ
1777 5090 1914 5161 ὁμοῦ

318 5188 480 5242 πάλιν
508 5188 584 5252 ὡς
619 5188 685 5241 ὲκ
716 5187 845 5258 μιᾶς
876 5185 1069 5256 νηδύος
1095 5183 1534 5258 πωρχομένων,
1563 5183 1634 5237 τὰ
1673 5184 1771 5255 μὲν
1803 5186 1916 5239 δια-

318 5279 616 5352 φθείρεται,
647 5279 741 5335 τοῦ
773 5280 889 5353 ἅμα
918 5280 1030 5352 (54)
1057 5278 1151 5334 τοῦ
1184 5277 1303 5349 βίου
1338 5276 1657 5348 γεύσασθαι,
1685 5278 1779 5330 καὶ
1811 5278 1917 5330 ὑπὸ

316 5371 425 5426 τῶν
464 5373 764 5445 μιαιφόνων
790 5372 1169 5444 θανατούμενα
1215 5370 1323 5444 πρὸ
1359 5369 1453 5423 τοῦ
1507 5370 1714 5423 σπᾶσαι
1749 5369 1913 5437 γάλα,

317 5463 351 5535 ἦ
385 5464 545 5537 ῥῆξαι
575 5466 793 5538 φωνήν
831 5463 901 5517 τὰ
940 5464 997 5516 δὲ
1042 5464 1411 5533 ζωογονεῖται,
1448 5462 1543 5517 καὶ
1594 5462 1917 5531 περιέπεται

318 5555 378 5612 ἑν
401 5559 516 5622 τοῖς
562 5556 783 5628 ἀνόμοις
825 5556 1046 5620 κόλποις
1086 5556 1156 5611 τὰ
1188 5556 1337 5611 κακά
1365 5553 1756 5626 ὲνσκαίροντα;
1791 5554 1918 5618 Πῶς

322 5691 506 5818 alia.)
539 5689 972 5758 ΠαράΓήλαις.
1005 5689 1346 5752 Bardesanes
1372 5691 1522 5760 παρὰ
1539 5689 1927 5754 Γέλοις,,αρνι1’

398 5832 510 5903 ibi)
527 5831 933 5902 Κακοδαιμονο
943 5831 1062 5887 ῦσι.
1080 5823 1241 5889 Forte
1258 5820 1324 5886 κα
1332 5829 1740 5905 κοδαιμονούςῃ.
1752 5829 1909 5886 Ευιτ.

1716 321 2065 381 BIALOGUS
2101 321 2167 377 ll.

3464 322 3574 379 989.

2001 448 2133 489 suos
2161 432 2365 489 liberos
2392 430 2670 488 insaniant
2698 442 2900 500 eosque
2924 425 3188 498 polluant,
3216 426 3280 480 Et
3311 425 3357 483 si
3391 424 3581 496 procul

2003 542 2031 579 a
2065 524 2253 596 patria
2268 524 2409 591 sint,
2436 524 2553 580 suis
2576 529 2806 578 utuntur
2834 519 3075 591 legibus,
3102 528 3289 588 aperte
3315 525 3370 571 et
3406 515 3586 587 priva-

2003 617 2097 671 tim
2128 616 2414 671 admoniti.
2451 614 2530 670 Ex
2563 613 2767 685 quibus
2816 610 2987 681 aliqui
3032 610 3334 664 etiamnum
3380 605 3588 677 degunt

2002 711 2145 765 inter
2175 707 2439 764 iledoset
2463 704 2698 760 Parthos
2718 744 2733 768 ,
2758 713 2814 758 et
2841 699 3110 756 Elamitas
3132 739 3149 767 ,
3184 705 3239 753 et
3266 695 3552 769 Egyptios
3571 736 3588 760 ,
3658 692 3671 743 -'.

2002 800 2148 854 inter
2179 797 2420 870 Phryges
2452 804 2506 853 et
2539 794 2799 858 Galatas,
2836 791 2889 847 in
2938 789 3269 863 quibusdam
3303 787 3459 859 pagis
3488 787 3593 841 im-

2004 893 2089 962 pie
2121 891 2399 956 viventes,
2435 887 2652 945 etiamsi
2700 899 2980 956 nunquam
3028 882 3211 939 Venus
3258 896 3384 936 cum
3426 878 3582 933 Luna

2005 984 2059 1037 in
2094 982 2292 1038 finibus
2318 989 2373 1037 et
2406 978 2788 1036 mansionibus
2819 975 3079 1040 Saturni,
3110 973 3407 1044 adjuvante
3439 970 3588 1025 Mar-

2004 1081 2058 1129 te
2078 1114 2093 1138 ,
2118 1074 2174 1126 in
2200 1071 2443 1127 omnium
2466 1071 2712 1141 ipsorum
2736 1067 3117 1124 nativitalibus
3141 1062 3375 1119 inveniri
3398 1066 3587 1131 queat.

2002 1167 2123 1220 Alia
2154 1167 2281 1219 item
2320 1164 2463 1235 apud
2492 1162 2655 1218 Gelas
2690 1162 2812 1226 lex,
2848 1169 2909 1216 ut
2944 1159 3202 1213 mulieres
3254 1168 3418 1225 agros
3463 1151 3591 1222 qni-

2003 1258 2126 1312 dem
2168 1256 2357 1310 colant
2397 1263 2452 1309 et
2496 1253 2770 1309 aedificent
2818 1259 2871 1307 et
2909 1264 3076 1320 opera
3119 1246 3297 1300 virilia
3344 1244 3588 1308 faciant,

2004 1346 2099 1401 sed
2129 1342 2581 1403 consuetudinem
2614 1341 2851 1396 habeant
2876 1354 3000 1394 cum
3047 1336 3468 1407 quibuscunque
3499 1348 3594 1385 ve-

2005 1439 2109 1493 lint
2165 1436 2510 1508 peregrinis,
2565 1436 2714 1489 nulla
2767 1431 3142 1502 increpatione
3194 1429 3439 1481 virorum
3497 1424 3591 1496 qui

2005 1530 2140 1598 ipsis
2190 1535 2471 1600 pmsunt,
2509 1540 2686 1596 neque
2732 1523 3080 1580 aemulatione
3127 1519 3422 1590 impeditze.
3473 1516 3591 1570 Non

2006 1630 2292 1691 unguntur
2320 1627 2503 1675 autem
2534 1615 2911 1673 odoramentis
2930 1654 2947 1680 ,
2978 1629 3156 1683 neque
3187 1612 3313 1666 fuco
3356 1610 3411 1664 in
3438 1607 3597 1681 facie

2004 1710 2348 1775 inll‘ciuntur,
2379 1713 2441 1762 ut
2467 1721 2637 1779 genas
2667 1705 2929 1779 pingant,
2960 1700 3418 1774 quemadmodum
3447 1701 3601 1770 apud

2006 1819 2108 1859 nos
2143 1816 2343 1858 uxores
2359 1801 2693 1871 alienasquaa
2723 1796 2881 1853 faciei
2913 1795 3313 1851 medicamenta
3344 1792 3595 1863 quaedam

2005 1894 2293 1950 adhibent.
2343 1892 2464 1948 Viri
2511 1907 2643 1947 vero
2692 1887 3115 1946 induuntur-ad
3151 1886 3317 1958 pedes
3349 1884 3593 1940 demissa

2005 1994 2157 2042 veste
2201 1984 2389 2050 molli,
2440 1991 2497 2039 et
2548 1984 2723 2038 tincto
2761 1982 2989 2036 amictu.
3045 1978 3187 2033 S‘unt
3229 1985 3415 2033 autem
3450 1979 3596 2029 ἱῐιιιει·

2007 2078 2155 2148 ipsas
2182 2075 2349 2131 etiam
2378 2073 2851 2138 bellicosissimas,
2882 2080 2938 2127 et
2965 2076 3241 2124 venantur
3267 2068 3413 2123 feras
3432 2110 3445 2131 ,
3474 2065 3599 2135 qui-

2008 2171 2110 2226 bus
2139 2171 2232 2225 vix
2265 2168 2389 2224 alia:
2437 2176 2569 2224 sunt
2619 2167 2903 2222 fortiores.
2946 2162 3236 2231 Quomodo
3281 2161 3450 2232 igitur
3490 2177 3597 2214 non

2007 2278 2199 2317 omnes
2250 2259 2506 2315 Gelarum
2555 2258 2818 2314 mulieres
2863 2256 3073 2312 sortita:
3124 2262 3256 2309 sunt
3307 2249 3598 2320 Capricor-

2008 2370 2137 2409 nnm
2158 2392 2174 2418 ,
2206 2359 2303 2408 aut
2332 2350 2634 2422 Aquarium
2653 2391 2670 2415 ,
2703 2348 2952 2405 infausto
2982 2347 3104 2402 loco
3133 2345 3311 2418 posita
3343 2341 3559 2399 Venere
3580 2342 3607 2393 ?

2007 2447 2117 2501 Aut
2146 2445 2265 2502 vice
2290 2460 2449 2501 versa
2474 2460 2573 2500 cur
2605 2458 2713 2498 non
2747 2442 2995 2512 ipsorum
3025 2438 3132 2493 viri
3166 2436 3347 2493 sortiti
3381 2442 3512 2491 sunt
3542 2434 3598 2487 in

2007 2539 2192 2593 Ariele
2220 2552 2345 2593 cum
2380 2536 2551 2592 lllarte
2582 2533 2883 2594 Venerem.
2939 2531 3034 2586 ubi
3082 2529 3269 2585 viriles
3315 2535 3371 2582 et
3409 2526 3607 2581 molles

2008 2631 2164 2687 aiunt
2185 2645 2309 2686 esse
2330 2668 2346 2693 ,
2367 2629 2463 2700 qui
2488 2643 2614 2684 cum
2636 2626 2909 2682 Chaldaeis
2940 2624 3187 2681 sentiunt
3204 2620 3602 2693 ?‘Babylonieis

2009 2732 2194 2778 autem
2226 2721 2390 2779 Susis
2420 2720 2681 2775 mulieres
2711 2718 2893 2773 omnis
2922 2716 3147 2788 generis
3175 2723 3457 2786 unguento
3483 2727 3608 2783 pre-

2012 2817 2186 2878 tioso,
2218 2822 2283 2871 et.
2307 2821 2511 2868 ornatu
2542 2818 2795 2874 utuntur,
2834 2808 3101 2863 ministris
3136 2807 3425 2862 instructae
3455 2803 3607 2857 hila—

2009 2909 2144 2963 riter
2169 2908 2224 2963 in
2253 2906 2535 2979 publicum
2569 2902 2916 2976 procedunt,
2951 2917 3077 2958 cum
3113 2899 3455 2955 immodestia
3493 2898 3611 2951 rul-

2011 3008 2101 3054 tus
2123 3007 2174 3053 et
2199 2997 2477 3052 hilaritate
2492 3009 2708 3066 magna.
2727 2994 2862 3050 Cum
2880 2993 3137 3049 omnibus
3158 2990 3360 3047 eaedem
3386 2989 3612 3043 advenis

2021 3094 2229 3161 absque
2262 3090 2462 3144 timore
2491 3097 2544 3143 et
2578 3085 2793 3157 pudore
2826 3084 3236 3146 concumbunt,
3272 3083 3611 3151 imperantes

2021 3187 2203 3254 potius
2239 3179 2478 3252 propriis
2511 3177 2668 3233 viris.
2704 3175 2892 3248 Neque
2922 3183 3107 3231 tamen
3138 3175 3195 3229 in
3229 3171 3377 3229 omni
3414 3173 3615 3226 nativi-

2019 3282 2130 3326 tate
2157 3271 2420 3326 Susidnm
2466 3269 2760 3325 mulierum
2783 3309 2798 3332 ,
2828 3267 3069 3323 medium
3097 3266 3222 3321 coeli
3251 3281 3374 3320 cum
3402 3262 3535 3319 Jove
3558 3271 3616 3318 et

2020 3363 2192 3419 Marte
2223 3363 2277 3417 in
2310 3361 2515 3417 finibus
2540 3359 2693 3417 Jovis
2719 3359 2907 3415 Venus
2935 3366 3106 3414 tenet.
3140 3357 3197 3412 In
3226 3356 3480 3413 orientali
3514 3371 3614 3409 au-

2020 3465 2128 3510 tem
2163 3453 2317 3526 plaga
2355 3452 2675 3524 paidicones
2702 3459 2833 3508 sunt
2858 3491 2872 3515 ,
2911 3450 3007 3522 qui
3044 3448 3192 3521 apud
3228 3448 3574 3503 Christianos
3596 3486 3612 3509 ,

2018 3550 2061 3602 si
2110 3546 2591 3617 deprehendantur
2645 3544 2715 3599 ab
2761 3543 2899 3615 ipsis
2940 3541 3408 3612 consanguineis,
3463 3540 3618 3593 nullo

2021 3649 2315 3710 parcente,
2348 3638 2622 3709 supplicio
2657 3636 2993 3690 adiciuntur.
3046 3632 3107 3687 In
3152 3632 3443 3686 Britannia
3491 3633 3616 3700 pln-

2018 3729 2141 3782 rimi
2168 3727 2268 3781 viri
2302 3744 2427 3782 cum
2461 3726 2627 3781 unica
2659 3725 3040 3780 concumbunt
3072 3721 3322 3776 muliere.
3349 3719 3619 3773 Similiter

2015 3834 2068 3873 et
2096 3819 2289 3873 multa
2314 3818 2575 3872 mulieres
2610 3817 2704 3871 uni
2728 3816 3041 3886 junguntur
3069 3814 3209 3868 viro.

2089 3911 2334 3967 Utuntur
2365 3910 2605 3979 denique
2632 3909 2829 3979 patriis
2872 3905 3120 3961 moribus
3164 3912 3392 3975 gentes,
3442 3903 3613 3959 veluti

2017 4002 2170 4072 lege,
2202 4000 2342 4055 citra
2376 4013 2622 4054 morsum
2650 3997 2821 4051 animi
2852 3994 3266 4051 et‘molcstiam.
3304 3996 3612 4049 Amazones

2017 4110 2085 4150 ne
2120 4092 2269 4149 viros
2301 4091 2526 4162 quidem
2556 4088 2793 4153 habent,
2834 4086 3282 4143 sedaaimnlinm
3320 4087 3609 4141 brutorum

2017 4182 2331 4239 rittesemel
2364 4182 2419 4239 in
2453 4195 2601 4236 anno
2628 4179 2781 4235 circa
2813 4194 3041 4234 vernum
3073 4178 3464 4248 mqninoetium
3495 4181 3611 4233 suis

2018 4275 2219 4331 tinibns
2241 4288 2477 4345 egressae
2499 4314 2514 4339 ,
2550 4281 2609 4328 et
2655 4269 2966 4326 cumvir-is
2996 4269 3092 4341 qui
3142 4278 3277 4326 sunt
3320 4268 3376 4323 in
3410 4269 3612 4324 vicinia

2018 4375 2315 4432 coeuntes,
2363 4365 2525 4437 quasi
2577 4373 2911 4420 conventum
2965 4363 3203 4434 aliquem
3236 4363 3516 4433 publicum
3558 4374 3616 4417 et

2021 4459 2219 4514 festum
2252 4466 2468 4528 tempus
2496 4454 2553 4511 id
2581 4455 2789 4511 coitus.
2811 4455 3043 4510 ductust.
3092 4452 3172 4509 Ex
3228 4455 3431 4525 quibus
3463 4462 3616 4524 posto

2017 4566 2181 4623 quam
2210 4557 2557 4621 praegnantes
2585 4547 2741 4603 facta:
2769 4557 2938 4612 sunt,
2964 4546 3190 4601 domum
3226 4546 3390 4602 simul
3416 4560 3614 4601 omnes

2020 4650 2289 4698 remeant.
2325 4639 2597 4711 Tempore
2627 4653 2759 4695 vero
2795 4648 3051 4709 partuum
3086 4636 3456 4702 edendorum,
3487 4652 3619 4708 pro-

2023 4734 2126 4789 lem
2160 4732 2383 4802 quidem
2416 4731 2717 4786 tnasculam
2761 4730 3123 4795 interimunt,
3172 4727 3445 4783 femellam
3485 4743 3617 4783 vero
3656 4741 3671 4802 ξ

2023 4800 2360 4879 conservant
2408 4834 2463 4878 et
2514 4823 2720 4876 lactant
2752 4829 3031 4876 accurate.
3082 4819 3401 4876 Absurdum
3431 4827 3618 4874 autem
3668 4800 3673 4803 ⁷

2025 4927 2111 4971 est
2133 4914 2394 4979 credere,
2430 4916 2483 4969 in
2522 4916 2884 4985 conceptione
2924 4914 3147 4984 quidem
3191 4912 3487 4968 masculini
3529 4928 3615 4967 se-

2026 5008 2192 5064 minis
2226 5007 2453 5063 Martem
2483 5021 2610 5061 cum
2646 5004 2887 5060 Saturno
2915 5020 2981 5062 ea
3014 5005 3149 5060 hora
3176 5004 3466 5075 aequaliter
3494 5017 3617 5058 sor-

2025 5103 2154 5165 tiri,
2192 5102 2247 5155 in
2285 5101 2537 5156 feminini
2584 5109 2767 5155 autem
2817 5098 3293 5171 nunquam._Quo
3321 5096 3621 5165 cazteroqui

2026 5202 2185 5262 pacto
2216 5193 2269 5246 in
2297 5192 2491 5247 eodem
2518 5192 2697 5247 noctis
2724 5192 2899 5247 dieive
2928 5198 3208 5247 momento
3231 5187 3536 5246 seminibus
3561 5187 3617 5240 in

2024 5284 2180 5337 alvos
2211 5281 2554 5351 excipientes
2574 5280 2743 5351 jactis
2765 5295 3123 5350 ,_rursusque
3158 5278 3329 5334 simul
3354 5276 3519 5348 quasi
3547 5290 3617 5330 ex

2033 5375 2224 5429 eodem
2255 5382 2413 5429 utero
2439 5372 2924 5444 progredientibus
2947 5414 2961 5435 ,
2992 5373 3085 5426 alii
3114 5370 3335 5443 quidem
3369 5369 3513 5424 lctus
3540 5369 3617 5420 in-

2028 5467 2382 5529 terimuntur,
2411 5465 2576 5521 simul
2609 5475 2772 5536 atque
2799 5466 2968 5518 vitam
2998 5465 3396 5534 degustarunt,
3424 5459 3493 5513 ab
3516 5460 3616 5513 bo-

2027 5560 2243 5616 micidis
2275 5560 2542 5615 matribus
2577 5557 2823 5616 letodati
2846 5598 2862 5624 ,
2891 5566 3188 5627 antequam
3223 5556 3312 5608 lac
3344 5552 3614 5607 traxerint

2092 5696 2204 5765 (53)
2252 5692 2613 5765 ’Eaptrmﬁtj.
2650 5693 2815 5749 Forte
2852 5693 3095 5765 ὲαρινήν.
3120 5689 3203 5765 lo.

2246 5754 2367 5821 Τοῦ
2396 5754 2725 5837 ᾶμιιίΡοιίρ
2753 5765 2830 5835 τῷ
2864 5754 2975 5835 ἅμα
3002 5754 3080 5816 vel
3118 5760 3234 5831 ἅμα
3261 5756 3359 5828 τῷ.
3395 5754 3476 5812 ID.
