4000 6438
414 351 519 408 983

417 461 504 506 aut
544 466 733 508 vocem
781 454 1086 523 ediderint;
1132 454 1222 509 alii
1263 470 1394 511 vero
1436 457 1490 509 in
1515 456 1624 511 vita
1654 465 1907 520 manent,
1940 467 1993 515 ct

411 544 553 598 mala
596 544 808 614 legibus
858 547 1181 616 prtescripta
1227 547 1675 616 amplectuntur?
1712 548 1819 603 Aut
1849 563 1988 618 quo-

410 634 576 689 modo
607 635 799 690 eodem
836 648 1084 708 tempore
1111 639 1372 694 mulieres
1395 639 1540 710 apud
1579 655 1683 696 nos
1709 649 1765 696 et
1801 641 1990 696 concid

411 726 568 795 piunt
596 734 651 781 et
679 728 897 795 pariunt
929 728 1180 798 plurimae
1201 768 1216 793 ,
1245 730 1586 801 gemelloque
1615 744 1772 801 partu
1802 732 1952 787 edito
1971 771 1985 795 ,

413 816 604 871 ambos
634 816 875 873 infantes
907 830 1269 885 conservant,
1301 820 1453 875 nullo
1486 829 1640 876 astro
1667 829 1897 892 cogente
1930 827 1990 874 ut

414 907 762 977 interimant,
788 918 883 964 aut
906 911 1025 967 solo
1051 911 1284 967 allidant
1303 952 1317 975 ,
1345 919 1405 967 ut
1427 928 1525 968 eos
1555 929 1585 968 e
1614 914 1725 968 vita
1757 914 1953 968 tollant
1972 951 1988 975 ,

413 1000 562 1056 velut
602 1002 910 1059 Amazones
953 1004 1189 1059 miseros
1228 1003 1392 1059 foetus
1444 1018 1576 1058 suos
1623 1011 1856 1068 necant,
1891 1002 1989 1058 sed

413 1107 572 1148 suam
604 1093 788 1163 potius
815 1094 1083 1149 cervicem
1121 1110 1219 1164 pro
1250 1094 1470 1150 illorum
1506 1094 1655 1150 caede
1683 1094 1952 1165 objiciant
1972 1132 1989 1159 ,

414 1184 843 1255 lactentiumque
870 1185 1143 1239 infantum
1170 1187 1337 1239 vitam
1364 1188 1539 1256 magis
1566 1202 1729 1256 quam
1760 1202 1818 1242 se
1845 1187 1989 1256 ipsas

416 1284 597 1329 ament
618 1275 642 1328 ?

482 1410 639 1478 Quod
671 1411 717 1468 si
765 1412 1101 1478 Mercurius,
1138 1423 1195 1467 ut
1243 1413 1465 1479 dicitis,
1517 1428 1642 1467 cum
1680 1412 1893 1469 Venere
1938 1413 1994 1467 in

417 1502 536 1558 suis
560 1504 942 1561 mansionibus
968 1505 1245 1561 exsist'cns
1269 1504 1433 1560 edicit
1463 1504 1699 1569 ﬁctores,
1734 1503 1991 1574 pictores,

418 1594 854 1660 nummularius;
884 1595 940 1648 in
970 1594 1352 1649 mansionibus
1380 1602 1562 1647 autem
1607 1585 1855 1657 veneris,
1887 1610 1992 1649 un-

416 1683 768 1753 guentarios,
810 1690 1105 1746 cantores,
1159 1682 1391 1744 miluos,
1440 1691 1671 1752 poetas:
1705 1682 1800 1753 qui
1834 1682 1895 1737 lit
1935 1693 1995 1738 ut

418 1773 560 1842 apud
606 1771 757 1828 Elios
797 1780 852 1825 et
881 1772 1225 1837 Saracenos,
1254 1780 1309 1828 et
1345 1773 1487 1843 apud
1519 1788 1617 1829 eos
1652 1773 1747 1844 qui
1778 1782 1909 1830 sunt
1939 1775 1991 1829 in

418 1859 587 1931 Libya
622 1861 909 1931 superiore
931 1900 946 1927 ,
982 1862 1125 1931 apud
1162 1860 1382 1915 Mauros
1410 1859 1539 1917 item
1571 1863 1665 1934 qui
1709 1862 1868 1932 juxta
1906 1863 1987 1919 lit-

420 1961 538 2004 tora
565 1958 619 2005 ct
653 1952 802 2022 ripas
835 1950 1041 2008 Oceani
1078 1953 1349 2020 habitant,
1381 1961 1435 2009 et
1466 1953 1525 2008 in
1565 1954 1829 2010 ulteriore
1861 1953 1998 2011 Ger-

420 2042 602 2097 mania
622 2082 639 2108 ,
666 2052 721 2098 et
750 2045 805 2098 in
840 2043 1114 2099 Sarmatia
1149 2045 1469 2116 superiore,
1500 2054 1555 2102 et
1581 2046 1635 2100 in
1667 2043 1913 2119 Scythia,
1949 2055 2005 2102 ct

420 2132 564 2202 apud
597 2148 789 2190 omnes
824 2136 1073 2191 nationes
1103 2151 1225 2207 quae
1258 2151 1288 2190 a
1328 2135 1503 2193 Ponto
1553 2138 1746 2209 procul
1797 2139 2005 2195 dissita:

418 2233 585 2291 sunt,
621 2226 852 2282 inveniri
882 2243 993 2282 non
1024 2229 1200 2298 possit
1231 2230 1665 2297 nummularius,
1699 2238 1796 2285 aut
1821 2229 2003 2299 lictor,

419 2322 514 2370 aut
543 2315 739 2387 pictor,
772 2332 884 2372 non
910 2318 1245 2374 architectus
1265 2358 1281 2383 ,
1313 2335 1423 2373 non
1458 2329 1677 2383 cantor,
1712 2334 1820 2374 non
1853 2328 2008 2374 actor

399 2416 732 2480 .poematum
752 2451 768 2477 ,
792 2418 854 2465 ut
883 2410 1028 2482 apud
1056 2412 1193 2468 nos?
1214 2411 1396 2478 Quare
1418 2410 1722 2468 Mercurius
1744 2419 1801 2467 et
1820 2408 2008 2468 Venus

421 2498 475 2553 id
508 2514 615 2555 non
644 2488 997 2558 contulerunt
1019 2504 1183 2559 etiam
1212 2503 1356 2573 apud
1390 2504 1541 2575 ipsos
1570 2490 1700 2558 nato
1719 2542 1735 2567 ,
1765 2512 1825 2557 ut
1853 2518 2008 2561 asse-

418 2602 623 2661 quatut:
648 2607 714 2679 ea
744 2593 1053 2649 studiorum
1081 2602 1136 2649 et
1158 2611 1372 2650 morum
1399 2594 1685 2661 exercitia,
1712 2609 1835 2665 quat
1862 2594 2007 2665 apud

418 2698 517 2739 eos
544 2698 656 2737 non
685 2684 857 2738 sunt?
887 2684 1024 2741 Medi
1062 2685 1189 2741 data
1228 2701 1396 2756 opera
1428 2701 1621 2742 omnes
1665 2686 1847 2741 adhuc
1893 2686 2009 2757 spi-

421 2779 606 2823 rantes
649 2777 883 2838 aegrotos
899 2770 1132 2825 canibus
1179 2787 1364 2827 escam
1401 2774 1543 2828 citra
1574 2774 2018 2829 commiseratioo.

422 2875 546 2913 nem
573 2858 863 2929 objiciunt.
896 2859 1075 2931 Atque
1096 2862 1151 2915 lii
1181 2861 1322 2917 Medi
1355 2878 1499 2919 anne
1537 2878 1661 2918 cum
1689 2863 1844 2919 Luna
1869 2864 2012 2920 Mar-

423 2950 571 3018 tem‘,
614 2960 675 3005 ut
700 2966 799 3007 vos
824 2951 974 3023 loqui
1016 2953 1244 3017 soletis,
1288 2954 1345 3008 in
1384 2953 1582 3009 diurna
1621 2955 1908 3012 nativitate
1953 2957 2010 3011 in

421 3040 635 3097 Cancro
664 3043 841 3098 sortiti
870 3046 1043 3101 sunt?
1071 3044 1185 3099 Indi
1220 3044 1487 3100 cadavera
1518 3053 1861 3100 mortuorum
1893 3046 2006 3118 igni

424 3135 479 3189 in
513 3135 728 3190 cineres
756 3135 1044 3210 redigunt,
1072 3146 1126 3193 et
1160 3153 1286 3194 cum
1317 3136 1399 3194 eis
1421 3138 1785 3209 quorumdam
1805 3151 2006 3193 uxores

423 3226 770 3283 comburunt.
797 3229 960 3299 Atqui
987 3242 1333 3300 nequaquam
1356 3241 1549 3282 omnes
1572 3227 1682 3299 igni
1703 3227 2005 3299 absumpta:

424 3338 626 3379 uxores
660 3322 948 3387 Indorum,
981 3332 1077 3378 aut
1106 3323 1286 3378 adhuc
1316 3320 1588 3386 viventes,
1626 3320 1841 3376 sortita:
1871 3327 2005 3377 sunt

423 3422 673 3485 tempore
720 3413 978 3468 nocturni
1025 3421 1318 3484 parentum
1353 3427 1579 3469 suorum
1626 3412 1831 3479 coitus,
1879 3424 2004 3465 cum

427 3503 599 3560 Marte
626 3505 830 3567 solem,
864 3506 919 3559 in
949 3506 1199 3577 partibus
1234 3506 1423 3562 Martis
1449 3514 1620 3562 noctu
1667 3522 1777 3561 non
1817 3506 2004 3560 lucen-

427 3605 561 3651 tem.
592 3595 987 3653 Germanorum
1014 3599 1324 3669 complures
1347 3598 1780 3670 strangulatione
1808 3613 1867 3653 se
1896 3597 2006 3653 vita

429 3689 700 3759 spoliant;
731 3706 840 3744 non
876 3699 1057 3746 tamen
1093 3690 1319 3747 omnino
1350 3690 1525 3764 major
1554 3707 1683 3763 pars
1704 3690 2010 3746 Germano-

429 3794 588 3844 rum,
640 3780 824 3834 lunam
851 3787 907 3835 et
951 3779 1141 3835 boram
1192 3779 1556 3851 interceptam
1609 3796 1640 3835 a
1685 3780 1926 3836 Saturno
1954 3788 2010 3836 et

431 3869 603 3927 Marte
644 3871 866 3928 habent.
905 3871 1109 3929 Verum
1163 3874 1221 3929 in
1264 3873 1415 3929 omni
1467 3885 1630 3945 gente
1673 3874 1721 3930 si
1769 3874 2009 3929 interdiu

430 3962 682 4018 homines
711 3963 827 4018 nati
853 3961 1061 4020 fuerint
1079 4004 1095 4031 ,
1121 3978 1232 4019 non
1259 3966 1514 4021 meliores
1542 3965 1825 4037 pejoresve
1848 3971 2012 4021 erunt

431 4050 731 4108 secundum
758 4063 1037 4110 astrorum
1068 4054 1515 4125 coniunctionem
1535 4096 1551 4123 ,
1572 4055 1649 4111 uti
1678 4070 1777 4111 vos
1805 4053 2009 4117 dicitis,

433 4145 526 4200 sed
558 4144 612 4199 in
647 4160 972 4215 unaquaque
1007 4147 1228 4216 regione
1270 4147 1415 4217 leges
1450 4146 1699 4217 qumdam
1730 4154 1785 4201 et
1827 4147 2015 4215 patriae

431 4235 858 4290 consuetudines
894 4237 1219 4305 praevalent,
1243 4250 1309 4291 ex
1338 4237 1541 4306 quibus
1572 4236 1854 4307 proprium
1881 4234 1974 4305 jus
1994 4272 2010 4299 ,

432 4332 488 4381 et
515 4325 647 4396 quid
679 4328 837 4382 nobis
866 4328 1124 4409 omnibus
1153 4326 1463 4382 faciendUm
1493 4326 1596 4391 sit,
1627 4341 1820 4382 omnes
1847 4326 2016 4380 disci-

432 4435 579 4474 inus.
614 4417 732 4473 Non
761 4419 907 4474 enim
937 4425 1120 4488 potest
1144 4419 1212 4473 de
1246 4427 1429 4474 vestra
1462 4418 1733 4474 sententia
1753 4459 1769 4482 ,
1798 4416 2016 4488 genesis

434 4524 632 4581 cogere
666 4507 829 4564 Seres
871 4516 930 4562 ut
958 4507 1343 4573 interﬁciant,
1389 4516 1485 4562 aut
1528 4506 1898 4562 Braclimanes
1946 4505 2015 4560 ad

436 4596 742 4655 vorandum
773 4614 971 4655 carnes
1001 4602 1305 4654 siccramve
1335 4596 1631 4668 potandum
1651 4636 1666 4661 ,
1699 4603 1795 4651 aut
1827 4596 2022 4653 Persas

439 4705 510 4744 ne
541 4704 664 4744 cum
702 4689 971 4744 matribus
1004 4687 1352 4744 matrimonia
1394 4687 1660 4758 iungant,
1704 4695 1761 4744 et
1801 4701 2021 4743 sorores

438 4781 683 4849 violent;
727 4789 824 4835 aut
866 4779 1027 4837 Indos
1060 4795 1132 4836 ne
1170 4780 1283 4851 igni
1334 4786 1581 4834 mortuos
1622 4778 1881 4846 tradant;
1927 4785 2023 4834 aut

440 4871 660 4937 Medus,
695 4888 762 4928 ne
795 4872 1029 4929 canibus
1057 4873 1325 4943 objiciunt
1370 4873 1709 4941 morituros;
1753 4882 1847 4928 aut
1890 4872 2023 4927 Par-

442 4966 566 5022 thos
585 5007 601 5032 ,
636 4981 703 5020 ne
729 4966 897 5021 multa
922 4965 1176 5037 coniugia
1201 4965 1527 5021 contrahant
1552 4983 1567 5032 ;
1600 4975 1694 5021 aut
1714 4963 2020 5037 Mesopota-

442 5057 616 5123 mios,
648 5064 708 5110 ut
738 5058 849 5112 sint
881 5056 1037 5112 valde
1067 5064 1436 5128 temperantes
1463 5075 1479 5125 ;
1516 5065 1610 5112 aut
1643 5056 1863 5113 Graecos
1887 5098 1902 5120 ,
1950 5073 2021 5113 ne

443 5147 773 5217 corporibus
798 5148 1123 5203 exercendis
1147 5147 1401 5218 occupati
1442 5148 1555 5204 sint
1581 5165 1596 5214 ;
1629 5155 1724 5202 aut
1753 5146 2019 5203 barbaras

444 5246 670 5311 gentes,
711 5246 771 5293 ut
810 5253 936 5294 cum
983 5239 1090 5294 illis
1131 5255 1253 5309 quae
1299 5256 1329 5293 a
1376 5238 1580 5296 Gnecis
1627 5240 2017 5309 praedicantur,

444 5330 836 5387 commercium
881 5330 1082 5387 habere
1127 5332 1314 5385 velint.
1350 5329 1587 5397 Verum,
1642 5337 1700 5383 ut
1747 5330 1861 5384 disi
1905 5330 2017 5400 jam

514 5532 628 5603 (55)
658 5533 1124 5601 Περιποιοῦνται.
1150 5533 1593 5603 Emendationent
1624 5532 2022 5603 (iotclerianam

445 5600 774 5671 preferimus
803 5620 867 5658 ex
906 5603 1142 5660 Monum.
1173 5604 1315 5658 Evcl.
1356 5600 1448 5657 Gr.
1481 5610 1612 5655 tom.
1645 5602 1705 5664 ll,
1742 5616 1874 5671 pag.
1898 5600 2023 5666 557,

446 5669 942 5744 quamcontextus
990 5677 1295 5730 conﬁrmat.
1353 5673 1525 5744 Vulgo
1575 5669 2021 5742 περιπατοῦνται,

449 5742 781 5807 promicant.

525 5808 635 5877 ('56)
672 5814 833 5878 Παρὰ
866 5812 932 5868 δὲ
966 5814 1233 5880 Ἠλείοις.
1275 5811 1609 5866 Bardcsanes
1637 5810 1782 5882 παρὰ
1812 5810 2026 5863 Ταίνοις

1474 343 1532 397 S.
1573 341 1874 398 εΑεεΑιιιι
1900 342 2232 399 GREGORII
2270 341 2579 397 FllATlllS

3598 337 3698 393 98$

2098 458 2157 510 ὲν
2180 458 2360 529 ταυτῷ
2401 456 2577 529 καιρῷ
2608 457 2664 508 αἱ
2694 456 2820 525 παρ’
2853 455 2984 523 ἡμῖν
3016 454 3275 521 γυναῖκες
3321 448 3426 503 καὶ
3464 447 3696 519 συλλαμ-

2095 550 2351 605 ϐάνουσαι
2395 552 2489 604 καὶ
2539 548 2875 603 ἀποκύουσαι
2917 546 3180 611 πλεῖσται,
3231 546 3334 601 καὶ
3385 542 3700 600 διτοκοῦσαι

2094 642 2263 712 ἄμφω
2298 642 2366 696 τὰ
2409 642 2582 713 βρέφη
2624 639 3030 712 περιποιοῦνται
3070 639 3202 710 (55),
3234 638 3426 710 μηδὲν
3463 637 3574 691 ὑπὸ
3599 638 3703 692 τᾶν

2094 733 2307 804 ἄστρων
2342 732 2656 811 βιαζόμεναι
2692 732 3044 803 διαφθείρειν,
3082 730 3118 802 ἢ
3163 729 3240 800 τῷ
3275 728 3485 798 ἐδάφει
3535 744 3704 801 προσ-

2096 826 2369 896 αράττειν,
2404 826 2499 879 καὶ
2528 828 2594 897 τῇ
2624 826 2694 896 γῇ
2727 822 3141 897 προσαναλύειν,
3171 822 3246 886 ὡς
3286 819 3609 893 ’Δμαζόνες
3641 820 3705 874 τὰ

2095 914 2332 968 δείλαια’
2365 914 2501 969 ἀλλὰ
2535 914 2628 968 τὸν
2656 914 2806 985 σφῶν
2848 913 3052 984 αὐχένα
3079 912 3180 983 τῆς
3209 911 3456 965 ἐκείνων
3490 910 3703 979 σφαγῆς

2098 1004 2531 1076 προῦπεχούσας,
2561 1004 2757 1068 ἑαυτὰς
2787 1004 3040 1075 μᾶλλονῆ
3068 1003 3136 1058 τὰ
3164 1000 3444 1057 ὑπότιτθα
3478 998 3581 1054 τοῦ
3610 999 3705 1070 ζῇν

2102 1095 2424 1167 ἱμειρόμενα
2448 1094 2931 1166 ἀπορρήγνυσθαι;

2178 1411 2241 1464 Εἰ
2266 1409 2323 1462 δὲ
2377 1410 2468 1463 καὶ
2522 1408 2745 1480 Ἑρμῆς,
2776 1407 2851 1471 ὥς
2894 1423 3049 1479 φατε,
3088 1405 3227 1477 μετᾶ
3264 1404 3607 1478 Ἀφροδίτης
3648 1405 3708 1460 ἐν

2101 1506 2267 1567 οίκοις
2300 1502 2448 1565 ἰδίοις
2475 1500 2716 1555 ἐπιτελεῖ
2744 1499 3006 1566 πλάστας,
3048 1499 3404 1572 ζωγράφους,
3445 1497 3706 1571 κερματι-

2105 1596 2261 1660 στὰς
2293 1598 2351 1649 ὲν
2376 1597 2545 1658 οῐκοις
2567 1594 2625 1647 δὲ
2659 1591 2999 1664 Ἀφροδίτης,
3025 1591 3324 1664 μυρεψοὺς,
3353 1592 3701 1661 φωνασκοὺςο

2105 1687 2432 1759 ὑποκριτὰς,
2488 1686 2751 1758 ποιητάς·
2815 1686 2969 1757 παρά
3023 1682 3087 1737 δὲ
3139 1682 3378 1746 Ἠλείοις
3441 1680 3561 1751 (56)
3617 1680 3704 1735 καὶ

2106 1780 2458 1852 Σαρακηνοῖς,
2485 1779 2580 1832 καὶ
2606 1781 2718 1841 τοῖς
2745 1779 2804 1832 ἐν
2835 1778 2902 1848 τῇ
2932 1775 3183 1846 ἁνωτέρᾳ
3200 1773 3408 1846 Λιϐύῃ,
3440 1774 3540 1828 καὶ
3565 1772 3704 1826 M16-

2104 1888 2217 1941 ροις
2247 1869 2388 1923 κατὰ
2419 1869 2545 1932 τοὺς
2575 1869 2764 1939 ήῖόνας
2808 1866 2921 1939 (57)
2969 1868 3065 1921 καὶ
3111 1867 3273 1937 δχθας
3307 1865 3415 1919 τοῦ
3450 1862 3705 1918 Ὠκεανοῦ

2105 1959 2351 2032 ποταμοῦ
2398 1959 2628 2023 οἰκοῦσι,
2677 1958 2775 2013 καὶ
2804 1959 2862 2011 ὲν
2904 1960 2972 2030 τῇ
3001 1956 3243 2029 ὲξωτέρᾳ
3272 1956 3591 2030 Γερμανίᾳ,
3615 1956 3702 2009 καὶ

2103 2054 2162 2105 ὲν
2209 2054 2274 2123 τῇ
2322 2050 2570 2123 ἀνωτέρα
2615 2050 2919 2122 Σαρματίᾳ,
2947 2048 3042 2102 καὶ
3077 2050 3135 2102 ὲν
3163 2049 3397 2122 Σκυθίᾳ.
3435 2047 3537 2101 καὶ
3566 2046 3697 2098 πᾶσι

2106 2145 2166 2199 ὲν
2217 2146 2330 2207 τοῖς
2418 2141 2692 2207 ὲξωτικοῖς
2725 2140 2917 2211 μέρεσι
2954 2135 3051 2190 τοῦ
3099 2136 3300 2189 Πόντου
3333 2132 3576 2213 ἔθνεσιν,
3607 2128 3700 2199 οὐχ

2105 2226 2215 2285 οἷόν
2233 2249 2293 2285 τε
2327 2230 2506 2302 εὑρεῖν
2535 2227 2908 2298 κολλυϐιστήν,
2934 2227 2968 2297 ἢ
3002 2225 3266 2296 πλάστην,
3300 2224 3337 2295 ἢ
3383 2212 3695 2291 ζωγράφον.

2105 2321 2206 2377 οὒκ
2233 2319 2610 2393 ἀρχιτέκτονα,
2634 2318 2696 2372 οῦ
2733 2317 3036 2391 φωνασκδν,
3068 2315 3166 2386 οὐχ
3197 2313 3511 2386 ὑποκριτὴν
3543 2325 3696 2379 ποιη-

2110 2414 2315 2486 μάτων,
2349 2412 2426 2474 ὡς
2463 2410 2594 2483 παρ’
2629 2411 2789 2481 ἡμῖν*
2827 2407 2916 2462 διὰ
2958 2407 3012 2461 τί
3045 2405 3252 2479 Ἐρμῆς
3275 2408 3375 2459 καὶ
3414 2401 3697 2474 Ἀφροδίτη

2107 2504 2169 2558 οὐ
2219 2501 2515 2574 παρέσχον,
2563 2500 2682 2555 κατ’
2741 2499 2986 2554 ἐνιαυτὸν
3006 2499 3318 2568 ⁸ὲπιτυχείν
3373 2491 3697 2565 γεννωμένῳ

2109 2598 2220 2659 τοῖς
2252 2593 2561 2647 ἐκλείπουσι
2598 2592 2728 2664 παρ’
2759 2592 2941 2655 αὐτοῖς
2982 2588 3418 2661 ὲπιτηδεύμασι;
3448 2584 3623 2656 Μῆδοι
3643 2581 3696 2634 δι

2113 2689 2312 2750 πάντες
2345 2684 2485 2757 μετὰ
2510 2684 2745 2754 σπουδῆς
2772 2683 2851 2738 ἔτι
2879 2681 3212 2754 ἐμπνέοντας
3240 2682 3370 2743 τοὺς
3396 2679 3695 2749 κάμνοντας

2109 2779 2243 2832 κυσὶ
2260 2777 2426 2849 βορὴν
2446 2775 2794 2847 προτιθέασιν
2815 2775 3150 2845 ἀναλγήτως.
3175 2773 3280 2826 Σὺν
3302 2774 3373 2843 τῇ
3399 2770 3595 2841 Μήνῃ,
3624 2764 3693 2826 ὥς

2113 2887 2272 2940 φατε,
2304 2869 2396 2923 τὸν
2428 2871 2601 2940 Ἀρεα
2635 2868 2729 2922 ἐπὶ
2760 2867 3029 2939 ἡμερινῆς
3056 2865 3323 2935 γενέσεως
3343 2868 3414 2918 ὲν
3459 2857 3698 2933 καρκίνῳ

2113 2960 2286 3032 Μῆδοι
2320 2959 2550 3031 ἔλαχονς
2598 2958 2749 3012 Ἰνδοὶ
2792 2957 2917 3022 τοὺς
2961 2958 3187 3030 νεκροὺς
3240 2955 3461 3009 ἑαυτῶν
3515 2965 3698 3022 τεφρο·

2115 3051 2330 3106 ποιοῦσι
2361 3050 2525 3123 πυρί·
2558 3050 2677 3122 μεθ’
2703 3043 2780 3104 ὧν
2809 3048 3208 3118 καταφλέγουσί
3234 3064 3394 3101 τινων
3447 3048 3547 3108 τὰς
3570 3058 3695 3113 cup.-

2112 3144 2294 3207 ϐίους·
2323 3142 2418 3197 καὶ
2443 3142 2505 3195 οὐ
2527 3142 2698 3213 δήπου
2745 3142 2915 3195 πᾶσαι
2947 3141 3006 3195 αἱ
3030 3139 3362 3211 mpm).th
3394 3136 3583 3193 Ἰνδῶν
3609 3148 3699 3202 γυο

2108 3236 2313 3297 ναῖκες,
2340 3230 2374 3303 ἦ
2408 3231 2464 3285 αἱ
2504 3229 2695 3296 ζῶσαι,
2725 3229 2914 3301 ἔλαχον
2945 3228 3049 3283 ὑπὸ
3082 3229 3182 3300 τῆς
3225 3226 3557 3298 νυκτερινῆς
3583 3238 3694 3277 συν-

2108 3323 2374 3388 ελεύσεως
2397 3323 2506 3377 τῶν
2534 3322 2738 3392 γονέων
2762 3321 2860 3376 σὺν
2887 3321 3043 3392 "Aper.
3073 3320 3165 3375 τὸν
3195 3320 3405 3385 Ἥλιον,
3453 3322 3513 3373 ὲν
3551 3314 3694 3370 νυκτὶ

2111 3415 2188 3487 μὴ
2238 3413 2495 3484 φαίνοντα
2539 3414 2598 3466 ὲν
2663 3412 2880 3485 μοίραις
2914 3400 3156 3482 ’”Λρεως.
3213 3409 3516 3480 Γερμανῶν
3561 3406 3603 3459 δ’
3646 3404 3691 3456 οἱ

2109 3504 2329 3567 πλείους
2354 3502 2557 3574 ἀγχόνῃ
2591 3501 2652 3556 τὸ
2696 3502 2795 3574 ζῇν
2833 3500 3179 3573 ἁμείϐονται’
3232 3499 3329 3554 καὶ
3366 3499 3432 3553 οὑ
3493 3496 3692 3555 πάντως

2107 3596 2169 3649 τὸ
2190 3594 2393 3667 πλῆθος
2415 3593 2711 3668 Γερμανῶν
2739 3594 2837 3667 τὴν
2858 3594 3096 3666 Σελήνην
3121 3595 3214 3648 καὶ
3234 3593 3335 3663 τὴν
3365 3593 3524 3663 ὤραν
3545 3601 3694 3661 μεσο-

2108 3688 2522 3760 λαμϐανομένας
2552 3688 2656 3742 ὑπὸ
2682 3688 2891 3759 Κρόνου
2914 3689 3008 3742 καὶ
3042 3690 3253 3760 ’Ἄρεως
3277 3686 3520 3757 ἔχουσιν.
3562 3673 3708 3735 ’Δλλκ

2110 3778 2160 3831 εί
2186 3777 2350 3831 παντὶ
2375 3776 2517 3831 έθνει
2549 3776 2752 3847 ἡμέραι
2775 3775 2984 3847 βροτοῖς
3008 3776 3288 3845 γένωνται,
3307 3775 3369 3828 οὺ
3394 3772 3691 3845 κρείττονες

2111 3869 2144 3941 ἢ
2175 3868 2417 3940 χείρονες
2442 3869 2581 3923 κατὰ
2610 3867 2825 3940 ἄστρων
2859 3865 3196 3938 συμπλοκὴν,
3236 3866 3311 3930 ὡς
3352 3866 3515 3936 ὑμεῖς
3541 3875 3691 3931 φατε,

2110 3962 2227 4015 ἀλλ’
2256 3963 2313 4016 ἐν
2337 3962 2540 4033 ἑκάστῃ
2565 3958 2719 4034 χώρᾳ
2738 3959 2892 4031 νόμοι
2916 3960 3060 4024 τινὲς
3087 3960 3181 4013 καὶ
3210 3959 3413 4031 πάτρια
3440 3957 3542 4028 ἔθη
3571 3968 3693 4023 xpu-

2112 4055 2215 4116 τεῖ,
2241 4052 2299 4120 ἐξ
2326 4044 2401 4106 ὧν
2422 4050 2853 4116 τὸάὺτεξούσιον
2873 4051 2967 4105 καὶ
2994 4050 3054 4104 τὸ
3088 4052 3174 4121 ἐφ’
3208 4053 3339 4123 ἡμῖν
3359 4050 3429 4103 τὰ
3454 4041 3692 4133 πρακτέα

2115 4143 2376 4214 ὑπάρχειν
2408 4142 2771 4215 παιδευόμεθα
2799 4141 3020 4207 πάντες.
3056 4143 3130 4196 Οὐ
3154 4143 3261 4214 γὰρ
3291 4143 3379 4215 οἷα
3417 4159 3480 4195 τε
3519 4142 3551 4211 ή
3581 4133 3675 4191 καθ

2114 4218 2260 4305 ὑμᾶς
2283 4234 2493 4302 γένεσις
2525 4235 2832 4304 ἀναγκάσαι
2873 4236 3052 4306 Σῆρας
3091 4233 3355 4301 ἀνακείν⁶,
3381 4234 3415 4305 ἢ
3442 4226 3691 4305 Βραχμᾶ’

2115 4342 2213 4389 νας
2237 4325 2565 4398 κρεωϐορεῖν
2592 4327 2684 4380 καὶ
2733 4329 3122 4398 σικεροποτεϊν,
3164 4326 3198 4397 ἢ
3230 4322 3444 4396 Πέρσας
3479 4323 3553 4396 μὴ
3584 4333 3692 4390 μη-

2116 4420 2413 4488 τρογαμεῖν
2456 4418 2550 4471 καὶ
2583 4417 3078 4491 ἀδελφοφθορεῑν,ῆ
3118 4417 3309 4480 Ἰνδοὺς
3342 4416 3416 4488 μὴ
3460 4412 3590 4484 πυρὶ
3621 4407 3689 4459 δι-

2120 4507 2267 4561 δόναι
2300 4507 2423 4571 τοὺς
2464 4510 2708 4579 νεκροὺς,
2741 4509 2774 4581 ἢ
2804 4509 3019 4579 Μήδους
3064 4509 3139 4581 μὴ
3185 4507 3312 4560 κυσὶ
3351 4508 3477 4571 τοὺς
3515 4499 3690 4585 θνηξφ
3741 4509 3756 4543 -'-

2124 4598 2320 4669 μένους
2359 4599 2692 4669 προτιθέναι,
2737 4599 2770 4672 ἢ
2832 4600 3080 4670 Πάρθους
3137 4598 3211 4669 μὴ
3264 4595 3614 4667 πολυγαμεῢ,
3659 4584 3690 4655 ἧ

2118 4690 2245 4754 τοὺς
2272 4690 2727 4761 Μεσοποταμίτας
2761 4692 2835 4761 μὴ
2879 4692 3060 4764 ἄκρως
3091 4691 3409 4760 σωφρονεῖν,
3443 4687 3477 4759 ἦ
3511 4682 3691 4748 Ἕλλη·

2119 4799 2215 4845 νας
2246 4780 2321 4853 μὴ
2355 4783 2783 4852 σωμασκεῖσθαι,
2812 4782 2846 4853 ἢ
2883 4783 2952 4836 τὰ
2996 4781 3250 4854 βάρϐαρα
3292 4779 3419 4851 ἔθνη
3460 4780 3578 4840 ταῖς
3614 4764 3692 4838 ὑφ’

2131 4872 2401 4945 Ἑλλήνων
2457 4873 3028 4945 προσαγορευομέναις
3100 4873 3378 4926 κοινωνεῖν
3398 4887 3412 4901 ·
3464 4867 3578 4924 ἀλλ’
3626 4861 3693 4921 ὡς

2125 4964 2389 5039 προέφην,
2422 4964 2653 5027 ἕκαστος
2681 4965 2888 5040 βροτῶν
2913 4965 3116 5036 χρῆται
3148 4966 3215 5035 τῇ
3244 4962 3339 5015 τοῦ
3372 4960 3536 5033 νόμου
3565 4955 3693 5011 ὲλευ·

2124 5053 2304 5128 Θερίᾳ,
2328 5055 2399 5109 τὰ
2437 5058 2502 5110 ὲκ
2538 5056 2647 5110 τῶν
2681 5057 2900 5126 ἄστρων
2936 5054 3386 5127 μυθουργούμενα
3418 5051 3540 5107 καθ’
3577 5042 3692 5100 ’Ἐλ-

2123 5146 2293 5217 ληνας
2346 5150 2872 5221 παραπεμπόμενος,
2916 5147 2996 5219 τῷ
3041 5151 3105 5201 ἐκ
3147 5147 3255 5200 τῶν
3295 5145 3476 5217 νόμων
3515 5130 3689 5202 δέεινῆ

2126 5238 2204 5310 τῷ
2239 5238 2298 5303 ἐξ
2335 5238 2520 5304 ἔθνους
2552 5241 2664 5294 ἔθει
2701 5241 2916 5314 πατρίῳ
2959 5239 3066 5292 τῶν
3105 5238 3324 5309 φαύλων
3370 5235 3689 5309 είργόμενεςν

2128 5332 2194 5384 Αἱ
2241 5333 2339 5403 μὲν
2382 5333 2494 5405 γὰρ
2538 5332 2648 5387 τῶν
2689 5332 2900 5406 ἀρετῶν
2951 5330 3255 5401 ὑπάρχουσι
3309 5316 3688 5400 προαιρετικαὶ.

2130 5532 2458 5603 κοιὶΣαρρικ.
2492 5529 2926 5603 Νοοᾲεοιμὶεμιιοι]
2957 5544 3096 5603 quos
3126 5526 3284 5603 ﬁlios
3314 5523 3581 5603 Gagsarius
3606 5531 3689 5603 nu:

2130 5595 2517 5669 minat.'Forte
2554 5601 2678 5663 τοὺς
2710 5598 2817 5652 ἀπὸ
2859 5595 3209 5669 τῆςἾίλιδος
3240 5595 3688 5669 intclligit,_quaul

2132 5667 2443 5742 Stephanus
2467 5670 2600 5742 πρὸς
2618 5660 2684 5740 τῇ
2710 5660 3006 5742 Αἰγυπτία,
3033 5668 3223 5742 urbem
3248 5682 3371 5742 esse
3399 5660 3495 5720 ait,
3513 5660 3687 5716 Visun.

2201 5736 2313 5811 (5'7)
2348 5739 2493 5806 Τοὺς
2508 5736 2753 5809 ἠϊόνας.
2794 5736 2970 5795 Forte
2996 5739 3087 5801 τὰς
3122 5737 3257 5808 ἡῖόν.
3284 5736 3394 5793 'Ed.
