4000 6408
292 360 398 415 985

296 483 349 535 αί
380 479 437 533 δὲ
475 479 879 548 περιστατικαὶ,
902 477 1114 548 ἀνάγκῃ
1142 477 1232 530 ἐπὶ
1258 476 1321 530 τὸ
1356 477 1602 546 κρεῖττον
1634 476 1873 547 χωροῦν-

291 584 380 630 τος
408 565 499 620 τοῦ
530 568 863 638 ζητουμένου
892 568 998 620 ὑπὸ
1030 566 1141 619 τῶν
1168 566 1367 636 νόμων.

1753 360 2094 416 DIALOGUS
2131 357 2193 415 11.

3453 353 3557 410 986

1984 483 2109 530 ante
2129 516 2142 539 ,
2171 475 2352 546 quivis
2382 473 2665 528 hominum
2697 489 2812 529 sua:
2839 474 2974 548 legis
3002 476 3251 532 libertate
3277 475 3471 534 utitur.
3503 481 3560 529 et

1979 582 2101 636 qua:
2128 582 2192 620 ex
2220 565 2385 620 astris
2408 564 2710 620 secundum
2738 565 2960 622 Graacos
2984 567 3231 623 fabulose
3253 568 3376 623 ficta
3404 572 3558 636 sunt,

293 668 517 726 propter
542 657 722 726 legum
749 666 952 711 metum
983 657 1224 722 omittit,
1254 663 1349 710 aut
1377 665 1602 727 propter
1628 655 2086 711 consuetudinem
2128 655 2355 724 patriam
2391 655 2570 725 gentis
2603 671 2633 709 a
2660 655 2808 712 vitiis
2832 657 3090 713 abstinet.
3121 656 3256 712 Nam
3288 659 3554 713 virtutum

291 749 410 802 ali:e
441 755 570 802 sunt
598 762 666 801 ex
694 746 880 800 liberae
911 745 1213 799 voluntatis
1246 745 1548 810 electione,
1583 745 1703 799 aliae
1732 759 1864 800 vero
1893 758 1959 799 ex
1992 744 2427 800 circumstantiis
2456 742 2577 814 ejus
2606 745 2701 815 qui
2734 747 3060 802 necessitate
3091 755 3316 802 coactus
3345 747 3557 803 accedit

290 839 357 893 ad
394 838 624 899 melius,
656 845 844 906 utpote
886 836 1097 907 legibus
1134 835 1209 889 ita
1246 836 1628 906 poscentibus.

883 951 1134 1004 ΠΕΥΣΙΣ
1183 952 1285 1005 Pl'.

373 1067 510 1119 Ἀλλ’
545 1065 685 1119 ἑπτὰ
731 1065 901 1118 ὄντων
945 1066 1013 1135 τῇ
1057 1063 1269 1132 γενέσει
1311 1064 1466 1134 ἡμῶν
1503 1064 1879 1136 ἀνακειμένων

289 1160 556 1230 ἀστέρων,
583 1159 664 1221 εἰς
698 1158 838 1211 ἐπτὰ
864 1157 1093 1228 λέγομεν
1118 1157 1358 1228 κλίματα
1390 1157 1489 1228 τὴν
1523 1158 1628 1229 γῆν
1651 1158 1880 1229 διαιρεί-

292 1249 436 1310 σϐαι,
496 1249 590 1300 καί
645 1247 910 1318 ἄρχεσθαι
953 1248 1185 1300 ἕκαστον
1237 1246 1407 1316 κλῖμα
1458 1247 1547 1316 ὑφ’
1601 1246 1720 1310 ἐνὸς
1769 1249 1878 1302 τῶν

289 1323 554 1411 ἀστέρων,
585 1340 678 1392 καὶ
713 1339 850 1410 πρὸς
883 1339 1107 1392 ἐκείνων
1138 1338 1458 1407 συμπλοκὰς
1495 1338 1745 1407 ἄγεσθαι,
1786 1341 1880 1394 καὶ

289 1431 667 1485 ἀποτελεῖσθαι
696 1433 822 1494 τοὺς
849 1432 1187 1504 ἀρχομένους
1207 1450 1220 1463 ο
1250 1434 1385 1503 ὅπερ
1417 1432 1580 1502 νόμον
1609 1434 1753 1497 τινὲς
1780 1433 1879 1506 τὴν

289 1523 381 1577 τοῦ
410 1524 610 1596 ἄστρου
647 1523 930 1594 ἐνέργειαν
955 1523 1222 1592 λέγουσιν.

910 1617 1268 1683 Ἀπόκρισις.

355 1709 467 1760 Kal.
519 1707 638 1770 πῶς
682 1710 730 1759 εί
776 1707 1027 1777 ἐπταχίἶκ
1062 1708 1348 1780 διαιρεῖται
1390 1711 1424 1780 ὴ
1457 1707 1770 1779 οἰκουμένη,
1815 1709 1874 1760 ἐν

290 1800 388 1870 μιᾷ
413 1799 586 1872 μερίδι
607 1799 833 1863 πολλοὺς
856 1800 951 1853 καὶ
971 1799 1256 1871 διαφόρους
1284 1800 1483 1870 νόμους
1511 1800 1870 1870 εὐρίσκομεν;

287 1893 381 1945 acat‘t
419 1890 542 1944 οὔτε
595 1891 734 1944 ἑπτὰ
781 1891 940 1960 μόνον
969 1892 1111 1945 κατὰ
1169 1893 1294 1955 τοὺς
1333 1891 1592 1962 ἀστέρας,
1623 1889 1747 1944 οὔτε
1793 1890 1876 1953 δὶς

287 1981 348 2047 ἐξ
375 1983 513 2036 κατά
536 1983 662 2045 τοὺς
690 1982 952 2046 ζωδικοὺς
978 1983 1114 2052 (58),
1143 1983 1251 2035 οὐδ’
1283 1979 1350 2036 αὗ
1391 1983 1552 2036 πάλιν
1579 1982 1876 2053 τριάκοντα

287 2071 347 2135 ἒξ
381 2071 521 2124 κατὰ
540 2073 665 2134 τοὺς
692 2071 951 2135 δεκάνους
983 2072 1120 2142 (59).
1146 2071 1282 2124 ἀλλά
1308 2070 1488 2142 μυρίοι
1517 2069 1878 2140 μνημονεύον·

284 2181 374 2216 ται
415 2164 588 2232 νόμοι,
627 2163 796 2217 πάλαι
831 2163 1211 2233 ἀμειφθέντες,
1253 2163 1348 2215 καὶ
1376 2160 1472 2214 νῦν
1514 2161 1867 2231 ὑπάρχοντες.

284 2254 408 2316 Πῶς
439 2253 495 2306 δὲ
529 2255 587 2306 ἐν
612 2253 794 2323 ταυτῷ
825 2257 1072 2324 τμήματι
1116 2253 1244 2315 τοὺς
1289 2250 1742 2322 ἀνθρωποϐόρους
1773 2251 1872 2302 Ἰν-

279 2343 422 2407 δοὺς,
455 2345 550 2396 καὶ
577 2346 705 2407 τοὺς
733 2343 993 2414 ἐμψύχων
1033 2343 1128 2396 καὶ
1157 2341 1339 2412 (θοίνης
1364 2341 1582 2412 ἀπάσης
1609 2341 1875 2411 ἀπεχομέ-

279 2453 404 2499 νους
455 2436 803 2506 Βραχμαίους
854 2433 1136 2498 οἰκοῦντας
1164 2431 1415 2504 ὁρῶμῖενς
1467 2433 1584 2496 πῶς
1635 2433 1692 2486 δὲ
1733 2436 1780 2486 οἱ
1815 2433 1874 2487 ἐν

280 2526 562 2580 Βαϐυλῶνι
605 2528 726 2580 ὅποι
768 2527 811 2578 δ’
853 2525 919 2579 ἂν
970 2526 1247 2594 γίνωνται,
1303 2529 1366 2596 τῇ
1422 2525 1719 2596 μιαιγαμίᾳ
1766 2524 1873 2577 τῶν

274 2619 534 2688 ὁμαίμων
571 2617 888 2687 παροινοῦσι
914 2635 928 2682 ;
967 2617 1082 2680 πῶς
1107 2619 1152 2671 δ’
1177 2619 1234 2670 ἐν
1256 2617 1426 2688 ἑτέρῳ
1448 2618 1696 2686 τμήματι
1720 2616 1873 2680 ὄντες

275 2712 330 2761 οἱ
361 2709 661 2778 Σκλαυηνοὶ
688 2707 783 2760 καὶ
822 2709 1143 2770 Φυσωνῖται,
1177 2711 1224 2761 oi
1254 2709 1350 2761 καὶ
1390 2707 1672 2761 Δανούϐιοι
1704 2725 1873 2778 προσ-

276 2801 688 2870 αγορευόμενοι,
744 2801 793 2852 οἱ
841 2800 938 2870 μὲν
983 2799 1644 2870 γυναικομαστοϐοροῦσιν
1677 2799 1868 2871 ἡδέως,

274 2894 366 2948 διὰ
391 2893 451 2946 τὸ
477 2891 870 2962 πεπληρῶσθαι
902 2890 995 2944 τοῦ
1035 2891 1329 2960 γάλακτος,
1366 2891 1517 2961 μυῶν
1546 2890 1703 2961 δίκην
1746 2893 1873 2955 τοὺς

279 2985 598 3048 ὑποτίτοους
645 2987 769 3048 ταῖς
812 2985 1042 3056 πέτραις
1095 2983 1524 3054 ἐπαράττοντες·
1574 2983 1624 3035 οἱ
1671 2982 1728 3034 δὲ
1776 2983 1872 3036 καὶ

277 3077 379 3145 τῆς
414 3077 652 3146 νομίμης
673 3075 768 3130 καὶ
792 3075 1118 3146 ἀδιαόλὴτου
1167 3073 1506 3146 κρεωόορίας
1535 3073 1867 3144 ἀπέχονται;

279 3167 375 3220 καὶ
397 3167 448 3218 οί
479 3165 576 3236 μὲν
615 3165 952 3238 ὑπάρχουσιν
1009 3165 1279 3231 αὐθάδεις,
1328 3165 1639 3236 αὐτόνομοι,
1669 3166 1869 3233 ἀνηγε-

284 3257 547 3327 μόνευτοι,
575 3257 812 3328 συνεχῶς
843 3256 1212 3328 ἀναιροῦντες,
1245 3256 1651 3326 συνεσθιόμενοι
1677 3256 1710 3327 ἢ
1749 3273 1872 3308 συν-

279 3350 572 3414 οδεύοντες,
603 3351 710 3404 τῶν
736 3351 886 3420 σφῶν
907 3351 1153 3421 ἡγεμόνα
1182 3351 1275 3404 καὶ
1299 3349 1556 3421 ἄρχοντα,
1579 3349 1872 3412 ἀλώπεκας

280 3441 372 3494 καὶ
406 3441 502 3504 τὰς
529 3440 824 3512 ἐνδρύμους
845 3440 1052 3504 κάττας
1076 3440 1171 3493 καὶ
1203 3441 1419 3510 μονιοὺς
1452 3438 1744 3501 ἐσθίοντες,
1775 3437 1871 3491 καὶ

275 3538 342 3605 τῇ
377 3533 557 3588 λύκων
601 3535 788 3606 ὠρυγῇ
844 3534 984 3600 σφᾶς
1039 3533 1537 3604 προσκαλούμενοι·
1574 3533 1623 3585 οἱ
1671 3532 1728 3584 δὲ
1775 3531 1870 3586 καὶ

278 3625 612 3695 ἀδδηφαγίας
643 3625 960 3694 ἀπέχονται,
988 3625 1082 3678 καὶ
1129 3625 1208 3694 τῷ
1250 3625 1468 3693 τυχόντι
1501 3622 1870 3693 ὑποταττόμε-

277 3733 360 3770 νοι
388 3715 480 3770 καὶ
519 3716 834 3778 ὑπείκοντες
855 3734 868 3781 ;

347 3915 456 3968 Καὶ
505 3913 671 3974 πολὺς
711 3913 738 3964 6
783 3910 942 3978 λόγος
990 3911 1118 3979 περὶ
1149 3910 1601 3980 Λογγουϐἀρδων,
1637 3912 1732 3964 καὶ
1765 3912 1870 3964 Νό-

278 4022 406 4076 ρων,
431 4005 523 4056 καὶ
549 4004 768 4057 Γάλλων
808 4002 917 4054 τῶν
951 4001 1244 4072 ἐσπερίων,
1279 4000 1387 4054 τῶν
1426 4002 1732 4073 Ἐρμαῖκῆς
1773 4004 1869 4055 καὶ

275 4096 548 4166 Κρονικῆς
578 4091 954 4164 ἀμοιρούντων
976 4093 1286 4162 ἐπιστήμης
1305 4091 1414 4144 τῶν
1442 4091 1677 4161 ἄστρων.
1703 4092 1868 4145 Πόσοι

277 4183 516 4253 βασιλεῖς
545 4187 638 4238 καὶ
667 4186 926 4255 ἄρχοντες
960 4185 1283 4254 παρήγαγον
1311 4184 1438 4246 τοὺς
1468 4182 1656 4246 κακῶς
1682 4183 1867 4254 κειμέ-

274 4272 399 4334 νους
430 4273 646 4343 νόμους,
681 4273 834 4325 αὐτοὶ
865 4273 926 4326 τὸ
976 4271 1169 4326 δοκοῦν
1221 4272 1671 4343 νομοθετοῦντεςι
1726 4275 1760 4344 ἢ
1797 4267 1864 4327 αὖ

274 4361 438 4416 πάλιν
462 4363 588 4425 τοὺς
619 4353 938 4433 κρείττονας
965 4363 1015 4415 οἱ
1047 4363 1279 4416 ἐναντίοι
1307 4361 1617 4427 ἀπώσαντο,
1649 4363 1742 4416 ὑπ’
1767 4363 1862 4416 οὑ-

272 4453 422 4520 δενὸς
448 4453 558 4506 τῶν
583 4453 798 4526 ἄστρων
825 4453 963 4526 πρὸς
987 4454 1058 4507 τὰ
1079 4453 1368 4526 αἱρεθέντα
1393 4453 1700 4525 εἰργόμενοι
1721 4456 1734 4508 l
1773 4455 1868 4508 Ἓν

271 4544 329 4598 δὲ
353 4544 517 4613 φάναι
551 4543 834 4615 βούλομαι.
864 4543 893 4598 ὃ
926 4545 1020 4598 καὶ
1045 4545 1154 4598 τῶν
1177 4545 1422 4598 ἀπίστων
1453 4544 1670 4598 πάντων
1694 4546 1870 4617 ἀττορ-

275 4633 434 4703 ρἁει
479 4633 548 4686 τὰ
597 4634 872 4704 στόματα⁸
918 4633 1162 4687 Ἰουδαῖοι
1213 4633 1415 4696 πάντες
1452 4633 1542 4686 τὸν
1583 4633 1672 4687 διὰ
1709 4634 1871 4686 Μωῦ-

274 4723 414 4784 σέως
441 4723 725 4792 δεξάμενοι
748 4724 934 4794 νόμον,
968 4726 1076 4777 πᾶν
1099 4725 1266 4796 ἀρῤεν
1310 4724 1528 4792 λογικὸν
1563 4724 1746 4786 αὐτοῖς
1784 4740 1872 4792 γιο

271 4813 498 4883 νόμενον
536 4817 602 4884 τῇ
632 4815 794 4886 ὀγδόῃ
826 4816 1010 4886 ἡμέρᾳ
1033 4817 1453 4887 περιτέμνοντες
1492 4817 1866 4886 αίμάττουσιν’

271 4906 381 4960 ἀπὸ
417 4905 473 4958 δὲ
527 4904 620 4958 τοῦ
659 4905 876 4971 αἰῶνος,
933 4907 1107 4971 οὐδεὶς
1145 4908 1414 4978 Ἑλλήνων
1454 4908 1487 4978 ἢ
1530 4909 1868 4978 Χριστιανῶν

271 4996 578 5068 περιτομὴν
607 4996 853 5062 ἐδέξατοο
895 4997 1164 5050 πλείστων
1205 4997 1474 5052 Ἰουδαίων
1528 4999 1622 5051 καὶ
1668 4998 1870 5071 Ἐλλή-

269 5107 376 5142 νων
411 5089 504 5141 καὶ⁴
548 5088 888 5159 Χριστιανῶν
937 5089 1077 5142 κατά
1127 5089 1254 5154 τοὺς
1303 5091 1502 5154 αὐτοὺς
1556 5093 1732 5164 μῆνας
1776 5096 1871 5150 καὶ

271 5179 570 5249 ἑϐδομάδας
597 5182 692 5234 καὶ
724 5180 940 5253 ἡμέρας
980 5183 1075 5236 καὶ
1102 5180 1251 5255 ὥρας
1283 5185 1655 5256 γεννωμένων,
1697 5187 1871 5258 Ἀρης

271 5269 305 5340 ἢ
342 5270 552 5342 Ἐρμῆς
580 5273 613 5343 ἢ
641 5273 918 5346 Κύπριςῆ
950 5275 979 5328 6
1011 5275 1195 5340 λοιπὸς
1233 5275 1504 5348 Ἑλλήνων
1531 5277 1718 5348 μῦθος,
1751 5279 1869 5342 ἐνὸς

273 5360 470 5416 κύκλου
510 5365 936 5437 ἐμπεριέχοντος
991 5370 1060 5421 τὰ
1107 5369 1303 5434 πάντα,
1355 5371 1449 5422 καὶ
1498 5371 1723 5441 μηδενὸς
1758 5371 1864 5424 ὑπὸ

269 5455 514 5526 ἀστέρων
568 5457 915 5528 βιαζομένου.
965 5461 1039 5512 Οὐ
1102 5462 1213 5534 γὰρ
1261 5463 1461 5526 πάντες
1521 5463 1778 5534 Ἕλληνες
1827 5465 1860 5535 ἢ

255 5683 266 5696 κ
491 5634 1010 5710 Ζῳδιξιούςηῐῖόιςιθ
1043 5636 1359 5710 ζωδιακούς.
1401 5640 1556 5694 Enn.

342 5703 456 5781 {59)
516 5702 672 5781 ξςαζξι
735 5702 877 5781 τούς
929 5706 1242 5781 δεξιᾴνους.
1295 5709 1509 5779 Utique.
1569 5711 1862 5768 lluodec'im

266 5774 412 5851 enim
438 5773 757 5851 in_'l.guli_aco
783 5777 959 5851 signa.
995 5773 1358 5851 Signiaulem
1383 5773 1652 5851 cujusque
1685 5795 1864 5850 partes

269 5857 298 5892 a
327 5842 701 5900 Gcnethliacis
731 5847 955 5915 triginta
995 5842 1328 5916 coiistituta‘,
1360 5865 1421 5904 ac
1449 5842 1578 5908 'tres'
1608 5851 1662 5906 in
1686 5842 1864 5908 'decu-

2423 948 2943 1007 INTERROGATIO
2981 951 3094 1009 CX.

2049 1062 2213 1131 Atqui
2237 1076 2361 1115 cum
2415 1063 2526 1117 sint
2570 1073 2778 1134 septem
2833 1067 3274 1138 uniuscujusque
3313 1078 3562 1126 nostrum

1978 1153 2245 1208 nativitati
2274 1153 2554 1223 deputatae
2578 1157 2772 1218 stellae,
2807 1156 2864 1211 in
2897 1167 3110 1228 septem
3147 1160 3335 1230 plagas
3358 1169 3562 1217 terram

1977 1243 2210 1299 divisam
2233 1261 2357 1301 esse
2383 1246 2650 1308 dicimus.
2671 1255 2837 1317 atque
2871 1250 3176 1319 quamlibet
3201 1252 3412 1322 plagam
3456 1268 3562 1322 gu-

1978 1336 2198 1391 bernari
2228 1337 2296 1392 ab
2328 1351 2435 1390 una
2468 1337 2752 1392 stellarum
2778 1339 3016 1405 illarum,
3049 1351 3104 1395 et
3163 1343 3464 1398 secundum
3498 1344 3562 1398 il-

1978 1425 2152 1480 larum
2203 1427 2652 1496 conjunctionem
2703 1429 2833 1484 duci
2887 1439 2943 1485 et
2997 1433 3184 1501 perlici
3235 1435 3560 1502 subjectos:

1978 1531 2142 1586 quam
2168 1515 2550 1590 efﬁcacitatem
2583 1517 2757 1572 stellae
2787 1519 2955 1590 aliqui
2985 1521 3154 1593 legem
3205 1532 3420 1578 vocant.

2617 1611 2928 1681 Responsio.

2057 1698 2113 1754 Si
2140 1699 2196 1754 in
2235 1706 2443 1770 septem
2477 1700 2667 1772 plagas
2696 1701 2962 1757 dividitur
2993 1704 3167 1767 orbis,
3198 1707 3474 1775 quomodo
3505 1709 3561 1762 in

1979 1805 2090 1844 una
2122 1797 2277 1860 parte
2299 1791 2501 1846 multas
2532 1799 2698 1861 atque
2729 1792 2981 1849 diversas
3009 1795 3156 1865 leges
3210 1795 3567 1853 invenimus?

1978 1880 2166 1951 Neque
2191 1890 2398 1953 septem
2433 1883 2596 1938 modo
2618 1885 2919 1939 secundum
2939 1902 3228 1942 numerum
3257 1891 3564 1953 stellarum,

1977 1987 2158 2042 neque
2180 1972 2473 2028 duodecim
2526 1975 2834 2030 secundum
2886 1977 3096 2032 zodiaci
3154 1980 3333 2051 signa,
3388 1995 3567 2051 neque

1977 2062 2104 2116 item
2131 2063 2354 2134 triginta
2381 2080 2476 2120 sex
2511 2066 2816 2121 secundum
2843 2066 3107 2134 decanos,
3143 2047 3237 2124 sed
3266 2047 3569 2126 innumera;

1977 2166 2482 2210 commemorantur
2507 2158 2674 2226 leges,
2711 2173 2832 2228 quae
2868 2159 3000 2213 olim
3052 2168 3279 2216 mutatae
3330 2169 3479 2224 sunt,
3513 2171 3570 2218 et

1977 2259 2125 2298 nunc
2177 2245 2383 2316 vigent.
2433 2245 2724 2312 Quomodo
2769 2264 2899 2304 vero
2965 2250 3018 2303 in
3083 2251 3272 2305 eadem
3321 2255 3570 2308 sectione

1975 2336 2461 2408 anthropophagos
2511 2337 2705 2401 Indos,
2758 2347 2812 2392 et
2866 2339 2935 2393 ab
2989 2340 3250 2396 animatis
3309 2343 3571 2412 omnique

1976 2427 2310 2483 mactatione
2341 2429 2684 2485 abstinentes
2727 2430 3102 2487 Brachmanes
3151 2434 3402 2488 habitare
3445 2451 3570 2489 cer-

1975 2517 2520 2584 nimus?Quomodo
2548 2520 2835 2592 Babylonii
2884 2523 3032 2576 misti
3083 2524 3308 2592 pollutis
3360 2525 3568 2594 nuptiis

1975 2611 2514 2680 consanguineorum
2570 2613 2853 2667 delirant?
2911 2615 3018 2668 Aut
3061 2616 3339 2684 quomodo
3384 2618 3439 2670 iu
3483 2632 3572 2671 se-

1975 2702 2158 2756 ctione
2191 2703 2296 2756 alia
2329 2703 2578 2772 ejusdem
2617 2714 2825 2759 tractus
2866 2704 3114 2761 Sclaveni
3161 2715 3215 2762 et
3255 2707 3572 2779 Physonilaa

1974 2793 2146 2861 quiet
2180 2794 2493 2850 Danubiani
2547 2797 2919 2866 appellantur,
2979 2798 3073 2852 alii
3124 2799 3345 2869 qnid’em
3401 2802 3569 2855 ubera

1976 2888 2268 2942 mulierum
2324 2890 2560 2945 libenter
2622 2889 2959 2955 comedunt,
3015 2891 3162 2961 quod
3213 2892 3372 2962 plena
3428 2893 3573 2948 lacte

1976 2979 2200 3044 fuerint,
2229 2982 2407 3037 instar
2447 2981 2688 3036 murium
2736 2981 2979 3038 infantes
3041 2983 3193 3038 saxis
3243 2983 3569 3048 allidentes;

1983 3071 2075 3124 alii
2104 3087 2232 3127 vero
2259 3073 2423 3128 etiam
2457 3087 2487 3126 a
2532 3073 2776 3142 legitimo
2826 3081 2882 3126 et
2930 3073 3397 3141 irreprebensibili
3447 3089 3573 3127 car-

1978 3164 2130 3216 nium
2156 3178 2252 3217 esu
2280 3161 2562 3218 abstinent
2589 3163 2612 3217 ?
2647 3161 2750 3228 Qui
2775 3178 2966 3217 eorum
2992 3163 3084 3216 alii
3117 3163 3392 3232 prmfracti
3414 3173 3568 3228 sunt,

1979 3270 2081 3310 suo
2116 3255 2242 3325 jure
2274 3255 2521 3310 viventes
2561 3256 2770 3326 absque
2819 3255 3147 3324 cujusquam
3199 3255 3452 3324 imperio,
3505 3271 3570 3310 ac

1979 3361 2379 3414 nonnunquam
2430 3346 2809 3401 comedentem
2858 3360 3045 3399 secum
3092 3345 3176 3400 vel
3219 3344 3322 3399 iter
3365 3343 3574 3400 facien‘

1979 3447 2087 3495 tem
2127 3439 2430 3509 principem
2465 3455 2626 3496 suum
2681 3437 3097 3502 interficientes,
3147 3438 3339 3508 vulpes
3379 3445 3432 3492 et
3474 3439 3572 3493 sil-

1977 3544 2192 3590 vestres
2252 3532 2385 3590 feles
2437 3549 2745 3604 porcosque
2791 3531 3168 3598 comedentes,
3208 3538 3263 3586 et
3316 3532 3571 3601 luporum

1979 3627 2190 3682 ululatu
2220 3643 2280 3684 se
2303 3634 2701 3698 provocantes;
2735 3625 2826 3680 alii
2870 3640 3002 3679 vero
3049 3639 3079 3677 a
3124 3623 3430 3678 voracitate
3468 3623 3570 3678 ab-

1955 3716 2206 3780 ~stinent,
2263 3724 2320 3771 et
2375 3715 2552 3771 cuivis
2597 3714 2836 3785 principi
2881 3728 2942 3768 se
3016 3713 3382 3783 subjicicntes
3431 3711 3568 3766 obe-

1975 3807 2135 3860 diunt
2167 3805 2192 3857 ?

2046 3915 2212 3970 Multa
2255 3923 2406 3970 certe
2449 3927 2953 3970 commemorantur
2991 3915 3058 3970 de
3095 3913 3478 3985 Longobardis
3514 3920 3574 3969 et

1973 4007 2135 4062 Noris
2185 4015 2239 4061 et
2287 4006 2463 4062 Gallis
2523 4006 2988 4069 occidentalibus.
3043 4019 3304 4078 tanquam
3361 4006 3569 4076 ignaris

1974 4096 2316 4152 Mercurialis
2339 4104 2394 4150 et
2426 4095 2740 4151 Saturnium
2769 4099 2836 4153 de
2883 4100 3050 4155 astris
3103 4099 3369 4154 scientiae.
3419 4097 3567 4163 Quot

1971 4203 2132 4258 reges
2162 4195 2217 4241 et
2265 4188 2543 4257 principes
2601 4188 2947 4242 sustulerunt
3012 4189 3152 4243 male
3214 4189 3353 4242 latas
3398 4189 3565 4256 leges,

1972 4277 2076 4348 ipsi
2108 4290 2207 4331 sua
2241 4275 2440 4346 placita
2476 4276 2828 4332 sancientes?
2858 4286 2952 4332 aut
2981 4294 3011 4333 e
3033 4279 3272 4341 diverso,
3309 4277 3568 4330 meliores

1973 4367 2338 4438 repudiarunt
2368 4367 2550 4423 abhis
2583 4366 2815 4433 diversi,
2843 4384 2871 4422 a
2907 4368 3062 4422 nullo
3094 4376 3248 4423 astro
3278 4367 3335 4422 in
3377 4367 3567 4421 decre-

1979 4460 2050 4516 tis
2095 4458 2199 4514 sibi
2251 4459 2470 4529 placitis
2507 4458 2798 4528 impediti?
2845 4459 3024 4516 Unum
3067 4469 3250 4514 autem
3287 4458 3564 4530 proferam

1970 4551 2118 4620 quod
2147 4550 2563 4605 incredulorum
2595 4550 2842 4605 omnium
2904 4563 3000 4603 ora
3050 4549 3209 4620 quasi
3258 4550 3414 4619 alapa
3459 4563 3567 4602 cae-

1968 4640 2290 4700 det:1udaai
2328 4658 2522 4698 omnes
2548 4643 2666 4714 lege
2696 4658 2863 4713 quam
2913 4641 3094 4697 Moses
3139 4642 3267 4695 tulit
3321 4648 3564 4709 recepta,

1967 4750 2184 4790 omnem
2213 4734 2386 4791 fetum
2413 4749 2619 4790 marem
2652 4735 2978 4806 participem
3011 4735 3247 4789 rationis
3286 4733 3421 4804 ipsis
3463 4749 3563 4785 na-

1973 4837 2113 4891 tum,
2146 4838 2342 4882 octavo
2380 4827 2469 4882 die
2499 4827 2983 4891 circumcidentes,
3035 4827 3306 4897 sanguine
3341 4825 3567 4895 perfun-

1970 4920 2128 4976 dunt.
2172 4922 2217 4974 Α
2241 4921 2445 4976 sacculo
2469 4928 2651 4976 autem
2700 4921 2884 4974 nullus
2921 4920 3238 4974 Grmcorum
3271 4927 3368 4972 aut
3413 4919 3568 4971 Chri-

1969 5013 2278 5069 stianorum
2335 5011 2817 5068 circumcisionem
2855 5013 3104 5082 recepit,
3154 5011 3280 5066 licet
3337 5009 3563 5079 plurimi

1965 5102 2141 5158 Judaei
2175 5112 2230 5158 et
2255 5101 2431 5158 Graeci
2483 5113 2537 5156 et
2580 5101 2881 5158 Christiani
2928 5103 3127 5158 iisdem
3175 5102 3459 5157 mensibus
3509 5109 3566 5157 et

1970 5194 2412 5251 hebdomadibus
2441 5202 2498 5250 et
2530 5193 2728 5250 diebus
2761 5203 2815 5250 et
2865 5195 3018 5252 boris
3067 5196 3184 5250 nati
3231 5196 3366 5250 sint.
3418 5195 3564 5250 Nihil

1969 5301 2101 5356 ergo
2132 5285 2277 5341 Mars
2305 5284 2436 5340 facit
2471 5295 2564 5341 aut
2590 5285 2920 5353 Mercurius,
2953 5295 3048 5342 aut
3083 5287 3292 5350 Venus,
3341 5297 3436 5340 aut
3477 5302 3564 5342 re-

1975 5378 2010 5430 li
2033 5392 2122 5442 gua
2153 5377 2469 5431 Graacorum
2497 5376 2707 5444 fabula,
2738 5395 2847 5434 uno
2891 5379 3106 5434 circulo
3156 5379 3559 5448 romplectente

1972 5469 2208 5524 omnia:
2252 5469 2548 5539 nullusque
2600 5471 2670 5524 ab
2725 5470 2898 5525 astris
2959 5471 3013 5525 vi
3069 5470 3305 5541 cogitur.
3365 5468 3564 5522 Annon

1974 5645 2086 5699 rias
2143 5644 2362 5717 tributte
2392 5662 2404 5699 :
2435 5660 2678 5717 quarum
2705 5645 3007 5717 principes,
3080 5645 3300 5717 Decani,
3348 5659 3412 5717 es
3447 5642 3562 5717 Bo-

1974 5715 2378 5837 manavnilitia:
2412 5731 2514 5770 usu
2538 5716 2804 5770 nominati
2835 5736 2847 5771 :
2881 5715 3072 5772 otnnes
3089 5715 3316 5785 proinde
3336 5715 3560 5785 triginta

1974 5800 2087 5839 sex.
2177 5799 2317 5838 IGIR.
