4000 6398
229 387 339 442 Μ’]

234 510 493 578 τορικαῖς
533 507 726 578 ἑρμαῖς
775 513 1121 583 κεχρημέναο
1177 515 1310 585 ὅπερ
1361 515 1555 584 μανίας
1605 517 1838 588 ὑπάρχει

242 601 338 651 καὶ
392 598 579 661 ἀνοίας
636 601 890 671 ἐσχάτης,
945 604 1036 656 τὸν
1091 607 1431 677 Δημιουργὸν
1481 607 1838 678 βλασφημεῖν,

242 691 339 743 καὶ
372 690 482 742 τῶν
512 690 734 760 ἀψύχων
763 694 1214 764 καταψεύδεσθαι.

321 780 447 844 Πῶς
483 780 537 834 δὲ
572 783 621 833 οἱ
670 783 811 854 κριῷ
858 787 955 855 τὴν
1007 787 1219 854 γένεσιν
1264 788 1509 858 ἔχοντες,
1545 789 1690 842 οῦλοὶ
1747 787 1842 842 καὶ

246 873 506 942 χαροποὶ,
547 872 640 925 καὶ
674 880 1062 946 προαιρετικοὶ,
1099 880 1194 932 καὶ
1220 881 1558 950 ποριστικοί;
1594 881 1841 951 Ὁρῶμεν

251 963 482 1026 πολλοὺς
513 965 700 1029 οὖλοὺς
732 967 831 1036 μὲν
860 967 958 1040 τὴν
996 971 1178 1041 τρίχα,
1225 972 1458 1040 τυφλοὺς
1501 973 1558 1026 δὲ
1605 974 1698 1026 καὶ
1742 973 1843 1026 οὐκ

247 1054 549 1124 εὐπόρους,
601 1058 722 1110 οὐδέ
776 1063 1223 1130 προαιρετικοὺς,
1273 1063 1387 1116 ἀλλ’
1452 1065 1694 1135 ἰταμοὺς,
1749 1065 1842 1116 καὶ

245 1145 573 1217 δυσπόρους,
599 1148 692 1201 καὶ
713 1151 1028 1220 ρυπήμονας
1047 1153 1180 1222 (64),
1199 1154 1295 1206 καὶ
1319 1154 1654 1224 ρακοφόρους
1681 1153 1845 1227 ἀγύρο

245 1254 366 1300 τας.
403 1238 578 1307 θύραν
607 1240 670 1290 ἐκ
703 1239 873 1312 θύρας
906 1243 1250 1312 άμείόοντας,
1283 1245 1384 1313 τῆς
1416 1245 1693 1316 ἐφημέρου
1725 1263 1844 1316 τρο-

251 1329 359 1401 φῆς
383 1331 594 1386 ἕνεκεν.
632 1332 758 1396 Πῶς
785 1333 841 1385 δὲ
867 1335 914 1386 οἱ
945 1334 1214 1406 φαλακροὶ
1244 1335 1276 1405 ἤ
1313 1336 1406 1389 καὶ
1453 1335 1771 1405 ἀπλὸκομοι,
1807 1335 1839 1406 ἢ

248 1421 577 1491 ἀμϐλυωτιώ⁵
616 1424 875 1478 τάναντία
924 1425 1124 1495 ἔχουσι,
1169 1425 1398 1478 πλοῦτον
1443 1427 1537 1480 καὶ
1583 1426 1842 1493 ἀφθονίαν

249 1512 348 1566 καὶ
373 1514 629 1585 ἠρεμίαν,
665 1516 906 1579 σπανίως
934 1520 1044 1581 τοῖς
1080 1518 1253 1586 φίλοις
1297 1519 1556 1588 ὁμαίμοις
1598 1537 1846 1588 συναγει-

250 1605 510 1675 ρόμενοι;
543 1607 782 1670 Ποσάκις
833 1609 890 1660 δὲ
927 1610 1026 1680 τῆς
1069 1612 1298 1681 ἡμέρας,
1339 1611 1370 1680 ἦ
1412 1610 1508 1681 τῆς
1541 1611 1755 1674 νυκτὸς,
1794 1611 1844 1664 οἱ

247 1693 362 1746 τῶν
399 1695 691 1768 βασιλικῶν
717 1698 981 1765 γενέσεωι
1025 1699 1408 1752 ἀποτελοῦνται
1443 1698 1838 1770 σχηματισμοίι

250 1785 342 1840 δά
364 1786 415 1839 τί
447 1786 520 1858 μὴ
548 1789 630 1856 ἐφ’
661 1788 896 1858 ἑκάστης
921 1791 1211 1857 γεννῶνται
1243 1790 1509 1860 βασιλεῖς;
1537 1791 1570 1860 ἢ
1601 1792 1716 1855 πῶς
1737 1791 1844 1844 πά-

249 1875 337 1929 λιν
381 1879 644 1948 πατρικαὶ
693 1881 876 1944 αὐτοῖς
917 1882 1249 1953 ὑπάρχουσιν
1303 1884 1360 1936 αί
1417 1883 1517 1953 τῆς
1568 1882 1842 1952 βασιλείας

249 1967 528 2040 διαδοχαί;
565 1971 638 2023 Οὐ
663 1971 833 2042 δήπου
880 1973 989 2044 γάρ
1029 1975 1260 2040 ἕκαστος
1303 1975 1412 2029 τῶν
1445 1975 1710 2046 βασιλέων
1741 1992 1848 2027 πα-

259 2063 701 2133 ρατετηρημένος
735 2067 815 2129 εἰς
845 2065 906 2118 τὸ
939 2066 1217 2136 βασιλικὸν
1259 2067 1366 2121 τῶν
1414 2069 1630 2139 ἄστρων
1661 2066 1849 2137 σχῆμα

251 2152 343 2204 διὶι
381 2155 480 2224 τῆς
516 2156 652 2226 προς
680 2155 777 2228 τὴν
819 2159 1046 2229 σύμϐιον
1085 2159 1368 2223 κοινωνίας
1408 2159 1499 2212 τοῦ
1542 2159 1848 2230 ἐναρμόσαι

251 2239 366 2306 οἷός
401 2260 486 2298 τέ’
519 2246 643 2301 οῦτε
678 2250 785 2320 γάρ
828 2268 912 2313 τις
949 2250 1138 2320 κύριος
1176 2250 1269 2303 τοῦ
1307 2250 1572 2304 τοιούτου.
1604 2250 1726 2313 Πῶς
1753 2245 1849 2303 οῦν

269 2333 455 2399 Ὀζίας
494 2339 522 2390 ὁ
571 2335 822 2406 βασιλεὺς
873 2339 1128 2408 ἐγέννησε
1176 2342 1267 2393 τὸν
1325 2338 1562 2410 Ἰωαθάμ
1605 2338 1846 2409 βασιλέα,

268 2423 512 2496 Ἰωαθάμ
538 2427 594 2480 δὲ
623 2428 712 2480 τὸν
749 2427 935 2498 Ἀχάζ,
977 2429 1144 2499 Ἀχάζ
1170 2430 1222 2483 δὲ
1259 2429 1350 2483 τὸν
1386 2431 1657 2494 Ἐζεκίαν,
1697 2423 1850 2493 οὗτος

248 2515 307 2570 δὲ
336 2519 432 2571 τον
463 2520 783 2588 Μανασσῆν.
813 2513 966 2584 οὗτος
997 2521 1053 2573 δὲ
1085 2522 1178 2574 τὸν
1223 2521 1465 2592 Ἀμμὼς,
1493 2514 1648 2586 οὗτος
1671 2523 1729 2575 δὲ
1759 2523 1849 2574 τὸν

261 2609 501 2675 Ἰωσίαν,
552 2603 706 2673 οὗτος
761 2613 817 2666 δὲ
873 2613 964 2665 τὸν
1009 2613 1255 2683 Ἰωαχάζ,
1308 2614 1539 2676 ἕκαστος
1599 2613 1850 2684 βασιλεὺς

252 2697 514 2771 βασιλέα;
569 2701 662 2753 καὶ
711 2702 884 2765 οὐδεὶς
929 2705 986 2755 ἐν
1051 2704 1234 2766 αὐτοῖς
1269 2704 1513 2773 οἰκετικῇ
1567 2703 1851 2773 συνέτυχεν

249 2791 376 2864 ὥρᾳ
406 2793 730 2862 γεννήσεως.
768 2795 1001 2848 Ἔπειτα
1028 2797 1076 2847 εί
1108 2796 1202 2848 καὶ
1230 2795 1337 2845 τῶν
1363 2793 1502 2847 κατά
1529 2795 1727 2847 κακίαν
1756 2797 1851 2847 καὶ

247 2884 463 2956 ἀρετὴν
495 2885 886 2955 ἐνεργημάτων
924 2887 1026 2940 οὐκ
1053 2887 1119 2938 ἐκ
1149 2886 1257 2938 τῶν
1290 2887 1373 2954 ἐφ’
1404 2888 1538 2958 ἡμῖν
1571 2886 1851 2958 ὑπάρχου-

253 2992 339 3029 σιν
381 2977 438 3028 ai
474 2977 658 3046 ἀρχαὶ,
709 2976 822 3029 ἀλλ’
863 2979 928 3030 ἐκ
979 2979 1078 3048 τῆς
1129 2980 1434 3048 γεννήσεως
1487 2979 1542 3032 αἱ
1593 2979 1847 3046 ἀνάγκαι,

252 3067 502 3140 περιττοὶ
532 3068 630 3137 μὲν
654 3068 703 3120 οἱ
733 3068 1016 3138 νομοθέται
1049 3070 1115 3123 τά
1143 3068 1332 3139 αἱρετὰ
1359 3069 1452 3120 καλ⁸
1485 3069 1690 3136 φευκτά
1719 3071 1852 3139 ἡμῖν

254 3158 555 3230 ὁρίζοντες,
592 3159 837 3227 περιττοὶ
892 3159 949 3209 δὲ
1004 3160 1053 3210 οἱ
1103 3158 1353 3211 δικασταὶ
1399 3158 1600 3229 ἀρετὴν
1632 3176 1849 3228 μετατι-

260 3249 476 3319 μῶντες
491 3249 646 3319 (64⁸),
667 3249 865 3302 κακίαν
877 3249 932 3302 δὲ
955 3248 1290 3313 κολάζοντες.
1306 3249 1380 3303 Οὐ
1397 3248 1502 3322 γάρ
1516 3249 1607 3302 τοῦ
1621 3250 1852 3303 κλέπτου

256 3340 292 3412 ἢ
327 3339 424 3395 τοῦ
455 3340 658 3409 φονέως
705 3339 766 3393 τὸ
812 3339 1079 3410 ἀδίκημα,
1127 3334 1208 3400 οἷς
1244 3355 1308 3407 γε
1351 3339 1474 3392 οὐδὲ
1513 3338 1855 3408 βουλομένοις

256 3434 486 3505 κρατεῖν
510 3433 610 3504 τῆς
642 3431 822 3503 χειρὸς
863 3425 973 3484 οἷόν
1019 3449 1100 3497 τε,
1125 3431 1214 3484 διὰ
1238 3430 1334 3502 τὴν
1362 3431 1455 3484 ἐπὶ
1492 3431 1591 3494 τὰς
1628 3430 1855 3502 πράξεις

256 3525 692 3593 κατεπείγουσαν
734 3524 929 3586 αὐτοὺς
969 3523 1352 3596 ἀστρονομίαν,
1384 3523 1478 3577 καὶ
1511 3523 1612 3595 τὴν
1652 3525 1717 3576 ἐκ
1752 3524 1852 3595 τῆς

259 3617 603 3690 εἱμαρμένης
635 3616 878 3685 ἀνάγκην
912 3615 1279 3685 ἐπικειμένην.

1597 393 1945 450 Ul.\l.OGUS
2001 395 2066 448 ll.

3415 384 3523 442 990

1947 515 2232 588 potestatis
2263 513 2503 570 motibus
2536 509 2740 566 utentia
2776 529 2788 564 :
2821 508 2874 562 id
2907 505 3052 576 quod
3082 513 3338 561 extrema:
3367 503 3523 560 insao

1944 611 2046 663 uiae
2091 619 2251 678 atque
2293 605 2581 684 dementiae
2625 603 2808 664 fuerit,
2856 615 2979 654 cum
3025 598 3358 668 blasphemia
3391 611 3523 651 con—

1938 701 2189 769 junctum
2225 696 2456 768 opiﬁcis,
2481 703 2535 750 et
2559 709 2683 749 cum
2720 690 3004 746 mendacio
3027 689 3096 744 de
3123 688 3456 742 inanimatis.

2013 787 2299 856 Quomodo
2327 795 2531 848 autem,
2572 784 2664 854 qui
2697 782 2764 837 ad
2802 782 3038 835 Arietem
3082 792 3240 833 suam
3263 776 3526 831 nativita-

1944 889 2051 935 tem
2084 879 2354 940 referunt,
2386 876 2553 944 crispi
2579 883 2634 928 et
2667 871 2918 942 gratiosi,
2949 878 3004 926 et
3038 869 3226 924 liberm
3272 867 3529 922 volunta-

1947 973 2038 1032 tis;
2071 979 2124 1024 et
2154 968 2352 1022 divites
2376 964 2549 1021 sunt?
2579 962 2843 1016 Videmus
2873 961 3076 1014 multos
3095 958 3319 1027 quidem
3353 956 3527 1010 crini-

1945 1063 2048 1116 bus
2081 1059 2303 1130 crispis,
2341 1057 2434 1126 qui
2467 1064 2649 1109 tamen
2689 1053 2818 1106 czeci
2849 1060 2979 1105 sunt
3009 1060 3064 1104 et
3116 1047 3342 1101 minime
3393 1046 3528 1100 divi-

1945 1161 2050 1215 tes,
2085 1165 2264 1221 neque
2300 1149 2470 1202 libera
2502 1144 2714 1216 prtediti
2771 1139 3077 1196 voluntatis
3099 1138 3387 1200 electione,
3428 1137 3526 1190 sed

1946 1243 2202 1313 improbi,
2233 1240 2299 1294 ad
2336 1244 2604 1308 quzestum
2637 1233 2944 1287 faciendum
2975 1230 3168 1300 inepti.
3207 1239 3259 1283 et
3292 1227 3523 1287 sordidi.

1945 1343 1998 1389 et
2036 1330 2292 1404 pannosi,
2321 1322 2846 1384 cteircuml‘oranei,
2885 1321 2978 1390 qui
3007 1320 3236 1390 januam
3281 1332 3408 1372 cum
3449 1317 3531 1387 ja-

1946 1441 2056 1481 nua
2089 1431 2301 1478 mutant
2332 1416 2637 1490 quotidiani
2685 1416 2864 1468 victus
2924 1409 3263 1481 adipiscendi
3328 1409 3526 1478 gratia.

1946 1516 2237 1584 Quomodo
2263 1523 2444 1567 autem
2477 1509 2570 1577 qui
2626 1505 2765 1560 calvi
2823 1510 2974 1569 sunt,
3030 1501 3112 1555 vel
3162 1499 3329 1554 etiam
3375 1498 3530 1552 crine

1947 1608 2183 1678 simplici
2214 1611 2312 1658 aut
2343 1601 2536 1655 hebete
2563 1597 2707 1660 visu,
2739 1596 3017 1649 diversum
3043 1592 3268 1654 habent,
3298 1588 3526 1643 divitias

1945 1701 2207 1757 nin'tirum
2233 1704 2286 1751 et
2322 1690 2712 1748 almmlautiam
2737 1696 2901 1758 atque
2928 1685 3196 1754 quietem,
3231 1698 3361 1736 raro
3393 1697 3520 1735 cum

1950 1793 2144 1848 amicis
2166 1785 2592 1858 consanguineis
2608 1777 3064 1851 congredientes?
3083 1775 3312 1843 Quoties
3335 1783 3520 1827 atttem

1950 1885 2040 1939 die
2076 1884 2158 1938 vel
2224 1890 2386 1935 nocte
2439 1877 2714 1948 regiarum
2758 1871 3106 1925 nativitatum
3170 1867 3533 1938 perﬁciuntur

1951 1974 2328 2044 ﬁgurationes,
2351 1985 2523 2038 quare
2556 1983 2662 2020 non
2680 1963 2923 2034 qualibet
2955 1960 3074 2013 vice
3103 1974 3260 2028 reges
3287 1971 3534 2011 nascun-

1951 2067 2072 2120 tur?
2101 2064 2210 2117 Aut
2243 2060 2522 2132 quomodo
2567 2056 2758 2128 patria:
2811 2053 2947 2123 ipsis
2990 2048 3341 2104 intercedunt
3379 2046 3532 2117 regni

1950 2151 2381 2212 successiones?
2404 2148 2672 2202 Nimirum
2702 2160 2809 2198 non
2841 2142 3021 2211 quivis
3059 2156 3153 2194 rex
3199 2140 3403 2208 regiam
3443 2151 3535 2188 as-

1951 2257 2162 2301 trorum
2236 2240 2614 2314 ﬁgurationem
2674 2253 2771 2308 per
2815 2237 3022 2289 coitum
3077 2246 3202 2287 cum
3271 2236 3535 2284 consorte

1952 2339 2081 2400 tori,
2135 2336 2245 2390 tilio
2312 2331 2693 2404 applicandam
2754 2329 3053 2383 observare
3100 2322 3297 2393 potuit.
3346 2319 3535 2387 Neque

1950 2430 2094 2484 enim
2136 2427 2425 2497 quisquam
2458 2438 2576 2477 eam
2615 2436 2730 2474 rem
2757 2419 2922 2471 habet
2960 2417 3016 2469 in
3082 2419 3351 2484 potestate
3411 2425 3532 2463 sua.

1951 2517 2239 2586 Quomodo
2275 2518 2445 2586 igitur
2474 2512 2636 2569 Ozias
2668 2528 2760 2565 rex
2813 2509 3004 2580 genuit
3048 2506 3403 2559 .loathamum
3449 2515 3534 2553 rc-

1949 2629 2094 2683 gcm,
2130 2610 2459 2665 Joathamus
2498 2620 2629 2660 vero
2681 2603 2988 2663 Achazum,
3038 2598 3293 2652 Achazus
3351 2600 3536 2645 autem

1955 2703 2287 2758 Ezechiam?
2316 2700 2416 2753 llic
2464 2713 2593 2752 vero
2642 2694 2975 2753 Mauassem,
3037 2698 3092 2744 et
3155 2691 3202 2742 is
3250 2688 3534 2742 Amosnm.

1954 2797 2042 2849 ille
2079 2809 2206 2848 vero
2235 2791 2466 2848 Josiam.
2503 2789 2592 2841 hic
2629 2795 2812 2840 autem
2853 2782 3208 2840 Joaehasum,
3245 2775 3542 2845 unusquis-

1952 2903 2059 2956 que
2092 2899 2185 2939 rex
2229 2883 2453 2953 regem?
2480 2893 2537 2935 et
2571 2879 2794 2950 quidem
2845 2876 3030 2930 nullus
3091 2887 3282 2927 eorum
3318 2871 3372 2922 in
3422 2883 3541 2922 ser-

1953 2979 2113 3032 vilem
2152 2974 2460 3030 nativitatis
2495 2974 2685 3026 horam
2719 2969 2933 3024 incidit.
2993 2965 3199 3021 Deinde
3225 2965 3271 3019 si
3308 2962 3538 3016 vitiosa-

1955 3084 2073 3122 rum
2105 3074 2159 3120 et
2195 3066 2380 3119 virtuti
2405 3071 2903 3116 consentanearum
2965 3058 3242 3110 actionum
3303 3067 3409 3104 non
3471 3065 3538 3104 ex

1957 3159 2117 3212 nobis
2180 3156 2446 3225 principia
2509 3154 2768 3223 pendent,
2836 3151 2930 3204 sed
2985 3165 3049 3203 ex
3114 3141 3542 3200 necessitatibus

1957 3249 2266 3303 nativitatis
2305 3265 2318 3301 :
2353 3245 2620 3315 superﬂui
2659 3252 2790 3298 sunt
2828 3244 3005 3311 legum
3049 3239 3254 3292 latores
3285 3233 3377 3302 qui
3414 3246 3539 3287 sec-

1957 3342 2120 3394 tamla
2147 3339 2516 3409 fugiendaque
2547 3336 2706 3390 nobis
2735 3335 3029 3395 deﬁniunt,
3075 3326 3338 3398 supcrﬂui
3393 3322 3546 3392 judi-

1955 3448 2068 3492 ces.
2095 3432 2188 3501 qui
2216 3432 2474 3485 virtutem
2508 3429 2728 3499 quidem
2785 3428 3085 3490 honorant,
3130 3419 3541 3490 improbitatem

1955 3541 2088 3579 vero
2118 3524 2372 3594 puniunt.
2408 3520 2592 3591 Neque
2621 3521 2767 3574 enim
2811 3519 2952 3572 furis
2987 3525 3080 3570 aut
3137 3511 3428 3568 homicida:
3479 3522 3544 3561 ea

1958 3614 2164 3684 injuria
2209 3625 2316 3679 est,
2349 3613 2441 3683 qui
2475 3612 2785 3681 nequidem,
2813 3611 2857 3664 si
2893 3609 3081 3668 velint,
3123 3618 3347 3658 manum
3387 3599 3546 3652 cohi—

263 3707 397 3763 bere
432 3714 683 3777 possunt,
717 3714 940 3775 propter
971 3715 1256 3775 urgentem
1294 3705 1444 3774 ipsos
1487 3704 1554 3757 ad
1605 3719 1668 3758 ea
1708 3705 1883 3769 facta,
1923 3715 2197 3761 astrorum
2247 3706 2455 3777 legem,
2491 3711 2544 3758 et
2580 3714 2800 3774 prepter
2842 3699 3151 3769 impositam
3197 3694 3301 3749 sibi
3336 3706 3402 3744 ex
3436 3691 3548 3741 fato

263 3798 670 3854 necessitatem.

340 3910 610 3980 Διελέγξω
649 3909 692 3961 δ’
726 3907 924 3971 αὐτοὺς
966 3908 1060 3959 καὶ
1108 3908 1172 3960 ἐκ
1216 3907 1314 3976 τῆς
1361 3905 1468 3959 τῶν
1514 3905 1856 3976 πραγμάτων

272 3999 504 4054 καθόλου
543 3996 861 4069 μεταϐολῆς.
912 3997 1021 4065 Πρὸ
1074 3995 1183 4064 γὰρ
1229 3997 1327 4065 τῆς
1371 3993 1690 4064 θεανδρικῆς
1736 3996 1858 4044 ἐπι-

273 4093 604 4162 φοιτήσεως,
636 4089 856 4142 πάντων
887 4087 1058 4139 ἐθνῶν
1084 4085 1585 4156 εἰδωλομανούντων
1604 4125 1618 4147 ,
1647 4085 1740 4137 καὶ
1771 4083 1860 4136 διὰ

274 4182 455 4252 πάσης
499 4179 806 4251 χορούντων
867 4178 1147 4242 ἀσεϐείας,
1215 4178 1354 4249 μετά
1402 4178 1503 4247 τὴν
1544 4177 1726 4246 ἄφιξιν
1771 4175 1865 4231 τοῦ

275 4271 557 4343 θεάνδρου,
593 4271 681 4324 διὰ
725 4269 820 4322 τοῦ
853 4269 1209 4338 εὐαγγελικοῦ
1244 4267 1604 4340 κηρύγματος
1654 4271 1688 4340 ἡ
1733 4268 1868 4339 πρὸς

275 4364 587 4418 θεοσέϐειαν
642 4364 834 4432 γέγονε
903 4362 1217 4434 μεθίδρυσις
1281 4377 1294 4390 ’
1343 4362 1441 4432 τῆς
1505 4359 1712 4430 πλάνης
1771 4359 1868 4430 μὲν

275 4457 521 4511 ἐκποδὼν
572 4455 875 4527 γενομένης
906 4496 922 4515 .
991 4455 1193 4525 ἀρετῆς
1256 4454 1313 4507 δὲ
1376 4453 1715 4523 τιμωμένης,
1771 4451 1870 4520 τῆς

251 4550 446 4620 χαύτῆς
476 4549 584 4602 τῶν
617 4549 834 4620 ἄστρων
867 4547 1134 4618 μενούσης
1160 4545 1336 4615 ὄψεώς
1363 4563 1423 4597 τε
1455 4545 1551 4597 καὶ
1585 4544 1861 4606 στάσεως,

276 4639 338 4706 ἐξ
385 4643 654 4713 Ἑλλήνων
697 4659 756 4694 τε
800 4641 896 4694 καὶ
931 4639 1198 4692 Ἰουδαίων
1242 4638 1336 4690 καλ⁸
1382 4635 1550 4690 ἐθνῶν
1595 4635 1865 4687 πλείστων

279 4730 745 4799 ἐπιστραφέντων,
781 4732 876 4783 καὶ
908 4729 1130 4799 Χριστῷ
1163 4727 1525 4798 συνθεμένων.
1554 4725 1664 4776 Ποῦ
1695 4720 1789 4777 οῦν
1818 4723 1869 4776 οἱ

283 4820 500 4890 πρῶτον
545 4819 1054 4886 καταναγκάζοντες
1099 4819 1296 4880 αὐτοὺς
1328 4817 1558 4884 ἀστέρες
1582 4853 1596 4876 ,
1631 4813 1870 4877 εἰδώλοις

285 4912 620 4966 ποτνιεῖσθαι
665 4910 810 4982 (65);
857 4910 961 4963 ποῦ
1005 4910 1059 4962 δὲ
1103 4909 1385 4962 λανθάνειν
1435 4908 1652 4960 ἐδόκουν
1688 4906 1737 4958 οἱ
1775 4905 1871 4958 νῦν

286 5006 423 5078 πρὸς
468 5003 779 5057 θεοσέϐειαν
822 5001 1017 5063 αὐτοὺς
1067 4999 1475 5070 ἐπισπώμενοις
1519 5000 1579 5051 Εἰ
1627 4998 1682 5051 δὲ
1735 5000 1872 5069 μήτε

285 5099 600 5170 ἀφαίρεσις,
623 5097 761 5167 μήτε
776 5093 1062 5166 προσθήκη
1083 5095 1146 5162 τῇ
1170 5091 1344 5162 χωρία
1376 5091 1488 5161 (66)
1518 5091 1627 5142 τῶν
1656 5091 1874 5161 ἄστρων

287 5189 527 5256 γέγονεν,
547 5188 771 5248 ἄκοντες
786 5183 1218 5256 ὁμολογήσωσιν,
1243 5183 1344 5234 οὐκ
1359 5180 1422 5233 ἐκ
1439 5197 1584 5243 τινος
1601 5179 1873 5250 εἱμαρμέ-

289 5297 383 5348 νης
410 5278 442 5350 ἢ
477 5280 738 5348 ἀνάγκης,
776 5275 1023 5348 ἀρετὴνῆ
1049 5273 1249 5328 κακίαν
1302 5271 1717 5344 ὲμδιοτεύεσθαι
1743 5271 1778 5340 ἥ
1796 5271 1877 5324 αἱ·

304 5369 654 5442 ρεῖσθαι,ἀλλ’
675 5371 741 5422 ἐκ
754 5369 853 5440 τῆς
868 5368 1100 5420 ἑκάστου
1121 5364 1470 5431 αὑτεξουσίου
1502 5363 1874 5436 προαιρέσεως

297 5463 391 5518 ἐπὶ
431 5463 720 5533 αἱρεθέντα
769 5460 1090 5531 χωροῦντος.
1131 5460 1313 5526 Ὅπερ
1359 5456 1546 5525 σαφῶς
1590 5458 1619 5509 ὁ
1673 5455 1878 5526 ὑψηλὸς

289 5555 576 5629 παριστῶν
620 5552 848 5615 Ἡσαΐας
882 5550 1180 5621 διαρρήδην
1213 5549 1310 5621 βοᾷ
1351 5550 1416 5602 ἐκ
1456 5545 1750 5621 προσώπου
1782 5543 1877 5598 τοῦ

363 5733 476 5802 (6M
510 5731 908 5800 ἰἰνπὴμονας.
940 5728 1244 5802 Cotelttritts
1299 5727 1574 5802 Monum,“
1601 5725 1752 5802 Eccl,
1787 5723 1876 5802 Gr.

287 5798 532 5866 tom..lll,
571 5798 842 5871 pag—660,
867 5800 1119 5871 rt‘scrihit
1152 5799 1502 5871 ρυπείμονας.
1523 5799 1614 5849 Sic
1657 5806 1709 5848 tt
1742 5798 1882 5850 intra

298 5868 756 5944 Interrogfcu'm
787 5886 885 5941 pro
921 5868 1238 5941 ρυπώμοσιν
1273 5868 1400 5937 legit
1436 5868 1779 5937 ρυπείμοσιν.

2037 3903 2308 3958 Refutabo
2337 3909 2516 3959 autem
2549 3901 2699 3970 ipsos
2733 3895 2896 3952 etiam
2933 3909 2997 3947 ex
3029 3887 3422 3943 universalium
3456 3897 3546 3937 re-

1965 4012 2087 4049 rum
2115 3994 2434 4049 uuttatione.
2454 3988 2587 4043 Nam
2609 4003 2732 4043 cum
2748 3993 2874 4038 ante
2888 3982 3185 4036 adventum
3203 3975 3373 4034 divini
3400 3975 3550 4029 illius

1970 4087 2208 4140 hominis
2246 4098 2438 4139 omnes
2480 4088 2668 4150 gentes
2710 4077 2879 4131 cultui
2925 4084 3198 4129 astrorum
3230 4069 3426 4123 deditre
3460 4080 3550 4118 es-

1966 4185 2086 4233 sent
2120 4185 2171 4230 et
2217 4177 2271 4230 in
2308 4173 2456 4227 omni
2490 4170 2799 4224 incederent
2862 4166 3160 4235 impietate,
3203 4169 3323 4231 post
3363 4172 3552 4211 acces-

1966 4283 2087 4323 sum
2131 4265 2299 4319 divini
2338 4261 2597 4321 hominis,
2650 4274 2747 4328 per
2793 4255 3164 4326 evangciiratn
3215 4248 3549 4320 puedieatio-

1969 4375 2115 4418 netu.
2164 4358 2229 4411 ad
2265 4356 2517 4426 pietatem
2556 4352 2696 4406 facta
2739 4349 2990 4404 transitio
3021 4354 3128 4406 est,
3171 4343 3396 4398 amolito
3429 4339 3552 4410 qui-

1968 4452 2087 4505 dem
2116 4463 2322 4509 errorc,
2357 4447 2560 4498 virtute
2592 4451 2773 4496 autem
2821 4442 2873 4493 in
2913 4439 3086 4509 pretio
3118 4437 3325 4496 habita,
3357 4433 3548 4487 eodem

1971 4552 2246 4596 astrorum
2277 4545 2530 4590 manente
2559 4551 2681 4587 cum
2716 4539 2940 4602 aSpcrtu
2975 4537 3087 4580 tum
3117 4517 3506 4580 constitutione
3536 4538 3550 4574 :

1973 4647 2036 4686 ex
2082 4628 2322 4689 Cra-cis,
2374 4634 2430 4680 et
2471 4624 2705 4688 Ind-teis,
2750 4631 2802 4676 et
2853 4619 3105 4690 gentibus
3139 4614 3556 4687 quamplurimis

1969 4721 2287 4780 conversis,
2329 4727 2382 4772 et
2421 4716 2642 4771 Christo
2677 4711 2973 4779 adjunctis.
3011 4707 3112 4762 Uhi
3150 4709 3313 4777 igitur
3349 4706 3558 4774 priores

1972 4814 2163 4872 stelim,
2196 4826 2316 4879 qua:
2343 4809 2610 4877 cogebant
2633 4815 2759 4858 ante
2793 4803 2930 4856 idola
2957 4801 3274 4868 suppliciter
3305 4811 3557 4864 procant-

1974 4904 2138 4960 bere?
2171 4903 2268 4956 Ubi
2316 4902 2529 4953 latitare
2562 4897 2907 4958 \idel:antur,
2939 4908 3058 4962 quae
3093 4906 3235 4943 ntmc
3277 4888 3343 4941 ad
3391 4889 3553 4955 pieta-

1974 5005 2080 5049 tem
2110 4995 2259 5064 ipsos
2286 4992 2641 5062 pertrahunt?
2663 4988 2717 5040 Si
2741 5003 2871 5040 vero
2901 5001 3072 5052 neque
3093 4981 3365 5049 ademptio
3384 4993 3560 5045 neque

1976 5085 2183 5138 additio
2224 5081 2432 5152 regioni
2481 5093 2754 5142 aSIrorum
2799 5077 3058 5145 contigit,
3105 5073 3187 5124 Vt'l
3239 5071 3391 5123 inviti
3427 5068 3558 5122 fate-

1978 5177 2200 5235 buntttr,
2238 5189 2344 5226 non
2375 5186 2440 5225 ex
2467 5171 2652 5238 aliquo
2687 5169 2797 5219 l‘ato
2831 5166 2914 5219 vel
2946 5163 3272 5217 necessitate
3306 5162 3559 5212 \irtutem

1978 5267 2450 5336 improbitatemVe
2485 5261 2794 5315 viventibus
2838 5256 3001 5311 inseri
3050 5264 3143 5308 aut
3184 5251 3424 5316 decerni,
3462 5250 3560 5303 sed

1981 5377 2046 5416 ex
2079 5356 2512 5426 uniuscujusque
2545 5352 2711 5406 libera
2746 5349 3030 5420 potestatis
3070 5347 3336 5400 electione
3365 5358 3562 5395 unum-

1983 5468 2256 5524 quemque
2286 5468 2344 5506 se
2390 5449 2456 5502 ad
2500 5462 2561 5500 ea
2605 5459 2725 5515 qua!
2757 5442 2937 5512 elegit.
2984 5441 3252 5493 conlerre.
3305 5434 3358 5487 Id
3412 5431 3560 5502 quod

1988 5546 2277 5598 manifeste
2300 5542 2534 5596 exituius
2564 5537 2858 5593 Ostendens
2890 5534 3082 5596 Isaias,
3116 5531 3416 5586 luculenter
3447 5525 3561 5580 cla-

2062 5720 2196 5788 (tii‘)
2238 5717 2698 5788 disrari/(Ju-rsc.
2734 5711 2873 5778 Lege
2905 5711 3005 5788 μὲν
3030 5707 3314 5777 τιμῶντες.
3340 5703 3498 5758 Eutr.

2063 5779 2599 5853 ίϐἲί)’11οτιι·ιεῖᾶθαι.
2635 5786 2790 5853 Forte
2815 5781 3154 5853 ποτνιᾶσθαι.
3193 5779 3265 5830 lo.

2069 5850 2178 5930 (bii)
2213 5861 2418 5928 Χωριίι.
2453 5856 2612 5910 Forte
2643 5852 2850 5925 χορεία.
2896 5850 2968 5908 ID.
