4000 6402
214 408 336 467 993

213 523 478 587 καὶτοὺς
510 520 571 589 ἐξ
601 519 811 575 ὒκείνου
860 518 1051 581 παῖδας
1096 514 1406 583 ὲξεθείασαν
1434 512 1483 565 οἱ
1522 510 1672 565 ἀθεοι
1717 510 1813 563 καὶ

220 615 637 689 ματαιόφρονες
661 628 675 643 ⁸
721 613 781 665 ὲν
828 611 927 681 μὲν
967 613 1035 680 τῇ
1088 606 1451 680 Ἐρμουπόλει
1494 604 1585 657 τὸν
1630 601 1724 656 ἐπὶ
1761 600 1823 654 τὸ

218 708 418 780 χεῖρον
461 704 864 775 ἀνερμήνευτον
905 701 1114 773 Ἑρμῆν
1149 701 1228 763 εἰς
1273 698 1423 752 κόνιν
1465 693 1820 749 διαλυθέντα·

226 800 302 851 ὲν
329 796 541 867 Κύπρῳ
588 795 695 866 τὴν
722 792 943 864 Κύπριν
987 791 1176 862 κόπρῳ
1227 792 1285 843 ὲν
1326 788 1484 859 τάφῳ
1529 785 1822 856 κειμένηνο

124 942 133 947 ,
221 891 296 942 ὲν
332 888 391 942 δὲ
429 887 643 960 Θρᾴκῃ,
673 887 870 957 Ἀρην,
900 884 992 939 τὸν
1020 885 1118 954 τῆς
1146 885 1288 955 ἀρᾶς
1320 881 1636 952 ἐπώνυμον*
1672 877 1731 945 ἐξ
1761 874 1826 949 ἧς

223 985 394 1053 ἡμῖν,
421 983 488 1036 ὲκ
510 980 603 1035 τοῦ
632 980 853 1034 δυσαίου
880 978 993 1050 (Ἠ)
1038 977 1233 1040 Ἡσαῦ,
1271 977 1547 1038 Διονύσιος
1577 975 1606 1027 ό
1645 972 1830 1043 Ἀρεοο
1864 996 1869 1001 ~

223 1072 481 1144 παγίτης
519 1072 785 1135 ἀνέτειλε,
825 1071 935 1124 τῶν
974 1070 1135 1124 θείων
1186 1069 1500 1123 ἀποστόλων
1541 1066 1830 1136 γενόμενος

227 1168 525 1237 φοιτητής.
558 1164 703 1236 Πρὸς
730 1164 788 1217 δὲ
810 1166 926 1226 τοῖς
959 1162 1221 1225 Καυσίοις
1248 1162 1401 1234 ὄρεσι
1436 1159 1664 1233 Κρόνος,
1696 1157 1832 1229 μᾶλ-

226 1259 334 1313 λον
364 1257 423 1311 δὲ
453 1256 573 1319 όνος
606 1254 713 1309 ὑπὸ
747 1254 859 1308 τῶν
897 1254 1035 1307 όνων
1064 1251 1472 1326 προσεκυνήθη,
1503 1249 1831 1322 ἀνακράζων

227 1351 338 1407 καὶ
362 1346 680 1419 ὀγκώμενος
717 1332 853 1402 καθί
893 1346 1183 1419 Ἑλλήνων.
1233 1346 1320 1398 Ἐν
1342 1343 1549 1416 Θήϐαις
1579 1344 1833 1406 Διόνυσος

225 1439 356 1500 τοῖς
373 1434 590 1489 σέϐουσι
611 1432 789 1504 ψυχῆς
819 1434 914 1487 καὶ
932 1432 1186 1503 σώματος
1202 1432 1463 1503 ὑπάρχων
1489 1429 1661 1494 πάθος
1689 1430 1835 1482 ἀνία-

227 1545 337 1583 τον
368 1528 463 1581 καὶ
499 1525 785 1596 δύσοδμον.
830 1523 920 1577 Ἐν
956 1524 1119 1597 Τύρῳ
1154 1523 1428 1596 Ἡρακλῆς
1455 1521 1590 1595 (7‘2),
1635 1521 1834 1593 μᾶλλον

228 1623 299 1678 δὲ
335 1622 606 1695 ἠράκλης,
643 1619 986 1690 πυριωιωτος
1019 1620 1310 1691 γενόμενος
1336 1619 1428 1673 διὰ
1471 1617 1695 1684 κακίαν,
1729 1617 1837 1670 ὑπὸ

228 1714 357 1767 τῶν
381 1714 556 1766 ἀθέων
590 1711 957 1776 ὲκθειάζεται.
1005 1711 1095 1765 Ἐν
1138 1710 1448 1782 Ἐπιδαύρῳ
1484 1710 1835 1780 Ἀσκληπιὸς,

231 1807 267 1858 ὁ
299 1808 420 1868 ταῖς
453 1804 615 1875 φρεσὶ
640 1804 853 1874 νήπιος,
894 1804 1001 1857 ὑπὸ
1034 1804 1142 1857 τῶν
1172 1803 1523 1875 νηπιωτέρων
1551 1802 1643 1856 καὶ
1670 1802 1835 1873 ἀνοή-

234 1914 358 1949 των
386 1896 503 1957 θεὸς
528 1895 973 1966 προσηγορεύθη.
1001 1897 1108 1950 Καὶ
1136 1895 1297 1966 Σύροι
1325 1895 1423 1967 μὲν
1448 1897 1498 1949 οί
1524 1895 1835 1967 φερώνυμοι

239 1983 532 2054 συρφετοὶ,
566 1982 655 2036 τὸν
683 1982 777 2036 τοῦ
801 1983 930 2055 ᾅδου
956 1984 1245 2055 ἐπώνυμον
1271 1984 1498 2037 Ἀδωνιν
1526 1982 1839 2048 ἐξεθείασαν

238 2074 440 2138 κακῶς
468 2088 485 2106 ο
538 2074 825 2143 Αἰγύπτιοι
863 2075 921 2129 δὲ
966 2074 1060 2129 τὸν
1107 2062 1403 2145 συρόμενον
1446 2074 1541 2128 καὶ
1587 2073 1839 2144 γεωπετῆ

243 2167 501 2236 Ὄσιριν·
560 2168 759 2234 Ἠλιείς
803 2167 1030 2228 ὲλεεινοὶ
1073 2168 1164 2221 τὸν
1197 2169 1439 2239 Ἕκτορα
1470 2167 1603 2238 (75),
1637 2165 1840 2237 μᾶλλον

232 2258 302 2312 δὲ
331 2258 442 2312 οὐδ’
470 2260 739 2332 ἀλέκτορα
768 2259 1026 2332 χρηστόν.
1071 2260 1134 2313 Ol
1165 2263 1223 2313 ὲν
1263 2260 1446 2330 Λεύκῃ
1474 2262 1541 2330 τῇ
1580 2260 1729 2329 νήσῳ
1751 2258 1843 2311 τὸν

239 2353 475 2423 Ἰκαχον
512 2352 625 2425 (74)
660 2352 933 2423 Ἀχιλλέα.
974 2351 1189 2404 Πόντιοι
1216 2350 1328 2421 (75)
1371 2352 1464 2405 τὸν
1508 2348 1842 2422 πατραλοίαν

232 2444 564 2515 Πάτροκλον
594 2443 937 2498 ἀπεθέωσαν.
972 2441 1166 2495 Ῥόδιοι
1192 2441 1283 2495 τὸν
1314 2443 1616 2513 είκήμαχον
1650 2441 1841 2495 Μακε-

229 2536 529 2607 δόνα(76),
555 2537 650 2590 καὶ
676 2536 855 2606 ἕτεροι
884 2532 1168 2606 θατέρους,
1187 2536 1244 2587 ὲν
1262 2534 1454 2601 etiam;
1482 2533 1629 2587 κόνιν
1654 2532 1843 2602 κειμέ-

229 2646 345 2700 νην
393 2627 631 2692 σέϐουσι,
674 2627 854 2681 τέλεον
900 2626 1226 2691 ἀσεϐοῦντες
1249 2642 1263 2657 ο
1295 2626 1470 2689 οὐδεὶς
1509 2625 1620 2695 γὰρ
1658 2623 1840 2677 αὑτῶν

228 2723 297 2774 ἐν
330 2718 456 2788 Θεῷ
483 2719 577 2772 τοῦ
618 2718 717 2790 ζῇν
748 2720 1066 2791 ἀπερῤἀγη.
1097 2711 1197 2771 Ὧν
1212 2719 1309 2781 τάς
1358 2717 1641 2789 παροινίας
1677 2716 1836 2783 ὑπεξ-

227 2809 524 2883 ηγεῖσθαι,
548 2810 607 2861 οὑ
638 2809 733 2861 τοῦ
766 2809 1030 2880 παρόντος
1064 2808 1258 2880 καιροῦ
1286 2808 1521 2879 ὑπάρχει
1542 2823 1557 2838 ο
1589 2808 1638 2860 εἰ
1665 2805 1724 2860 δέ
1754 2824 1836 2871 τις

231 2901 471 2958 ἀκούειν
496 2900 745 2971 βούλεται
775 2901 903 2965 τοὺς
939 2901 1164 2956 ἐκείνων
1182 2901 1399 2971 λήρους,
1434 2899 1687 2953 πυθέσθω
1716 2901 1841 2971 Ὀρ-

231 2998 398 3067 ipim;
426 2995 522 3048 καὶ
549 2993 794 3048 Ἡσίοδον
829 2993 938 3048 τῶν
962 2995 1324 3066 συγγραφέων
1348 2992 1449 3063 τῆς
1478 2994 1702 3047 ἐκείνων
1739 3011 1845 3062 μυ-

233 3086 521 3149 θοποιίας,
548 3084 671 3156 ἐμοὶ
704 3085 799 3139 τοῦ
825 3084 1017 3139 λοιποῦ
1042 3087 1254 3155 σιωπᾷν
1270 3083 1660 3155 «χαριούμενος.

1650 389 1996 447 DIALOGUS
2041 390 2105 444 ll.

3403 386 3509 444 994

1926 509 2222 563 liberorum
2262 518 2487 559 suorum
2536 498 2887 556 matrimonia
2926 487 3211 570 corrupit,
3241 511 3405 570 atque
3454 503 3511 557 in

1926 599 2180 670 sepulcro
2220 595 2362 667 apud
2388 596 2680 650 Cretenses
2708 594 3085 662 computruit:
3133 590 3185 645 id
3216 596 3361 662 quod
3397 608 3511 647 non

1927 700 2013 746 est
2049 689 2154 746 dei.
2190 688 2302 745 Nec
2342 689 2449 743 hoc
2482 686 2749 750 contenti,
2774 685 2942 740 etiam
2974 700 3038 738 ex
3069 684 3163 737 illo
3190 691 3347 738 natos
3379 685 3513 739 libe—

1930 798 2019 837 ros
2063 782 2204 836 inter
2247 784 2381 837 deos
2425 782 2730 835 retulerunt
2776 777 2927 847 impii
2972 785 3027 832 et
3081 779 3238 844 vani;
3283 775 3512 833 Hermu-

1930 874 2041 944 poli
2077 873 2295 943 quidem
2329 872 2684 935 Mercurium,
2724 870 2884 937 cujus
2913 869 3112 938 exponi
3141 869 3389 923 oratione
3428 868 3516 921 lla-

1930 964 2064 1035 gitia
2107 973 2408 1034 nequeunt,
2455 965 2507 1018 in
2561 963 2838 1033 pulverem
2878 963 3198 1028 redactum;
3241 964 3295 1015 in
3337 961 3519 1032 Cypro

1932 1071 2063 1111 vero
2095 1054 2385 1123 Venerem,
2416 1064 2470 1110 et
2495 1065 2737 1111 stercore
2760 1055 2923 1109 veluti
2956 1055 3208 1125 sepulcro
3233 1055 3427 1120 sitam;
3464 1054 3520 1107 in

1930 1147 2164 1201 Thracia
2205 1146 2457 1212 Martem,
2506 1146 2574 1201 ab
2614 1147 2995 1202 exsecratione
3034 1148 3520 1216 cognominatum;

1933 1255 2001 1295 ex
2040 1254 2149 1310 qua
2179 1239 2359 1301 nobis,
2406 1239 2557 1292 velut
2592 1254 2656 1292 ex
2691 1238 3049 1308 immorigero
3086 1237 3286 1302 Esavo,
3322 1238 3524 1310 Diony-

1941 1324 2061 1386 sius
2110 1329 2439 1400 Areopagita
2487 1338 2644 1383 ortus
2690 1337 2795 1395 est,
2844 1330 3096 1383 divorum
3146 1330 3523 1399 apostolorum

1934 1422 2265 1493 discipulus.
2315 1420 2472 1492 Apud
2507 1420 2808 1476 Caucasios
2848 1430 3032 1475 autem
3080 1429 3297 1476 montes
3333 1400 3526 1475 Satur-

1938 1529 2066 1578 nus,
2092 1514 2203 1567 imo
2233 1528 2364 1566 vero
2393 1514 2586 1567 asinus
2624 1512 2693 1566 ab
2721 1512 2894 1568 asinis
2923 1512 3208 1577 adoratus,
3248 1511 3452 1567 rudens
3474 1520 3529 1565 et

1937 1607 2185 1661 clamans
2224 1604 2491 1659 adversos
2521 1606 2672 1676 ipsos
2707 1605 2979 1659 ethnicos.
3017 1604 3222 1661 Thebis
3256 1604 3527 1666 Bacchus,

1938 1697 2247 1753 colentibus
2288 1713 2349 1752 se
2397 1704 2509 1750 tam
2541 1698 2738 1750 anima;
2781 1712 2943 1767 quam
2996 1697 3247 1767 corporis
3302 1699 3531 1751 morbus

1941 1789 2266 1844 insanabilis
2297 1797 2352 1843 et
2382 1788 2578 1844 fetens.
2607 1787 2663 1841 lu
2695 1787 2840 1860 Tyro
2869 1786 3153 1852 Hercules,
3189 1789 3372 1858 potius
3393 1791 3441 1841 al
3464 1807 3529 1841 o-

1945 1885 2247 1951 Iuinabilis,
2290 1886 2383 1955 qui
2421 1884 2534 1955 igni
2567 1893 2931 1954 consumptus
2959 1894 3182 1953 propler
3211 1882 3531 1952 improbita—

1946 1986 2076 2043 tem,
2126 1980 2194 2033 ab
2254 1978 2436 2048 impiis
2483 1979 2628 2031 inter
2675 1978 2809 2032 deos
2852 1976 3109 2032 refertur.
3155 1974 3211 2028 lu
3256 1974 3534 2045 Epidauro

1948 2070 2309 2140 IEsculapius
2342 2078 2526 2124 mente
2558 2085 2713 2139 puer,
2751 2070 2818 2122 ab
2853 2067 3328 2139 insipientioribus
3349 2077 3401 2120 et
3440 2068 3533 2119 im‘

1948 2164 2145 2236 peritis
2179 2166 2317 2220 deus
2361 2164 2687 2235 appellatur.
2733 2163 2795 2219 Et
2827 2163 2974 2235 Syri,
3020 2162 3116 2232 qui
3149 2162 3369 2217 nomine
3402 2177 3536 2216 cou-
3606 2182 3613 2191 ·

1950 2256 2202 2311 veniente
2228 2253 2388 2310 fzeces
2422 2256 2604 2324 potius
2641 2262 2800 2318 sont,
2832 2253 2948 2307 orci
2984 2253 3364 2322 cognominem
3388 2251 3534 2303 Adu-

1948 2349 2061 2402 nim
2092 2348 2233 2402 male
2273 2348 2419 2401 inter
2451 2347 2587 2401 deos
2620 2347 2947 2401 retulerunt.
2983 2343 3224 2415 Egyplii
3254 2352 3533 2414 repentcm

1912 2454 1913 2457 ‘
1948 2443 2102 2497 hmui
2131 2454 2185 2496 et
2214 2450 2374 2496 terrae
2404 2439 2623 2495 allixum
2670 2438 2881 2505 Osirin,
2925 2438 3172 2495 Elieuscs
3215 2438 3401 2493 miseri
3434 2437 3537 2493 lle-

1948 2545 2191 2597 ctorem,
2246 2533 2538 2605 nequidem
2608 2533 2811 2604 gallum
2877 2533 3235 2604 gallinaceum
3304 2532 3534 2587 bonum.

1948 2624 2051 2691 Qui
2087 2626 2140 2680 in
2173 2625 2352 2679 insula
2382 2623 2562 2678 Leuca
2592 2632 2743 2689 sunt,
2780 2624 3036 2679 Icachum
3074 2624 3365 2689 Achillem,
3392 2622 3538 2677 Pon-

1949 2717 2010 2770 tii
2062 2715 2394 2787 parricidam
2450 2714 2765 2771 Patroclum
2831 2717 2974 2770 inter
3022 2716 3156 2771 deos
3206 2719 3533 2772 retulerunt.

1950 2806 2150 2862 Rhodii
2181 2807 2534 2862 temerarium
2564 2817 2924 2880 pugnatorem
2961 2807 3335 2873 Macedonem,
3366 2819 3420 2865 et
3447 2810 3543 2866 alii

1949 2899 2111 2962 alios,
2154 2899 2434 2969 pulverem
2477 2899 2691 2954 scilicet
2735 2901 2788 2955 in
2838 2904 3092 2971 sepulcro
3130 2903 3404 2971 jacentcm
3444 2920 3540 2958 co-

1948 2990 2089 3048 lunt.
2124 3005 2353 3060 prorsus
2402 2992 2569 3062 impie
2601 3001 2846 3062 agentes.
2881 2991 3074 3049 Nullus
3110 2996 3256 3050 enim
3296 2995 3540 3064 ipsorum

1954 3083 2009 3137 in
2038 3080 2148 3136 Deo
2172 3082 2340 3135 vitam
2390 3084 2549 3137 liniit.
2604 3082 2851 3148 Quorum
2893 3085 3171 3138 vesaniam
3219 3100 3543 3139 enumerare

235 3197 364 3236 non
403 3186 488 3235 est
530 3180 816 3249 prmsentis
851 3179 1139 3247 temporis.
1178 3177 1234 3232 Si
1277 3193 1408 3232 vero
1455 3178 1579 3248 quis
1642 3178 1859 3231 illorum
1916 3190 2093 3246 nugas
2145 3174 2337 3230 audire
2382 3176 2557 3246 cupit,
2603 3183 2811 3245 quaerat
2856 3173 3072 3245 Orphea
3123 3183 3178 3230 et
3239 3174 3541 3231 Hesiodum

236 3279 313 3335 de
346 3277 569 3331 illorum
614 3275 838 3340 fabulis,
872 3276 1004 3328 mihi
1046 3289 1176 3330 vero
1216 3275 1425 3345 reliqua
1451 3274 1668 3328 tacendi
1695 3273 2008 3328 facultatem
2040 3269 2326 3325 concedat.

838 3368 1088 3421 ΠΕΥΣῘΣ
1121 3365 1267 3421 PII".

313 3460 438 3531 Οὑχ
484 3460 752 3532 Ἐλλήνων
814 3458 1152 3531 ὑπερμαχῶν
1193 3461 1331 3530 πρὸς
1376 3458 1436 3511 σὲ
1484 3456 1843 3527 διατείνομαι,

236 3552 459 3621 Πάτερ,
490 3550 625 3604 ἀλλά
652 3551 775 3604 κατ’
809 3551 1036 3604 ἐκείνων
1068 3550 1209 3603 ὅπλα
1230 3548 1379 3620 παρά
1413 3549 1513 3620 τῆς
1552 3549 1653 3619 σῆς
1682 3548 1845 3601 πολυλ-

242 3642 459 3715 μαθίας
489 3642 814 3713 περιθέσθαι
866 3640 1211 3711 βουλόμενος.
1266 3641 1394 3705 Πῶς
1436 3641 1617 3695 τοίνυν
1662 3640 1846 3709 λέγεις

246 3736 425 3808 μηδὲν
459 3732 784 3804 αὐτομάτως
811 3731 1099 3802 γίνεσθαι,
1154 3729 1288 3801 μηδὲ
1322 3730 1429 3795 ἔξω
1452 3730 1554 3799 τῆς
1582 3730 1729 3793 θείας
1754 3730 1846 3783 δυ·

245 3826 507 3896 νάμεως;
552 3822 683 3875 Ἰδοὺ
711 3822 824 3891 (77)
855 3820 958 3890 τῆς
995 3820 1158 3891 ἴρεως
1187 3818 1472 3889 ὁρωμένης
1515 3818 1719 3890 ἀκριϐῆ
1747 3836 1846 3871 πε-

249 3918 540 3990 ριφέρειαν
575 3912 831 3983 ἐχούσης,
872 3912 968 3965 καὶ⁵
1000 3908 1265 3964 πάντοθεν
1295 3910 1439 3977 ἴσην,
1470 3909 1589 3962 οἴαν
1628 3907 1845 3979 ἀληθῶς

247 4007 375 4061 οὑδὲ
412 4005 534 4068 νοῦς
587 4002 925 4075 περιγράψαι
975 4000 1200 4054 δύναται
1233 4015 1247 4029 ο
1302 4000 1395 4051 καὶ
1433 4000 1583 4070 ὅμως
1628 4000 1846 4070 ὁρῶμεν

247 4098 349 4151 ὑπ’
380 4096 597 4159 οὐδενὸς
629 4096 802 4165 αὑτὴν
833 4091 1152 4162 γινομένην,
1202 4090 1319 4144 ἀλλ’
1358 4090 1681 4160 αὐτομάτως
1722 4106 1847 4142 συνο

249 4181 578 4251 ισταμένην.

870 4270 1239 4339 Ἀπόκρισις.

325 4360 443 4415 Οὑκ
470 4361 882 4434 αὐτοματισμὸν
911 4363 1000 4417 οἶα
1028 4379 1088 4416 τε
1135 4361 1466 4434 παρεισάξαι
1499 4363 1532 4433 ὴ
1560 4362 1660 4432 τῆς
1683 4362 1846 4433 ἴρεως

251 4453 536 4519 σύστασις.
613 4437 736 4509 Ἒπὶ
787 4456 945 4528 τύπῳ
990 4457 1101 4528 γάρ
1158 4456 1254 4509 τοῦ
1302 4455 1679 4527 στερεώματος
1735 4449 1847 4510 οἷον

250 4545 522 4615 σπαρτίον
564 4543 818 4599 κόκκινον
867 4545 959 4599 ἐπὶ
991 4545 1177 4598 δίσκου
1229 4544 1601 4598 διατείνεται..
1637 4545 1699 4597 Ei
1738 4543 1847 4616 γὰρ

249 4636 351 4691 καὶ
378 4637 408 4689 ὁ
426 4635 598 4700 τύπος
626 4636 882 4691 ἐκτυπῶν
905 4636 973 4690 τὰ
1006 4636 1115 4691 ἴδια
1154 4638 1279 4701 νοῦς
1306 4636 1564 4709 ὑπάρχει,
1601 4636 1716 4691 ἀλλ’
1751 4632 1846 4692 οὖν

324 4771 762 4844 (ἸηλΔυσαίον.
796 4773 949 4844 Anne
996 4772 1328 4844 θυσαίωνοςῖ
1372 4772 1643 4843 lnterpres
1678 4775 1836 4828 vertit

252 4841 432 4915 quasi
454 4842 675 4915 legisset
688 4842 970 4915 Δδυσηνίου.
1008 4842 1165 4915 Em'r.
1310 4896 1315 4899 _

326 4912 448 4980 (72)
489 4913 593 4965 Ἕν
622 4910 788 4980 Τύρῳ
819 4910 1147 4980 Ἡρακλῆς,
1200 4930 1256 4966 κ.
1296 4930 1349 4965 τ.
1374 4912 1423 4965 λ.
1457 4912 1732 4966 Cotelerio
1768 4913 1833 4967 ad

255 4982 527 5053 Recognit.
564 4982 658 5036 lib.
690 4997 747 5053 ε,
794 4995 928 5053 cap.
952 4981 1177 5053 24,7‘hic
1204 4983 1427 5053 Caesarii
1476 4984 1628 5037 locus
1662 4984 1734 5037 ita
1768 5000 1832 5038 ex

254 5051 634 5124 Eymologico
684 5051 1306 5124 Magnointelligendus
1335 5052 1643 5124 videbatur,
1690 5054 1835 5124 quod

265 5120 545 5207 ςΗρακλῆξ
575 5124 756 5193 potius
778 5120 853 5207 sit
884 5123 940 5175 ἐν
970 5122 1205 5207 ἤρα-5ου
1236 5120 1343 5207 ἔρα
1366 5122 1586 5207 ἀκλεής,
1618 5126 1672 5177 in
1684 5120 1839 5207 terra

256 5191 539 5259 inglorius,
572 5191 734 5263 uuam
775 5194 915 5265 ἤρας
949 5191 1044 5247 seu
1075 5191 1209 5263 ερας
1250 5191 1427 5255 κλέος,
1464 5191 1617 5247 terra:
1641 5195 1835 5265 gloria.

264 5259 460 5333 [erum
499 5264 758 5333 deinceps
791 5271 996 5317 mutata
1028 5264 1331 5333 sententia.
1355 5264 1467 5317 haec
1505 5264 1746 5318 hahetV.
1773 5267 1833 5319 (ἐ.

259 5328 501 5403 Ianum.
531 5332 677 5389 Eccl.
698 5328 811 5389 Ὧν.
849 5344 981 5387 tum.
1026 5332 1113 5396 Ill,
1159 5348 1280 5403 pag.
1308 5332 1412 5387 656
1436 5346 1451 5382 ι
1474 5334 1626 5397 Apud
1651 5334 1836 5390 Cursa-

261 5402 731 5475 τίιυηγἮρακλῆς,
764 5404 1069 5475 πυρακλῆς,
1096 5402 1325 5475 ιιιηιριιο
1345 5404 1592 5475 conjicio,
1620 5407 1710 5473 qui
1734 5408 1837 5459 ali-

263 5479 342 5552 ter
366 5472 525 5552 alios.
567 5472 1171 5552 Ειιζιορνίζᾳεωεαὶἱὲῥν
1202 5472 1365 5552 Τύρῳ
1394 5474 1840 5552 Ἡρακλῆς,μᾷ-

260 5540 351 5594 λον
389 5543 445 5617 δέ
481 5544 728 5615 ἡρακλῆς
751 5542 1057 5617 _(inlerpre_s
1107 5540 1840 5617 ἀρακλῆς,Ααὸοηιίιιάὁξίὶε),

261 5613 603 5683 πυριάλωτος
639 5613 929 5683 γενόμενος
975 5613 1062 5683 διὰ
1108 5614 1337 5677 κακίαν,
1388 5614 1492 5668 ὑπὸ
1527 5615 1636 5667 τῶν
1665 5613 1842 5669 ἀθέων

262 5681 622 5753 ζκθειάζεται.
654 5681 793 5736 illoc
819 5691 920 5753 est,
961 5682 1126 5751 juxta
1160 5698 1329 5753 meam
1374 5685 1692 5753 opinionem,
1738 5704 1841 5740 non

263 5750 491 5807 lunonis
528 5754 723 5822 gloria,
754 5752 843 5807 sed
868 5750 1043 5819 gloria
1064 5751 1223 5822 ignis,
1254 5769 1286 5805 a
1309 5750 1414 5822 quo
1435 5766 1620 5823 captus
1645 5765 1695 5810 et
1724 5773 1843 5810 con-

265 5824 643 5891 sumplusluil.
685 5824 811 5876 Haec
837 5824 946 5875 ille.

337 5894 448 5963 (αὖ)
496 5893 772 5960 Ἕκτορα.
822 5890 942 5948 Non
990 5891 1128 5948 vidit
1170 5891 1477 5973 interpres,
1553 5908 1841 5964 perperam

2370 3360 2892 3418 INTERROGATIO
2934 3361 3121 3417 CXIII.

2020 3455 2137 3510 Non
2166 3452 2501 3526 pro‘Graecis
2550 3456 2877 3527 depugnans
2908 3455 3180 3513 adversus
3219 3468 3272 3514 te
3305 3467 3536 3514 conten-

1947 3546 2040 3611 do,
2073 3547 2144 3601 mi
2181 3546 2365 3612 Pater,
2416 3549 2513 3605 sed
2567 3549 2742 3604 armis
2776 3550 3047 3605 adversus
3082 3550 3207 3606 illos
3255 3563 3353 3621 per
3389 3561 3539 3606 tuam

1947 3640 2312 3712 multiplicem
2345 3640 2658 3697 doctrinam
2695 3641 2848 3696 indui
2880 3643 3022 3698 volo.
3059 3640 3346 3709 Quomodo
3374 3643 3543 3713 igitur

1947 3730 2133 3801 inquis
2164 3731 2301 3785 nihil
2336 3730 2565 3786 fortuito
2596 3732 2735 3797 ﬁeri,
2768 3748 2947 3802 neque
2981 3740 3135 3787 extra
3169 3732 3407 3786 divinam
3442 3749 3542 3803 po-

1948 3822 2247 3876 testatem?
2288 3820 2429 3875 Ecce
2458 3824 2675 3878 cmlesti
2712 3838 2846 3879 arcu
2880 3833 3198 3894 apparente,
3228 3823 3540 3879 absolutam

1948 3912 2115 3968 habet
2160 3914 2209 3968 is
2257 3914 2806 3978 circumferentiam,
2844 3925 2899 3968 et
2955 3914 3202 3983 undique
3246 3916 3538 3984 aequalem,

1948 4002 2261 4071 cujusmodi
2296 4018 2487 4057 revera
2523 4019 2592 4058 ne
2629 4017 2785 4056 mens
2819 4003 3038 4072 quidem
3068 4004 3310 4058 scribere
3337 4011 3540 4073 queat;

1946 4103 2001 4149 et
2027 4102 2211 4167 tamen
2234 4093 2488 4148 videmus
2516 4093 2693 4162 ipsum
2726 4109 2758 4147 a
2791 4094 2941 4148 nullo
2968 4092 3156 4159 condi,
3186 4094 3281 4150 scd
3312 4094 3541 4150 fortuito

1947 4187 2207 4240 existere.

2585 4272 2875 4343 Responsio
2887 4309 2903 4326 .

2020 4366 2139 4422 Non
2169 4375 2352 4439 potest
2380 4382 2569 4422 casum
2608 4367 2901 4422 fortuitum
2930 4364 3190 4422 inducere
3216 4365 3380 4422 iridis
3404 4380 3539 4421 cou-

1949 4460 2186 4515 stilutio.
2217 4458 2355 4513 Nam
2387 4460 2443 4513 in
2473 4458 2648 4529 ﬁgura
2684 4458 3015 4513 firmamenti
3050 4458 3218 4512 veluti
3245 4458 3540 4512 coccineus

1951 4550 2099 4607 funis
2148 4550 2204 4605 in
2253 4552 2441 4606 orbem
2490 4551 2828 4606 extenditur.
2881 4549 3094 4619 Quippe
3142 4548 3187 4604 si
3235 4558 3322 4603 est
3361 4549 3539 4604 ﬁctrix

1951 4658 2128 4706 mens,
2161 4658 2260 4698 sua
2293 4642 2545 4714 quaedam
2576 4642 2863 4715 elliugens,
2898 4643 3090 4713 utique
3135 4641 3229 4711 qui
3269 4640 3537 4696 lictriccm

1943 4774 2153 4845 editum
2185 4774 2239 4829 in
2269 4776 2502 4845 vulgatis
2533 4775 2804 4845 Νέκτορα.

2866 4844 2997 4915 quid
3023 4845 3096 4900 sit
3123 4842 3534 4915 ἼκαχονἈχι).-

2090 4911 2579 5037 ὃυϋειίιιὲνροεεθι
2603 4911 2895 4969 ἀείκακονζ
2922 4911 3134 4971 Corn.
3163 4917 3231 4969 ad
3249 4911 3535 4983 'Reccgnit.

1967 5001 2041 5036 ι).
2075 4999 2130 5037 x.
2164 5000 2285 5037 can.
2360 5006 2412 5037 υ.

1967 4985 2041 5036 ib.
2075 4999 2130 5047 ι,
2164 5000 2285 5047 cap.
2322 4985 2412 5039 25.

2019 5001 2136 5123 (.7?)
2479 5052 2737 5123 Legimus
2774 5053 2996 5124 quidem
3044 5054 3096 5108 in
3124 5052 3402 5124 Recognit.
3435 5053 3530 5107 lib.

1945 5139 2000 5186 κ,
2027 5138 2148 5193 cap.
2182 5124 2273 5187 ‘25,
2300 5125 2453 5192 Apud
2481 5125 2733 5191 Pontum,
2757 5123 3091 5179 Patroclum.
3118 5123 3317 5178 Verum
3339 5133 3536 5179 auctor

1945 5193 2412 5267 (Ilentenlinarum,
2444 5197 2587 5267 hom.
2617 5211 2691 5259 vt,
2720 5210 2838 5265 cap.
2874 5197 2945 5249 22
2979 5197 3165 5267 habet,
3196 5194 3533 5267 Πάτροκλον,

1956 5264 2279 5319 Ὀπούντιοι.
2331 5268 2504 5334 Atque
2562 5265 2701 5320 hanc
2754 5264 3043 5320 lectionem
3084 5264 3331 5321 Caesarie
3366 5269 3527 5321 resti-

1945 5335 2229 5397 tuendam,
2259 5351 2384 5390 cum
2408 5335 2684 5389 Coti-lerio
2720 5336 3103 5390 existimarint.
3132 5364 3137 5367 -

2017 5405 2139 5479 (76)Δ
2192 5405 2304 5479 Τὸν
2345 5404 2684 5479 εὶκήμαχονξ
2718 5405 2941 5461 Μακεδ.
2990 5405 3138 5479 _F.ilili
3191 5405 3284 5479 τὸν
3327 5405 3535 5479 Ε-ἱξῆμ.

1950 5471 2445 5546 Un'de'joculariter
2470 5471 2644 5530 vertit
2672 5477 2945 5546 interpres
2981 5475 3316 5546 Icemacliuin
3349 5471 3528 5546 neae-

1946 5543 2155 5670 gonem'.
2186 5544 2288 5668 1Τιι
2320 5547 2487 5612 serio,
2510 5543 2849 5601 tenter-arium
2888 5557 3235 5618 pugnatorent
3269 5543 3533 5613 intellige.

1991 5631 2152 5670 οτιῖι..
2210 5656 2222 5668 .
2261 5631 2312 5670 c.

1991 5631 2152 5670 OTEL.
2187 5631 2222 5668 Ι.
2261 5631 2312 5671 C.

2017 5686 2132 5756 (77)
2177 5685 2352 5748 Ἰδοὺ,
2380 5703 2434 5739 κ.
2465 5686 2581 5741 τ.λ.
2601 5688 2728 5741 Haec
2761 5692 3147 5743 mutoatuseat
3171 5680 3444 5756 Cmsarius
3465 5694 3536 5736 et

1946 5753 2350 5827 Recognilalih.
2388 5772 2483 5811 \‘Ill
2531 5773 2651 5827 cap.
2700 5756 2789 5823 41,
2828 5768 2886 5812 ut
2914 5756 2980 5811 ad
3024 5770 3149 5810 eum
3190 5754 3372 5806 locum
3412 5764 3535 5804 mo-

1946 5827 2069 5879 nuit
2099 5826 2425 5881 Cotclerius.
