2000 3206
209 186 263 214 999

210 245 281 278 Quin
303 248 330 270 et
353 242 432 269 divus
460 240 548 275 inquit
577 239 741 274 evangelista
762 239 849 265 :Aule
872 245 917 263 sm:
945 237 1000 263 dies

210 292 321 319 Pascha
346 290 415 316 venit
441 287 520 315 Jews
541 289 569 313 in
595 286 752 313 Bel/nmium
768 286 802 311 ⁹⁷.
822 284 853 311 Ει
869 284 1001 311 Dominus

209 338 268 372 ipse
288 335 419 363 divinitus
439 341 504 360 suos
527 333 668 367 alloquens
687 333 747 358 ait:
770 330 850 357 Scitis
877 334 934 364 post
959 329 1000 355 bi-

209 383 292 409 duum
314 387 403 408 actum
426 380 460 406 iri
479 379 583 406 Pascha
603 378 637 404 ’⁸.
658 377 830 411 Quapropter
845 383 906 410 qua:
927 382 1000 402 nunc

178 455 181 466 .
209 426 238 453 in
254 425 345 460 specie
363 423 528 451 narrationis
546 422 643 449 tradita
661 426 735 453 sunt,
756 429 805 456 pro
827 421 885 456 lege
908 422 934 448 In
959 427 1001 446 se-

178 468 182 477 i
209 471 357 505 quentibus
373 470 543 496 habeantur:
561 468 594 495 Et
616 468 675 502 fuil,
699 468 796 502 inquit,
809 475 897 501 uesper
910 473 935 493 el
950 467 1000 500 fuit

158 531 162 536 ι
210 522 297 546 ηιαηε,
311 514 366 541 dies
376 522 443 540 unus
457 514 479 529 ⁹⁹
495 522 501 539 :
515 521 577 540 cum
590 512 712 546 diesjam
728 516 790 539 ante
801 511 999 546 przccessissel,

209 560 313 588 exstitit
335 567 440 594 vesper,
455 567 487 586 cx
508 567 620 593 vespere
642 566 705 585 vero
721 566 785 590 nox,
804 566 836 585 ex
858 562 936 584 nocte
951 565 1000 584 au-

209 611 263 633 tem
282 613 371 639 mane,
393 606 436 632 ubi
457 605 513 640 jam
537 606 618 632 unius
639 605 691 632 diei
711 605 773 632 linis
792 610 843 636 est,
870 612 930 639 qua:
954 611 1001 638 per

208 652 303 688 viginti
328 657 447 687 quatuor
475 652 556 679 horas
588 651 640 678 diei
669 651 801 685 potiorem
827 655 931 685 partem
949 649 999 676 sibi

209 698 337 731 vindieat,
354 698 501 725 subaudita
516 697 643 725 videlicet
666 700 746 723 nocte
759 696 809 724 sub
820 696 1000 731 appellatione

208 744 272 775 diei,
295 752 343 778 per
366 744 462 778 viginti
488 747 608 778 quatuor
631 744 721 769 horas.
749 741 809 774 Quo
827 742 856 768 tit
873 742 998 768 utetiam

208 794 330 824 tempore
353 788 567 815 conversionum
585 787 652 814 solis
672 787 841 818 :estivarum,
867 795 928 821 qua:
945 787 999 814 sol-

207 836 280 863 stitia
296 839 407 867 vocant,
434 839 541 862 noctem
565 834 623 861 dies
647 833 797 861 intervallis
821 834 947 861 excedat.
965 834 1000 860 At

207 885 331 916 tempore
349 880 422 915 quod
448 879 614 914 aequinoctio
634 879 800 906 destinatqu
816 883 868 912 est,
886 887 999 913 prorsus

207 928 315 959 oportet
337 929 468 959 utrasque
488 924 608 959 zequalvs
623 931 694 957 esse,
711 925 830 952 vicissim
849 933 864 951 a
881 933 910 952 se
929 925 998 951 invi-

207 969 432 997 cenlauferentes
459 970 485 997 id
511 970 583 1005 quod
607 970 694 998 deest.
713 969 765 997 Sed
782 975 809 997 et
824 970 886 998 cmli
904 970 1000 1001 facies,

209 1025 307 1044 rursus
320 1016 353 1043 ad
365 1016 488 1043 eamdem
503 1023 612 1044 remi-sa
626 1016 860 1048 constitutionem,
877 1024 930 1043 una
942 1016 1001 1043 dics

208 1063 307 1090 merito
332 1063 499 1098 appellatur;
528 1063 761 1098 quemadmodum
788 1063 814 1090 in
845 1067 918 1090 terra
943 1063 999 1090 ﬁeri

207 1110 288 1142 solet,
305 1114 336 1136 ut
356 1110 529 1144 interiectum
554 1110 588 1136 ab
615 1118 671 1137 uno
692 1109 790 1137 ﬂorum
808 1115 941 1145 proventu
966 1110 999 1137 ad
1025 1128 1028 1129 ν

210 1155 306 1187 alium,
323 1159 442 1190 tempus,
458 1163 547 1183 annus
562 1160 685 1183 vocetur.
698 1155 881 1189 Quamobrem
894 1157 1001 1191 quoties

208 1208 307 1236 vesper
322 1207 347 1228 et
363 1209 444 1229 mane
460 1202 612 1230 secundum
631 1202 697 1230 solis
710 1202 854 1230 circuitum
867 1202 999 1229 mundum

208 1250 336 1281 occupat,
349 1253 403 1273 non
421 1246 448 1273 in
474 1252 596 1282 tempore
618 1247 721 1282 majore
744 1255 826 1282 quam
850 1247 931 1275 unius
946 1247 999 1274 diei

208 1292 316 1326 spatio,
327 1292 496 1327 signiﬁcetur
508 1293 568 1320 dies
583 1300 638 1320 una
653 1301 714 1320 eum
731 1297 811 1320 nocte
825 1293 998 1327 coniunctus.

212 1341 240 1364 et
258 1337 436 1376 luminarium
447 1338 480 1364 ad
498 1337 617 1372 priorem
629 1338 852 1366 constitutionem
868 1339 998 1366 reversio.

207 1381 258 1409 Vel
266 1384 363 1417 potius
379 1382 461 1410 tribui
478 1383 541 1417 plus
558 1383 659 1410 debere
684 1384 750 1411 mihi
774 1384 882 1411 videtur
900 1384 936 1411 illi
954 1392 999 1411 ra-

207 1428 287 1460 tioni,
317 1436 377 1464 quae
405 1433 510 1456 secreto
537 1429 665 1456 traditur.
694 1428 772 1462 Quod
797 1430 926 1457 nimirum
953 1430 999 1464 qui

209 1474 341 1508 temporis
356 1469 482 1500 naturam
499 1473 562 1501 fecit
586 1474 667 1507 Deus,
691 1474 717 1501 iu
742 1483 885 1503 mensuras
902 1476 960 1510 ejus
973 1482 1001 1503 et

208 1520 296 1555 signa,
310 1521 416 1548 dierum
435 1520 576 1547 intervalla
598 1520 774 1553 ordinaverit,
794 1522 938 1556 ipsumque
952 1530 1000 1557 per

208 1566 406 1594 hebdomadam
436 1566 593 1598 dimetiens,
614 1573 721 1601 semper
743 1566 941 1594 hebdomadem
971 1567 998 1594 in

207 1613 383 1647 semetipsum
400 1612 501 1640 revolvi
519 1612 608 1647 jubet,
630 1613 761 1648 temporis
782 1613 834 1640 hoc
851 1613 932 1640 modo
957 1613 998 1640 di-

208 1665 357 1685 numerans
371 1663 487 1689 molum,
506 1657 578 1685 sicut
592 1657 789 1685 hebdomadem
802 1666 899 1685 rursus
910 1659 1001 1693 explet

208 1701 283 1733 dies,
314 1698 414 1735 septies
439 1701 466 1728 in
493 1702 666 1736 semetipsum
692 1702 824 1729 revoluta.
854 1703 883 1729 id
907 1708 999 1730 autem

207 1745 352 1772 circularis
379 1749 421 1772 est
442 1745 540 1780 ﬁgura,
564 1752 580 1772 a
604 1746 751 1781 semetipso
772 1746 902 1782 incipere,
922 1752 950 1774 et
973 1748 999 1774 in

208 1790 386 1824 semetipsum
411 1790 537 1818 desinere
564 1801 570 1818 :
597 1793 670 1826 quod
703 1793 809 1820 scilicet
842 1793 924 1820 etiam
949 1794 999 1820 aevi

207 1835 348 1869 proprium
365 1839 422 1868 est;
442 1840 469 1863 et
493 1835 518 1862 in
537 1841 622 1863 semet
641 1837 728 1871 ipsum
744 1838 841 1864 reverti
862 1845 999 1872 nusquam

208 1879 397 1907 terminatum.
414 1872 558 1914 Propterea
573 1887 654 1915 caput
669 1881 801 1916 temporis
816 1890 868 1909 non
883 1883 1000 1917 primam

207 1926 324 1957 dierum.
341 1926 388 1954 sed
404 1933 484 1953 unam
510 1927 671 1961 nominavit,
696 1933 725 1955 ut
743 1929 800 1963 ipsa
818 1929 1002 1964 appellatione

208 1971 396 2006 cognationem
411 1979 471 2000 cum
483 1980 540 2000 mvo
553 1973 675 2001 haberet.
690 1973 915 2010 Quandoquidem
928 1976 1000 2004 enim

208 2017 331 2049 unitatis,
346 2022 374 2045 et
388 2018 449 2052 ejus
460 2019 532 2054 quod
545 2015 750 2048 communionis
762 2021 795 2049 ad
812 2022 887 2049 aliud
903 2030 1001 2057 expers

208 2065 262 2094 est,
279 2067 372 2089 notam
395 2063 474 2090 nobis
494 2065 622 2096 ostendit,
640 2065 748 2100 proprie
764 2069 791 2092 et
807 2066 1002 2094 convenienter

208 2108 342 2143 appellata
365 2113 407 2136 est
425 2116 497 2140 una,
519 2117 581 2137 cum
609 2110 666 2145 ipsa
690 2110 717 2137 in
745 2111 834 2146 seipsa
854 2119 902 2147 per
921 2119 1001 2140 omne

208 2153 338 2180 saeculum
354 2152 380 2179 in
397 2152 514 2188 seipsam
532 2154 696 2181 revolvatur.

418 2216 677 2246 INTERROGATIO
695 2219 789 2248 CXVI.

247 2279 278 2306 Et
295 2286 416 2314 quonam
434 2285 515 2314 pacto
538 2281 649 2310 Littera:
667 2290 754 2311 sacrae
774 2283 857 2312 multa
876 2292 938 2314 esse
952 2294 1002 2314 sa:-

209 2322 271 2349 cula
285 2323 515 2357 demonstrantes,
533 2326 633 2353 saecula
655 2332 755 2354 vocant
772 2328 952 2357 smeulorum?
970 2331 1003 2358 Et

211 2367 327 2396 Davides
343 2369 370 2396 in
391 2370 444 2397 line
464 2371 562 2406 psalmi
582 2372 647 2400 dicit
663 2382 670 2400 :
689 2373 858 2409 Canfitemini
877 2376 1000 2410 Domum,

210 2414 280 2446 celi,
295 2415 421 2449 quoniam
432 2415 462 2442 in
478 2417 569 2443 omnia
586 2418 684 2445 secula
708 2419 892 2448 misericordia
902 2421 960 2456 ejus
973 2423 1002 2449 '?

211 2456 245 2484 Et
259 2465 356 2486 rursus
369 2459 440 2487 idem
453 2468 460 2486 :
479 2459 612 2488 Exaltabo
629 2466 663 2494 te,
678 2462 747 2489 Deus
761 2471 845 2498 meus,
856 2473 902 2492 rea:
916 2474 1000 2499 meus,

209 2505 235 2528 et
251 2501 403 2530 benedice»:
415 2512 509 2532 nomen
527 2510 602 2532 tuum
622 2508 648 2533 in
673 2509 812 2542 saeculum,
831 2515 856 2536 et
869 2511 896 2537 in
915 2519 1001 2538 mcu—

208 2546 268 2573 lum
279 2548 372 2575 amuli
383 2543 410 2570 ’Ἰ
419 2549 488 2578 Ecce
503 2551 555 2578 tria
568 2553 665 2580 saecula
679 2553 706 2580 iu
723 2555 872 2583 centesimo
881 2557 1002 2591 quadra-

208 2593 315 2627 gesimo
333 2598 432 2628 quarto
452 2596 567 2631 psalmo.
589 2597 641 2626 Sed
656 2604 684 2627 et
701 2600 728 2627 in
746 2601 781 2629 iis
801 2609 862 2636 qua:
873 2601 1001 2630 dicuntur

210 2642 226 2663 a
241 2643 382 2665 sacrorum
398 2639 539 2673 ministris,
555 2640 609 2669 Deo
623 2644 773 2678 gratiarum
789 2646 923 2674 actionem
937 2647 1001 2675 oﬂ‘e-

209 2683 345 2715 rentibus.
356 2690 385 2712 et
403 2685 546 2721 imperium
568 2689 595 2716 in
618 2691 711 2718 omnia
733 2692 925 2726 tribuentibus,
942 2694 1001 2723 haec

209 2727 327 2764 proferri
344 2730 470 2760 audimus
485 2741 492 2759 z
511 2732 656 2767 Imperium
666 2739 691 2762 et
704 2744 820 2771 regnum,
831 2742 856 2765 et
869 2742 998 2772 potestas.

721 179 750 207 S.
770 178 921 207 CAESAR"
940 175 1109 206 GREGOBII
1137 175 1288 204 FBATRIS

1784 178 1858 205 i000

1057 235 1184 270 γελιστής
1200 243 1282 268 φησιν
1294 242 1300 247 ·
1315 234 1375 268 Πρὸ
1392 233 1427 266 ἐξ
1445 232 1563 268 ἡμερῶν
1574 233 1627 261 τοῦ
1635 233 1746 268 Πάσχα
1759 232 1856 270 ἦλθεν

1054 283 1070 307 ὀ
1093 281 1209 315 Ἰησοῦς
1223 282 1266 313 εις
1275 280 1437 314 Βηθανίαν.
1450 279 1535 311 Αὐτὸς
1546 279 1575 306 δὲ
1585 279 1738 315 θεητορῶν,
1752 281 1855 317 φησιν·

1055 327 1172 359 οἴδατε,
1195 327 1240 353 ὅτι
1261 327 1335 361 μετὰ
1358 326 1412 354 δύο
1428 327 1542 360 ἡμέρας
1557 326 1591 353 τὸ
1605 326 1715 362 Πάσχα
1725 327 1855 362 γίνεται.

1058 372 1102 404 Ὦς
1114 374 1148 399 τὰ
1163 373 1210 399 νῦν
1227 374 1256 399 ὲν
1272 373 1392 408 ἱστορίας
1409 372 1474 398 εῖδει
1492 372 1691 408 παραδοθέντα,
1704 373 1854 409 νομοθεσία

1054 420 1173 455 ὑπάρχει
1186 419 1254 455 πρὸς
1267 419 1302 446 τὰ
1315 419 1379 454 ἑξῆς
1390 428 1397 434 ·
1414 419 1470 446 Καὶ
1485 419 1622 454 ἐγένετο,
1636 419 1854 454 φησὶν,ὲσπέρα

1052 467 1102 494 καὶ
1122 466 1240 501 ἐγένετο
1263 466 1352 500 πρωῒ,
1369 466 1465 500 ἡμέρα
1479 466 1548 501 μία·
1565 466 1688 502 δηλονότι
1704 469 1853 502 προϋπαρ-

1053 513 1155 549 χούσης
1172 511 1222 548 τῆς
1237 512 1345 547 ἡμέρας
1361 512 1470 546 ἐγένετο
1486 511 1602 548 ἑσπέρα,
1619 513 1652 539 ὲκ
1663 512 1691 538 δὲ
1706 512 1756 548 τῆς
1767 512 1854 540 ἐσπι-

1053 567 1112 594 ρας,
1128 557 1187 590 νὺξ,
1204 559 1235 584 ἐκ
1251 558 1278 583 δὲ
1293 558 1342 592 τῆς
1356 557 1453 588 νυκτὸς
1473 557 1556 592 πρωϊ,
1570 556 1636 584 ἔνθα
1651 556 1822 593 περατοῦται
1832 557 1852 594 ἡ

1053 607 1103 641 μία
1120 606 1220 641 ἡμέρα,
1247 605 1291 631 διὰ
1306 604 1361 631 τῶν
1383 605 1522 640 τεττάρων
1541 605 1589 631 καὶ
1602 604 1688 632 εἴκοσι
1705 603 1786 640 ὡρῶν
1797 604 1853 639 τῆς

1054 653 1119 687 μιᾶς
1135 651 1240 687 ἡμέρας
1260 651 1290 677 τὺ
1303 650 1387 686 κῦρος
1400 650 1509 686 ἔχουσα,
1527 650 1786 686 συνυπακουομένης
1800 649 1853 686 δτι-

1051 698 1139 724 λονότι
1155 698 1202 733 τῆς
1219 697 1319 729 νυκτὸς
1331 698 1364 732 τῇ
1381 697 1473 733 ἡμέρᾳ
1489 696 1534 723 διὰ
1549 697 1603 724 τῶν
1619 696 1853 732 εἰκοσιτεσσάρων

1051 744 1140 778 ὡρῶν.
1159 743 1240 769 Ὥστε
1255 742 1302 769 καὶ
1325 742 1355 768 ὲν
1368 743 1428 773 ταῖς
1441 743 1556 776 τροπαῖς
1571 741 1618 768 τοῦ
1634 741 1712 776 ἡλίου
1729 740 1852 776 συμϐαι-

1051 798 1091 815 νει
1116 788 1220 824 ταύτην
1239 788 1348 823 ἐκείνης
1374 787 1550 822 ὑπερϐαίνειν
1571 788 1627 818 τοῖς
1653 786 1851 822 διαστήμασιν.

1058 834 1137 861 mm
1154 834 1216 860 τότε
1242 833 1428 868 ἀφωρισμένῳ
1454 833 1543 868 χρόνῳ
1567 833 1617 867 τῆς
1632 832 1790 868 ἰσημερίας,
1806 830 1854 858 δεῖ

1052 881 1160 912 πάντως
1174 879 1328 915 ἰσομοίρους
1339 879 1483 914 τυγχάνειν
1496 879 1664 914 ἀμφοτέρας,
1675 877 1854 912 ἀντισπωμέ-

1054 935 1102 958 νας
1113 926 1180 961 παρ’
1200 925 1323 960 ἀλλήλων
1338 925 1368 951 τὺ
1383 925 1484 951 λεῖπον.
1511 924 1566 950 Καὶ
1619 923 1667 950 τοῦ
1685 921 1803 958 οὐρανοῦ
1819 921 1852 949 δὲ

1053 970 1114 1004 ὄψις
1128 970 1175 996 ἐπὶ
1192 970 1240 1005 τὴν
1253 970 1338 1004 αὐτὴν
1352 969 1434 996 πάλιν
1447 968 1680 1000 ἀποκατάστασιν,
1694 967 1743 1003 μία
1756 966 1855 1003 ἡμέρα.

1053 1015 1166 1047 εἰκότως
1190 1015 1443 1051 προσαγορεύεται·
1466 1015 1535 1050 ὅπερ
1555 1014 1602 1040 καὶ
1617 1013 1663 1040 ἐπὶ
1684 1013 1734 1049 τῆς
1748 1012 1854 1048 χέρσου

1053 1062 1176 1096 γίνεσθαι
1189 1062 1320 1096 πέφυκεν,
1333 1062 1365 1088 ἐκ
1378 1061 1429 1096 τῆς
1449 1061 1534 1095 αὐτῆς
1551 1059 1716 1096 ἀνθοφορίας
1739 1059 1788 1086 ἐπὶ
1799 1059 1854 1096 τὴν

1053 1108 1148 1143 αὐτὴν,
1158 1108 1279 1134 ἐνιαυτὸν
1290 1107 1482 1143 ὀνομάζεσθαι.
1492 1107 1574 1134 Ὥστε
1584 1104 1630 1133 οὖν
1639 1106 1736 1137 ὁσάκις
1744 1104 1854 1141 ἕσπερα.

1053 1154 1100 1180 καὶ
1117 1153 1191 1189 πρωῒ
1210 1153 1281 1180 κατὰ
1304 1153 1354 1188 τὴν
1369 1152 1415 1180 τοῦ
1435 1153 1511 1188 ἡλίου
1525 1152 1650 1188 περίοδον
1664 1150 1854 1186 ἐπιλαμϐάνει

1053 1199 1098 1225 τὸν
1115 1199 1230 1234 κόσμον,
1250 1200 1288 1234 μὴ
1300 1200 1329 1226 ὲν
1343 1199 1446 1226 πλείονι
1461 1198 1561 1234 καιρῷ,
1577 1198 1634 1225 ἀλλ’
1649 1198 1678 1224 ὲν
1697 1197 1762 1233 μιᾶς
1780 1197 1854 1233 ἡμὲ-

1055 1254 1104 1279 ρας
1133 1245 1298 1280 διαστήματι
1319 1245 1499 1280 σημαίνεσθαι
1524 1245 1555 1271 τὸ
1572 1242 1786 1280 ὴμερονύκτιον,
1802 1243 1854 1271 καὶ

1051 1290 1101 1325 τὴν
1114 1291 1199 1326 αὐτὴν
1214 1291 1269 1317 τῶν
1289 1292 1445 1327 φωστήρων
1459 1290 1683 1318 ἀποκατάστασιν
1693 1298 1699 1305 ·
1714 1290 1732 1326 ἣ
1748 1289 1852 1326 μᾶλλον

1053 1335 1093 1372 [ἢ]
1109 1336 1277 1372 κυριώτερος
1291 1346 1336 1372 μοι
1352 1335 1426 1363 δοκεί
1447 1338 1462 1363 ὁ
1484 1337 1513 1363 ὲν
1529 1337 1695 1372 ἀπορρήτοις
1706 1334 1853 1371 παραδιδό-

1053 1389 1147 1416 μενος·
1168 1382 1210 1407 ὅτι
1235 1383 1249 1408 ὁ
1274 1382 1323 1417 τὴν
1343 1382 1390 1409 τοῦ
1414 1382 1511 1417 χρόνον
1536 1382 1617 1416 φύσιν
1642 1380 1852 1412 κατασκευάσας

1051 1426 1127 1459 Θεὸς,
1146 1427 1233 1461 μέτρα
1247 1427 1321 1462 αὐτῷ
1334 1428 1381 1454 καὶ
1397 1429 1498 1463 σημεῖα
1511 1428 1546 1455 τὰ
1561 1427 1615 1454 τῶν
1639 1426 1751 1463 ἡμερῶν
1768 1425 1852 1459 ἐταᾷ

1051 1470 1239 1507 διαστήματα·
1271 1473 1318 1498 καὶ
1338 1472 1466 1507 esseom
1483 1473 1565 1499 αὑτὸν
1587 1473 1778 1508 ὲκμετρήσας,
1803 1472 1852 1499 ἀεὶ

1050 1515 1101 1551 τὴν
1118 1517 1253 1552 ἑϐδομάδα
1270 1519 1310 1549 εἰς
1325 1517 1426 1553 ἑαυτὴν
1442 1518 1662 1545 ἁνακυκλοῦσθαι
1678 1518 1794 1550 κελεύει,
1805 1517 1851 1551 ἐξ·

1051 1563 1176 1598 ἀριθμῶν
1196 1563 1243 1589 τοῦ
1264 1563 1361 1599 χρόνου
1384 1563 1432 1598 τὴν
1446 1564 1554 1598 κίνησιν
1567 1572 1574 1579 ο
1601 1563 1652 1599 τὴν
1667 1563 1806 1599 ἑϐδομάδα
1819 1563 1852 1590 δὲ

1053 1610 1092 1640 εἰς
1106 1609 1204 1645 ἑαυτὴν
1219 1609 1449 1642 ἁνακυκλοῦσθαι,
1468 1611 1549 1637 πάλιν
1562 1611 1618 1646 (80)
1632 1609 1788 1646 ἐκπληροῦν
1798 1610 1852 1646 τὴν

1053 1655 1117 1689 μίαν
1128 1656 1247 1692 ἡμέραν,
1261 1656 1375 1687 ἑπτάκις
1391 1656 1475 1692 αὐτὴν
1495 1658 1534 1688 είς
1553 1656 1651 1693 ἑαυτὴν
1663 1656 1851 1693 ἀναστρέφου-

1053 1710 1111 1727 σαν.
1130 1702 1216 1728 Τοῦτο
1229 1702 1257 1728 δὲ
1279 1702 1409 1730 κυκλικὸν
1431 1704 1548 1738 ὑπάρχει
1571 1703 1674 1739 σχῆμα,
1689 1704 1737 1738 ἀφ’
1751 1702 1850 1730 ἑαυτοῦ

1052 1746 1198 1781 ἄρχεσθαι,
1224 1747 1272 1773 καὶ
1289 1748 1329 1779 είς
1352 1748 1434 1775 ἑαυτὸ
1450 1749 1616 1784 καταλήγειν
1633 1757 1640 1764 ·
1659 1748 1674 1775 ὃ
1688 1748 1721 1784 δὴ
1737 1748 1785 1776 καὶ
1799 1747 1851 1775 τοῦ

1052 1792 1149 1822 αἰῶνος
1174 1793 1254 1826 ἴδιον,
1279 1794 1326 1820 καὶ
1350 1795 1390 1826 εἰς
1412 1795 1510 1822 ἑαυτὸν
1524 1795 1705 1830 ἀναστρέφειν
1721 1795 1850 1830 μηδαμοῦ

1053 1837 1263 1873 περατούμενον.
1281 1839 1326 1864 Διὸ
1339 1839 1388 1874 τὴν
1402 1839 1524 1875 κεφαλὴν
1535 1839 1583 1866 τοῦ
1602 1840 1711 1875 χρόνου.
1727 1840 1758 1867 οὺ
1772 1839 1853 1876 πρώ-

1053 1892 1101 1919 την
1118 1885 1239 1920 ήμερῶν,
1256 1885 1324 1912 ἀλλὰ
1337 1885 1402 1920 μίαν
1414 1885 1565 1921 ὠνόμασεν,
1578 1887 1652 1918 ὅπως
1665 1887 1699 1922 τῇ
1714 1880 1852 1923 ngam-10-

1053 1930 1100 1965 ρία
1114 1929 1145 1956 τὸ
1167 1931 1297 1965 συγγενὲς
1315 1930 1364 1967 ἔχῃ
1388 1931 1457 1966 πρὸς
1477 1932 1522 1958 τὸν
1538 1931 1635 1958 αἰῶνα.
1660 1931 1713 1959 Τοῦ
1730 1931 1785 1967 γὰρ
1798 1940 1851 1968 μη-

1053 1973 1135 2009 ναχοῦ
1154 1975 1202 2002 καὶ
1219 1975 1403 2010 ἀκοινωνήτου
1426 1975 1494 2011 πρὸς
1512 1976 1605 2012 ἕτερον
1624 1976 1669 2002 τὸν
1686 1976 1852 2012 χαρακτῆρα

1051 2019 1190 2052 δεικνῦσα,
1211 2021 1320 2053 οἰκείως
1333 2022 1380 2048 καὶ
1403 2021 1549 2057 προσφυῶς
1561 2021 1770 2058 προσηγορεύθη
1785 2023 1850 2059 μία.

1052 2065 1122 2100 αὐτὴ
1138 2066 1166 2092 ὲν
1180 2066 1264 2102 ἑαυτῇ
1285 2066 1328 2094 διὰ
1344 2067 1444 2100 παντὸς
1457 2067 1555 2100 αἰῶνος
1570 2067 1849 2104 ἁνακυκλουμένηεις

1052 2111 1161 2146 ἑαυτήν.

1327 2227 1451 2254 [ιεΥΣιΣ
1474 2229 1555 2262 qu”.

1093 2291 1148 2318 Καὶ
1167 2291 1226 2324 πῶς
1250 2295 1267 2329 ἡ
1289 2294 1385 2330 Γραφὴ
1406 2295 1522 2328 πολλοὺς
1540 2296 1641 2330 αἰῶνας
1665 2297 1848 2332 ἐμφαίνουσα,

1056 2336 1129 2370 λέγει
1149 2338 1251 2371 αἰῶνας
1267 2339 1391 2371 αὶώνωνς
1408 2342 1455 2368 καὶ
1473 2342 1555 2369 Δαϐὶδ
1574 2343 1644 2378 πρὸς
1665 2343 1704 2379 τῷ
1718 2343 1848 2371 τέλειτσῦ

1053 2382 1162 2419 ψαλμοῦ
1175 2393 1255 2420 φησιν
1263 2395 1270 2401 ·
1295 2386 1554 2428 Ἐξομολογιεῖσθαι
1565 2388 1674 2424 (81)τῷ
1683 2390 1780 2425 Κυριφ
1793 2390 1848 2418 τοῦ

1053 2428 1196 2462 οὐρανοῦ,
1221 2429 1266 2457 ὅτι
1291 2432 1335 2464 εἰς
1361 2431 1476 2467 πάντας
1492 2433 1563 2467 τοὺς
1579 2434 1691 2468 αἰῶνας
1707 2434 1741 2462 τό
1761 2435 1850 2469 ἔλεος

1053 2473 1167 2507 αὐτοῦ;
1187 2475 1234 2501 καὶ
1251 2476 1333 2503 πάλιν
1345 2478 1360 2504 ὁ
1381 2478 1477 2510 αὑτός·
1496 2479 1623 2514 ’Υψώσω
1637 2488 1686 2513 σε,
1702 2482 1720 2508 ό
1741 2481 1816 2515 Θεὸς
1831 2483 1848 2509 ὁ

1053 2518 1205 2552 ,βασιλεὺς
1222 2529 1291 2555 μου,
1310 2522 1361 2548 καὶ
1384 2523 1542 2559 εὐλογήσω
1562 2524 1597 2552 τὸ
1617 2525 1712 2561 ὄνομά
1725 2533 1785 2554 σου
1802 2527 1849 2559 εις

1055 2563 1109 2590 τὸν
1128 2564 1232 2599 αἰῶνα,
1249 2567 1299 2594 καὶ
1315 2569 1359 2602 εις
1373 2569 1427 2596 τὸν
1448 2570 1541 2597 αἰῶνα
1557 2570 1611 2598 τοῦ
1629 2571 1755 2605 αἰών-σω
1779 2571 1848 2600 ’ἰδοὺ

1054 2611 1129 2645 τρεῖς
1140 2611 1238 2644 αἰῶνες
1254 2613 1282 2639 ὲν
1294 2614 1332 2649 τῷ
1351 2615 1490 2651 ἑκατοστῷ
1501 2617 1713 2654 τεσσαρακοστῷ
1723 2617 1848 2654 τετάρτῳ

1053 2655 1164 2700 ψαλμῷ.
1186 2657 1267 2685 Ἀλλά
1278 2660 1324 2686 καὶ
1336 2660 1391 2687 τῶν
1402 2661 1478 2697 παρά
1487 2663 1542 2689 τῶν
1555 2663 1651 2699 ἱερέων
1661 2663 1796 2700 ἀκούομεν
1806 2663 1848 2700 τῷ

1053 2699 1113 2735 Θεῷ
1131 2701 1308 2739 εὐχαριστίαν
1325 2705 1526 2741 ἀναφερόντων,
1547 2708 1640 2736 καὶτὸ
1660 2699 1759 2744 κράτοξ

1055 2745 1164 2773 πάντων
1179 2747 1382 2784 ἀπονεμόντων,
1396 2751 1442 2778 ὅτε
1460 2753 1541 2787 φασί·
1561 2753 1598 2780 Τὸ
1620 2745 1739 2789 κράτος,
1759 2753 1808 2782 καὶ
1825 2752 1846 2787 ἦ

245 2805 268 2822 ’τ
287 2805 367 2835 Joan.
387 2817 436 2844 xu,
457 2810 483 2837 1.
521 2811 544 2827 ³⁸
564 2811 658 2840 Matth.
679 2820 753 2847 nm,
773 2815 799 2843 2.
840 2816 862 2832 ’9
881 2816 949 2848 Gen.
973 2826 993 2851 ι,

1077 2821 1085 2837 ³
1107 2821 1180 2850 Psal.
1197 2831 1296 2859 cxxxv,
1317 2825 1362 2853 26.
1402 2828 1413 2843 ²
1433 2827 1504 2856 l’saI.
1526 2836 1617 2862 cxuv,
1639 2829 1667 2857 Ι.

248 2882 602 2927 ςξθλᾉναξξυκλοῆᾳθαι,
620 2889 722 2927 σάλῳ.
743 2890 806 2927 Leg.
825 2892 997 2921 ἀνακυκλοῠ-

213 2916 354 2947 σθαι.’καὶ
367 2920 457 2953 πάλιν,
472 2922 511 2948 vel
526 2916 974 2960 ὰνακῦκλουμέπινξυητείλινί

1086 2898 1142 2934 (8i)
1165 2900 1433 2937 Ἐξομολογεῒσθαι.
1450 2904 1513 2941 Leg.
1527 2905 1742 2942 ἐξομολογεῖσθε.
1759 2904 1800 2933 ID.
