4000 6466
331 516 642 591 βασιλεία,
672 513 771 571 καί
793 511 832 582 ἠ
861 512 1133 582 δύναμις,
1158 508 1256 563 καί
1283 509 1325 576 ή
1353 506 1503 571 δόξα
1530 504 1637 558 τοῦ
1660 504 1909 573 Πατρός,

336 612 438 669 καὶ
468 608 577 666 τοῦ
623 606 781 670 Υίοῦ,
812 603 911 659 καὶ
943 602 1049 657 τοῦ
1079 601 1252 671 ἁγίου
1284 598 1647 667 Πνεύματος,
1673 596 1792 651 νῦν
1818 596 1917 650 καί

337 706 451 771 ἀεὶ,
479 702 580 758 καί
603 702 691 769 εἰς
714 698 855 764 τοὺς
881 695 1100 762 αἰῶνας
1130 692 1250 747 τῶν
1271 690 1524 747 αἰώνων.
1562 689 1766 761 Ἀμήν,

956 785 1316 855 Ἀπόκρισις.

421 885 564 939 Ἀλλ’
591 883 691 937 οὐκ
722 882 788 934 ὲκ
817 878 1025 933 τούτων
1042 876 1272 940 πολλοὺς
1297 875 1499 937 αἰῶνας
1517 872 1768 946 ἀριθμεῖν
1795 889 1922 927 παι-

337 977 636 1050 δευόμεθα,
671 973 808 1028 ἀλλά
836 972 932 1026 καὶ
965 970 1219 1042 ἀμείψεις
1254 967 1595 1040 πραγμάτων
1623 966 1719 1019 καὶ
1749 981 1920 1019 κατα-

341 1072 606 1132 στάσεων,
636 1067 699 1120 οὐ
728 1062 1081 1136 περιγράψας
1113 1061 1171 1114 δὲ
1210 1060 1305 1114 καὶ
1328 1059 1564 1131 πέρατα,
1602 1058 1637 1128 ἢ
1674 1057 1919 1128 διαδοχὰς

339 1168 573 1225 αἰώνων.
622 1162 831 1234 Ἡμέρα
852 1163 960 1233 γὰρ
980 1160 1203 1227 Κυρίου
1219 1156 1454 1228 μεγάλη
1478 1155 1579 1209 καὶ
1601 1153 1919 1224 ἐπιφανὴς,

341 1262 505 1332 φησὶν
543 1260 572 1312 ὁ
619 1255 908 1327 προφήτης
927 1268 941 1282 ο
989 1252 1087 1304 καὶ
1115 1249 1298 1316 πάλιν,
1331 1249 1454 1302 Ἵνα
1481 1248 1538 1300 τί
1560 1246 1703 1317 ὑμῖν
1732 1245 1925 1313 ζητεῖν

340 1352 455 1423 τὴν
495 1348 726 1420 ἡμέραν
765 1345 1021 1413 Κυριόυ;
1054 1342 1153 1395 καὶ
1206 1340 1358 1409 αὕτη
1403 1340 1648 1404 σκότος,
1698 1335 1798 1390 καὶ
1852 1337 1923 1390 οὐ

340 1445 467 1516 φῶς
485 1463 499 1477 ·
534 1442 722 1504 σκότος
743 1437 986 1510 δηλονότι
1008 1438 1122 1498 τοῖς
1137 1433 1328 1500 ἀξίοις,
1359 1433 1483 1487 ἐπεὶ
1511 1432 1711 1485 ἀνέσπε
1718 1446 1810 1502 ρον
1830 1429 1925 1483 καὶ

341 1535 620 1605 ἀδιάδοχον
657 1530 759 1602 τὴν
783 1527 1000 1598 ἡμέραν
1036 1523 1254 1593 ἐκείνην
1292 1518 1431 1575 οἶδεν
1453 1523 1482 1575 ὁ
1507 1520 1667 1588 λόγος
1692 1533 1706 1549 ⁶
1734 1518 1801 1589 ἢν
1832 1519 1925 1571 καὶ

341 1629 534 1701 ὀγδόην
574 1627 603 1678 ὁ
627 1623 736 1678 τῶν
776 1620 938 1674 θείων
976 1616 1211 1689 μελῳδὸς
1241 1613 1708 1687 προσηγόρευσεν,
1747 1609 1925 1677 ’Υπὲρ

340 1721 453 1791 τῆς
483 1718 701 1790 ὀγδόης
742 1711 1091 1783 ἐπισημάνας
1137 1709 1245 1763 τῶν
1287 1706 1482 1761 ἑαυτοῦ
1508 1704 1738 1776 ψαλμῶν
1765 1702 1921 1776 (8l').

340 1816 531 1886 ἕτερον
570 1812 649 1875 δὲ,
683 1809 896 1881 γραφῇ,
941 1804 1124 1873 Ὑπὲρ
1151 1801 1672 1871 κληρονομούσης,
1699 1798 1775 1861 ὼς
1801 1796 1924 1851 ταύ-

339 1925 443 1979 της
475 1905 574 1960 καὶ
622 1905 789 1975 μόνης
826 1900 926 1962 τὰς
966 1897 1161 1961 λοιπάς
1192 1892 1638 1967 κληρονομούσης
1684 1890 1917 1962 ἡμέρας,

341 2000 456 2061 τοῖς
508 1996 836 2064 ἀπεράντοις
880 1991 977 2045 καὶ
1023 1989 1288 2060 ἀτμήτοις
1339 1985 1712 2056 διαστήμασι,
1774 1981 1836 2036 τὸ
1865 1981 1921 2034 δὲ

344 2082 491 2138 κατὰ
534 2084 751 2136 πάντων
784 2080 953 2150 κῦρος
995 2076 1433 2149 ἀναδησαμένης,
1471 2074 1561 2127 διὰ
1599 2072 1661 2126 τὸ
1693 2072 1924 2143 ὑπερτε-

347 2172 460 2240 ρεῖν
506 2170 600 2223 καὶ
649 2167 754 2233 ἔξω
786 2166 1002 2222 κεῖσθαι
1045 2165 1141 2219 τοῦ
1189 2161 1555 2236 ἑϐδοματικοῦ
1610 2160 1795 2215 τούτου
1825 2159 1923 2213 κύ-

339 2260 491 2315 κλου.
531 2261 697 2331 ’Ὥστε
733 2260 838 2314 κᾶν
865 2261 1079 2331 ἡμέραν
1129 2260 1308 2331 φήσω,
1348 2256 1452 2311 κᾶν
1476 2254 1669 2319 αἰῶνα,
1697 2254 1797 2325 τὴν
1826 2253 1923 2307 αὐ-

337 2354 440 2425 τήν
486 2330 630 2424 φημι
676 2353 908 2406 ἔννοιαν.
943 2352 1070 2404 Εἴτε
1112 2330 1224 2422 γὰρ
1255 2349 1439 2421 ἡμέρα
1476 2347 1584 2418 εἰη,
1623 2346 1721 2417 μία
1748 2344 1920 2408 ἔσται,

337 2446 436 2499 καὶ
463 2446 526 2499 οὐ
556 2443 786 2498 πολλαί·
816 2442 926 2496 εἴτε
959 2441 1095 2497 αἰὼν
1124 2439 1551 2512 προσαγορεύων
1593 2437 1728 2508 (82),
1759 2452 1926 2508 μονα-

335 2539 430 2611 χδς
462 2538 528 2593 ἂν
557 2536 642 2608 εἴη
679 2535 776 2589 καὶ
813 2534 1138 2606 ἀπέραντος.
1176 2534 1321 2606 Πρὸς
1356 2533 1450 2604 τὴν
1487 2529 1786 2603 μέλλουσαν
1829 2525 1925 2585 οὖν

336 2630 484 2702 ζωὴν
517 2629 734 2696 ἀνάγων
774 2626 934 2698 ἡμῶν
964 2624 1065 2698 τὴν
1109 2624 1339 2690 ἔννοιαν,
1389 2624 1519 2697 μίαν
1567 2622 1775 2696 ἔγραψε
1825 2621 1924 2694 τὴν

336 2719 520 2773 εἰκόνα
547 2717 641 2771 τοῦ
692 2717 893 2781 παντὸς
939 2716 1135 2781 αἰῶνος
1167 2717 1373 2787 Μωσῆς
1398 2718 1427 2768 ὁ
1453 2715 1797 2786 ἱεροφάντης,
1825 2713 1924 2784 τὴν

336 2810 593 2883 ἀπαρχὴν
620 2809 728 2862 τῶν
756 2809 1004 2881 ἡμερῶν,
1043 2809 1144 2880 τὴν
1184 2808 1423 2879 ὁμήλικα
1461 2806 1557 2860 τοῦ
1603 2805 1800 2875 φωτὸς,
1826 2804 1924 2879 τὴν

337 2900 489 2955 Θείαν
537 2901 631 2954 καὶ
679 2898 885 2971 σεπτὴν
930 2898 1243 2971 Κυριακὴν,
1279 2899 1379 2971 τὴν
1409 2900 1476 2969 τῇ
1508 2897 1802 2952 ἀναστάσει
1827 2895 1922 2950 τοῦ

336 2993 543 3066 Κυρίου
574 2992 970 3064 τετιμημένην.

920 3283 1171 3338 ΠΕΥΣΙΣ
1202 3284 1350 3338 ΡῙΖ’.

420 3374 639 3448 Ἐπειδὴ
665 3374 887 3445 λέγουσι
907 3393 1054 3440 τινες
1076 3375 1380 3440 ἐπαοιδίαις
1405 3378 1499 3430 καὶ
1525 3382 1803 3451 γοητείαις
1826 3381 1926 3454 τὴν

337 3467 570 3541 σελήνην
595 3468 936 3538 κατάγεσθαι
966 3469 1263 3541 οὐρανόθεν
1284 3486 1300 3502 ’
1326 3471 1421 3525 καὶ
1451 3472 1513 3526 τὸ
1549 3474 1801 3531 πλεῖστον
1829 3478 1927 3548 μέ-

338 3577 432 3633 ρος
458 3561 559 3632 τῆς
580 3559 1003 3633 ἀνθρωπότητος
1027 3563 1095 3633 τῇ
1128 3562 1287 3633 φήμῃ
1311 3561 1487 3638 ταύτῃ
1515 3567 1811 3637 κρατηθὲν,
1843 3568 1924 3621 σί-

334 3651 500 3724 δηρον
529 3653 624 3706 καὶ
658 3652 859 3723 χαλκὸν
886 3651 1203 3723 κρούοντες,
1232 3652 1427 3726 ὥσπερ
1455 3657 1513 3709 ὲν
1556 3657 1809 3711 ἐκστάσει
1834 3675 1928 3727 γε·

334 3744 569 3817 νομένην
595 3744 674 3815 τῷ
699 3745 841 3815 ἤχῳ,
864 3743 968 3814 τῆς
997 3743 1206 3814 πλάνης
1227 3745 1398 3816 αὐτὴν
1442 3747 1814 3817 ὲπανάγεσθαι
1842 3766 1927 3803 νο-

337 3836 610 3910 μίζουσιν.

946 3927 1304 3995 Ἀπόκρισις.

401 4018 583 4074 Μῦθοί
626 4035 770 4082 τινες
812 4015 1211 4085 καταγέλαστοι
1253 4016 1358 4070 ὑπὸ
1395 4017 1583 4088 γραῶν
1612 4019 1922 4084 κωθωνιζο-

336 4111 515 4181 μένων
566 4111 745 4183 πάντη
798 4108 1114 4181 διεδόθησαν
1152 4109 1660 4184 παραληρούμενοι,
1707 4128 1924 4182 μαγγα-

333 4203 504 4265 νείαις
524 4204 639 4257 τισὶ
664 4202 767 4270 τῆς
798 4202 1010 4265 οἰκείας
1034 4201 1200 4274 ἕδρας
1220 4201 1622 4268 ἀτεοκινεῖσθαι,
1662 4206 1756 4259 καί
1785 4205 1923 4276 πρὸς

332 4296 440 4364 γῆν
478 4293 649 4365 αὐτὴν
683 4290 968 4365 φέρεσθαι,
1018 4295 1113 4348 καὶ
1139 4293 1527 4366 ψηλαφᾶσθαιο
1572 4295 1708 4368 ὅπερ
1739 4296 1923 4367 πάσης

333 4384 557 4452 ἀλογίας
580 4384 675 4439 καὶ
699 4383 800 4454 τῆς
821 4383 1061 4456 ἐσχάτης
1086 4384 1348 4448 ἀπονοίας
1377 4385 1624 4457 ὑπάρχον
1659 4404 1750 4458 μοι
1773 4388 1924 4443 δοκεῖ

330 4482 424 4537 τὸν
447 4480 590 4535 θεῖον
616 4478 1064 4553 παρακρούεσθαι
1094 4480 1351 4553 μελῳδὸν,
1378 4482 1595 4555 ᾀδοντα’
1614 4487 1916 4556 Σελήνην,

315 4568 1258 4642 καίάστέραςάσὺέθεμελίωσας.
1314 4573 1474 4636 Ποῖος
1514 4571 1574 4625 δὲ
1612 4573 1716 4646 ἄρα
1752 4574 1915 4641 τόπος

335 4663 818 4719 κατασπασθεῖσαν
852 4663 1026 4736 αὐτὴν
1063 4664 1388 4731 ὐπεδέξατος
1430 4659 1535 4729 Ἧς
1568 4666 1637 4719 δι’
1667 4668 1916 4738 ἀμυδρᾶς

338 4756 549 4817 εἰκόνος
582 4753 849 4820 ἀποδείξω
876 4755 938 4809 τὸ
975 4756 1205 4827 μέγεθος
1240 4760 1354 4821 τοῖς
1394 4756 1819 4822 εἰκαιοὸούλοτς*
1849 4758 1918 4815 Αἰ

333 4844 477 4900 κατά
516 4845 615 4916 τὴν
658 4845 988 4916 οἰκουμένην
1036 4847 1223 4912 πόλεις
1266 4848 1519 4902 πλεῖστον
1559 4847 1804 4919 ἀλλήλων
1838 4848 1920 4902 δι-

338 4938 573 4992 εστῶσαι
592 4939 713 5001 ταῖς
736 4935 880 4990 κατὰ
899 4936 999 5008 τὴν
1022 4936 1162 5007 ὲῴαν
1186 4940 1467 5009 κειμέναις
1487 4940 1581 4994 καί
1595 4940 1693 5011 τὴν
1758 4942 1920 4997 sunt.

341 5049 458 5105 ραν,
485 5032 581 5085 καὶ
594 5028 871 5100 διαφόροις
884 5028 985 5099 τῆς
1000 5028 1196 5101 χέρσου
1216 5032 1575 5102 ρυμοτομίαις
1592 5034 1688 5087 καὶ
1701 5034 1913 5105 ὄχθαις,

338 5124 632 5197 ἰσομοίρως
688 5125 861 5178 πᾶσαι
908 5121 971 5176 τὸ
1009 5122 1313 5194 σεληνιαῖον
1359 5124 1477 5193 φῶς
1538 5126 1912 5197 ὑποδέχονται,

333 5216 472 5284 ὅπερ
496 5220 610 5280 τοῖς
633 5216 956 5289 ἀρτίφροσιν
986 5214 1173 5268 ἰκανὸν
1203 5214 1406 5280 πάσαις
1447 5217 1617 5288 αὐτὴν
1654 5219 1913 5290 ἀντιπρόο

333 5323 512 5360 σωπον
541 5308 636 5361 καὶ
673 5306 1030 5380 ὑπερμεγέθη
1057 5307 1367 5378 τυγχάνειν.
1405 5309 1471 5362 Εἰ
1501 5309 1576 5381 μὴ
1601 5311 1711 5380 γὰρ
1739 5309 1912 5375 οὕτως

328 5396 420 5474 ἦν,
458 5401 676 5466 πάντως
702 5402 768 5456 ἂν
795 5405 922 5469 τοὺς
948 5404 1036 5456 ἐπ’
1070 5402 1291 5467 εὐθείας
1320 5402 1664 5472 κατεφώτισε
1688 5403 1908 5474 μόνους,

328 5496 442 5557 τοῖς
465 5493 520 5546 δὲ
544 5493 605 5547 τὸ
641 5490 799 5566 εὖρος
823 5495 997 5566 αὐτῆς
1028 5495 1462 5568 ὐπερπίπτουσιν
1490 5496 1908 5567 ὲγκεκλιμέναις

1709 389 2061 449 DIALOGUS
2125 390 2216 446 III.

3449 390 3588 445 1602

2018 514 2069 558 et
2095 503 2265 573 gloria
2308 497 2512 569 Patris,
2534 512 2584 558 et
2606 502 2755 570 Filii,
2781 518 2828 561 et
2858 503 3085 573 Spiritus
3139 506 3329 570 sancti,
3367 520 3502 559 nunc
3536 512 3591 559 et

2020 611 2241 665 semper,
2268 606 2319 650 et
2342 596 2397 649 in
2427 593 2624 649 saecula
2653 593 2996 654 seculorum.
3022 599 3206 648 Amen.

2657 770 2969 841 Responsio.

2091 870 2163 922 At
2188 867 2400 923 existis
2423 882 2528 922 non
2563 866 2823 922 docemur
2853 866 3020 921 multa
3050 880 3341 923 numerare
3373 867 3593 932 saecula,

2022 962 2199 1019 sedet
2227 960 2557 1017 mutationes
2590 976 2774 1016 rerum
2820 969 2875 1015 et
2912 970 3170 1027 statuum,
3208 977 3313 1016 non
3357 961 3597 1016 circum-

2022 1052 2349 1122 scriptiones
2368 1060 2425 1108 et
2445 1052 2709 1110 terminos
2726 1063 2821 1106 aut
2848 1051 3226 1106 successiones
3247 1052 3596 1107 saeculorum.

2022 1143 2147 1199 Dies
2174 1146 2320 1199 enim
2370 1143 2588 1199 Domini
2630 1161 2853 1215 magnus
2884 1154 2935 1198 et
2971 1145 3221 1210 illustris,
3263 1145 3439 1214 inquit
3469 1160 3598 1216 pro-

2023 1242 2182 1311 pheta
2214 1241 2255 1295 ³.
2287 1242 2354 1295 Et
2380 1241 2617 1294 iterum:
2653 1240 2722 1293 At
2762 1240 2887 1309 quid
2935 1239 3081 1293 vobis
3118 1242 3329 1308 prodest
3365 1256 3601 1310 querere

2023 1334 2165 1387 diem
2191 1332 2451 1387 Domini?
2476 1333 2636 1387 etiam
2664 1333 2782 1401 ipsa
2806 1333 2905 1385 erit
2934 1332 3124 1403 caligo,
3159 1348 3261 1385 non
3296 1331 3391 1385 (ua:
3422 1333 3464 1385 ⁸.
3496 1333 3603 1387 Ca-

2024 1422 2132 1494 ligo
2157 1422 2366 1477 scilicet
2395 1422 2465 1477 iis
2496 1423 2591 1492 qui
2625 1422 2705 1476 sic
2748 1434 3053 1488 merentur,
3095 1422 3363 1493 siquidem
3396 1424 3605 1494 absque

2024 1532 2250 1588 vespere
2299 1531 2364 1572 ac
2411 1516 2761 1573 successione
2807 1515 2950 1571 diem
3001 1516 3146 1570 illam
3205 1514 3320 1570 fore
3371 1517 3599 1581 scimus,

2024 1627 2191 1682 quam
2221 1620 2275 1666 et
2295 1620 2541 1667 octavam
2575 1610 2886 1665 divinorum
2933 1612 3238 1665 carminum
3279 1617 3474 1664 auctor
3502 1624 3602 1679 ap-

2026 1703 2247 1775 pellavit
2285 1720 2298 1758 :
2337 1702 2448 1756 Pro
2505 1712 2691 1757 octava
2736 1705 2976 1770 psalmos
3025 1717 3155 1757 suos
3206 1702 3512 1759 inscribens
3555 1703 3601 1757 ⁵.

2027 1798 2208 1853 Alium
2244 1799 2373 1853 item
2418 1797 2691 1868 psalmum
2724 1797 2970 1853 inscribit
2999 1815 3014 1852 :
3060 1795 3168 1850 Pro
3195 1813 3258 1851 ea
3289 1812 3407 1867 qua:
3436 1797 3604 1851 haereo

2027 1889 2246 1944 ditatem
2278 1889 2473 1959 accipit
2502 1888 2524 1920 ⁸
2556 1906 2570 1943 :
2615 1888 2773 1959 quasi
2815 1889 2930 1944 haec
2971 1889 3085 1944 sola
3122 1888 3453 1958 reliquarum
3486 1887 3605 1944 die-

2027 1998 2150 2037 rum
2179 1984 2249 2037 sit
2280 1983 2474 2049 hteres,
2520 1998 2615 2053 per
2664 1982 2869 2037 inﬁnita
2909 1991 2964 2037 et
3006 1982 3245 2052 expertia
3296 1982 3601 2038 sectionum

2031 2073 2263 2129 ullarum
2289 2074 2464 2143 spatia
2492 2086 2810 2130 cunctarum
2842 2088 3023 2128 rerum
3051 2073 3280 2144 imperio
3306 2073 3557 2129 redimita
3584 2094 3598 2129 :

2029 2181 2315 2238 propterea
2344 2169 2492 2238 quod
2527 2169 2776 2236 superior
2806 2168 2898 2235 sit,
2942 2177 2996 2223 et
3038 2176 3191 2223 extra
3237 2168 3605 2239 septenarium

2028 2260 2178 2314 hunc
2199 2260 2468 2316 circulum
2495 2261 2692 2331 posita.
2718 2260 3084 2328 Quamobrem
3114 2260 3230 2317 sive
3249 2260 3390 2315 diem
3423 2261 3608 2331 appel-

2028 2352 2233 2418 lavero,
2265 2354 2380 2408 sive
2418 2353 2679 2408 saeculum
2709 2363 2763 2408 et
2790 2367 2966 2408 aevum
3012 2370 3028 2406 :
3074 2355 3264 2409 eodem
3313 2362 3610 2419 utrumque

2029 2444 2337 2514 proferetur
2378 2446 2675 2502 intellectu.
2724 2444 2850 2501 Sive
2897 2446 3042 2501 enim
3097 2446 3214 2502 dies
3269 2446 3451 2509 fuerit,
3498 2461 3608 2500 una

2029 2538 2156 2602 erit,
2186 2546 2242 2593 et
2270 2554 2379 2594 non
2413 2539 2633 2606 multae;
2680 2539 2796 2594 sive
2837 2539 3094 2595 saeculum
3132 2540 3452 2610 appelletur.
3486 2539 3609 2592 uni-

2030 2643 2157 2684 cum
2204 2630 2334 2700 quid
2389 2629 2574 2695 fuerit,
2622 2640 2673 2687 et
2719 2631 2925 2702 absque
2956 2633 3211 2689 termino.
3247 2633 3328 2688 Ad
3364 2632 3607 2687 futuram

2032 2721 2196 2788 igitur
2221 2724 2385 2777 vitam
2410 2725 2718 2780 subducens
2761 2736 3008 2781 nostrum
3055 2725 3409 2790 intellectum,
3440 2740 3610 2780 unam

2032 2814 2175 2867 diem
2211 2813 2347 2868 dixit
2371 2815 2637 2883 interpres
2677 2815 2768 2871 ille
2793 2830 2973 2870 rerum
3005 2832 3290 2874 sacrarum
3321 2816 3518 2881 Moses,
3552 2827 3612 2872 ut

2032 2919 2155 2975 quae
2180 2905 2253 2959 sit
2285 2905 2466 2976 imago
2511 2906 2679 2963 totius
2718 2908 3057 2974 aeternitatis,
3093 2910 3351 2978 primitiae
3372 2910 3609 2977 dierum,

2032 3011 2215 3051 coawa
2256 2997 2416 3061 lucis,
2467 2998 2648 3054 divina
2689 2999 2927 3070 denique
2954 3016 3017 3055 at.
3059 3006 3363 3057 veneranda
3392 3004 3479 3057 illa
3505 3003 3613 3057 Do.

2033 3089 2256 3155 miuica,
2289 3104 2411 3159 quae
2439 3092 2605 3145 etiam
2637 3106 2703 3146 ex
2744 3091 2960 3147 Domini
3004 3095 3402 3150 resurrectione
3435 3096 3612 3151 hono-

2033 3195 2150 3237 rem
2183 3183 2510 3252 peculiarem
2546 3194 2630 3239 est
2658 3196 2973 3241 consecuta.

2435 3276 2641 3332 INTER
2651 3276 2957 3335 ROGATIO
2992 3279 3205 3337 CXVII.

2098 3371 2383 3439 Quomodo
2431 3372 2621 3428 dicunt
2680 3373 2871 3445 aliqui,
2911 3374 3332 3433 incantamentis
3372 3385 3428 3432 et
3470 3390 3613 3447 pra:-

2025 3462 2202 3536 stigiis
2250 3463 2436 3519 lunam
2477 3464 2617 3520 coelo
2657 3464 2910 3520 detrahi?
2949 3465 3185 3523 Maxima
3217 3477 3365 3525 certe
3393 3474 3610 3541 generis

2027 3554 2254 3609 humani
2283 3569 2413 3625 pars
2439 3553 2606 3625 hujus
2637 3554 2715 3611 rei
2759 3555 2906 3612 fama
2939 3558 3184 3629 persuasi
3233 3572 3287 3615 et
3330 3565 3605 3633 occupati,

2026 3644 2232 3703 ferrum
2263 3658 2319 3704 et
2347 3666 2423 3706 tes
2447 3650 2738 3719 pulsando,
2784 3659 3047 3722 tanquam
3079 3668 3111 3708 e
3140 3662 3406 3722 potestate
3426 3672 3610 3729 egros.

2025 3755 2142 3795 sam
2168 3756 2266 3811 per
2291 3742 2581 3813 strepitum
2610 3742 2681 3798 ab
2707 3758 2897 3800 errore
2926 3744 3146 3801 liberari
3175 3754 3386 3816 putant.

2666 3921 2979 3992 Responsio.

2094 4002 2315 4059 Fabulae
2338 4006 2586 4076 quaedam
2622 4009 2866 4067 ridiculae
2908 4013 2979 4069 ab
3019 4013 3251 4071 aniculis
3282 4018 3608 4075 somnianti-

2022 4097 2126 4154 bus
2157 4100 2356 4172 ubiquc
2388 4102 2758 4163 disseminata:
2786 4117 2933 4176 sunt,
2960 4125 3193 4181 quarum
3224 4112 3473 4169 delirium
3497 4125 3604 4183 est,

2022 4191 2342 4263 imposturis
2366 4195 2692 4266 quibusdam
2726 4202 2946 4271 propria
2982 4202 3112 4259 sede
3150 4203 3335 4259 lunam
3373 4209 3602 4275 moveri,

2020 4295 2075 4341 et
2097 4286 2164 4341 ad
2212 4289 2385 4359 ipsam
2432 4300 2635 4346 terram
2696 4292 2825 4349 ferri
2872 4305 2926 4351 et
2974 4298 3320 4355 contrectari.
3362 4299 3416 4355 Id
3455 4303 3605 4373 quod

2018 4379 2199 4437 oninis
2254 4381 2610 4440 absurditatis
2657 4395 2712 4441 et
2759 4397 3016 4445 extremae
3060 4390 3348 4448 dementiae
3380 4395 3603 4465 plenum

2018 4468 2260 4526 refutare
2286 4473 2440 4541 mihi,
2468 4474 2779 4531 divinorum
2825 4478 2916 4533 ille
2953 4481 3261 4537 carminum
3290 4497 3485 4540 auctor
3517 4487 3605 4541 vi-

2022 4563 2204 4628 detur,
2239 4580 2364 4620 cum
2406 4567 2600 4621 canit:
2640 4566 2849 4624 Lunam
2891 4582 2941 4625 et
2983 4572 3167 4628 stellas
3198 4584 3258 4628 tu
3288 4575 3530 4645 fundasti
3555 4581 3599 4635 ⁷.

2023 4653 2212 4722 Qualis
2254 4667 2436 4713 autem
2478 4658 2650 4728 locus,
2701 4678 2907 4731 quaeso,
2953 4663 3252 4720 detractam
3294 4667 3469 4738 ipsam
3500 4685 3605 4724 un-

2020 4762 2186 4818 quam
2214 4751 2640 4823 excepiticujus
2673 4755 2801 4810 exili
2848 4758 3083 4827 quadam
3121 4759 3359 4830 imagine
3389 4763 3603 4834 magni-

2021 4839 2264 4894 tudinem
2308 4842 2463 4897 vanis
2500 4842 2611 4898 illis
2654 4847 2970 4903 hominibus
3007 4850 3419 4908 demonstrabo.
3467 4852 3603 4920 Quae

2020 4943 2117 4999 per
2164 4930 2350 4984 orbem
2401 4940 2665 4988 terrarum
2717 4947 2846 4990 sunt
2891 4938 3076 5007 urbes,
3132 4940 3425 5009 plurimum
3472 4958 3503 4998 a
3540 4958 3602 5000 se

2020 5019 2254 5076 invicem
2278 5023 2577 5080 secundum
2619 5026 2937 5084 orientalem
2968 5040 3022 5086 et
3060 5033 3451 5091 occidentalem
3484 5036 3601 5106 pla—

2022 5130 2145 5184 gam
2195 5114 2403 5171 dissita:
2448 5125 2598 5183 sunt,
2645 5133 2711 5175 ac
2749 5120 2978 5178 diversis
3010 5124 3218 5180 viarum
3264 5128 3601 5185 sectionibus

2019 5208 2293 5280 editisque
2356 5210 2490 5267 locis
2552 5212 2830 5283 sejunctas.
2901 5214 3267 5275 Nihilominus
3316 5210 3603 5292 aequaliter

2019 5317 2209 5357 omnes
2240 5298 2430 5359 lunare
2475 5303 2659 5360 lumen
2699 5307 3026 5377 suscipiunt.
3075 5308 3133 5365 Id
3176 5312 3322 5381 quod
3361 5313 3601 5369 cordatis

2019 5394 2240 5458 sullicit,
2268 5396 2526 5453 omnibus
2555 5399 2731 5468 ipsam
2779 5400 3011 5457 urbibus
3049 5401 3360 5468 obversam,
3395 5413 3451 5460 et
3483 5405 3601 5460 exi-

2018 5486 2143 5542 mias
2173 5488 2558 5558 inagnitudinis
2602 5503 2741 5544 esse.
2793 5487 2909 5545 Nisi
2960 5493 3106 5547 enim
3153 5495 3236 5551 sic
3281 5505 3598 5566 comparata

326 5589 544 5657 αὐγαῖς,
568 5585 657 5641 διὰ
694 5587 805 5641 τῶν
853 5586 1105 5656 πλαγίων
1144 5588 1520 5661 παραθέουσα,
1569 5588 1905 5662 προσέϐαλεν

2029 5595 2103 5637 res
2130 5578 2290 5646 foret,
2344 5582 2566 5637 omnino
2608 5597 2705 5638 eos
2755 5583 3053 5641 illustraret
3094 5587 3268 5656 solos,
3308 5589 3406 5657 qui
3448 5601 3598 5646 recta

399 5725 421 5757 ³
454 5722 572 5781 Joel
612 5741 673 5789 ιι,
714 5725 739 5779 1
782 5740 891 5781 sec.
934 5722 1100 5779 LXX.
1174 5724 1197 5758 ⁴
1233 5725 1401 5784 Amos
1438 5744 1494 5793 ν,
1544 5728 1635 5784 18.
1714 5730 1736 5762 ³
1774 5728 1918 5784 Psal.

2029 5768 2032 5784 .
2078 5726 2135 5790 I;
2169 5738 2247 5786 XI.
2286 5721 2338 5776 1.
2416 5721 2438 5753 ⁸
2476 5720 2621 5776 Psal.
2658 5737 2713 5786 v,
2753 5721 2809 5777 l.
2883 5724 2903 5755 ⁷
2943 5722 3088 5781 Psal.
3127 5740 3249 5792 vni,
3289 5723 3346 5779 4.

325 5858 535 5987 Εοξδιδ)
579 5860 701 5917 Τῶν
731 5907 752 5923 ,
773 5902 790 5918 .
821 5900 836 5915 .
868 5857 1151 5930 ψαλμῶ.
1187 5864 1343 5919 Anne
1380 5863 1473 5917 τὸν
1501 5902 1517 5918 .
1549 5900 1565 5917 .
1600 5903 1615 5918 .
1644 5862 1898 5936 ψαλμόνῖ

429 5947 484 5987 τ.

429 5947 484 5987 τ.

686 6028 960 6116 Patron.
1008 6030 1140 6122 9n.
1190 6025 1531 6091 XXXVIII.

2078 5858 2193 5939 (82)
2232 5861 2389 5939 ᾼὶὼν
2414 5866 2895 5939 προσαγορεύων.
2930 5860 3082 5920 Fort.
3117 5862 3294 5922 αἰῶνα
3322 5877 3599 5937 «parare-2

3200 6026 3283 6092 3‘2

2011 5929 2211 6002 ρεύσω.
2233 5933 2310 5990 ID.
