4000 6422
487 332 626 390 ιθοτ

485 445 589 517 ipsi
626 450 1031 523 opponerentur
1065 462 1077 498 :
1120 442 1215 513 qui
1256 458 1383 499 vero
1422 446 1489 500 ad
1535 447 1676 504 latus
1724 450 1815 504 siti
1850 461 2053 511 essent,

484 555 579 595 eos
612 537 888 593 inclinatis
940 539 1327 607 depressisque
1373 539 1544 596 radiis
1583 542 1803 612 oblique
1840 553 2062 613 praeter-

484 644 713 686 currens
757 637 965 683 tantum
1011 630 1318 699 attingeret.
1366 628 1484 687 Non
1536 634 1719 689 minus
1762 636 1908 689 enim
1958 637 2065 693 alia

484 722 701 777 ratione
735 720 926 775 eadem
972 720 1039 775 de
1093 722 1196 776 hac
1253 721 1696 780 declarabuntur.
1747 724 1806 781 Si
1847 728 2065 797 quando

484 812 655 884 igitur
687 811 755 866 ab
784 812 1000 867 excelso
1047 813 1249 869 montis
1295 815 1499 870 vertice
1547 832 1801 887 campum
1846 820 2061 888 conspi-

485 920 639 961 ceres
660 906 930 976 ingentem
956 914 1011 960 et
1030 906 1272 975 planum,
1302 920 1543 977 quantae,
1561 910 1813 975 obsecro,
1847 914 2063 982 magni-

484 997 691 1053 tudinis
735 1012 855 1053 esse
904 998 1000 1052 tibi
1049 999 1361 1054 viderentur
1410 1001 1573 1055 boum
1616 1001 1779 1073 juga?
1824 1014 2061 1074 quantae.

484 1089 767 1145 aratores?
834 1099 1087 1160 quantm,
1147 1092 1415 1148 bubulcus
1481 1094 1680 1164 aliquis
1735 1111 1858 1151 cum
1917 1098 2065 1154 mille

484 1181 649 1238 boum
701 1193 968 1250 armento,
1002 1194 1097 1239 aut
1133 1185 1454 1241 innumerus
1507 1202 1775 1259 agnorum
1825 1206 1953 1262 grex
1994 1191 2063 1246 ad

482 1275 732 1345 paludem
780 1275 1008 1331 balans?
1058 1286 1298 1346 quantae,
1347 1276 1618 1337 ferociens
1657 1297 1925 1354 equorum
1970 1297 2063 1338 ar-

481 1378 747 1432 mentum,
782 1377 836 1424 et
868 1368 923 1423 in
954 1369 1127 1439 pratis
1164 1370 1488 1427 exsultans?
1536 1374 1621 1428 An
1668 1389 1779 1431 non
1824 1374 1923 1430 tibi
1951 1373 2064 1430 for-

480 1459 638 1516 micis
671 1460 925 1516 exiliores
945 1461 1302 1517 viderentur?
1341 1461 1495 1531 Quod
1520 1465 1567 1521 si
1591 1466 1755 1521 etiam
1785 1481 1817 1521 e
1841 1466 2062 1537 specula

477 1553 564 1607 vcl
601 1552 784 1623 aliquo
831 1552 969 1609 colle
1021 1553 1091 1608 ad
1137 1555 1537 1626 amplissimum
1573 1558 1797 1628 pelagus
1833 1572 2063 1613 conver-

477 1661 596 1711 sus,
645 1644 856 1701 deﬁxos
903 1643 956 1698 in
1005 1660 1158 1701 mare
1210 1648 1403 1704 oculos
1463 1647 1787 1718 conjiceres,
1843 1658 2063 1720 quanta:

476 1737 576 1792 tibi
648 1735 1041 1806 magnitudinis
1116 1752 1238 1795 esse
1321 1740 1640 1796 viderentur
1717 1739 1910 1797 insula:
1976 1742 2061 1798 vel

476 1824 758 1880 maximae?
792 1835 1031 1895 quantae,
1069 1837 1293 1885 onerata
1334 1829 1605 1900 quaepiam
1653 1829 1882 1888 inﬁnitis
1911 1847 2059 1889 mer-

478 1918 635 1974 cibus
662 1919 817 1975 navis
849 1934 975 1975 cum
1014 1921 1155 1976 albis
1197 1922 1332 1978 velis
1360 1921 1594 1978 caeruleo
1632 1924 1846 1981 invecta
1883 1925 2060 1982 mari?

477 2012 560 2065 An
580 2026 722 2066 xnon
771 2013 966 2081 quavis
1015 2013 1269 2068 columba
1330 2013 1616 2070 exiliorem
1672 2016 1770 2073 tibi
1819 2018 2057 2089 speciem

475 2118 869 2181 aspectumque
891 2112 1193 2177 exhiberet,
1238 2110 1361 2167 visu
1404 2112 1461 2169 in
1496 2128 1624 2169 aere
1663 2114 1973 2185 absumpto,
2004 2123 2059 2172 et

470 2210 829 2258 evanescente
873 2202 943 2257 ob
999 2201 1517 2275 intervallum,‘quo
1561 2204 1746 2260 minus
1797 2214 2058 2263 accurate

473 2289 647 2357 ipsam
682 2287 877 2345 oculus
924 2289 1393 2361 comprehendat?
1432 2291 1621 2349 itidem
1673 2296 1951 2351 nonnullis
1997 2297 2055 2352 in

470 2382 606 2438 locis
637 2395 851 2439 montes
882 2393 1011 2439 sunt
1056 2383 1301 2448 maximi,
1353 2387 1446 2457 qui
1497 2386 1551 2441 in
1592 2387 2056 2457 profunditatibus

471 2476 790 2533 ambiuntur
827 2494 924 2547 per
968 2477 1263 2544 convalles,
1300 2488 1355 2553 et
1387 2481 1712 2536 torrentium
1749 2482 1919 2538 alveis
1938 2483 2056 2538 cin-

469 2581 692 2641 guntur,
725 2571 791 2626 ad
820 2586 1053 2642 quorum
1080 2571 1408 2628 eminentiae
1430 2572 1565 2629 levis
1589 2572 1882 2645 ﬁuxusque
1906 2576 2054 2634 visus

467 2662 665 2727 fertur,
714 2674 767 2719 et
816 2664 985 2720 solam
1030 2663 1246 2733 attingit
1289 2664 1632 2734 superﬁciem
1662 2707 1676 2730 ,
1715 2683 1835 2723 cum
1881 2667 2054 2724 inter-

464 2756 711 2827 jacentes
740 2756 1108 2810 concavitates
1132 2765 1418 2826 penetrare
1456 2764 1511 2811 et
1538 2757 1807 2827 inspicere
1834 2771 2057 2829 propter

470 2849 894 2904 imbecillitatem
926 2856 1175 2917 nequeat.
1209 2846 1293 2901 An
1332 2863 1442 2904 non
1471 2848 1635 2904 etiam
1666 2851 1970 2920 quadratae,
2001 2861 2057 2908 et

470 2940 536 2995 ad
563 2941 735 2995 nubes
769 2939 1059 2993 altitudine
1094 2941 1469 3011 pertingentes
1504 2950 1709 3008 turres,
1746 2943 1981 3000 humiles
2000 2952 2056 2998 et

1565 334 1620 389 S.
1662 332 1957 391 CIESARII
1987 334 2316 394 GREGORII
2350 334 2650 392 FRATRIS

3606 337 3748 394 “IN

2164 450 2251 505 ἄν.
2289 449 2456 503 Οὐδὲν
2494 444 2658 520 ἦττον
2699 445 2792 499 καὶ
2825 446 3027 517 ἑτέρως
3066 444 3136 500 τὰ
3166 446 3296 517 περὶ
3336 444 3545 518 ταύτης
3570 464 3751 520 σαφη·

2166 541 2501 613 νισθὴσεται.
2532 540 2731 593 Είποτε
2747 534 2841 593 οῦν
2873 538 2967 609 ἀφ’
2996 538 3209 611 ὑψηλῆς
3232 542 3547 614 ἀκρωρείας
3563 542 3750 598 πεδίον

2165 633 2375 687 ἐθεάσω
2410 631 2546 685 πολὺ
2593 630 2689 684 καὶ
2730 628 2949 697 ὕπτιον,
2994 629 3159 700 ἡλίκα
3201 630 3300 700 μέν
3342 649 3424 685 σοι
3461 633 3573 685 τῶν
3606 633 3748 704 βοῶν

2164 724 2446 794 κατεφάνη
2484 722 2555 775 τά
2588 720 2791 793 ζεύγη;
2840 721 3063 792 πηλίκοι
3097 721 3155 775 δὲ
3188 724 3234 776 οἱ
3264 724 3554 796 ἀροτῆρες,
3587 725 3620 795 ἦ
3651 727 3751 779 σὺν

2163 816 2230 886 τῇ
2257 812 2516 885 χιλιόμδῃ
2537 814 2565 866 ό
2583 810 2854 881 βουκόλος,
2878 812 2911 883 ἢ
2932 812 2993 865 τὸ
3023 812 3323 885 μυρίαμνον
3357 815 3449 867 ἐπὶ
3470 813 3561 867 τοῦ
3592 815 3751 879 ἕλους

2167 905 2499 978 βληχόμενον
2520 922 2535 971 ;
2562 904 2767 975 πηλίκη
2791 903 2850 956 δὲ
2868 903 3023 974 ἡτῶν
3044 904 3227 958 ἵππων
3250 906 3419 977 ἀγέλη
3436 907 3749 978 γαυριῶσα,

2165 1000 2260 1054 καὶ
2286 1001 2380 1053 ἐπὶ
2408 998 2516 1053 τῶν
2536 997 2819 1069 λειμώνων
2853 998 3193 1068 σκαίρουσα;
3222 1001 3270 1051 εί
3298 1001 3372 1070 μή
3408 1017 3487 1053 σοι
3524 1004 3751 1071 μυρμή-

2163 1106 2277 1143 κων
2299 1088 2658 1160 ἀμυδρότεροι
2700 1087 2919 1155 ἕδοξαν;
2973 1089 3039 1140 El
3065 1089 3121 1141 δὲ
3152 1087 3244 1141 καὶ⁹
3281 1090 3389 1143 ἀπὸ
3428 1091 3668 1154 σκοπιᾶς
3715 1090 3751 1162 ἢ

2163 1178 2439 1248 γεωλόφου
2459 1178 2605 1243 τινὸς
2625 1179 2719 1231 ἐπὶ
2739 1179 2999 1250 μέγιστον
3021 1180 3253 1248 πέλαγος
3264 1181 3664 1253 τετραμμένος,
3679 1183 3753 1251 τῇ

2164 1270 2402 1344 θαλάττῃ
2420 1271 2517 1334 τὰς
2540 1271 2689 1341 ὄψεις
2706 1270 2993 1336 ὲπέὸαλες,
3013 1271 3199 1342 ἡλίκαι
3224 1272 3386 1344 μέσαι
3405 1272 3541 1344 (82‘)
3560 1273 3754 1340 ἔδοξαν

2162 1366 2271 1420 τῶν
2296 1367 2475 1438 νήσων
2510 1368 2565 1420 αἱ
2615 1364 2900 1437 μέγισται;
2933 1365 3137 1438 πηλίκη
3167 1365 3225 1419 δέ
3269 1383 3351 1419 σοι
3400 1366 3590 1438 ὡράθη
3650 1366 3753 1437 μία

2161 1458 2271 1513 τῶν
2327 1458 2678 1531 μυριοφόρων
2746 1458 3024 1522 ὁλκάδων,
3074 1458 3290 1522 λευκοῖς
3345 1459 3534 1522 ἱστίοις
3603 1458 3754 1531 ὑπὲρ

2163 1554 2370 1624 κυανῆς
2401 1551 2811 1623 ποντοποροῦσα
2838 1551 3147 1623 θαλάσσης;
3177 1554 3227 1605 εί
3267 1551 3341 1623 μὴ
3377 1553 3560 1623 πάσης
3590 1569 3754 1624 περιο

2165 1647 2363 1717 στερᾶς
2402 1644 2782 1717 ἀμυδροτέραν
2830 1661 2915 1697 σοι
2961 1643 3058 1715 τὴν
3108 1644 3349 1715 ἱστορίαν
3413 1644 3749 1714 παρέσχετο,

2166 1737 2627 1810 ὲνδαπανωμένης
2660 1738 2739 1810 τῷ
2764 1737 2888 1809 ἀέρι
2911 1737 3013 1807 τῆς
3043 1736 3239 1807 ὄψεως,
3274 1737 3368 1791 καὶ
3405 1736 3753 1808 ἑξιτηλουμέ-

2167 1848 2264 1902 νης
2300 1828 2380 1901 τῷ
2410 1830 2770 1902 διαστήματι,
2812 1829 2949 1901 πρὸς
2989 1830 3088 1901 τὴν
3134 1829 3336 1903 ἀκριϐῆ
3381 1828 3750 1900 κατανόησιν;

2169 1919 2309 1991 Ἤδη
2342 1919 2402 1973 δέ
2444 1937 2548 1974 που
2589 1920 2687 1974 καὶ
2721 1918 2830 1974 τῶν
2859 1919 3031 1992 ὀρέων
3070 1920 3140 1974 τά
3195 1920 3447 1991 μέγιστα,
3500 1916 3753 1989 βαθείαις

2164 2016 2471 2089 ὲρῤιγμένα
2493 2016 2605 2088 (85)
2632 2015 2905 2087 φάραγξιν
2924 2015 3020 2069 καὶ
3047 2014 3350 2086 χαράδραις
3362 2013 3750 2085 περιφέρεταυ

2164 2110 2262 2163 καὶ
2296 2107 2417 2162 λεία
2440 2110 2474 2179 ἡ
2501 2107 2624 2178 θψις
2647 2108 2982 2174 ὑποτίθεται,
3011 2110 3134 2171 ταῖς
3160 2106 3371 2179 ἐξοχαῖς
3393 2108 3515 2177 ἡτοι
3542 2106 3758 2174 ἐπιφα-

2163 2199 2336 2265 νείαις
2360 2199 2779 2272 προσϐάλλουσα
2807 2200 3018 2271 μόναις,
3044 2203 3164 2265 ταῖς
3190 2198 3247 2252 δὲ
3277 2197 3478 2270 μεταξὺ
3500 2196 3755 2268 κοιλότη-

2164 2309 2250 2346 σιν
2279 2292 2520 2364 ὲμσῆναι
2549 2293 2645 2347 καὶ
2676 2292 2977 2365 ὲναθρῆσαι
3000 2292 3068 2346 δι’
3104 2291 3323 2346 ἀτονίαν
3348 2289 3424 2363 μὴ
3445 2289 3754 2361 δυναμένη.

2162 2387 2237 2441 Oti
2285 2386 2344 2440 δὲ
2398 2386 2738 2458 τετράγωνοι
2801 2386 2900 2439 καὶ
2956 2386 3288 2458 νεφομήκεις
3330 2381 3441 2438 τῶν
3494 2382 3755 2455 πύργων,

2162 2476 2432 2549 χθαμαλοί
2458 2494 2520 2531 τε
2559 2478 2655 2531 καὶ
2705 2478 2968 2548 ὲμπερεῖς
3000 2477 3137 2549 (85')
3174 2474 3393 2529 δοκοῦσι
3422 2473 3640 2537 πολλοῖς
3672 2471 3753 2545 τῷ

2160 2571 2526 2641 διαστήματις
2560 2570 2722 2622 Ὥστε
2755 2569 2806 2622 εί
2835 2569 2911 2640 μὴ
2939 2566 3301 2640 παμμέγεθες
3328 2565 3543 2637 ὑπῆρχε
3565 2564 3627 2617 τὸ
3658 2581 3751 2618 σε·

2162 2663 2383 2735 ληναῖον
2409 2662 2593 2733 σῶμα,
2609 2663 2710 2717 οὐκ
2732 2661 2799 2716 ἂν
2828 2662 3030 2733 ὁμοίως
3056 2662 3192 2715 πᾶσι
3220 2657 3486 2714 πάντοθεν
3514 2658 3752 2729 ίσοφαὴς

2161 2757 2430 2827 ἐφαίνετο,
2450 2757 2553 2827 τῆς
2578 2756 2779 2828 χέρσου
2803 2754 2987 2826 πάσης
3010 2752 3088 2824 τῷ
3113 2750 3265 2824 εὔρει
3293 2751 3367 2823 μὴ
3387 2748 3748 2821 δευτεροῦσα,

2162 2849 2370 2921 ἐναργῆ
2414 2849 2531 2920 ἅμα
2572 2850 2669 2902 καὶ
2714 2850 2828 2912 τοῖς
2861 2848 3052 2920 πόρρω
3084 2846 3286 2917 ταύτης
3326 2842 3748 2914 ποντοποροῦσι,

2157 2943 2255 2996 τοῦ
2295 2942 2560 3014 μεγέθους
2598 2942 2695 3013 τὴν
2739 2940 2863 3011 ὄψιν
2892 2939 3248 3012 παρεχομένη
3285 2940 3379 2992 καὶ
3401 2937 3748 3006 αὐγάζουσα.

467 3033 718 3088 rotunda:
738 3032 923 3087 multis
942 3031 1193 3087 videntur
1224 3033 1436 3088 ratione
1476 3034 1782 3089 intervalli?
1812 3033 2047 3091 Proinde
2071 3035 2179 3091 nisi
2204 3037 2403 3091 eximie
2428 3050 2688 3105 magnum
2718 3034 2790 3089 sit
2817 3033 3008 3087 lunare
3031 3047 3255 3101 corpus,
3290 3046 3401 3086 non
3431 3045 3565 3087 sane
3586 3029 3747 3085 simi-

470 3126 594 3181 liter
622 3125 878 3180 omnibus
905 3124 1107 3194 ubique
1137 3125 1304 3179 simili
1340 3126 1459 3180 luce
1488 3127 1919 3196 conspiceretur,
1949 3128 2308 3199 amplitudine
2330 3144 2429 3183 sua
2458 3128 2730 3182 universae
2754 3135 2915 3181 terrae
2947 3140 3055 3180 non
3083 3124 3302 3189 cedens,
3332 3123 3607 3194 simulque
3632 3139 3752 3179 ma-

471 3218 727 3276 nifestam
759 3225 813 3273 ct
838 3217 924 3272 his
949 3216 1041 3288 qui
1070 3219 1260 3288 procul
1285 3234 1314 3273 a
1339 3228 1486 3274 terra
1512 3219 1566 3273 in
1597 3221 1735 3274 mari
1761 3222 2037 3293 navigant,
2071 3223 2463 3295 magnitudinis
2489 3222 2725 3291 speciem
2756 3218 3026 3290 praebens,
3058 3229 3112 3273 et
3140 3217 3309 3274 radiis
3339 3218 3454 3273 suis
3482 3217 3698 3273 lucens.

860 3328 1384 3387 INTERROGATIO
1424 3331 1661 3388 CXVIII.

531 3425 679 3492 Quid
711 3426 875 3496 igitur
905 3427 1009 3482 sibi
1031 3428 1166 3494 vult,
1197 3430 1345 3498 quod
1386 3430 1687 3499 sanguinea
1727 3430 1789 3485 ﬁt
1832 3432 2047 3503 aliquo-

470 3520 595 3584 lies,
631 3527 687 3575 et
724 3520 968 3575 variatur
1001 3529 1167 3590 atque
1200 3520 1543 3590 dissipatur?

1096 3611 1407 3681 Responsio.

542 3706 805 3779 Equidem
865 3707 971 3763 hoc
1027 3716 1253 3778 aspectu
1297 3715 1431 3776 puto
1486 3708 1724 3765 bellicas'
1755 3707 2050 3767 effusiones

469 3801 755 3872 sanguinis
812 3799 1133 3871 signiﬁcari,
1172 3809 1268 3854 aut
1304 3816 1399 3870 per
1430 3803 1845 3860 subvectionem
1887 3804 2049 3860 oblu-

468 3897 603 3950 scati
633 3910 663 3949 a
704 3904 849 3950 terra
903 3894 1046 3949 aeris
1096 3893 1374 3949 turbidam
1411 3896 1563 3951 reddi
1611 3897 1731 3968 ejus
1777 3898 1954 3953 lucem
1995 3906 2051 3953 et

467 3987 833 4057 splendorem,
867 3985 1176 4056 variarique
1197 4001 1293 4055 per
1322 3987 1605 4057 pulverem
1637 3989 1788 4045 hunc
1805 3989 2047 4060 speciem

467 4083 664 4155 ipsius,
696 4085 871 4139 donec
901 4093 1156 4154 provecta
1183 4085 1627 4154 pulverulentum
1661 4081 2049 4160 fuliginosum-

466 4193 573 4248 que
596 4179 778 4233 locum
820 4177 1058 4253 evaserit
1088 4196 1102 4231 :
1136 4178 1337 4247 partim
1359 4181 1506 4234 enim
1526 4181 1746 4251 pinguis
1778 4190 1832 4236 et
1854 4182 2046 4250 densa,

467 4271 663 4340 partim
700 4270 896 4326 adusta
928 4278 984 4325 et
1011 4270 1229 4326 cinerea
1255 4280 1337 4327 est
1369 4279 1538 4337 terra,
1574 4273 1854 4329 nonnullis
1886 4274 1941 4329 in
1963 4274 2046 4331 lo-

468 4366 549 4419 cis
577 4364 814 4432 denique
839 4362 1081 4419 crassior
1113 4373 1170 4419 et
1200 4364 1421 4434 gravior
1458 4373 1564 4419 est.
1613 4363 1769 4420 Unde
1806 4366 2044 4434 videtur,

466 4454 689 4525 pulvere
719 4453 1116 4509 circumdatam
1163 4453 1349 4507 lunam
1378 4453 1605 4508 mutari.
1640 4453 1795 4523 Saepe
1828 4454 2045 4526 quidem

465 4549 584 4604 ﬁeri
616 4549 886 4613 videmus,
915 4556 977 4602 ut
1003 4547 1139 4602 fumi
1169 4546 1466 4610 exhalatio,
1516 4545 1601 4599 vel
1631 4546 1811 4614 pulvis
1840 4548 2045 4606 nimius

465 4639 674 4710 aliquid
704 4638 851 4709 apud
890 4653 992 4695 nos
1022 4638 1300 4702 obscuret,
1357 4646 1414 4691 et
1457 4636 1693 4705 procella
1741 4638 1822 4693 vel
1851 4639 2046 4695 nebula
2079 4680 2097 4701 ,

466 4733 673 4790 solares
720 4731 904 4788 radios
951 4732 1186 4787 hebetet.
1232 4728 1329 4783 Vel
1375 4729 1556 4798 potius
1587 4745 1750 4785 causa
1794 4734 2042 4787 omnium

454 4833 549 4880 est
576 4823 1003 4886 evidentissima,
1031 4821 1175 4891 quod
1207 4835 1332 4873 cum
1357 4834 1514 4875 soror
1545 4820 1617 4875 sit
1642 4821 1793 4886 solis,
1815 4835 1871 4878 et
1897 4822 2045 4893 ejus-

462 4916 589 4972 dem
625 4915 827 4969 -matris
864 4912 1156 4983 Sapientim
1189 4909 1322 4975 lilia,
1358 4923 1552 4978 nempe
1579 4909 1804 4975 ChriSti,
1830 4927 1937 4966 non
1967 4910 2047 4966 re-

464 5017 553 5063 rat
609 5023 731 5077 quae
783 5005 1095 5060 inferuntur
1147 5003 1253 5071 ipsi
1302 5004 1371 5058 ab
1431 5004 1615 5074 impiis
1676 5006 2038 5070 contumeliae,

462 5100 927 5174 quemadmodum
963 5106 1020 5151 et
1053 5096 1136 5150 sol
1180 5096 1325 5150 idem
1366 5097 1424 5151 in
1477 5111 1581 5151 suo
1624 5095 1827 5151 diurno
1873 5112 2041 5152 cursu

461 5192 860 5250 demonstravit
888 5187 1122 5258 caligine
1163 5188 1396 5256 puniens
1426 5203 1685 5243 vesanam
1723 5186 2038 5243 Judaeorum

461 5294 520 5342 et
551 5284 725 5339 Deum
749 5291 1034 5336 necantem
1067 5281 1415 5352 phalangem,
1440 5281 1928 5349 contractioneque
1953 5297 2042 5334 ra-

460 5376 684 5431 diorum
713 5372 952 5443 fugiens,
978 5387 1047 5427 ne
1072 5373 1345 5442 aspiceret
1372 5382 1675 5429 creatorem
1699 5388 1860 5427 suum
1894 5373 2043 5445 ligno

534 5485 677 5557 (82‘)
710 5484 926 5539 Μέσαι.
946 5482 1128 5557 Forte
1163 5484 1262 5557 μέν
1291 5499 1396 5537 σοι.
1416 5483 1576 5557 Enn.

536 5555 665 5634 ('85);
690 5555 1057 5626 ’Epﬁzryéra.
1085 5555 1251 5612 Forte
1281 5556 1623 5627 ὲρρηγμένα,
1652 5559 1733 5614 vel
1760 5558 2039 5630 ἐρρηγμέ-

707 5670 1054 5769 ”Εμπερεῒς.
1094 5699 1265 5771 Anne
1278 5702 1307 5752 ὲ
1315 5716 1393 5771 μφ

538 5768 661 5841 (ει)
681 5768 1048 5841 Λιμοῤῥοΐας.
1077 5769 1166 5824 Al.
1215 5768 1549 5841 αἱμορρύας.
1577 5768 1670 5824 Sic
1698 5770 1894 5841 etdsub
1927 5768 2038 5824 ini-

466 5839 930 5908 tium'sequentis
964 5840 1296 5907 lnterrogat.
1322 5839 1487 5911 .cxtx,
1528 5839 1897 5911 ἀπφυτῶσαν
1936 5856 2037 5906 pro

1399 5702 1574 5768 ερεῖς;
1600 5698 1679 5753 In.

2749 3337 3002 3391 ΠΕΥΣΙΣ
3028 3335 3185 3394 PIH'.

2230 3434 2295 3488 Τί
2337 3428 2430 3487 οῦν
2464 3432 2716 3503 βούλεται
2762 3431 2824 3485 τὸ
2874 3431 3112 3502 ὕφαιμον
3152 3428 3322 3501 αὐτὴν
3355 3426 3617 3491 πολλάκις
3654 3426 3752 3494 γί-

2156 3526 2363 3593 νεσθαι,
2403 3526 2500 3578 καὶ
2529 3521 2878 3577 ἀλλοιοῦσθαι
2913 3524 3005 3577 καὶ
3033 3519 3455 3595 σκορπίςεσθαις

2772 3615 3127 3681 Ἀπόκρισις.

2225 3706 2315 3779 Τῷ
2364 3708 2607 3779 σχήματι
2651 3706 2829 3776 τούτῳ
2864 3699 3040 3774 οἶμαι,
3080 3700 3385 3773 πολεμικὰς
3416 3697 3752 3771 αἱμοῤῥοῒας

2157 3800 2270 3872 (84)
2307 3799 2695 3871 σημαίνεσθαι,
2736 3797 2878 3869 ἢτῷ
2919 3794 3315 3869 ἀναρριπισμῷ
3359 3792 3455 3847 τοῦ
3496 3792 3610 3847 ἀπὸ
3635 3793 3747 3864 γῆς

2157 3891 2515 3964 αίθαλομένου
2559 3889 2724 3964 ἀέρος
2768 3889 3150 3945 ἐπιθολοῦσθαι
3195 3888 3368 3958 αὐτῆς
3394 3886 3494 3958 τὴν
3532 3882 3740 3954 ψαῦσιν

2152 3984 2247 4038 καὶ
2288 3983 2670 4057 λαμπρότητα,
2723 3983 2821 4036 καὶ
2863 3980 3207 4036 ἀλλοιοῦσθαι
3239 3979 3318 4051 τῷ
3347 3978 3431 4050 χοῖ
3462 3977 3561 4050 τὴν
3592 3977 3742 4047 ὅφιν,

2153 4076 2348 4149 μέχρις
2368 4076 2435 4130 ἂν
2454 4075 2836 4139 διιππεύουσα,
2868 4073 2974 4140 ἔξω
3003 4072 3099 4127 τοῦ
3123 4072 3347 4126 ὲκκόνου
3380 4070 3517 4143 (84⁸)
3541 4071 3635 4124 καὶ
3651 4073 3747 4126 αἱ·

2151 4169 2419 4235 θαλὼδους
2444 4170 2613 4225 τόπου
2639 4169 2888 4242 γένηται.
2916 4168 3000 4242 Πὴ
3030 4169 3130 4241 μὲν
3148 4167 3257 4240 γὰρ
3277 4168 3417 4222 πίων
3435 4166 3527 4222 καὶ
3549 4180 3745 4238 παχυ-

2149 4262 2305 4336 τέρα,
2358 4263 2436 4334 πὴ
2465 4263 2523 4317 δὲ
2570 4263 2973 4335 διακεκαυμένη
3018 4263 3113 4317 καὶ
3151 4260 3454 4334 τεφρώδης,
3496 4260 3739 4332 ἑτέρωθι

2147 4356 2207 4411 δὲ
2252 4356 2414 4429 ὑλικὴ
2464 4357 2559 4411 καὶ
2611 4357 2890 4431 βαρυτέρα
2930 4358 2965 4429 ἡ
3012 4357 3206 4429 χέρσος
3258 4357 3518 4426 πέφυκεν.
3567 4353 3746 4409 Ὅθεν

2147 4451 2298 4506 δοκεῖ
2328 4468 2441 4520 μοι,
2472 4451 2828 4523 κονιζομένην
2856 4451 3027 4522 αὐτὴν
3055 4450 3429 4505 ἀλλοιοῦσθαι·
3465 4447 3742 4511 πολλάκις

2149 4542 2229 4607 δὲ,
2264 4544 2360 4597 καὶ
2391 4543 2604 4598 καπνοῦ
2649 4543 3036 4615 ἀναθυμίασις,
3082 4543 3115 4613 ἢ
3150 4544 3302 4606 κόνις
3334 4539 3735 4605 πλεονάζουσα,

2148 4634 2209 4688 τὸ
2247 4635 2378 4707 παρ’
2405 4637 2540 4705 ἡμῖν
2567 4634 2892 4707 ἠμαύρωσε,
2943 4634 3038 4688 καὶ
3065 4634 3321 4702 καταιγὶς
3348 4632 3381 4702 ἢ
3408 4631 3604 4703 ὀμίχλη
3630 4630 3737 4694 τὰς

2153 4728 2386 4800 ἡλιακὰς
2423 4728 2649 4792 ἀκτῖνας
2682 4728 2977 4799 ἤμϐλυνεν.
3008 4729 3080 4781 Ἢ
3107 4726 3309 4798 μᾶλλον
3334 4725 3395 4779 τὸ
3423 4726 3555 4778 πᾶνη
3582 4724 3742 4795 ὲναρ-

2151 4824 2408 4892 γέστερον
2428 4837 2440 4849 '
2482 4814 2614 4885 οἷον,
2641 4819 2878 4892 ἀδελφὴν
2906 4820 3278 4890 τυγχάνουσαν
3302 4816 3396 4871 τοῦ
3429 4815 3599 4887 ἡλίου,
3635 4816 3745 4868 καὶ

2148 4917 2249 4986 τῆς
2285 4913 2451 4968 αὐτοῦ
2490 4912 2695 4985 μητρὸς
2741 4913 2841 4982 τῆς
2879 4912 3103 4982 Σοφίας,
3138 4908 3397 4979 Χριστοῦ,
3435 4907 3507 4979 μὴ
3540 4906 3740 4978 φέρειν

2146 5003 2246 5065 τὰς
2270 5003 2348 5064 εἰς
2368 5000 2529 5055 αὐτὸν
2550 4999 2833 5072 δρωμένας
2858 4998 2962 5052 ὑπὸ
2998 4997 3106 5053 τῶν
3137 4996 3313 5050 ἀθέων
3343 4994 3529 5065 ὕϐρεις
3547 5010 3563 5024 ⁸
3589 4993 3741 5062 ὅπερ

2146 5096 2354 5157 ἐκεῖνος
2376 5094 2435 5146 ὲν
2463 5090 2542 5163 τῷ
2571 5093 2694 5146 κατ’
2724 5091 2888 5146 αὑτὸν
2911 5088 3157 5163 ἡμερινῷ
3177 5090 3363 5163 δρόμῳ
3391 5086 3736 5153 ἐπεδείξατο,

2151 5186 2327 5257 σκότῳ
2360 5185 2536 5239 παίων
2566 5184 2664 5256 τὴν
2700 5184 2980 5256 φρενίτιδα
3005 5184 3102 5236 καὶ
3126 5183 3418 5236 Θεοκτόνον
3456 5179 3742 5234 Ἰουδαίων

2150 5277 2424 5347 φάλαγγα,
2458 5278 2523 5348 τῇ
2559 5276 2787 5346 συστολῇ
2811 5275 2919 5328 τῶν
2943 5275 3176 5329 ἀκτίνων
3200 5273 3417 5343 φεύγων
3444 5271 3739 5342 ἱστορῆσαι

2149 5371 2241 5424 τὸν
2282 5369 2430 5441 σφῶν
2461 5369 2690 5441 ποιητὴν
2716 5367 2861 5440 ξύλῳ
2890 5368 3296 5441 καθηλούμενον
3331 5367 3410 5438 τῷ
3441 5364 3737 5438 προσλὴμ-

2146 5485 2642 5555 ἀποφοιτῶσανίει
2686 5484 2919 5555 solemni
2963 5484 3371 5555 permutatione
3397 5501 3448 5537 οι
3479 5490 3537 5555 et
3575 5500 3631 5547 υ,
3664 5490 3737 5541 ιιι

2147 5552 2383 5635 advertit
2410 5554 2719 5635 Cotelerius
2749 5552 2994 5635 Monum:
3029 5554 3179 5635 Eccl.
3205 5552 3300 5635 Gr.
3324 5563 3463 5609 tom.
3493 5553 3562 5616 ll,
3587 5567 3729 5635 pag.

2146 5628 2273 5692 558,
2297 5626 2585 5698 permultis
2611 5626 2832 5698 inhanc
2862 5626 3196 5698 sententiam
3218 5633 3463 5682 veterum
3490 5626 3732 5695 scripto-

2144 5715 2267 5753 rum
2298 5696 2443 5753 iocis
2477 5697 2534 5750 in
2565 5696 2807 5752 medium
2832 5696 3107 5753 adductis.

2143 5839 2186 5895 Ε
2217 5768 2352 5840 (84“)
2400 5768 2713 5825 Ἐκκόνου.
2751 5765 2936 5843 _Fortc
2969 5766 3261 5845 βγκόνου,
3299 5764 3723 5839 pulverulenta.

2189 5855 2303 5895 DIT.

2189 5855 2303 5896 ΜΤ.
