4000 6400
360 345 499 398 1005

357 475 514 528 ματι,
582 465 676 517 καὶ
722 465 902 537 δόρατι
951 470 1345 544 ἀμυσσόμενον.
1409 479 1577 532 Τοῦτό
1630 499 1719 551 μοι
1765 484 1912 537 δοκεῖ

358 551 582 620 ὁρᾶσθαι
613 554 719 609 ὑπὸ
747 556 845 627 τῆς
878 562 1154 629 φαίνακος,
1176 566 1268 619 τὸν
1291 568 1516 638 ἀδελφὺν
1550 575 1908 647 μιμουμένης,

352 644 409 693 ἐν
441 644 520 714 τῷ
543 649 663 700 κατ’
695 650 864 721 αὐτῆς
899 656 1156 726 νυκτιαίῳ
1181 657 1386 729 δρόμῳ,
1415 661 1523 715 τῶν
1557 666 1648 717 ἐπὶ
1678 666 1916 736 τύμϐους

353 734 446 786 καὶ
468 733 687 804 βωμοὺς
713 739 1152 811 αὐτομολούντων
1169 749 1395 818 γοήτων,
1418 754 1510 804 καὶ
1536 753 1641 806 τῶν
1665 757 1783 809 ἐκεῖ
1802 758 1914 811 τολ-

356 827 625 895 μωμένων
651 835 973 900 μιαιφονιῶν
998 839 1092 889 καὶ
1123 839 1551 912 παιδοσφαγιῶν,
1583 848 1676 900 καὶ
1708 849 1912 920 σπλάγ-

347 933 491 986 χνων
537 922 752 975 οἰκείων
782 929 1127 998 κατατομῶν,
1151 927 1225 985 ὧν
1254 935 1347 987 ἐπὶ
1370 935 1476 989 τῶν
1510 939 1732 1010 ἠπάτων
1762 959 1916 996 σπαι-

348 1007 547 1075 ρόντων
594 1012 643 1062 οἱ
688 1016 1069 1089 μιαιφόνοιτῷ
1107 1021 1300 1091 αἵματι
1341 1007 1670 1096 χραίνονται.
1720 1026 1818 1083 Ὧν
1849 1033 1910 1085 τὸ

344 1096 501 1149 ἄθεον
530 1100 753 1166 εἰκότως
785 1105 1141 1176 ἐκτραγῳδῶν
1165 1110 1327 1163 Δαϐὶδ
1356 1114 1383 1163 ὁ
1416 1113 1718 1183 θεσπέσιος,
1744 1119 1906 1187 φησί’

344 1190 454 1241 Καὶ
482 1189 711 1245 ἔθυσαν
737 1193 878 1260 τοὺς
906 1198 1072 1263 υἱοὺς
1097 1201 1294 1255 αὐτῶν
1318 1204 1415 1256 καὶ
1449 1206 1555 1270 τὰς
1586 1210 1910 1277 θυγατέρας

344 1280 542 1335 αὐτῶν
575 1284 698 1355 τοῖς
735 1286 1083 1357 δαιμονίοις,
1115 1293 1211 1346 καὶ
1246 1294 1495 1364 ἐξέχεαν
1524 1296 1665 1367 αἷμα
1690 1300 1903 1367 ἀθῶον,

342 1368 485 1441 αἷμα
513 1374 658 1428 υἱῶν
686 1379 884 1433 αὐτῶν
911 1383 1008 1435 καὶ
1042 1386 1375 1455 θυγατέρων
1404 1384 1491 1442 ὧν
1519 1392 1748 1445 ἔθυσαν
1783 1395 1907 1461 τοῖς

341 1467 631 1533 γλυπτοῖς
659 1470 903 1523 Χαναὰν
922 1488 935 1504 ⁸
966 1473 1061 1525 καὶ
1096 1475 1215 1544 μεθ’
1246 1477 1408 1548 ἕτερα
1444 1479 1534 1532 τὸν
1565 1482 1773 1550 ἀμητὸν
1802 1485 1904 1537 αὐ-

338 1559 452 1619 τοῖς
488 1557 596 1610 τῶν
651 1561 866 1615 οἰκείων
915 1567 1242 1636 σπερμάτων
1286 1570 1449 1641 φησι·
1498 1574 1606 1627 Καὶ
1644 1575 1902 1645 ὀιογίσθη

340 1647 503 1714 θυμῷ
524 1649 739 1717 Κύριος
757 1651 853 1704 ἐπὶ
880 1653 1152 1708 τὸνλαόν
1174 1658 1381 1721 αὐτοῦ,
1417 1661 1515 1714 καὶ
1542 1663 1903 1730 ἐϐδελύξατο

336 1734 453 1804 τὴν
484 1741 889 1810 κληρονομίαν
929 1746 1134 1800 αὐτοῦ.
1184 1748 1333 1802 Ἐπεὶ
1359 1746 1451 1805 οὖν
1482 1753 1572 1805 καὶ
1624 1752 1717 1807 νῦν
1755 1756 1905 1809 πλεῖ-

340 1844 454 1880 στοι
483 1829 560 1898 τῷ
599 1831 893 1905 Ἑλληνικῷ
925 1836 1073 1909 ζόφῳ
1115 1841 1573 1913 ἐπισκοτούμενοι,
1602 1847 1694 1899 καὶ
1743 1847 1901 1919 λελη-

338 1919 508 1983 θότως
538 1925 605 1994 τῇ
650 1932 942 2001 προγονικῇ
981 1931 1156 2005 πλάνῃ
1211 1935 1631 2002 ὑποκύπτοντες.
1686 1942 1777 1994 καὶ
1832 1945 1898 2014 τῇ

340 2013 505 2068 πάλαι
532 2016 638 2071 τῶν
665 2017 939 2093 λογισμῶν
974 2027 1275 2099 μιαιφονίᾳ,
1297 2030 1390 2084 ἐπὶ
1415 2031 1726 2101 γεωλόφοις,
1754 2034 1785 2104 ἢ
1809 2013 1901 2088 καλ

337 2102 580 2173 τύμϐοις,
624 2109 657 2178 ἢ
711 2113 956 2183 μνήμασι
1002 2116 1199 2181 νύκτας
1255 2120 1365 2193 (85)
1417 2102 1896 2194 ἀποσχολάζοντες,

335 2197 581 2261 κνίσσαις
623 2202 719 2256 καὶ
761 2204 957 2274 αἵμασι
1006 2210 1130 2272 τοὺς
1177 2211 1434 2281 δαίμονας
1484 2215 1923 2286 θεραπεύοντες,

330 2285 467 2341 οἴκοι
495 2292 848 2363 ποτνιώμενοι
866 2299 949 2366 ἐφ’
979 2294 1059 2362 οἷς
1088 2318 1177 2372 κρ.
1210 2344 1222 2357 .
1244 2344 1259 2359 .
1281 2344 1295 2357 .
1323 2345 1336 2358 .
1358 2346 1372 2359 .
1389 2285 1571 2375 μέντοι
1599 2309 1895 2380 καθιεμένη

329 2378 364 2449 ἠ
393 2381 592 2457 φαίναξ
616 2385 788 2456 αὐτὴν
818 2386 1032 2461 ἰλυγγιᾷ
1049 2393 1144 2446 καὶ
1168 2399 1394 2465 πτήσσει
1411 2399 1504 2450 καὶ
1523 2378 1895 2467 συγκαλύπτεέ

326 2488 441 2538 ται,
471 2475 549 2545 τῷ
583 2476 735 2546 νέφει
784 2479 1096 2548 ἐνδύνουσα,
1138 2487 1232 2539 καὶ
1272 2488 1577 2553 ἀπαξιοῢσα
1616 2494 1894 2549 ἐπιϐαλεῖν

324 2565 439 2625 τοῖς
490 2564 729 2630 ἀναξίοις
775 2570 837 2622 τὸ
882 2572 1036 2641 φάος,
1080 2578 1201 2629 κατ’
1247 2580 1430 2633 εἰκόνα
1474 2582 1568 2635 τοῦ
1626 2585 1889 2654 ἀδελφοῦ·

324 2651 513 2727 ὥσπερ
555 2656 615 2722 ἐξ
665 2660 972 2734 ἀπόπτουῆ
1022 2666 1331 2740 ἀκρωρείας
1360 2673 1649 2743 οὐρανόθεν
1692 2651 1777 2748 τῇ-
1804 2680 1893 2733 ἀλ-

321 2744 533 2802 λοιώσει
578 2751 873 2813 ἐπιϐοῶσα.
906 2757 1000 2808 καὶ
1035 2759 1209 2831 σκότῳ
1240 2764 1478 2819 παίουσα
1511 2768 1603 2820 καὶ
1630 2768 1889 2840 εἴργουσα

318 2837 445 2901 τοὺς
477 2842 795 2910 μιαιφόνους
819 2845 912 2898 τοῦ
945 2847 1105 2901 ἀθέου
1129 2849 1430 2922 δράματος.

888 3034 1135 3089 ΠΕΥΣΙΣ
1166 3040 1309 3094 ΡΙΘ’.

388 3132 451 3183 El
495 3134 595 3185 οὐκ
651 3136 902 3207 ἀνόμοιος
934 3143 962 3194 ὁ
994 3142 1121 3207 Υἱὸς
1149 3146 1242 3198 τοῦ
1280 3147 1414 3202 Θεοῦ
1441 3151 1517 3222 τῷ
1558 3155 1732 3227 Πατρὶ
1784 3165 1879 3215 καὶ

315 3220 456 3291 Θεῷ.
491 3224 604 3276 ἀλλ’
660 3226 771 3292 ἴσος
814 3231 956 3284 κατὰ
990 3234 1166 3288 πάντα
1204 3239 1297 3291 καὶ
1329 3220 1606 3314 ὁμότιμος,
1656 3220 1879 3322 καὶτῆς

315 3314 483 3385 αὐτῆς
508 3316 746 3388 φύσεως,
786 3322 902 3386 πῶς
930 3326 1088 3391 αὐτὸς
1119 3328 1285 3397 λέγει,
1331 3332 1475 3403 Ἐγώ
1494 3339 1609 3406 εἰμι
1630 3342 1667 3408 ἡ
1695 3314 1879 3411 ἄμετεζ

308 3406 441 3471 λος,
472 3407 569 3461 καὶ
600 3412 632 3463 ὁ
668 3412 869 3481 Πατήρ
891 3433 1010 3482 μου
1031 3421 1063 3471 ὁ
1091 3424 1339 3491 γεωργός
1360 3430 1471 3489 ;Οῢ
1492 3429 1600 3500 γὰρ
1631 3406 1875 3510 ⁷αὑτὴ

308 3496 469 3567 φύσις
498 3502 613 3553 ἐστὶ
643 3505 890 3575 γεωργοῦ
922 3511 1014 3562 καὶ
1043 3511 1317 3582 ἀμπέλουο
1353 3521 1385 3592 ἡ
1441 3520 1539 3590 μὲν
1564 3496 1877 3603 γὰρ-ξιπάρί

304 3605 390 3660 χει
415 3589 605 3663 λογικὴ
634 3596 726 3648 καὶ
756 3597 1016 3670 ἔμψυχος,
1051 3606 1083 3673 ή
1119 3605 1176 3658 δὲ
1198 3589 1391 3678 ἄλογος
1422 3589 1515 3666 καὶ
1540 3589 1765 3687 ἄψυχος.

913 3691 1272 3763 Ἀπόκρισις.

372 3773 486 3827 Οὐκ
515 3777 724 3829 ὲπαινῶ
773 3779 871 3848 σὴν
916 3782 1255 3842 ἀστατοῦσαν
1292 3793 1392 3863 τὴν
1438 3796 1736 3864 ἀγχίνοιαν,
1777 3804 1870 3855 καὶ

299 3860 561 3927 ’πολλάκις
598 3866 701 3932 ἔξω
726 3868 833 3922 τῶν
862 3877 1235 3945 προκειμένων
1259 3860 1657 3952 ἀποφοιτῶ-σαν,
1681 3860 1774 3944 καὶ
1800 3896 1865 3964 τῇ

298 3953 577 4027 ἀλλοκότῳ
599 3958 791 4013 πεύσει
824 3980 891 4032 με
921 3966 1372 4039 διαστρέφουσαν.
1403 3978 1510 4030 Καὶ
1545 3981 1593 4031 εἰ
1623 3983 1719 4049 μὲν
1744 3953 1867 4053 βουΞ

296 4044 521 4114 λόμενος
561 4049 944 4141 τοῦτοαποιείς,
984 4059 1243 4128 ὲπίγνωθι
1287 4044 1714 4141 γινωσκόμενος·
1742 4044 1789 4128 ei
1819 4076 1863 4128 δ’

294 4136 480 4199 ἁπλῶς
510 4139 581 4192 τὰ
601 4123 845 4211 φυόμενα
861 4149 925 4218 τῇ
949 4123 1154 4223 διανοίᾳ
1183 4123 1496 4229 προφέρεις,
1529 4123 1862 4237 συγγνώμην

292 4226 407 4296 ἔχε,
451 4231 618 4300 κάμοὶ
665 4235 870 4307 ταύτην
901 4239 1261 4313 δωρούμενος.
1298 4226 1382 4303 Τά
1416 4251 1472 4304 δὲ
1495 4226 1856 4326 Χριστιανιῦν,

290 4315 473 4369 πίστει
523 4322 871 4395 κρατύνεται,
925 4333 1019 4384 καὶ
1053 4335 1112 4386 οὺ
1149 4336 1547 4412 συλλογισμοῖς,
1581 4345 1648 4398 δι’
1693 4343 1768 4400 ὦν
1807 4354 1855 4404 οἱ

289 4407 527 4465 πλεῖστοι
556 4414 664 4467 τῶν
695 4420 908 4488 φρενῶν
933 4407 1373 4502 ὲξετινάχθησαν.
1398 4407 1540 4506 θΑρα
1566 4437 1672 4510 γὰρ
1709 4441 1855 4494 Παῦ-

284 4498 376 4599 λος
406 4505 500 4557 καὶ
542 4506 809 4574 Ἀπολλὼς
831 4514 1024 4586 ἑτέρας
1049 4498 1293 4593 ὑπῆρχον
1312 4498 1588 4600 παρα-τὴν.
1623 4498 1849 4607 ’ἐκκλη-

280 4585 406 4648 σίαν
433 4598 677 4667 φύσεως;
714 4585 932 4676 Γράφει
963 4610 1072 4682 γὰρ
1098 4585 1365 4690 διάσῳ
1392 4585 1492 4691 τῆς
1527 4585 1851 4698 ’ἐκκλησίας

280 4686 310 4789 ό
335 4687 534 4756 ὑψηλὸς
561 4693 659 4763 τὴν
689 4696 924 4755 διάνοιαν
945 4719 958 4733 ο
1005 4705 1150 4775 Ἐγὼ
1173 4686 1497 4781 ἐφύτευσα,
1544 4686 1850 4789 Ἀπολλὼς⁵

283 4774 583 4845 ἐπότισεν,
629 4785 765 4839 ἀλλ’
803 4793 835 4841 ό
870 4794 1013 4858 Θεός
1039 4774 1323 4862 ηὔξανεν.
1373 4774 1498 4877 τΑρ;
1526 4805 1616 4863 οὖν
1645 4774 1848 4883 ἄψυχος

279 4866 373 4970 καὶ
407 4868 649 4972 άλογοςὴ
700 4875 994 4949 Ἐκκλησία
1019 4885 1124 4938 ὑπὸ
1143 4889 1355 4946 Παύλου
1386 4866 1722 4972 φύτευομένη

284 4949 534 5029 Ἀπολλῲ
584 4965 909 5041 ποτιζομένη
944 4976 1007 5044 τῇ
1062 4977 1170 5030 τῶν
1214 4949 1441 5041 ὲντολιύν
1496 4949 1686 5067 ἁρέεία
1711 4949 1722 4972 ⁸
1747 5000 1841 5053 καὶ

270 5045 574 5119 ἐνιδρύσει;

842 5334 932 5389 ΠΕ
940 5337 1091 5393 ΥΣΙΣ
1129 5344 1256 5400 PK’.

338 5405 490 5525 Δὶατι
533 5416 838 5518 προέξωκεν
881 5428 909 5477 ὁ
958 5430 1088 5495 Θεὸς
1136 5436 1227 5490 τὸν
1281 5438 1399 5493 Ἰὼϐ
1446 5445 1523 5516 τῷ
1578 5449 1827 5525 διαϐόλῳ,

264 5492 427 5560 αὐτὸς
457 5507 746 5577 μαρτυρῶν
775 5512 940 5568 αὑτοῦ
971 5521 1034 5589 τῇ
1064 5492 1824 5619 δικαιοσύνῃκαὶῗτῇνάληῖὶῖῖὲ

336 5621 359 5654 ⁸
392 5623 538 5683 Psal.
580 5647 666 5698 cv,
699 5636 787 5705 37,
826 5640 914 5697 58.
989 5645 1009 5676 ⁹
1042 5646 1173 5707 ibid.
1223 5656 1314 5713 40.
1392 5664 1435 5696 ⁸ο

331 5763 446 5845 (85)
478 5771 738 5840 Νύκτας.
775 5776 938 5838 Forte
971 5788 1181 5855 νυκτός.
1215 5792 1371 5852 Εοιτ.

1726 360 1977 418 DlALOG
1989 363 2073 419 US
2123 364 2214 418 Ill.

1485 5662 1644 5728 Joan.
1697 5689 1789 5744 xv,
1847 5677 1901 5737 1.

3446 373 3581 429 i006

2015 487 2184 541 clavis
2211 486 2426 542 alllxum
2457 491 2664 544 ratione
2698 494 2963 563 assumpti
2985 534 2999 556 ,
3051 502 3104 548 et
3131 496 3283 549 hasta
3324 498 3579 552 vulnera-

2017 587 2153 634 tum.
2186 579 2330 635 Idem
2353 596 2482 653 ergo
2514 583 2648 636 milii
2668 584 2880 639 videtur
2899 588 2983 657 agi
3010 604 3038 639 a
3058 587 3184 641 luna
3204 587 3425 644 fratrem
3459 592 3583 645 imi-

2015 679 2188 734 tante,
2217 672 2343 727 dum
2386 683 2630 743 tempore
2676 679 2928 731 nocturni
2975 694 3172 734 cursus
3219 681 3338 748 ejus
3372 683 3439 735 ad
3487 697 3579 737 se-

2014 762 2200 830 pulcra
2228 772 2279 817 et
2312 780 2436 819 aras
2467 776 2598 819 eunt
2626 768 3071 837 praestigiatores,
3130 779 3183 823 et
3234 771 3343 825 illic
3387 787 3581 841 perpe-

2013 862 2228 906 trantur
2259 855 2433 909 credes
2457 872 2521 911 ac
2549 873 2845 926 puerorum
2871 863 3255 927 mactationes,
3309 874 3363 918 et
3407 869 3582 920 visce-

2013 940 2134 996 rum
2190 947 2534 1014 propriorum
2585 949 2965 1015 dissentiones,
3022 970 3255 1023 quorum
3306 950 3581 1028 ‘sanguine

2011 1035 2401 1104 palpitantibus
2446 1039 2626 1095 adhuc
2667 1042 3001 1109 jecinoribns
3082 1046 3235 1116 impii
3292 1050 3581 1117 parricida:

2009 1127 2347 1195 polluuntur.
2370 1129 2613 1195 Quorum
2646 1134 2978 1203 impietatem
3019 1152 3123 1190 non
3153 1140 3250 1194 abs
3283 1157 3342 1195 re
3378 1144 3579 1212 tragice

2010 1219 2159 1272 velut
2206 1235 2485 1289 exponens
2539 1224 2768 1280 Davides
2820 1227 2908 1280 ille
2958 1228 3198 1293 divinus,
3246 1233 3466 1303 inquit:
3506 1236 3577 1291 Et

2008 1320 2369 1365 mactaverunt
2394 1315 2534 1381 ﬁlios
2576 1333 2696 1371 suos
2739 1328 2789 1370 et
2829 1320 2972 1387 ﬁlius
3020 1339 3144 1375 suas
3181 1324 3455 1382 daemoniis
3481 1345 3499 1381 :
3527 1338 3581 1383 et

2006 1402 2301 1470 effuderunt
2333 1407 2634 1474 sanguinem
2673 1411 2970 1475 innoxium,
3007 1419 3315 1485 sanguinem
3338 1419 3575 1487 ﬁliorum

2005 1511 2220 1548 suorum
2246 1506 2295 1549 et
2319 1498 2574 1565 ﬁliarum,
2622 1517 2774 1565 quem
2810 1505 3211 1562 immolaverunt
3242 1511 3577 1580 sculptilibus

2030 1584 2449 1642 Chananaeorum
2467 1590 2506 1643 ⁸.
2526 1590 2589 1644 Et
2619 1605 2739 1661 pOSl
2765 1596 2888 1658 alia,
2916 1613 3147 1654 messem
3169 1601 3286 1669 ejus
3315 1607 3574 1661 sementis

2004 1676 2140 1746 ipsis
2162 1678 2433 1744 indicans,
2461 1684 2583 1738 ait:
2622 1684 2694 1737 Et
2737 1690 2911 1741 iratus
2962 1700 3039 1744 est
3087 1692 3266 1761 furore
3312 1694 3573 1751 Dominus

2004 1786 2162 1838 super
2183 1774 2436 1839 populum
2467 1793 2644 1840 suum,
2672 1787 2721 1831 et
2748 1780 3080 1837 abominatus
3112 1798 3186 1839 est
3209 1785 3574 1843 hwreditatem

1991 1875 2155 1913 .suam
2174 1863 2216 1915 ’.
2251 1862 2699 1936 Quandoquidem
2724 1862 2893 1939 [igitur
2922 1888 3068 1929 nunc
3095 1892 3315 1947 quoque
3348 1880 3573 1949 plurimi

2003 1953 2266 2018 gentilitia
2336 1957 2566 2026 caligine
2621 1960 2871 2023 involuti,
2930 1965 3239 2021 clanculum
3295 1972 3565 2038 majorum

2001 2056 2227 2095 suorum
2285 2048 2457 2100 errori
2506 2064 2564 2101 se
2600 2051 2947 2119 submittunt,
2999 2056 3234 2123 priscam
3281 2061 3567 2130 cogitatio-

1999 2146 2128 2186 num
2161 2136 2361 2189 caedem
2410 2139 2465 2192 in
2513 2141 2740 2198 collibus
2790 2154 2883 2198 aut
2931 2148 3195 2216 sepulcris
3238 2162 3331 2206 aut
3374 2168 3569 2209 monu-

1998 2225 2197 2281 mentis
2228 2238 2394 2284 noctu
2441 2244 2713 2300 exercent,
2752 2237 3033 2294 nidoribus
3064 2249 3119 2295 et
3161 2245 3427 2313 sanguine
3464 2247 3569 2303 dre-

1997 2328 2187 2369 mones
2217 2331 2567 2386 venerantur,
2586 2338 2724 2393 quos
2749 2325 2896 2395 ipsos
2917 2329 3081 2383 etiam
3112 2330 3261 2387 domi
3288 2337 3564 2406 supplices

1995 2401 2222 2457 adorant
2246 2423 2260 2457 :
2284 2406 2489 2462 idcirco
2519 2410 2667 2476 luna,
2703 2428 3015 2484 quanquam
3054 2432 3113 2472 se
3156 2434 3263 2473 non
3304 2401 3560 2490 dimittat,

1991 2507 2103 2560 prie
2137 2495 2324 2551 dolore
2351 2509 2531 2556 tamen
2557 2514 2768 2569 aestuat,
2804 2507 3252 2575 exborret,abdit
3284 2528 3428 2579 sese,
3456 2531 3562 2569 nu-

1989 2582 2112 2637 bem
2168 2585 2422 2655 inducns,
2472 2592 2658 2649 fratris
2690 2600 2939 2668 exemplo
3003 2602 3346 2669 splendorem
3397 2622 3559 2662 suum

1989 2676 2224 2747 indignis
2258 2681 2443 2752 largiri
2470 2685 2808 2756 dedignatur,
2852 2693 3068 2749 caelitus
3099 2696 3245 2749 velut
3278 2712 3347 2751 ex
3377 2699 3559 2769 aliqua

1988 2771 2209 2839 specula
2231 2773 2312 2827 vel
2340 2775 2559 2828 sublimi
2597 2778 2735 2839 loco,
2768 2797 2863 2848 per
2890 2783 3062 2851 ipsam
3110 2786 3554 2845 immutationem

1986 2862 2073 2916 sui
2103 2862 2349 2919 clamans
2372 2877 2425 2919 et
2459 2867 2687 2937 caligine
2709 2872 2940 2938 puniens
2975 2883 3140 2945 atque
3164 2893 3422 2936 coercens
3456 2881 3558 2938 bo-

1986 2953 2212 3010 micidas
2249 2955 2317 3010 ab
2347 2957 2512 3026 impio
2545 2958 2804 3016 facinore.

2404 3068 2916 3129 INTERROGATIO
2976 3077 3160 3132 CXIX.

2059 3172 2116 3228 Si
2171 3190 2275 3230 non
2316 3188 2399 3231 est
2441 3179 2724 3250 inaequalis
2764 3182 2861 3237 Dei
2901 3184 3076 3241 Filius
3127 3188 3233 3244 Deo
3283 3198 3338 3245 et
3381 3189 3527 3253 Patri

1981 3262 2073 3316 sed
2104 3278 2202 3331 par
2234 3266 2288 3318 in
2322 3270 2925 3341 omnibus,etejusdcm
2947 3278 3169 3333 honoris
3197 3281 3551 3354 ejusdemque

1977 3362 2219 3422 naturae,
2245 3359 2526 3426 quomodo
2576 3363 2751 3432 inquit
2796 3367 2910 3436 ipse
2946 3392 2955 3423 :
2988 3368 3100 3440 Ego
3154 3389 3271 3426 sum
3317 3377 3460 3443 vitis,
3498 3387 3549 3431 et

1966 3439 2125 3498 Pater
2164 3463 2306 3501 meus
2335 3452 2809 3519 agricola”?Non
2842 3461 2986 3514 enim
3020 3464 3209 3519 eadem
3246 3476 3441 3524 natura
3464 3480 3550 3526 est

1973 3538 2098 3591 vitis
2138 3549 2191 3593 et
2217 3543 2488 3611 agricolas,
2519 3561 2642 3600 cum
2685 3549 3045 3622 haecquidcm
3077 3557 3149 3611 sit
3175 3561 3456 3618 rationalis
3494 3575 3549 3618 et

1973 3629 2231 3695 animata,
2266 3633 2353 3687 illa
2387 3651 2517 3690 vero
2553 3640 2777 3696 rationis
2812 3658 3009 3714 expers
3034 3656 3088 3701 ct
3117 3648 3381 3710 inanima.

2599 3728 2904 3798 Responsio.

2008 3840 2013 3841 ν
2038 3801 2157 3858 Non
2191 3807 2352 3863 laudo
2380 3820 2529 3867 tuam
2559 3815 2955 3877 inconstantem
2982 3828 3358 3895 sagacitatem,
3406 3848 3529 3903 quae

1967 3896 2196 3949 multum
2225 3908 2277 3952 et
2323 3911 2476 3958 extra
2528 3912 2871 3977 propositum
2914 3918 3208 3983 exorbitat,
3255 3933 3307 3977 et
3358 3896 3540 3984 aliena

1965 3985 2262 4049 quaestione
2311 4004 2398 4044 me
2446 3994 2721 4051 distrahit.
2773 4000 2838 4054 Et
2878 4004 2923 4058 si
2960 4007 3179 4075 quidem
3227 4015 3416 4071 Volens
3479 4018 3536 4073 id

1962 4070 2122 4139 facis,
2174 4082 2454 4149 agnoscito
2501 4101 2587 4140 me
2615 4088 2719 4145 hoc
2766 4094 3217 4156 animadvertere.
3282 4104 3374 4160 Sin
3406 4124 3537 4164 vero

1961 4166 2282 4243 simpliciter
2325 4172 2376 4225 in
2434 4187 2616 4233 mente
2662 4185 2837 4251 genita
2889 4188 3122 4256 profers,
3168 4198 3379 4253 veniam
3434 4204 3532 4258 tibi

1960 4256 2075 4311 dari
2104 4260 2262 4324 scito,
2299 4279 2464 4333 quam
2498 4279 2551 4323 et
2590 4274 2725 4327 mihi
2757 4276 2999 4334 vicissim
3048 4283 3281 4356 benigne
3326 4291 3526 4362 largie-

1956 4349 2053 4402 ris.
2088 4349 2523 4413 Christianorum
2571 4366 2785 4431 quidem
2810 4380 2957 4426 certe
2982 4349 3230 4444 dogmaia
3269 4383 3373 4438 ﬁde
3396 4349 3531 4440 egon-

1958 4438 2199 4493 t'inentur
2228 4448 2282 4495 et
2328 4443 2654 4516 fulciuntur,
2704 4471 2816 4511 non
2854 4438 3392 4536 ratiocinationibus,
3433 4490 3531 4541 per

1957 4542 2094 4596 quas
2127 4531 2346 4600 plurimi
2373 4554 2599 4607 prorsus
2616 4559 2851 4604 mentem
2883 4555 3201 4615 amiserunt.
3221 4561 3359 4618 Num
3381 4568 3529 4623 enim

1954 4619 2181 4677 diversa:
2213 4623 2418 4685 Paulus
2466 4642 2519 4687 et
2571 4634 2796 4705 Apollos
2841 4657 3016 4711 erant,
3056 4664 3300 4719 respectu
3345 4657 3529 4716 Eccle-

1953 4713 2068 4776 siae,
2114 4721 2357 4774 naturae?
2406 4724 2607 4782 Scribit
2648 4732 2797 4786 enim
2848 4751 3006 4791 sacro
3050 4746 3216 4797 coetui
3270 4747 3525 4809 Ecclesiae

1951 4806 2151 4861 mentis
2200 4809 2553 4883 intelligentia
2604 4823 2821 4879 sublimi
2871 4832 3129 4896 praeditus
3179 4835 3269 4890 ille
3298 4840 3523 4908 Aposto-

1949 4891 2035 4948 lus
2066 4913 2079 4947 :
2113 4895 2228 4968 Ego
2254 4901 2510 4969 plantavi,
2554 4910 2767 4980 Apollas
2820 4891 3028 4987 rigavit,
3068 4941 3131 4977 (ιο
3175 4927 3315 4983 Deus
3346 4891 3522 4988 incre-

1950 4999 2181 5043 mentum
2224 4994 2446 5051 dedit“.
2499 4999 2639 5056 Num
2692 5008 2853 5075 igitur
2896 5013 3132 5071 inanima
3184 5029 3237 5074 et
3295 5025 3520 5085 rationis

1948 5093 2140 5146 expers
2180 5094 2297 5138 erat
2333 5086 2575 5146 Ecclesia
2609 5110 2638 5148 a
2673 5097 2839 5154 Paulo
2869 5106 3202 5175 plantata,ct
3241 5117 3307 5171 ab
3324 5119 3518 5188 Apollo

1948 5170 2148 5236 rigata,
2213 5188 2310 5242 per
2379 5178 2753 5251 irrigationcm
2815 5202 2869 5246 et
2934 5197 3247 5259 insitionem
3310 5170 3527 5278 prii-ecca

1940 5266 2192 5329 ptorum?

2388 5379 2904 5453 INTERROGATIO
2960 5399 3125 5459 CXX.

2008 5464 2189 5531 Quare
2212 5470 2360 5528 Deus
2383 5476 2604 5535 diabolo
2631 5482 2830 5541 Jobum
2862 5495 3107 5562 tradidit,
3159 5515 3283 5556 cum
3327 5510 3505 5578 tamen

1935 5551 2052 5622 ipse
2072 5558 2449 5619 testimonium
2468 5568 2614 5628 illius
2652 5574 2880 5645 justitiae
2926 5551 3233 5659 perhibeat,
3277 5602 3332 5648 et
3362 5573 3505 5654 rem

1980 5688 2019 5718 “
2055 5689 2079 5742 Ι
2115 5691 2245 5748 Cor.
2288 5711 2369 5765 Ill,
2406 5699 2460 5755 6.
