4000 6414
453 363 591 420 1007

453 491 620 554 atque
676 476 1139 550 irreprehensibili
1190 473 1402 528 vivendi
1457 470 1699 526 rationi?
1740 469 1915 522 Simul
1963 468 2032 522 da

455 579 670 636 veniam
729 589 839 631 non
875 568 1169 626 cohaerenti
1213 581 1339 622 cum
1382 563 1765 634 superioribus
1810 561 2037 614 interro-

457 668 684 740 gationi.
710 664 831 720 Non
855 663 1000 718 enim
1033 659 1274 716 tentandi
1305 657 1479 727 gratia
1508 657 1612 710 hoc
1633 653 1793 708 facio.

1095 751 1406 820 Responsio.

527 853 643 907 Non
675 851 874 920 ipsum,
926 847 1020 902 sed
1049 861 1170 914 quae
1212 844 1388 912 ipsius
1421 849 1600 905 erant,
1640 854 1748 894 non
1792 833 2040 899 tradidit,

459 945 554 1001 sed
593 940 886 1001 concessit,
925 951 1186 993 exercens
1212 933 1412 988 Johum
1453 933 1632 1002 ipsum
1663 930 1733 984 ad
1775 926 2044 983 fortitudi-

457 1051 608 1098 nem,
643 1042 695 1087 et
729 1031 1004 1086 abducens
1043 1042 1140 1096 per
1189 1041 1278 1080 res
1321 1025 1494 1077 luteas
1548 1021 1736 1076 carnis
1766 1027 2041 1088 expertem

460 1125 831 1184 adversarium
862 1139 892 1176 a
932 1120 1234 1175 tentatione
1269 1116 1511 1171 hominis
1540 1114 1692 1184 justi.

882 1207 1400 1268 INTERROGATIO
1437 1205 1622 1261 CXXI.

529 1313 690 1367 Recte
719 1308 928 1370 dixisti,
953 1322 1063 1360 non
1093 1305 1294 1374 ipsum,
1351 1301 1445 1357 sed
1487 1316 1609 1370 qua:
1646 1298 1817 1368 ipsius
1865 1303 2042 1360 erant,

468 1407 666 1463 tradita
705 1403 898 1457 fuisse.
927 1398 1068 1465 Quid
1114 1397 1317 1467 igitur?
1357 1411 1426 1449 an
1473 1408 1584 1448 non
1643 1391 1759 1460 ipse
1797 1398 1914 1443 erat
1952 1387 2046 1457 qui

461 1497 743 1554 vermibus
777 1490 1208 1564 perfodiebatur,
1245 1496 1297 1543 et
1337 1487 1406 1542 ab
1429 1486 1509 1541 eis
1541 1482 1953 1544 comedebatnr,
1993 1488 2048 1534 et

465 1594 674 1650 saniem
709 1598 847 1645 testa
881 1583 1140 1640 radebat?

1097 1672 1407 1742 Responsio.

533 1775 757 1830 Minime
784 1787 882 1841 per
907 1780 1172 1838 corporea
1210 1762 1437 1817 vulnera
1475 1758 1768 1814 laadebatur
1793 1757 2043 1812 animus:

468 1885 571 1926 nec
593 1879 830 1926 vermes,
860 1862 990 1916 licet
1029 1866 1204 1912 utrem
1249 1851 1616 1925 perforarent,
1657 1837 1805 1904 intus
1837 1847 2046 1918 reposi-

471 1974 587 2019 tum
618 1960 937 2014 thesaurum
970 1949 1178 2006 adoriri
1207 1953 1478 2018 poterant.
1520 1941 1639 1998 Non
1677 1942 1822 1996 enim
1849 1953 2047 2009 corpus

468 2055 640 2113 Jobus
675 2061 813 2114 erat,
838 2048 931 2105 sed
962 2044 1133 2101 Jobus
1172 2050 1291 2096 erat
1334 2040 1451 2110 ipsa
1483 2037 1567 2093 vis
1602 2035 1770 2090 animi
1818 2033 2049 2089 rationis

469 2147 774 2221 particeps;
821 2139 943 2196 Jobi
992 2151 1148 2199 vero,
1209 2147 1443 2202 corpus;
1493 2129 1761 2200 corporis,
1812 2143 1898 2182 res
1931 2126 2051 2181 aliae

470 2248 763 2298 terrestres
787 2244 1052 2304 cognatae.
1101 2217 1238 2283 Nam
1275 2227 1331 2280 in
1378 2225 1560 2279 anima
1601 2221 1856 2277 rationali
1899 2235 2052 2275 mens

472 2343 557 2390 est
583 2330 825 2389 scientia:
847 2323 1134 2381 rationalis
1167 2336 1360 2392 capax.
1406 2317 1563 2384 Quod
1600 2324 1782 2372 autem
1822 2313 2054 2369 rationis

473 2437 557 2483 est
582 2436 800 2493 expers,
833 2433 1000 2475 sensu
1037 2423 1188 2470 caret
1211 2420 1266 2468 et
1293 2413 1504 2467 luteum
1527 2415 1633 2464 est.
1684 2405 2056 2460 Mhilominus

473 2530 697 2592 propter
724 2510 1164 2571 commistionem
1205 2519 1397 2560 eorum
1427 2519 1550 2573 quae
1571 2500 1773 2557 diversi
1807 2506 1935 2553 sunt
1962 2513 2056 2564 ge-

477 2614 652 2678 neris,
689 2617 744 2665 et
769 2607 1030 2663 unionem
1081 2598 1402 2655 animalium
1440 2593 1815 2655 rationalium,
1863 2590 2059 2644 merito

477 2704 782 2776 appellatur
809 2701 994 2752 homo.
1024 2691 1289 2749 Concedit
1317 2690 1482 2760 igitur
1514 2688 1657 2741 Deus
1690 2683 1833 2738 hosti
1875 2689 2058 2736 exter-

480 2813 585 2860 na,
641 2803 694 2848 ut
751 2792 1097 2845 innmescant
1147 2782 1405 2838 omnibus
1451 2778 1708 2833 interiora
1747 2776 1892 2845 regis
1943 2788 2063 2829 sce-

479 2879 1072 2959 ptra,suisfulgoribus
1088 2873 1442 2931 obscurantia
1483 2883 1780 2940 purpuram
1810 2875 2062 2936 aspecta-

481 2958 644 3037 bilem
683 2986 737 3033 et
766 2974 1036 3030 diadema.
1068 2969 1306 3023 Prteerat
1345 2965 1490 3021 enim
1528 2963 1678 3020 solus
1707 2961 1916 3032 regioni
1945 2958 2066 3014 Usi-

483 3084 662 3130 tarum
694 3085 818 3126 cum
854 3064 1106 3136 imperio,
1131 3061 1454 3133 priusquam
1490 3073 1522 3113 a
1558 3056 1841 3111 vermibus
1883 3051 2067 3124 perfo-

483 3175 697 3224 raretur
724 3162 914 3219 carnis
961 3158 1135 3228 ipsius
1182 3153 1547 3218 domicilium,
1593 3160 1648 3205 et
1678 3150 2064 3205 illustraretur

481 3257 636 3314 orbis
665 3269 760 3325 per
792 3251 1125 3306 declaratam
1151 3245 1205 3299 in
1237 3244 1355 3315 ipso
1377 3242 1716 3313 patientiam.
1750 3239 2066 3294 Denudatur

488 3363 621 3419 ergo
673 3354 896 3401 strenua
937 3340 1041 3394 viri
1075 3339 1252 3392 virtus
1327 3350 1448 3390 cum
1498 3331 1838 3389 existimaret
1895 3330 2068 3386 hostis

487 3455 613 3497 eum
637 3436 794 3507 copia
821 3432 1143 3488 facultatum
1185 3427 1416 3482 miriﬁce
1445 3424 1727 3488 delectari,
1754 3439 1820 3479 ac
1851 3422 2068 3476 illarum

490 3547 624 3588 cura
672 3527 823 3583 velut
879 3519 1214 3578 assentando
1257 3525 1578 3584 corruptum
1639 3513 1750 3568 Deo
1794 3513 2069 3568 dicturum

491 3621 828 3681 convicium.
870 3615 1216 3684 Quapropter
1248 3607 1497 3678 exposcit
1529 3606 1701 3676 ipsius
1758 3602 2068 3666 facultates,

493 3716 696 3789 quibus
749 3719 1040 3782 postquam
1075 3703 1365 3776 spoliasset
1389 3701 1590 3771 ipsum,
1634 3705 1688 3752 et
1714 3713 1744 3750 a
1779 3710 1944 3765 scopo
1979 3694 2075 3748 ab-

488 3809 754 3867 errasset,
792 3797 1056 3863 concutit,
1076 3790 1421 3850 charissimis
1451 3789 1640 3844 liberis
1674 3802 1783 3842 una
1805 3801 1930 3840 cum
1956 3784 2075 3854 ipso

494 3896 810 3956 convivium
846 3888 1279 3950 celebrantibus,
1299 3891 1473 3939 totam
1493 3882 1740 3946 domum,
1766 3894 1832 3933 ac
1856 3884 2078 3947 repente

495 4003 743 4048 mensam
770 3988 824 4041 in
857 3982 1170 4054 sepulcrum
1197 3974 1619 4032 tumultuarium
1645 3977 1971 4026 commutat.
1993 3966 2079 4020 ln-

495 4084 636 4141 fecta
667 4089 849 4137 autem
876 4093 953 4144 re,
1014 4089 1140 4131 cum
1199 4069 1537 4140 turpitudine
1577 4067 1656 4120 sic
1687 4065 1849 4119 etiam
1894 4061 2076 4132 repul-

498 4191 616 4241 sus,
644 4175 779 4231 alias
814 4171 1070 4226 admovet
1107 4166 1306 4221 divinae
1341 4159 1551 4217 civitati
1583 4158 1888 4218 machinas,
1921 4154 2079 4223 cujus

499 4269 649 4324 cives
678 4262 1042 4334 cogitationes
1077 4265 1254 4320 erant,
1303 4254 1503 4308 iterum
1551 4248 1818 4302 adversus
1866 4245 2079 4299 hostem

499 4361 556 4416 in
592 4357 768 4413 aciem
822 4349 1258 4423 progredientes.
1319 4343 1457 4399 Nam
1490 4350 1781 4412 postquam
1825 4336 2081 4392 omnibus

502 4449 795 4522 spoliasset
833 4437 1348 4507 hominemjustum
1387 4429 1661 4492 diabolus,
1694 4441 1872 4497 neque
1897 4425 2080 4479 ﬂexis-

504 4515 588 4597 set
615 4537 682 4592 ad
707 4527 1110 4602 blasphemiam
1143 4525 1274 4595 (hoc
1314 4522 1461 4578 enim
1494 4527 1636 4583 erat,
1670 4515 1817 4587 quod
1859 4529 2078 4568 summa

507 4630 692 4690 studio
723 4621 1043 4696 quarebat),
1092 4619 1392 4688 ipsummet
1425 4611 1684 4681 deinceps
1722 4607 1986 4678 exposcit,
2029 4615 2084 4662 et

507 4723 574 4779 ad
608 4721 776 4775 Deum
810 4713 987 4782 inquit
1015 4730 1029 4766 :
1070 4709 1222 4764 Mitte
1250 4719 1467 4759 manum
1499 4712 1666 4767 tuam,
1699 4711 1746 4755 et
1785 4711 1937 4770 tange
1964 4714 2083 4752 car-

508 4829 597 4870 nes
651 4809 762 4879 ejus
789 4815 835 4860 et
862 4820 984 4858 ossa
1012 4800 1148 4870 ejus,
1171 4814 1233 4851 ac
1257 4795 1371 4849 vide
1402 4809 1527 4847 num
1562 4792 1617 4844 in
1648 4791 1834 4861 faciem
1860 4789 1955 4842 tibi
1981 4803 2086 4840 non

512 4918 622 4964 tam
662 4902 1025 4958 benedicturus
1050 4894 1140 4959 sit,
1170 4907 1330 4963 quam
1359 4887 1738 4944 maledicturus
1761 4885 1851 4943 “‘1
1901 4882 2086 4947 Conli—

511 5001 647 5056 dens
669 5002 850 5050 autem
873 4989 992 5043 viro
1017 4987 1167 5058 justo
1201 4983 1294 5053 qui
1318 4980 1484 5036 corda
1525 4986 1804 5035 scrutatur
1840 4973 2006 5041 Deus,
2034 4981 2090 5028 et

513 5091 733 5144 omnem
769 5082 1023 5136 affectum
1058 5073 1516 5132 misericordiaave
1557 5078 1880 5140 praetextum
1921 5067 2090 5134 depo-

516 5179 617 5243 nit,
644 5191 712 5230 ne
741 5179 1021 5243 putaretur
1060 5183 1090 5224 a
1113 5167 1332 5223 diabolo
1367 5178 1532 5237 parce
1559 5159 1862 5233 tangendus
1882 5156 2088 5228 justus,

519 5267 790 5336 simulque
828 5263 1000 5318 frctus
1047 5260 1224 5331 pugile
1269 5273 1390 5323 suo,
1439 5264 1494 5311 et
1526 5255 1670 5308 illius
1716 5249 2091 5306 adversarium

519 5359 858 5427 vituperans,
899 5353 1058 5424 quasi
1107 5366 1271 5406 carne
1324 5358 1378 5403 et
1423 5346 1690 5417 sanguine
1749 5341 1973 5397 inferior
2003 5339 2093 5393 ille

589 5497 635 5530 “
669 5495 772 5550 Job
813 5509 875 5558 ιι,
918 5494 973 5549 5.

592 5622 726 5696 (85.)
766 5627 908 5696 οὐκἴ
940 5661 953 5674 ,
981 5663 994 5678 ο
1029 5621 1102 5672 οὐ
1127 5616 1488 5696 παρέδωκεν.
1524 5610 1758 5696 Delcnda
1786 5608 1999 5696 videtur
2019 5624 2101 5696 se-

523 5679 967 5758 Cuhda'negatio,
995 5679 1222 5758 repetita
1248 5688 1564 5758 fortasseex
1591 5689 1864 5758 postrema
1892 5679 2100 5749 syllaba

537 5749 884 5830 praecedentis
925 5749 1112 5812 αὑτοῦ.
1154 5755 1355 5830 Verum
1396 5752 1596 5821 ἐπέχω.
1639 5749 1914 5806 Interdum
1953 5754 2099 5803 enim

537 5817 942 5901 haecparticula
981 5825 1339 5898 πυσματικῶς
1370 5817 1687 5890 usurpatur,
1717 5831 1773 5875 ut
1805 5823 1963 5874 docet
2000 5817 2102 5872 Bu-

1514 347 1570 403 S.
1611 343 1917 402 C/ESARII
1960 337 2296 398 GBE'GORII
2325 336 2636 392 FRATRIS

3567 309 3716 366 1008

2141 464 2236 518 καὶ
2263 462 2539 534 ἀμέμπτῳ
2572 455 2844 526 πολιτείᾳ;
2881 451 2976 505 καὶ
3027 442 3379 515 συγχώρησον
3419 437 3488 506 τῇ
3519 432 3726 488 ἀνακο-

2139 531 2314 628 λούθῴ
2342 531 2629 628 ἐρωτήσει·
2657 553 2718 605 ού
2757 549 2864 620 γὰρ
2892 541 3171 616 πειράζων
3194 536 3350 590 τοῦτο
3378 531 3540 584 ποιῶ.

2760 725 3118 792 Ἀπόκρισις.

2216 833 2330 888 Ούκ
2349 830 2530 889 αὐτὸν,
2555 824 2690 881 ἀλλὰ
2709 822 2756 876 τ’
2773 817 2961 878 αὑτοῦ,
2985 814 3047 867 ού
3077 807 3386 880 παρέδωκεν
3403 797 3562 869 (85‘),

2146 885 2550 993 συνεχώρησεν,
2585 910 2879 985 γυμνάζων
2913 905 3049 976 πρὸς
3082 897 3350 970 ἀνδρείαν,
3378 891 3473 946 καὶ
3501 885 3732 993 ἐπάγων

2150 1016 2240 1072 διὰ
2270 1011 2444 1086 πηλοῦ
2470 1011 2560 1064 τὸν
2591 1007 2832 1076 ἀσαρκον
2862 989 3268 1066 ἀνταγωνιστὴν
3289 985 3380 1041 τοῦ
3413 979 3657 1036 δικαίου.

2701 1178 2950 1236 ΠΕΥΣῙΣ
2986 1172 3163 1228 PKA'.

2215 1282 2412 1345 Καλῶς
2449 1281 2700 1350 εἴρηκας,
2743 1272 2817 1345 μὴ
2845 1269 3033 1329 αὑτὸν,
3075 1261 3210 1319 ἀλλά
3250 1261 3296 1314 τ’
3334 1250 3502 1309 αὐτοῦ
3542 1263 3739 1318 παρα-ι

2145 1339 2409 1432 δεδόσθαιζ
2445 1339 2514 1426 Τί
2536 1339 2664 1435 οῦνς
2693 1339 2980 1426 οῦκ-αὑτὸς
3016 1355 3109 1413 οῦν
3139 1353 3250 1426 (86)
3281 1354 3310 1405 ὁ
3342 1351 3454 1410 τοῖς
3487 1339 3739 1435 σκώληξκ

2150 1468 2378 1541 συνηλού
2389 1484 2545 1538 μενος
2562 1431 2698 1535 (87),
2721 1461 2815 1514 καὶ
2840 1457 2932 1511 ὑπ’
2960 1452 3141 1508 αὐτῶν
3165 1441 3602 1512 κατεσθιόμενος,
3631 1431 3738 1487 καὶ

2145 1565 2238 1616 τὸν
2273 1561 2445 1631 ἰχῶρα
2479 1558 2614 1625 ξέων
2648 1552 2940 1624 ὀστράκῳ;

2757 1644 3123 1709 Ἀπόκρισις.

2223 1745 2390 1800 Οὐδὲν
2420 1745 2488 1814 τῇ
2542 1739 2827 1811 σωματικῇ
2868 1732 3072 1804 τρώσει
3125 1727 3225 1798 τὴν
3253 1721 3429 1794 ψυχὴν
3480 1714 3728 1787 ἐτρώθηο

2154 1842 2260 1896 οὐδ’
2283 1808 2714 1894 αὑτὸν-δύλακον
2752 1829 3166 1899 διατρήσαντες,
3195 1818 3273 1890 τῷ
3303 1811 3611 1884 ἐγκειμένῳ
3641 1808 3736 1878 θη-

2155 1933 2342 2006 σαυρῷ
2378 1927 2706 2002 προσϐαλεῖν
2746 1924 2992 1995 ἴσχυσαν.
3035 1918 3110 1972 Οὐ
3138 1913 3248 1985 γὰρ
3290 1901 3410 1964 Ἰὼϐ
3450 1905 3514 1960 τὸ
3551 1903 3738 1972 σῶμα.

2156 1996 2291 2081 ἀλλά
2315 1996 2459 2078 ’Ἰὼϐ
2495 2022 2558 2075 τὸ
2597 2018 2839 2088 λογικὸν,
2871 2013 3080 2068 ἐκείνου
3110 2009 3168 2064 δὲ
3209 2005 3272 2060 τὸ
3318 2001 3498 2071 σῶμα,
3542 1996 3734 2050 τούτου

2154 2120 2214 2174 δὲ
2239 2118 2306 2171 τὰ
2331 2118 2396 2170 ὲκ
2429 2118 2530 2184 γῆς
2563 2110 2837 2183 σύμφυλα.
2883 2108 2945 2161 Εἰ
2980 2104 3078 2176 μὲν
3110 2101 3219 2173 γὰρ
3245 2097 3390 2169 ψυχὴ
3419 2090 3617 2162 λογικὴ
3650 2089 3744 2145 νοῦ

2158 2211 2254 2265 καλ⁵
2285 2209 2625 2278 ἐπιστήμης,
2649 2202 2839 2272 λογική
2875 2216 2934 2252 τε
2957 2197 3051 2252 καὶ
3079 2193 3322 2263 δεκτικὴ,
3351 2189 3410 2242 τὸ
3436 2188 3492 2241 δὲ
3519 2186 3742 2253 ἄλογον,

2159 2274 2618 2370 ἀναίσθητοννκαὶ
2669 2291 2950 2363 πηλῶδεςο
2991 2285 3127 2341 ἀλλά
3168 2286 3234 2354 τῇ
3288 2276 3587 2350 συγκράσει
3632 2274 3747 2327 τῶν

2163 2389 2496 2464 ἑτερογενῶν
2535 2386 2630 2440 καὶ
2669 2382 2863 2436 ὲνώσει
2893 2378 3046 2443 ζώων
3071 2371 3302 2442 λογικῶν
3338 2362 3749 2440 προσαγορεύες

2163 2457 2268 2540 ται,
2287 2457 2510 2545 εἰκότως
2535 2481 2563 2533 6
2598 2475 2807 2549 βροτός.
2841 2469 3121 2541 Συγχωρεῖ
3144 2461 3236 2520 οὖν
3263 2466 3290 2516 6
3319 2461 3452 2524 Θεὸς
3483 2458 3562 2530 τῷ
3589 2457 3752 2510 πολε-

2169 2579 2274 2650 μίῳ
2303 2577 2372 2630 τὰ
2401 2574 2526 2641 ἔξω,
2553 2574 2701 2634 ὅπως
2731 2564 2950 2637 γνωσθῇ
2981 2563 3116 2616 πᾶσι
3145 2559 3214 2612 τὰ
3240 2556 3488 2626 ὲνδότερα
3517 2551 3611 2605 τοῦ
3643 2549 3743 2619 βα-

2167 2670 2360 2733 σιλέως
2391 2667 2646 2737 σκῆπτρα
2703 2653 3097 2714 ἐπισκοτοῦντα
3136 2651 3257 2713 ταῖς
3301 2645 3610 2714 ἀστραπαῖς
3647 2638 3746 2710 τὴν

2165 2761 2449 2835 ὁρωμένην
2485 2732 2788 2826 ϋάλουργίδα
2827 2749 2922 2802 καὶ
2953 2745 3211 2816 διάδημα.
3257 2739 3440 2806 Μύνης
3485 2734 3597 2804 γὰρ
3652 2732 3752 2801 τῆς

2168 2827 2417 2908 Ᾰύσίτῶν
2439 2849 2622 2922 χώρας
2643 2843 2943 2907 ἐϐασίλευε,
2973 2837 3101 2909 πρὶν
3122 2837 3236 2898 τοῖς
3259 2831 3503 2904 ἑρπετοῖς
3521 2827 3644 2879 διατ
3655 2840 3755 2894 ρη-

2170 2946 2328 3017 θῆναι
2373 2917 2473 3012 τῆς
2501 2917 2706 3010 σαρκὸς
2760 2933 2863 2996 τὰς
2920 2927 3182 2992 καλύϐας,
3232 2924 3326 2979 καὶ
3367 2917 3755 2990 ἀστραφθῆναι

2171 3007 2269 3108 τήν
2297 3007 2620 3102 οἰκουμέντγν
2646 3030 2713 3099 τῇ
2745 3025 2958 3080 ἐκεῖθεν
2989 3019 3256 3091 ὑπομονῇ.
3288 3007 3756 3084 Παραγυμνοῦται

2172 3127 2264 3186 οὖν
2279 3131 2379 3199 τῆς
2403 3125 2678 3197 γενναίας,
2711 3120 2806 3176 τοῦ
2840 3116 3098 3188 πολεμίου
3127 3108 3406 3169 δοκοῦντος
3438 3108 3505 3176 τῇ
3535 3118 3756 3172 περιου-

2176 3226 2267 3296 σίᾳ
2311 3217 2706 3290 ὲπιγάννυσθαι
2752 3213 2862 3268 τῶν
2914 3208 3230 3281 κτημάτων,
3273 3201 3368 3256 καὶ
3414 3201 3482 3269 τῇ
3529 3194 3754 3247 ἐκείνων

2171 3286 2438 3384 Θεραπεία
2461 3305 2844 3375 θωπευόμενον
2871 3300 2946 3373 μὴ
2966 3294 3326 3369 βλασφημεῖν.
3351 3289 3440 3343 Διὸ
3459 3286 3756 3353 ὲξαιτεῖται

2175 3405 2272 3476 μὲν
2301 3400 2467 3457 αὐτοῦ
2499 3399 2567 3452 τὰ
2603 3397 2938 3467 ὑπάρχοντα,
2983 3391 3209 3442 ἐκείνων
3243 3383 3301 3437 δὲ
3333 3376 3627 3451 γυμνώσας
3659 3375 3754 3428 αύ-

2171 3497 2282 3560 τὺν,
2315 3495 2409 3548 καὶ
2461 3483 2766 3560 ἀστοχήσας
2805 3485 2897 3538 τοῦ
2952 3477 3179 3540 σκοποῦ,
3226 3471 3598 3528 ὲπικατασείει
3641 3470 3760 3530 τοῖς

2175 3588 2452 3658 φιλτάτοις
2489 3584 2648 3636 παισὶ
2681 3576 3118 3646 συνεσθιομένοις
3150 3572 3248 3641 τὴν
3269 3567 3468 3630 οἰκίαν,
3496 3560 3761 3631 αὐτοσχέ-

2173 3680 2284 3733 διον
2312 3679 2480 3746 τάφον
2499 3675 2680 3735 αὐτοῖς
2698 3673 2798 3743 τὴν
2827 3667 3106 3741 τράπεζαν
3122 3659 3517 3732 ἐργασάμενος.
3545 3655 3765 3722 Ἀπρα-

2175 3788 2303 3834 κτος
2328 3769 2385 3823 δὲ
2425 3768 2521 3821 καὶ
2547 3764 2721 3827 οὕτως
2753 3761 2869 3833 μετ’
2917 3756 3175 3828 αἰσχύνης
3213 3743 3633 3820 ἀποκρουσθεὶς,
3658 3742 3760 3793 λοι-

2177 3831 2375 3933 πὸν-τῇ
2420 3860 2540 3931 θείᾳ
2567 3857 2719 3911 πόλει
2756 3831 3030 3926 προσάγει
3075 3849 3144 3902 τὰ
3180 3843 3550 3918 μηχανήματα
3572 3852 3586 3866 ⁶
3619 3831 3690 3907 ἧς
3713 3836 3757 3890 οι

2179 3957 2394 4013 πολῖται
2427 3951 2680 4023 λογισμοὶ
2708 3945 2864 4011 αὖθις
2892 3945 2969 4017 τῷ
3015 3941 3258 4012 πολεμίῳ
3302 3935 3761 4008 παρατάττονται.

2179 4050 2336 4106 Μετὰ
2357 4048 2466 4120 γὰρ
2487 4047 2550 4099 τὸ
2584 4045 2764 4098 πάντα
2794 4040 3091 4111 ἀφελέσθαι
3112 4034 3207 4089 τοῦ
3225 4031 3432 4092 δικαίου
3447 4028 3477 4080 6
3493 4023 3765 4086 διάϐολος,

2180 4147 2275 4200 καὶ
2302 4145 2376 4216 μὴ
2408 4117 2595 4203 κλίνας
2612 4137 2773 4191 αὑτὸν
2795 4135 2873 4198 είς
2907 4131 3256 4204 βλασφημίαν
3281 4124 3460 4196 (τοῦτο
3475 4121 3580 4192 γὰρ
3608 4117 3767 4188 αὐτῷ

2182 4236 2276 4290 καὶ
2311 4235 2471 4306 μόνον
2512 4227 2580 4303 ἦν
2611 4223 3122 4300 περισπούδαστον),
3154 4221 3316 4275 αὑτὸν
3341 4217 3522 4274 λοιπὸν
3553 4214 3770 4266 ἐκεῖνον

2181 4301 2406 4394 ἐξαιτεῖ,
2433 4301 2689 4394 καίὴφησι
2715 4319 2793 4390 τῷ
2830 4316 2950 4388 Θεῷ
2969 4333 2982 4346 ·
3033 4314 3428 4370 Ἀπόστειλον
3453 4306 3570 4374 τὴν·
3596 4301 3768 4374 χεῖρά

2181 4436 2321 4482 σου,
2350 4416 2449 4471 καὶ
2478 4415 2628 4485 ἅψαι
2657 4411 2779 4467 τῶν
2807 4407 3053 4480 σαρκῶν
3077 4405 3263 4461 αὑτοῦ
3289 4403 3388 4457 καὶ
3418 4399 3533 4455 τῶν
3563 4396 3766 4453 ὀστῶν

2186 4509 2397 4575 αὐτοῦ,
2417 4510 2468 4562 ει
2484 4508 2612 4579 μὴν
2631 4508 2718 4572 εὶς
2738 4501 3067 4573 πρόσωπόν
3084 4515 3158 4554 σε
3180 4494 3524 4565 εὐλογήσει,
3540 4488 3765 4544 ὡσανεὶ

2182 4600 2643 4672 βλασφημήσει.
2680 4596 2909 4670 6αρρὦ
2936 4593 2994 4648 δὲ
3025 4591 3104 4663 τῷ
3128 4589 3322 4658 δικαίῳ
3347 4591 3376 4640 6
3403 4585 3503 4648 τὰς
3536 4582 3764 4654 καρδίας

2190 4695 2506 4769 ἐμϐατεύων
2531 4693 2684 4755 Θεὸς,
2720 4690 2815 4743 καὶ
2844 4690 3024 4742 πᾶσαν
3053 4682 3428 4756 προσπάθειαν
3467 4677 3502 4749 ἢ
3546 4673 3763 4746 φειδοῦς

2191 4766 2462 4862 πρόφασιν
2506 4783 2984 4856 περιαιρούμενος.
3031 4779 3103 4852 μή
3136 4793 3264 4830 ποτε
3291 4771 3522 4845 νομισθῇ
3547 4768 3624 4838 τῷ
3651 4766 3773 4820 δια-

2193 4883 2335 4955 ϐόλῳ
2373 4879 2700 4952 φειδομένως
2739 4874 2980 4945 ἅψασθαι
3011 4871 3106 4926 τοῦ
3152 4868 3361 4924 δικαίου
3382 4883 3396 4896 ⁸
3429 4865 3546 4934 ἃμα
3568 4862 3626 4915 δὲ
3673 4862 3774 4915 καὶ

2194 4953 2414 5047 θαρρῶν
2447 4973 2525 5042 τῷ
2573 4970 2759 5040 οἰκείῳ
2805 4967 3105 5037 ἀγωνιστῇ,
3153 4963 3247 5016 καὶ
3283 4956 3552 5024 ὀνειδίζων
3602 4953 3773 5008 αὑτοῦ

2193 5067 2285 5120 τὸν
2318 5062 2633 5127 ἀντίπαλον,
2675 5060 2748 5123 ὡς
2785 5058 2948 5130 σαρκὶ
2973 5057 3068 5110 καὶ
3114 5053 3308 5123 αἵματι
3339 5047 3648 5121 ἡττώμενον
3682 5046 3776 5098 τὸν

2195 5159 2455 5229 ἀσαρκον,
2487 5155 2578 5210 τὸν
2594 5152 2947 5223 καυχώμενον
2971 5150 3066 5202 καὶ
3090 5146 3337 5214 λέγοντα’
3370 5139 3450 5210 Τῇ
3468 5139 3641 5209 ἰσχύϊ
3654 5155 3776 5207 μου

2199 5249 2452 5317 ποιήσω,
2478 5247 2576 5302 καὶ
2609 5244 2682 5314 τῇ
2708 5245 2862 5315 χειρί
2877 5259 2995 5312 μου
3027 5236 3259 5293 καθελῶ
3287 5236 3415 5305 ὅρια
3438 5230 3650 5294 ἐθνῶν,
3675 5230 3779 5284 καί

2199 5342 2317 5412 τὴν
2362 5340 2722 5411 οἰκουμένην
2760 5337 2914 5402 ὅλην
2947 5332 3373 5402 περιλήψομαι,
3404 5325 3504 5382 καὶ
3537 5321 3662 5394 ἀρῶ
3699 5323 3782 5390 ὡς

2206 5608 2356 5664 datus
2379 5607 2672 5662 Comment.
2707 5603 2834 5668 ling.
2871 5597 2960 5654 Gr.
2985 5613 3038 5667 p.
3070 5611 3143 5652 nt.
3169 5595 3292 5650 452.

2280 5680 2394 5747 (86)
2427 5671 2572 5731 Οὖν.
2602 5673 2764 5747 Forte
2781 5669 2870 5743 ἦν.
2903 5670 3060 5747 Ε-ιξιτ.

2432 5725 2910 5815 ὶῦικὴάοὐλιεκος.
2940 5740 3102 5796 Forte
3126 5733 3552 5803 συνειλούμενος.
3585 5725 3666 5790 In.
