4000 6462
272 432 416 493 1009

268 550 853 626 ἐγκαταλελειμμένα
885 551 990 608 ὠά.
1025 551 1253 606 Ἐπάνω
1282 549 1403 605 τῶν
1432 551 1673 620 ἄστρων
1706 551 1851 605 ἀνα-

270 644 548 713 ϐήσομαι,
574 641 740 710 θήσω
765 643 863 698 ἐπὶ
893 643 1012 697 τῶν
1031 642 1305 713 νεφελῶν
1331 642 1442 697 τὸν
1467 644 1685 712 θρόνον
1707 661 1849 713 μου,

272 735 369 791 καὶ
403 734 620 805 ἔσομαι
653 733 856 803 ὅμοιος
892 734 973 800 τῷ
1012 736 1301 804 ’Υψίστῳ.
1333 735 1511 789 Οίονεὶ
1548 735 1724 804 γελῶν
1756 737 1853 790 αύ-

269 828 363 884 τοῦ
405 826 502 898 τὴν
527 826 848 892 ἀλαζονείαν
870 829 898 881 6
934 827 1089 893 Θεὸς,
1124 828 1221 893 καὶ
1246 829 1471 898 φάσκων
1490 844 1505 860 ·
1542 829 1608 882 Τί
1638 830 1855 901 κομπά-

272 913 489 986 ζεις,ιῶ
532 919 696 991 μιαρὲ
744 919 994 986 διάϐολε;
1048 919 1159 974 ἰδοὺ
1208 915 1291 985 εἷς
1323 920 1434 975 τῶν
1478 921 1708 975 οἰκετῶν
1752 938 1853 992 μου

270 1011 517 1082 πήλινος,
553 1010 758 1082 χοῖκὸς,
789 1011 1036 1083 εὐτελὴς,
1068 1012 1168 1085 τὴν
1197 1010 1360 1081 φύσιν
1392 1011 1603 1084 βροτὸς,
1632 1013 1732 1066 οὐκ
1755 1012 1856 1081 ἀγ-

269 1104 427 1174 γελος
482 1101 664 1175 (ὕϐρις
703 1104 820 1175 γὰρ
844 1103 1060 1173 ἀγγέλῳ
1090 1103 1227 1173 πρὸς
1255 1102 1314 1157 σὲ
1349 1103 1733 1173 ἀγωνίζεσθαι,
1764 1103 1856 1159 τὸν

274 1195 412 1266 μηδὲ
432 1193 607 1266 πηλοῦ
626 1211 693 1247 πε
702 1193 1055 1265 ριεσόμενον)·
1083 1193 1254 1260 Ἰδοὺ,
1274 1195 1428 1266 φησὶ,
1452 1195 1858 1266 παραδίδομεν

270 1284 460 1341 αὑτὸν
482 1285 554 1339 ἐν
575 1282 653 1354 τῇ
677 1286 832 1355 χειρί
850 1299 992 1351 σου,
1015 1286 1179 1339 οἱονεὶ
1200 1285 1420 1365 δέσμιον
1445 1287 1541 1341 καὶ
1566 1286 1715 1342 κάτω
1744 1287 1858 1342 κεί-

276 1394 455 1450 μενον.
501 1377 567 1431 El
614 1377 724 1449 ἄρα
759 1378 992 1451 περιέσῃ
1021 1378 1188 1433 αὐτοῦ
1215 1379 1317 1450 τῆς
1355 1380 1567 1451 ὑψηλῆς
1596 1379 1855 1445 διανοίας,

275 1466 581 1543 πολιορκῶν
604 1466 771 1521 αὐτὸν
802 1468 899 1522 καὶ
926 1466 1161 1533 τοξεύων
1190 1469 1249 1523 ὲν
1268 1468 1347 1540 τῷ
1379 1467 1614 1539 σώματι.
1646 1468 1757 1521 Καὶ
1802 1468 1858 1521 τί

276 1557 415 1627 μετά
455 1556 663 1622 rati-ca;
699 1558 863 1611 οἱονεὶ
906 1557 1061 1629 βέλος
1110 1557 1482 1631 στερροτέρως
1532 1557 1858 1630 προσπεσὼν

272 1648 625 1722 ἀπεκρούσθη
659 1649 943 1722 ἄπρακτος
983 1651 1012 1703 6
1055 1650 1270 1717 ἀλαζὼν
1302 1653 1397 1706 καὶ
1440 1651 1560 1716 θεὸς
1590 1652 1859 1723 ὑπάρχειν

272 1743 519 1815 οἰόμενος
566 1744 730 1814 σαρκὶ
761 1745 1014 1816 ἡττηθεὶς
1042 1745 1139 1800 καὶ
1169 1747 1383 1816 αἵματι.
1416 1746 1491 1800 Οὐ
1518 1746 1628 1819 γὰρ
1671 1746 1858 1818 ἴσχυσε

273 1836 581 1910 πολιορκῶν
614 1838 710 1892 καὶ
740 1838 976 1904 τοξεύων
1022 1839 1121 1911 τὴν
1163 1839 1312 1895 θείαν
1346 1841 1441 1894 τοῦ
1470 1841 1721 1913 σώματος
1759 1843 1857 1896 πό-

273 1928 379 1991 λιν,
412 1930 447 2000 ἠ
476 1946 599 1984 τινα
625 1930 734 1985 τῶν
759 1931 993 1986 πολιτῶν
1013 1932 1291 2004 λογισμῶν
1314 1932 1683 2005 χειρώσασθαι
1700 1951 1714 1965 ο
1735 1936 1857 1989 οὐδὲ

276 2020 387 2074 τῶν
414 2022 506 2075 ἐπὶ
533 2021 641 2076 τῶν
667 2023 850 2079 πυλῶν
877 2023 972 2079 τοῦ
1002 2025 1271 2097 στόματός
1304 2043 1428 2079 τινα
1456 2027 1723 2099 ἀναιρεῖν.
1769 2027 1856 2080 Ἐν

277 2111 490 2178 τούτοις
529 2114 639 2187 γὰρ
679 2119 814 2171 πᾶσι
847 2120 961 2181 τοῖς
996 2118 1399 2189 συμϐεϐηκόσιν
1436 2119 1605 2191 αὐτῷ,
1649 2120 1769 2173 οὐδὲ
1797 2122 1857 2174 ἐν

276 2205 391 2267 τοῖς
424 2204 658 2275 χείλεσιν
684 2208 851 2262 αὐτοῦ
881 2210 1131 2281 ἥμαρτεν
1172 2209 1291 2263 Ἰὼϐ
1338 2210 1577 2265 ἐναντίον
1627 2211 1852 2283 Κυρίου.

288 2295 452 2352 Ἀλλά
499 2297 893 2372 βλασφημῆσαι
932 2302 1382 2371 ἀναγκαζόμενος
1416 2304 1522 2357 ὑπὸ
1558 2303 1653 2358 τοῦ
1700 2305 1856 2360 πολεο

276 2387 427 2459 μίου,
480 2391 791 2446 τούναντίον
837 2393 1036 2457 ἐποίει,
1084 2395 1330 2463 φάσκων,
1391 2397 1608 2464 Κύριος
1651 2397 1863 2464 ἔδωκε,

271 2483 493 2550 Κύριος
522 2483 804 2551 ἀφείλετο
824 2498 838 2515 ·
865 2485 946 2551 ὡς
972 2484 1053 2552 τῷ
1076 2487 1274 2555 Κυρίῳ
1295 2486 1527 2554 ἔδοξεν,
1552 2489 1706 2544 οὕτω
1761 2491 1863 2546 και

269 2571 544 2642 ἐγένετο·
579 2574 671 2643 εἵη
694 2574 776 2644 ξτὸ
826 2574 1015 2645 ὄνομα
1056 2579 1278 2647 Κυρίου
1325 2581 1735 2658 εὐλογημένον
1774 2588 1862 2653 εις

269 2664 419 2731 τοὺς
454 2664 695 2733 αἰῶνας.
733 2668 810 2721 Ub
840 2667 1152 2748 προδίδοται
1187 2667 1303 2738 οὖν,
1336 2672 1470 2728 ἀλλά
1499 2675 1865 2747 προϐάλλεται

270 2757 588 2829 ἀγωνιστὴς
626 2760 722 2812 καὶ
764 2760 1056 2828 παιδευτὴς
1085 2762 1361 2835 ἀνδρείας,
1404 2766 1499 2819 καὶ
1527 2768 1584 2820 ὲν
1614 2771 1728 2834 τοῖς
1757 2769 1858 2824 ἀλ-

269 2851 479 2917 γεινοῖς
502 2848 596 2902 τοῦ
624 2849 740 2920 βίου
774 2852 1150 2924 εὐχαριστίας.

1682 426 1935 485 DIALOG
1944 427 2031 484 US
2060 426 2148 485 ΠΥ.

3401 421 3538 475 iOlO

1957 549 2115 613 foret,
2148 547 2240 620 qui
2293 561 2478 603 carnis
2522 554 2641 601 erat
2667 557 2865 614 expers
2908 550 2963 598 et
2998 538 3336 612 gloriabatur
3373 554 3536 612 atque

1953 642 2168 697 dicebat
2199 658 2213 695 ε
2238 639 2444 695 Robore
2465 654 2578 693 meo
2610 638 2827 708 faciam,
2857 645 2907 691 et
2930 651 3092 689 manu
3115 651 3230 688 mea
3263 632 3537 687 destruam

1954 735 2204 787 terminos
2237 733 2490 803 gentium,
2519 740 2570 785 et
2609 729 2784 785 orbem
2816 737 3081 782 terrarum
3104 734 3269 780 totum
3304 726 3536 793 capiam.

1954 834 2003 879 et
2044 824 2230 879 tollant
2274 824 2434 878 veluti
2507 821 2757 876 derelicta
2812 821 2989 874 ova".
3026 818 3319 871 Ascendam
3376 831 3536 885 supra
3631 809 3637 815 ’

1954 918 2153 982 sidera,
2180 933 2376 988 ponam
2405 931 2569 985 supra
2602 913 2761 968 nubes
2796 911 2990 965 saliunt
3025 925 3216 973 meum,
3257 916 3304 960 et
3331 922 3420 960 ero
3471 905 3539 957 si-

1954 1010 2101 1065 milis
2119 1009 2396 1065 Altissimo
2416 1006 2481 1061 ⁸⁸.
2517 1005 2687 1073 Quasi
2714 1019 2845 1075 ergo
2863 1003 3048 1058 ridens
3076 1000 3252 1070 ipsius
3274 1011 3537 1065 arrogan-

1958 1104 2088 1158 tiam
2116 1102 2286 1164 Deus,
2332 1100 2514 1172 inquit
2545 1119 2558 1155 :
2586 1099 2755 1166 Quid,
2810 1112 2843 1152 ο
2869 1096 3037 1150 miser
3070 1093 3306 1157 diabolo,
3344 1089 3540 1163 gloria-

1954 1195 2076 1250 ris?
2108 1193 2249 1249 Ecce
2287 1207 2431 1248 unus
2479 1198 2565 1246 est
2614 1189 2705 1244 hic
2745 1200 3030 1243 servorum
3075 1198 3344 1247 meorum,
3383 1181 3539 1249 isque.

1956 1285 2159 1351 luteus,
2195 1284 2507 1355 pulvereus,
2526 1281 2651 1336 vilis
2683 1294 2714 1334 a
2743 1286 2939 1333 natura
2962 1275 3321 1345 mortalisque
3348 1274 3537 1340 homo,

1955 1392 2067 1432 non
2097 1375 2326 1446 angelus
2349 1376 2530 1443 (turpe
2564 1370 2829 1425 nimirum
2855 1366 3022 1423 fuerit
3094 1380 3220 1421 cum
3254 1364 3448 1435 angelo
3487 1372 3541 1419 te

1956 1478 2189 1535 certare,
2235 1466 2329 1537 qui
2361 1480 2431 1521 ne
2464 1463 2683 1535 quidem
2728 1462 2844 1517 luto
2893 1458 3145 1531 superior
3185 1456 3341 1527 eris).
3383 1454 3538 1519 Ecce,

1957 1562 2153 1633 inquit,
2205 1562 2362 1616 trado
2396 1561 2569 1629 ipsum
2600 1560 2657 1613 in
2681 1573 2897 1613 manum
2944 1555 3174 1621 tuam",
3224 1552 3383 1624 quasi
3423 1552 3543 1604 vin-

1957 1665 2106 1712 ctum
2136 1663 2191 1710 et
2216 1662 2578 1726 prostratum.
2608 1651 2743 1707 Vide
2772 1665 2904 1705 num
2942 1648 3220 1705 excelsum
3254 1645 3403 1699 illius
3424 1643 3528 1698 ani-

1956 1764 2108 1805 mum
2149 1761 2410 1817 superare
2442 1745 2645 1817 possis,
2677 1759 2999 1815 expugnans
3033 1743 3210 1813 ipsum
3238 1748 3293 1795 et
3325 1738 3377 1793 in
3413 1752 3538 1792 cor-

1963 1857 2097 1915 pore
2141 1840 2347 1913 iaculis
2388 1834 2692 1910 eo'nligens.
2742 1836 2883 1905 Quid
2941 1836 3243 1892 secundum
3289 1833 3406 1887 haec
3445 1829 3542 1884 fit?

1969 1933 2143 1988 veluti
2185 1932 2429 1998 iaculum
2466 1930 2704 1985 validius
2734 1929 3004 1991 invectus,
3056 1925 3311 1997 repulsus
3339 1933 3422 1978 est
3466 1921 3541 1974 in.

1963 2026 2111 2082 fecta
2143 2040 2202 2080 re
2236 2025 2508 2095 superbus
2536 2033 2592 2080 et
2618 2038 2885 2096 arrogans
2919 2022 3039 2089 ille,
3058 2020 3263 2091 quique
3286 2032 3345 2072 se
3384 2015 3540 2069 deum

1963 2134 2086 2176 esse
2120 2119 2368 2189 putabat,
2414 2134 2443 2173 a
2493 2132 2657 2174 carne
2698 2124 2992 2187 superatus
3036 2121 3122 2169 est
3164 2121 3217 2167 et
3254 2107 3542 2179 sanguine.

1962 2213 2082 2268 Non
2112 2214 2256 2270 enim
2309 2214 2486 2284 potuit
2522 2210 2889 2283 oppugnando
2921 2207 3245 2281 sagittisque
3299 2201 3545 2259 feriendo

1965 2307 2203 2364 divinam
2238 2306 2485 2377 corporis
2516 2305 2663 2361 illius
2693 2304 2992 2367 civitatem,
3035 2311 3129 2357 aut
3167 2300 3406 2370 aliquem
3448 2297 3546 2351 ci-

1964 2404 2138 2470 vium,
2162 2416 2356 2472 nempe
2395 2400 2815 2473 cogitationum,
2861 2412 3082 2468 capere,
3138 2410 3313 2467 neque
3353 2408 3547 2465 quem-

1965 2509 2134 2564 quam
2191 2493 2246 2547 in
2282 2491 2459 2563 portis
2513 2491 2627 2545 oris
2666 2489 2937 2545 occidere.
2982 2486 3040 2540 ln
3098 2485 3359 2540 omnibus
3400 2482 3546 2539 enim

1964 2586 2074 2640 illis
2103 2600 2226 2656 quae
2259 2583 2582 2638 acciderunt
2615 2580 2689 2646 ei,
2743 2595 2851 2634 non
2882 2577 3105 2633 admisit
3145 2576 3316 2631 ullum
3350 2590 3548 2646 pecca-

1963 2687 2075 2732 tum
2112 2675 2279 2731 Jobus
2301 2674 2461 2731 labiis
2492 2673 2607 2728 suis
2625 2673 2888 2727 adversus
2910 2669 3238 2732 Dominum;
3269 2665 3365 2723 sed
3389 2666 3551 2721 hoste

1966 2770 2298 2842 impellente,
2352 2776 2412 2821 ut
2445 2766 2556 2821 Deo
2603 2764 2913 2819 convicium
2957 2761 3179 2827 faceret,
3233 2760 3450 2816 diverso
3491 2774 3552 2813 se

1958 2864 2121 2919 modo
2162 2861 2406 2934 gerebat,
2443 2860 2634 2915 dicens
2674 2877 2686 2912 :
2724 2857 2981 2910 Dominus
3064 2855 3233 2921 dedit,
3291 2853 3549 2908 Dominus

270 2946 544 3013 abstulit;
570 2956 629 3001 ut
659 2947 883 3003 Domino
920 2949 1141 3019 placuit,
1179 2951 1257 3006 ita
1280 2951 1482 3022 factum
1516 2959 1721 3013 est:sit
1748 2975 1935 3014 nomen
1964 2960 2175 3015 Domini
2203 2958 2530 3014 benedictum
2563 2957 2619 3009 in
2641 2954 2838 3009 alecula
2857 2954 2920 3007 η.
2949 2949 3062 3007 Non
3093 2951 3344 3022 proditur
3368 2948 3547 3019 igitur,

271 3038 367 3095 sed
411 3038 739 3108 proponitur
764 3049 824 3095 ut
853 3042 1000 3112 pugil
1029 3052 1083 3097 et
1113 3044 1375 3116 magister
1404 3045 1770 3119 fortitudinis,
1814 3062 1870 3109 et
1897 3054 2198 3125 gratiarum
2230 3051 2468 3107 actionis
2499 3050 2551 3104 in
2584 3047 3005 3104 adversitatibus
3041 3045 3204 3113 hujus
3233 3044 3372 3098 vitae.

344 3130 634 3201 Τέτταρας
685 3125 777 3185 οὖν
833 3134 1078 3199 παιδείας
1104 3136 1343 3207 τρόπους
1394 3139 1575 3210 ἴσμεν·
1603 3142 1715 3214 Τὴν
1757 3144 1857 3214 μὲν

270 3221 342 3276 δι’
370 3221 651 3294 ἁμαρτίας
679 3223 810 3294 ἡμῖν
829 3224 964 3296 πρὸς
983 3224 1266 3296 διόρθωσιν
1294 3229 1642 3303 ἐπαγομένην
1692 3232 1869 3301 (Πολ-

272 3313 380 3374 λαὶ
411 3311 524 3386 γὰρ
546 3316 606 3367 αἱ
617 3313 909 3387 μάστιγες
928 3315 1034 3371 τοῦ
1054 3318 1597 3392 ἁμαρτωλοῦ,φησ“ιν
1613 3323 1641 3376 ὀ
1656 3324 1865 3393 Δαόὶδ),

270 3406 374 3477 τὴν
422 3405 483 3459 δὲ
515 3406 583 3459 δι’
617 3406 995 3479 ὑπερηφανίας
1038 3410 1133 3463 καὶ
1167 3409 1338 3479 τύςρου
1381 3412 1728 3485 καθαίρεσιν,
1769 3416 1869 3488 τὴν

271 3498 491 3571 οἴδησιν
519 3498 636 3571 ἦτοι
675 3500 990 3573 κορύφωσιν
1028 3502 1127 3575 τῆς
1159 3502 1339 3575 ψυχῆς
1376 3506 1865 3562 καταστέλλουσαν·

284 3590 724 3660 ’Υπερηφάνοις
763 3593 872 3664 γὰρ
910 3595 1127 3662 Κύριος
1169 3596 1615 3653 ἀντιτάσσεται.
1654 3600 1870 3673 Ἕτεροι

272 3684 333 3738 δὲ
360 3682 811 3739 διαλανθάνουσιν
839 3685 1042 3759 ἀρετὴν
1080 3687 1175 3740 καὶ¹
1219 3687 1473 3758 ἀνδρείαν
1512 3690 1647 3761 πρὸς
1686 3692 1748 3744 τὸ
1779 3711 1869 3764 μι-

280 3775 569 3848 μήσασθαι
598 3776 725 3837 τοὺς
746 3775 1008 3846 ὁρῶντας.
1049 3776 1262 3843 Οὐδεὶς
1300 3778 1410 3849 γὰρ
1433 3779 1606 3834 ἅπτει
1637 3783 1874 3851 λύχνον

275 3868 385 3924 καὶ
405 3867 652 3935 τίθησιν
680 3867 869 3921 αὑτὸν
890 3865 1010 3922 ὑπὸ
1038 3867 1144 3921 τὸν
1162 3867 1380 3937 μόδιον
1401 3870 1441 3938 ἢ
1470 3869 1587 3938 τὴν
1628 3873 1870 3940 κλίνην,

275 3960 451 4016 ἀλλὰ
474 3958 574 4013 ἐπὶ
598 3957 716 4027 τὴν
736 3957 1021 4028 λυχνίαν,
1057 3957 1158 4011 ἵνα
1187 3957 1371 4028 φαίνῃ
1438 3957 1588 4015 πᾶσι
1634 3961 1761 4026 τοῖς
1805 3962 1876 4015 ἐν

276 4051 361 4123 τῇ
393 4052 586 4120 aluta,
616 4050 780 4121 φησὶν
823 4051 853 4104 6
881 4050 1086 4121 Κύριος
1105 4068 1119 4081 ·
1163 4051 1326 4105 οἱονεὶ
1353 4050 1560 4119 λέγων,
1592 4052 1691 4105 Διά
1716 4051 1873 4108 τοῦτο

277 4144 500 4218 πυρσοῦ
527 4144 680 4216 δίκην
709 4141 886 4215 ὲξῆψα
915 4143 1007 4198 τὸν
1055 4143 1176 4197 Ἰὼϐ
1201 4184 1216 4209 ,
1256 4143 1350 4197 καὶ
1395 4142 1501 4208 ἔξω
1544 4144 1641 4198 τοῦ
1684 4146 1875 4210 ἄστεος

279 4238 382 4291 ἐπὶ
413 4236 636 4307 λυχνίαν
672 4236 771 4308 τῆς
800 4236 1035 4307 κοπρίας
1060 4234 1264 4306 ἐθέμην
1284 4278 1299 4300 ,
1347 4234 1558 4304 φαίνειν
1591 4237 1725 4291 πᾶσι
1763 4240 1876 4302 τοῖς

279 4329 343 4381 ὲν
390 4330 460 4399 τῇ
491 4326 804 4399 οἰκουμένῃ.
840 4328 951 4399 Τὴν
982 4328 1038 4382 δὲ
1087 4327 1324 4400 παντελῆ
1356 4328 1676 4399 κατάλειψιν
1723 4331 1876 4402 παρὰ

280 4420 424 4479 Θεοῦ
476 4420 544 4476 δι’
599 4422 837 4495 ἐσχάτην
892 4423 1092 4478 κακίαν
1147 4424 1243 4478 καὶ
1292 4424 1467 4496 ἀμιγῆ
1496 4422 1723 4478 καθόλου
1778 4422 1874 4477 τοῦ

276 4515 599 4590 κρείττονος
619 4532 634 4548 ο
674 4517 813 4589 ὅπερ
846 4517 938 4571 ἐπὶ
981 4516 1074 4571 τοῦ
1115 4516 1315 4588 Φαραὼ
1349 4517 1444 4573 καί⁹
1475 4514 1569 4570 τοῦ
1599 4516 1874 4584 Ναϐουχο-

275 4611 508 4682 δονόσορ
536 4610 633 4665 καὶ
686 4609 855 4665 ’ἰούδα
889 4610 1236 4683 συμὸἐϐηκεν
1253 4649 1267 4673 ,
1294 4609 1540 4681 ἀπωλείᾳ
1568 4608 1875 4681 παραδοθῆ-

276 4719 375 4756 ναι
408 4701 500 4755 διὰ
526 4701 860 4773 ἀμετάθετον
897 4700 1182 4774 πονηρίαν.
1239 4700 1623 4768 Ἀποστρέψω
1666 4699 1776 4771 γὰρ
1809 4697 1876 4752 τὸ

280 4790 619 4858 πρόσωπόν
633 4808 753 4859 μου
768 4792 868 4845 ἀπ’
879 4792 1098 4857 αὐτῶν,
1113 4792 1210 4846 καὶ
1229 4790 1405 4855 δείξω
1418 4791 1477 4844 τί
1491 4788 1662 4844 ἔσται
1673 4788 1878 4854 αὐτοῖς

280 4880 382 4934 ἐπ’
405 4878 702 4948 ἐσχάτων,
729 4881 894 4949 φησὶν
921 4883 950 4933 6
971 4881 1103 4945 Θεὸς
1119 4881 1209 4934 διὰ
1233 4879 1595 4952 τῆςΜωσέως
1609 4877 1875 4950 γλώττης.

295 4971 447 5029 ⁹Δλλ⁹
473 4966 568 5025 οὖν
594 4988 659 5041 γε
686 4974 753 5043 τῇ
783 4970 1001 5042 παιδεία
1024 4971 1118 5025 τὸν
1141 4972 1612 5043 Ναϐουχοδονόσορ
1641 4972 1880 5043 ἀνασφή-

279 5068 465 5123 λαντα
486 5106 501 5133 ,
533 5065 630 5121 καὶ
654 5066 756 5138 τῆς
787 5062 1068 5136 παροινίας
1096 5063 1405 5135 ἐκνήψαντα
1435 5065 1535 5117 οὐκ
1577 5063 1878 5118 ἀπωθεῖται

282 5162 315 5214 6
356 5157 642 5223 ἀπωσθεὶς
686 5157 820 5223 Θεός
844 5175 859 5189 ·
897 5157 1034 5213 ἀλλά
1081 5158 1242 5227 πάλιν
1280 5158 1430 5227 αὐτῷ
1457 5155 1556 5228 τὴν
1601 5156 1878 5227 βασιλείαν

284 5248 598 5315 ἀπέδωκεν,
626 5248 902 5321 ἁλουργίδι
931 5247 1230 5320 φαιδρύνας
1257 5248 1352 5301 καὶ
1378 5247 1695 5319 διαδήματι.

859 5531 1109 5587 ΠΕΥΣΙΣ
1135 5534 1310 5588 PKB’.

358 5618 551 5686 Πόσας
569 5621 781 5695 ἡμέρας
808 5623 1079 5697 διέτριψεν
1102 5628 1131 5679 ό
1166 5624 1339 5699 ’Δδὰμ
1358 5630 1417 5682 ὲν
1439 5628 1518 5701 τῷ
1537 5627 1872 5700 παραδείσῳ;

281 5712 486 5787 ἐπειδὴ
513 5714 698 5770 πολλοὶ
722 5715 833 5771 τῶν
858 5717 1209 5788 ἱστορούντων
1230 5721 1299 5775 τὰ
1322 5723 1443 5774 κατ’
1475 5721 1661 5788 αὐτὸν,
1691 5723 1739 5776 οἱ
1772 5723 1871 5792 μὲν

279 5809 546 5882 λέγουσιν
572 5849 588 5877 ,
615 5807 677 5875 ἐξ
707 5809 919 5884 ἡμέρας
946 5827 961 5841 ν
983 5809 1064 5865 διὸ
1081 5852 1096 5878 ,
1121 5812 1254 5883 φησὶ
1277 5855 1294 5880 ,
1326 5812 1460 5885 ἕκτῃ
1501 5815 1686 5886 ἡμέρᾳ
1712 5810 1876 5879 ἦλθεν

2030 3144 2277 3211 Quatuor
2311 3144 2476 3213 igitur
2508 3141 2700 3194 modos
2730 3137 3106 3208 castigationis
3139 3137 3369 3191 scimus.
3406 3132 3552 3188 Nam.

1969 3236 2075 3290 alia
2097 3236 2315 3305 quidem
2353 3239 2573 3302 propter
2601 3240 2820 3299 peccata
2856 3228 3016 3282 nobis
3046 3225 3116 3281 ad
3151 3225 3549 3281 correctionem

1971 3320 2499 3381 adhibeturluulta
2552 3319 2697 3375 enim
2749 3317 2966 3389 ﬂagella
3017 3328 3138 3372 sunt
3173 3316 3463 3388 peccatoris
3483 3317 3550 3381 "’,

1972 3416 2149 3487 inquit
2189 3413 2486 3485 Davides).
2534 3412 2652 3467 Alia
2714 3426 2846 3467 vero
2886 3411 3200 3481 superbiam
3242 3418 3297 3466 et
3346 3408 3550 3464 fastum

1973 3510 2195 3580 dejicit,
2235 3509 2337 3563 hoc
2370 3516 2486 3570 est,
2539 3505 2901 3560 elevationem
2943 3519 3007 3559 ac
3058 3512 3327 3558 tumorem
3381 3500 3551 3556 animi

1974 3602 2312 3673 comprimit.
2345 3599 2599 3671 Superbis
2628 3600 2775 3655 enim
2816 3597 3077 3652 Dominus
3125 3595 3322 3650 resistit
3352 3593 3418 3646 ³⁸.
3448 3593 3556 3647 Alii

1974 3706 2155 3750 autem
2186 3696 2444 3748 latentem
2468 3693 2721 3747 virtutem
2752 3699 2806 3746 et
2834 3689 3210 3745 fortitudinem
3236 3685 3553 3748 ostendunt,

1976 3795 2036 3840 ut
2068 3800 2187 3838 eam
2228 3791 2566 3853 spectatores
2605 3784 2909 3837 imitentur.
2942 3779 3142 3833 Nullus
3177 3777 3321 3832 enim
3371 3792 3558 3829 accen-

1975 3876 2056 3929 dit
2090 3876 2356 3929 lucernam
2377 3914 2391 3939 ,
2446 3884 2495 3927 et
2524 3874 2672 3942 ponit
2703 3888 2821 3925 eam
2873 3870 3055 3923 subter
3086 3869 3321 3921 modium
3360 3876 3453 3920 aut
3482 3866 3557 3920 le—

1976 3976 2139 4032 ctum,
2166 3965 2256 4020 sed
2278 3981 2437 4034 super
2471 3962 2850 4019 candelabrum
2873 3978 2892 4016 :
2923 3974 2979 4016 ut
3002 3962 3177 4016 luceat
3204 3960 3442 4015 omnibus
3468 3960 3556 4030 qui

1976 4066 2099 4110 sunt
2126 4058 2178 4110 in
2206 4056 2380 4119 domo,
2411 4054 2590 4124 inquit
2626 4052 2894 4108 Dominus
2917 4052 2995 4106 "z
3028 4051 3185 4121 quasi
3217 4048 3395 4105 dicat:
3423 4048 3558 4103 Pro-

1976 4159 2098 4219 pter
2130 4148 2234 4202 hoc
2266 4149 2440 4202 instar
2463 4145 2602 4202 facis
2627 4144 2849 4201 accendi
2882 4143 3082 4198 Jobum
3104 4184 3120 4209 ,
3154 4150 3209 4198 et
3234 4151 3387 4196 extra
3419 4141 3557 4196 civi-

1981 4250 2143 4296 tatem
2172 4255 2336 4310 super
2368 4238 2761 4294 candelabrum
2789 4246 3128 4292 stercoreum
3166 4235 3345 4306 posui,
3386 4244 3443 4288 ut
3472 4235 3561 4289 lu-

1978 4342 2098 4389 ceat
2140 4331 2401 4387 omnibus
2444 4330 2498 4384 in
2531 4329 2666 4384 orbe
2707 4335 2998 4383 terrarum.
3030 4327 3148 4381 Alia
3182 4326 3419 4395 denique
3463 4341 3557 4380 ca-

1980 4426 2200 4497 stigalio
2226 4434 2329 4493 est,
2366 4424 2421 4478 in
2449 4424 2768 4478 universum
2793 4437 2822 4476 a
2857 4420 2966 4474 Deo
2995 4421 3173 4476 deseri
3213 4429 3437 4490 propter
3467 4435 3560 4475 ex~

1986 4528 2212 4575 tremam
2238 4518 2534 4589 nequitiam
2555 4525 2609 4571 et
2626 4514 3054 4585 improbitatem.
3072 4516 3159 4570 cui
3185 4515 3320 4568 nihil
3338 4515 3561 4570 omnino

1977 4614 2272 4670 admistum
2306 4621 2391 4668 est
2418 4611 2586 4668 boni:
2616 4608 2763 4680 quod
2786 4618 2841 4663 et
2864 4608 3157 4674 Pharaoni,
3189 4617 3243 4663 et
3270 4607 3562 4663 Nabucho-

1978 4704 2260 4767 donosori,
2292 4710 2347 4756 et
2369 4700 2523 4756 Iudae
2558 4700 2807 4770 contigit,
2832 4709 2893 4753 ut
2923 4700 2977 4753 in
3018 4699 3247 4755 exitium
3282 4701 3563 4755 traderen-

1980 4807 2069 4851 tur
2135 4803 2355 4865 propter
2430 4792 2887 4849 inemendabilcm
2966 4793 3253 4846 malitiam.
3313 4793 3562 4846 Avertam

1978 4889 2123 4942 enim
2153 4887 2217 4940 ab
2254 4888 2384 4957 ipsis
2419 4886 2611 4956 faciem
2647 4901 2815 4938 meum
2840 4928 2854 4951 ,
2888 4894 2943 4957 et
2984 4885 3257 4939 ostendam
3279 4884 3409 4955 quid
3442 4902 3560 4939 cum

1980 4980 2108 5048 ipsis
2152 4978 2391 5048 futurum
2440 4978 2510 5030 sit
2562 4976 2617 5029 in
2672 4950 2971 5030 novissimis
3002 5017 3015 5041 ,
3066 4977 3245 5045 inquit
3275 4976 3419 5032 Deus
3464 4994 3562 5048 per

1978 5073 2219 5142 linguam
2251 5069 2416 5125 Musis
2442 5071 2509 5123 ὀ.
2548 5067 2939 5124 Verumtamen
2965 5068 3561 5125 Nabuchodonosorem

1981 5178 2077 5232 per
2107 5161 2454 5243 disciplinam
2506 5160 2806 5216 cautiorem
2840 5161 3113 5216 redditum
3137 5202 3151 5227 ,
3197 5170 3253 5216 et
3288 5176 3356 5217 ex
3389 5170 3565 5216 temu-

1978 5257 2145 5312 lentia
2188 5255 2432 5312 sobrium
2483 5253 2688 5309 factum
2720 5268 2830 5307 non
2862 5253 3041 5323 rejicit
3073 5254 3167 5324 qui
3219 5254 3459 5325 rejectus
3495 5255 3562 5305 ah

1980 5350 2099 5420 ipso
2129 5358 2277 5417 erat,
2319 5348 2493 5405 Dens:
2548 5348 2642 5403 sed
2682 5361 2876 5401 rursus
2905 5346 2981 5400 illi
3015 5362 3242 5416 regnum
3300 5347 3559 5412 restituit,

1981 5459 2222 5514 purpura
2253 5442 2569 5499 exhilarans
2608 5441 2787 5511 ipsum
2824 5447 2876 5493 et
2907 5439 3240 5495 diademate.

2393 5531 2904 5588 INTERROGATIO
2944 5531 3155 5586 CXXII.

2051 5629 2194 5697 Quot
2225 5629 2342 5684 dies
2371 5627 2426 5682 in
2458 5627 2715 5698 paradiso
2747 5626 2929 5696 exegit
2960 5626 3249 5681 Adaiuus?
3278 5623 3556 5694 Siquidem

1982 5722 2136 5779 multi
2167 5723 2261 5794 qni
2293 5722 2414 5793 ejus
2436 5731 2586 5789 gesta
2616 5720 2895 5776 memoriae
2923 5719 3182 5790 produnt,
3213 5719 3411 5788 partim
3439 5721 3562 5789 qui-

1984 5816 2107 5872 dem
2141 5812 2365 5871 tradunt
2388 5814 2504 5870 dies
2524 5829 2658 5875 sex;
2691 5813 2954 5884 ideoque,
2988 5822 3049 5868 ut
3076 5813 3230 5868 aiunt
3251 5852 3266 5878 ,
3293 5821 3448 5869 sexto
3474 5812 3564 5867 die

363 5915 415 5991 ξ’
453 5914 557 5974 lsa.
596 5933 658 5991 ι,
693 5914 907 5991 15,ίρ
980 5916 1025 5991 ξδ
1063 5918 1168 5976 lsa.
1200 5935 1322 5991 τιν,
1357 5922 1461 5991 l5.
1485 5920 1574 5976 14.
1638 5923 1681 5955 ’⁸
1714 5920 1817 5978 Job
1849 5938 1873 5976 ι

1979 5963 1992 5976 .
2067 5923 2112 5955 ¹⁶
2144 5921 2245 5977 Joh
2283 5938 2321 5987 ι,
2355 5921 2446 5977 2|.
2527 5921 2571 5955 "
2609 5919 2755 5978 Psal.
2781 5935 2931 5991 xxxx,
2976 5917 3057 5977 10.
3143 5918 3189 5951 ⁸⁸
3220 5916 3339 5977 Jac.
3381 5935 3455 5985 tv,
3491 5918 3559 5984 6;

283 5987 311 6048 ι
350 5986 475 6046 Pet.
516 6003 571 6059 v,
626 5988 682 6048 5.

763 5989 806 6024 "
844 5989 1035 6047 Matth.
1097 6006 1146 6061 ν,
1191 5990 1274 6046 15.
1356 5994 1400 6025 ³⁸
1438 5990 1595 6047 Deut.
1639 6008 1809 6062 χχιιι,
1844 5994 1936 6061 ’20,
1992 6008 2103 6051 sec.
2147 5991 2309 6050 LXX.
