4000 6412
463 374 601 429 1011

460 491 610 544 venit
643 488 921 545 Servatur.
947 489 1055 544 Alii
1082 504 1210 546 vero
1241 506 1336 545 sex
1372 499 1580 547 tantum
1612 493 1802 547 dicunt
1840 492 2025 558 horas;

462 580 696 652 ideoque
745 590 897 637 sexta
947 582 1081 636 hora
1119 583 1415 638 cruciﬁxus
1446 583 1721 639 Servator.
1766 585 1871 638 Alii
1902 599 2037 654 qua-

464 672 715 744 draginta
748 675 862 729 dies
894 683 1181 741 asserunt,
1218 691 1359 745 quos
1388 676 1443 729 in
1477 676 1729 744 paradiso
1761 677 2039 731 habitave-

465 765 557 828 rit,
589 765 719 818 etin
751 765 957 818 deliciis
987 764 1184 834 egerit,
1222 767 1361 820 unde
1390 777 1609 835 propter
1646 768 2037 837 transgressio-

466 871 588 908 nem
625 856 883 924 expulsus
915 857 1021 911 sit:
1057 873 1195 926 quos
1224 858 1380 913 aiunt
1412 860 1661 915 retulisse
1678 859 1958 916 Christum
1985 870 2038 916 et

465 962 870 1015 compensasse,
901 963 1009 1014 quo
1032 957 1272 1018 tempore
1305 965 1400 1019 per
1425 951 1780 1021 quadraginta
1800 950 1918 1006 dies
1943 967 2039 1005 ne-

467 1053 573 1107 que
600 1039 835 1094 comedit
867 1055 1043 1109 neque
1071 1040 1227 1108 bibit,
1253 1041 1307 1096 in
1341 1042 1554 1097 deserto
1579 1059 1610 1097 a
1643 1044 1863 1098 diabolo
1894 1045 2039 1099 velut

468 1131 632 1186 homo
661 1141 918 1188 tentatus.

1083 1226 1386 1296 Responsio.

537 1317 691 1384 Quod
717 1319 1077 1390 quadraginta
1097 1320 1308 1375 dierum
1339 1332 1552 1391 tempus
1585 1322 1804 1385 attinet,
1832 1323 1883 1377 id
1911 1338 2040 1377 vero

464 1419 519 1465 et
568 1410 684 1478 ipse
731 1410 844 1479 jam
893 1420 1057 1466 antea
1095 1413 1337 1476 tradidi,
1386 1428 1449 1467 ac
1482 1414 1699 1468 videtur
1729 1415 1860 1468 mihi
1892 1415 2040 1469 haud

466 1501 715 1558 absimile
746 1518 877 1558 vero
909 1518 1052 1559 esse.
1076 1502 1211 1558 Nam
1250 1504 1355 1558 hoc
1394 1505 1619 1560 imitans
1657 1520 1814 1560 sacer
1852 1506 2040 1561 Eccle-

465 1595 559 1651 sim
586 1604 785 1651 nostra:
809 1605 984 1652 coetus
1005 1637 1019 1659 ,
1056 1597 1225 1652 semel
1262 1612 1360 1666 per
1394 1606 1564 1651 totum
1590 1598 1716 1651 anui
1752 1598 2037 1664 ambitum,

463 1702 590 1742 cum
623 1688 950 1742 abstinentia
978 1687 1325 1743 severissima
1355 1696 1462 1741 tam
1492 1688 1738 1742 ciborum
1767 1704 1931 1758 quam
1959 1704 2042 1742 re-

464 1794 586 1833 rum
616 1780 848 1849 jejunat,
878 1778 1160 1848 pristinam
1192 1779 1427 1847 paradisi
1455 1779 1705 1848 patriam,
1736 1790 1788 1834 et
1817 1780 2036 1835 deside-

464 1870 690 1925 rabilem
726 1870 871 1925 illius
920 1871 1122 1924 victum
1154 1872 1424 1925 desiderio
1477 1874 1716 1927 maximo
1756 1883 2035 1943 expetens.

463 1963 734 2019 Nimirum
791 1964 1031 2019 vicissim
1094 1967 1306 2019 cunctis
1364 1967 1525 2034 primi
1579 1969 1822 2036 parentis
1863 1970 2038 2024 nostri

463 2055 663 2110 debitis
702 2053 954 2108 Christus
986 2069 1045 2108 se
1096 2054 1350 2122 subjecit.
1406 2054 1542 2110 Cum
1594 2057 1685 2111 ille
1731 2059 1877 2113 dicto
1930 2074 2037 2113 non

464 2146 626 2202 fuerit
651 2144 916 2213 audiens,
949 2146 1188 2201 vicissim
1227 2148 1313 2201 hic
1355 2149 1560 2202 obediit
1597 2165 1771 2219 usque
1805 2150 1873 2205 ad
1909 2167 2038 2204 cru-

466 2256 581 2295 cem
616 2248 670 2293 et
713 2248 964 2293 mortem.
999 2239 1091 2292 Ille
1142 2248 1379 2295 tentatus
1414 2257 1508 2310 per
1553 2240 1750 2309 Evam,
1800 2258 1923 2297 cum
1949 2243 2037 2297 illa

458 2332 574 2402 jam
608 2349 636 2386 a
669 2341 935 2387 tentatorc
965 2342 1218 2402 superata
1248 2344 1414 2398 esset,
1452 2335 1691 2406 gustavit
1718 2335 1783 2390 de
1808 2336 1989 2391 vetitis
2021 2354 2036 2391 :

466 2425 553 2480 hic
585 2432 822 2480 tentatus
849 2426 1059 2494 jejuuat
1080 2467 1095 2493 ,
1124 2442 1489 2495 compensans
1509 2428 1870 2497 quadraginta
1905 2444 2038 2483 exa-

462 2528 580 2573 ctos
614 2519 667 2573 in
702 2517 955 2587 paradiso
990 2519 1106 2574 dies
1140 2535 1168 2572 ιι
1221 2519 1398 2588 primo
1422 2528 1648 2588 parente
1678 2528 1867 2576 nostro
1890 2518 2039 2574 Ada-

463 2626 588 2677 mo,
634 2620 687 2665 et
732 2625 828 2681 pro
855 2610 1067 2665 deliciis
1100 2610 1167 2664 ad
1197 2611 1436 2679 inepiam
1488 2627 1589 2666 nos
1630 2611 1894 2665 excitans.
1946 2612 2040 2666 Ille

463 2704 598 2758 deus
621 2704 735 2757 ﬁeri
766 2705 974 2768 volens,
1018 2688 1316 2757 frustratus
1351 2720 1445 2770 spe
1469 2719 1568 2758 sua
1593 2745 1607 2766 ,
1637 2704 1799 2758 etiam
1834 2704 1885 2757 id
1916 2720 2036 2757 mu—

467 2808 611 2853 tatus
647 2798 830 2851 amisit
860 2797 1005 2867 quod
1034 2798 1189 2867 prius
1215 2807 1331 2850 erat.
1354 2838 1369 2859 ,
1405 2812 1467 2851 ex
1512 2798 1804 2851 immortali
1836 2807 2042 2851 morta—

465 2889 535 2945 lis
562 2888 759 2953 factus,
796 2899 850 2944 et
874 2904 937 2943 ex
963 2889 1122 2943 beato
1152 2890 1480 2942 damnatus:
1515 2888 1606 2942 hic
1637 2905 1734 2958 pro
1769 2889 1861 2944 illo
1894 2905 2041 2943 mor-

464 2984 590 3039 talis
617 2984 709 3048 ﬁt,
741 2998 969 3038 manens
1000 2983 1140 3038 Deus
1162 3024 1176 3046 ,
1230 2986 1437 3038 ratione
1470 2993 1677 3037 naturae
1723 2998 1829 3037 non
1871 2993 2043 3037 muta-

462 3085 571 3141 tus,
604 3093 781 3147 neque
813 3077 988 3131 factus
1038 3077 1178 3130 alius
1213 3076 1423 3130 ratione
1469 3075 1788 3131 divinitatis.
1841 3075 1932 3128 llle
1973 3090 2040 3129 ex

464 3172 717 3242 paradiso
741 3172 794 3224 in
821 3171 966 3224 hunc
989 3184 1360 3224 mrumnosum
1385 3169 1826 3239 laboriosumquc
1853 3169 2034 3223 locum

463 3266 723 3332 expulsus
753 3274 864 3318 est:
901 3265 989 3318 hic
1021 3264 1141 3333 ejus
1193 3279 1359 3318 causa
1408 3262 1474 3318 de
1526 3263 1681 3318 caelis
1719 3262 2036 3327 adveniens,

464 3356 613 3409 illius
637 3354 867 3408 assumit
898 3354 1085 3419 vitam,
1116 3369 1214 3421 pro
1243 3354 1366 3409 luce
1391 3355 1671 3409 inaccessa
1695 3354 2040 3408 tenebrosam

467 3446 610 3500 hanc
640 3454 692 3499 et
726 3446 1017 3500 obscuram
1061 3437 1376 3514 speluncam
1416 3445 1703 3501 habitans:
1735 3445 1855 3500 vice
1883 3444 2041 3499 intel-

470 3537 725 3591 lectilium
755 3546 808 3591 et
837 3538 1046 3590 ratione
1079 3537 1429 3606 prmditorum
1462 3536 1807 3601 animalium,
1839 3536 2045 3590 anima-

468 3633 613 3687 libus
668 3631 881 3685 ratione
932 3631 1246 3686 carentibus
1285 3629 1693 3686 circumdatus:
1736 3629 1858 3684 loco
1893 3638 2049 3700 pote-

468 3735 673 3783 statum
706 3725 951 3779 omnium
983 3740 1014 3779 a
1054 3724 1256 3794 quibus
1277 3722 1615 3793 gestabatur,
1656 3722 1708 3776 in
1739 3722 1883 3776 ulnis
1915 3737 2040 3776 san-

467 3831 568 3874 ctae
597 3819 815 3888 quidem
868 3816 1114 3872 mulieris
1145 3826 1199 3869 et
1245 3817 1404 3886 cujus
1442 3816 1641 3871 intacta
1675 3825 2044 3886 perpetuaque

467 3910 753 3980 virginitas
773 3916 939 3971 esset,
959 3908 1266 3963 communis
1288 3916 1472 3962 tamen
1502 3908 1786 3963 nobiscum
1814 3918 2040 3974 natura},

467 4008 754 4071 portatus:
789 4015 886 4070 pro
917 4000 1179 4070 angelicis
1212 3999 1431 4070 hymnis
1460 4008 1514 4053 et
1551 3999 1813 4063 canticis,
1845 4000 2044 4068 petitus

470 4093 764 4148 calumniis
792 4131 807 4154 ,
863 4093 1019 4162 quasi
1053 4093 1383 4147 daemonium
1433 4090 1682 4157 haberet,
1729 4100 1784 4145 et
1813 4107 1904 4160 per
1930 4090 2043 4145 dae-

468 4168 778 4242 moniorum
807 4184 1105 4253 principem
1135 4183 1401 4237 dmmonia
1430 4183 1668 4253 ejiceret,
1701 4192 1755 4237 et
1785 4183 2044 4253 populum

470 4279 789 4339 seduceret;
824 4275 1161 4345 caeteroquin
1195 4290 1226 4328 a
1283 4275 1469 4344 pueris
1516 4274 1864 4329 Hebraeorum
1905 4276 2046 4330 cele-

468 4354 682 4433 bratus,
712 4367 1099 4422 clamantibus:
1131 4366 1445 4420 Benedictus
1472 4367 1562 4434 qui
1601 4367 1733 4420 venit
1758 4368 1812 4419 in
1839 4370 2046 4420 nomine

470 4460 684 4515 Domini
710 4461 776 4510 ⁹¹.
814 4458 920 4512 Pro
940 4459 1061 4512 loco
1094 4458 1340 4527 virginis,
1386 4446 1644 4510 nimirum
1679 4456 1821 4522 Evae,
1856 4473 2045 4526 perpe-

470 4561 621 4606 tuam
649 4551 915 4621 virginem
955 4558 1203 4604 sanctam
1245 4560 1473 4603 matrem
1524 4564 1679 4603 suam
1712 4550 1997 4603 suscitavit
2031 4571 2042 4605 :

472 4657 574 4713 pro
602 4642 747 4696 illius
777 4656 962 4710 paena,
985 4640 1114 4694 huic
1143 4640 1374 4694 salutem
1407 4654 1499 4708 per
1525 4639 1801 4709 proprium
1828 4656 2047 4696 servum

474 4733 787 4789 Gabrielum
812 4733 983 4798 misit,
1015 4733 1071 4786 in
1103 4733 1205 4786 hac
1234 4748 1437 4787 sanans
1467 4747 1587 4802 quae
1610 4734 1700 4787 illa
1722 4734 2040 4805 deliquerat.

471 4825 579 4880 Pro
612 4826 760 4896 ligno
793 4822 1249 4894 transgressionis
1284 4823 1490 4894 lignum
1541 4826 1960 4880 resurrectionis
1990 4824 2046 4879 in

473 4915 651 4970 medio
675 4927 850 4980 terra},
898 4914 1188 4968 salutarem
1231 4929 1447 4969 crucem
1486 4930 1640 4969 suam
1680 4914 1817 4969 ﬁxit.
1846 4915 2048 4982 Quem-

473 5010 768 5063 admodum
820 5008 999 5077 inquit
1031 5006 1119 5062 ille
1149 5007 1456 5062 carminum
1495 5008 1807 5063 divinorum
1856 5018 2048 5063 auctor

472 5100 737 5155 Davides:
772 5098 912 5152 Deus
939 5109 1115 5151 noster
1146 5100 1234 5169 qui
1282 5110 1356 5152 est
1404 5110 1525 5154 ante
1552 5100 1749 5154 swcula
1774 5140 1788 5164 ,
1822 5100 2047 5154 salutem

474 5202 722 5262 operatus
751 5194 903 5246 estin
935 5190 1103 5245 medio
1132 5202 1284 5247 terra:
1312 5196 1376 5248 “.
1412 5193 1517 5247 Pro
1556 5208 1664 5247 non
1702 5194 1793 5246 illo
1827 5193 2046 5263 quidem

474 5285 799 5339 naturaliter
819 5327 833 5349 ,
865 5285 959 5339 sed
990 5300 1084 5353 per
1112 5287 1603 5357 transgressionem
1660 5283 1873 5339 letifero
1901 5285 2044 5349 cibo,

473 5389 727 5434 naturam
761 5395 914 5434 suam
944 5379 1181 5434 divinam
1221 5388 1424 5433 nostrae
1459 5379 1654 5432 uniens
1678 5419 1692 5443 ,
1731 5379 1884 5433 cibus
1917 5379 2052 5432 vivi-

474 5474 613 5527 ﬁcus
649 5473 827 5527 medio
883 5473 936 5526 in
988 5487 1114 5527 aere
1157 5473 1403 5541 pendens
1451 5471 1707 5526 omnibus
1736 5472 2051 5540 propositus

477 5573 597 5630 BSt,
629 5573 684 5619 et
715 5565 785 5619 ab
820 5565 1080 5619 omnibus
1129 5564 1424 5633 percipitur
1449 5604 1463 5626 ,
1518 5565 1635 5633 ipse
1692 5565 2051 5620 nihilominus

1520 372 1575 427 S.
1610 371 1914 427 CIESAR"
1953 372 2282 433 GREGORII
2322 376 2624 438 FRATRIS

3573 388 3722 445 1012

2139 495 2167 546 6
2192 498 2400 571 Σωτήρ.
2447 502 2628 557 Ἀλλοι
2653 503 2710 558 δέ
2739 503 2984 572 λέγουσιν
3027 503 3086 568 ἒξ
3114 506 3269 577 μόνον
3294 507 3442 577 ὧρας
3462 524 3477 538 ’
3507 506 3584 561 διὲ
3620 511 3721 563 καὶ

2141 587 2273 661 ἕκτῃ
2308 588 2426 662 ὥρᾳ
2455 594 2773 666 ἐσταυρώθη
2800 597 2830 649 ὁ
2853 598 3060 668 Σωτήρ.
3096 598 3308 669 Ἕτεροι
3338 600 3393 652 δὲ
3441 601 3720 671 τεσσαρά-

2141 697 2304 734 κοντα
2327 681 2575 750 λέγουσιν
2608 685 2818 758 ἡμέρας
2843 687 3243 757 ἐνδιαιτηθέντα
3269 688 3347 759 τῷ
3373 688 3712 761 παραδείσῳ,

2142 772 2235 825 καὶ
2278 773 2686 846 ἐντρυφήσαντα
2709 817 2724 842 ,
2758 779 3053 849 ἐξωσθῆναι
3113 782 3179 849 τῇ
3231 779 3541 851 παραϐάσει
3567 798 3582 812 ο
3620 780 3716 846 ἃς,

2143 866 2345 933 φησὶν,
2403 866 2736 936 ἀντεισάγων
2779 869 2808 921 6
2862 870 3093 941 Χριστὸς
3136 870 3231 924 καὶ
3263 871 3568 939 ἀντισηκῶν
3612 871 3720 925 οὐκ

2141 946 2381 1026 ἔφαγεν,
2426 958 2544 1011 ούδέ
2592 960 2777 1022 ἔπιεν,
2834 962 3239 1032 τεσσαράκοντα
3281 962 3597 1032 ἡμέραςηὲν
3646 964 3717 1034 τῇ

2143 1050 2333 1121 ἐρήμῳ
2363 1051 2468 1104 ὑπὸ
2496 1052 2590 1105 τοῦ
2624 1052 2867 1107 διαϐόλου
2893 1054 3282 1125 πειραζόμενος
3308 1054 3383 1118 ὡς
3404 1052 3718 1125 ἄνθρωπος.

2749 1232 3107 1299 Ἀπόκρισις.

2212 1321 2412 1376 Τοῦτον
2456 1322 2554 1392 μὲν
2581 1322 2678 1394 τῆς
2725 1323 3165 1395 τεσσαρακοστῆς
3200 1322 3292 1376 τὸν
3326 1323 3524 1393 τρόπον
3553 1321 3724 1394 κάγὼ

2142 1412 2242 1483 ήδη
2272 1412 2549 1484 προὲφην’
2584 1413 2677 1465 καὶ
2726 1414 2785 1466 οὐ
2833 1413 2979 1467 δοκεί
3023 1431 3112 1484 μοι
3146 1414 3374 1478 ἀπεικὸς
3424 1414 3714 1484 ὑπάρχειν.

2141 1504 2324 1558 Ταῦτα
2369 1505 2478 1576 γὰρ
2524 1504 2827 1577 ἐπομένηή
2869 1505 2987 1558 θεία
3033 1506 3133 1576 τῆς
3181 1505 3504 1576 Ἐκκλησίας
3553 1504 3715 1577 ἡμῶν

2140 1598 2428 1669 ὁμήγυρις,
2478 1597 2624 1662 ἅπαξ
2668 1597 2755 1651 διά
2794 1599 2975 1667 πάσης
3007 1595 3102 1650 τοῦ
3145 1596 3388 1650 ἐνιαυτοῦ
3422 1597 3521 1667 τῆς
3553 1613 3715 1666 περι-

2139 1690 2258 1743 όδου
2292 1692 2387 1743 σὺν
2416 1690 2747 1762 σφοδροτάτῃ
2774 1690 2952 1761 ἀποχῇ
2989 1688 3292 1761 βρωμάτων
3321 1689 3415 1742 καὶ
3452 1688 3714 1758 πραγμά-

2144 1800 2250 1836 των
2272 1781 2539 1853 νηστεύει,
2554 1784 2651 1853 τὴν
2667 1782 2895 1853 ἀρχαίαν
2919 1780 3012 1835 τοῦ
3036 1780 3359 1853 παραδείσου
3381 1778 3713 1849 ἐπιζητοῦσα

2146 1874 2412 1945 πατρίδα,
2467 1876 2559 1928 κα1⁵
2608 1874 2706 1945 τὴν
2752 1875 2869 1926 ἐκεῖ
2909 1872 3255 1943 ίμειρομένην
3291 1871 3516 1924 δίαιταν.
3565 1868 3723 1922 Ἀνθ-

2141 1966 2315 2036 υπέὸη
2349 1968 2456 2037 γὰρ
2488 1969 2621 2020 πᾶσι
2658 1969 2768 2029 τοῖς
2794 1964 2886 2018 τοῦ
2915 1965 3254 2035 προπάτορος
3277 1962 3434 2034 ἡμῶν
3465 1962 3720 2033 ὀφλήμα-

2140 2075 2225 2113 σιν
2256 2061 2284 2112 6
2309 2058 2563 2130 Χριστός.
2630 2057 2867 2111 Ἐκείνου
2910 2058 3019 2128 γὰρ
3061 2055 3504 2128 παρακούσαντας
3528 2094 3544 2118 ,
3589 2052 3726 2106 ἀνθ-

2140 2148 2398 2201 υπακούει
2430 2141 2584 2211 οὗτος
2617 2147 2777 2218 μέχρι
2819 2145 3049 2215 σταυροῦ
3079 2148 3173 2199 καὶ
3195 2145 3443 2198 θανάτου.
3481 2145 3728 2208 Ἐκεῖνος

2140 2241 2527 2313 πειραζόμενος
2551 2240 2639 2293 διὰ
2682 2240 2782 2310 τῆς
2816 2239 2957 2303 Εὔας
2993 2239 3093 2310 ἤδη
3123 2240 3433 2310 ἡττημένης
3468 2236 3547 2306 τῷ
3593 2252 3725 2289 πει-

2141 2334 2355 2407 ράζοντι
2380 2376 2394 2399 ,
2446 2333 2554 2385 τῶν
2610 2333 3073 2403 ἀπηγορευμένων
3124 2330 3465 2399 ἀπεγεύσατο
3491 2346 3504 2359 ·
3560 2320 3726 2391 οὗτος

2140 2426 2551 2497 πειραζόμενος,
2584 2423 2833 2494 νηστεύει
2867 2421 3340 2494 ἀντιπρυτανεύων
3372 2420 3472 2482 τὰς
3517 2421 3578 2472 ἐν
3613 2434 3726 2471 πα-

2141 2519 2373 2591 ραδείσῳ
2400 2517 2806 2589 τεσσαράκοντα
2833 2516 3043 2587 ἡμέρας
3066 2514 3159 2567 τοῦ
3187 2512 3529 2585 προπάτορος
3559 2508 3725 2581 ἡμῶν

2152 2611 2356 2682 Ἀδὰμ,
2405 2611 2734 2680 ἁντεγείρων
2760 2611 2826 2680 τῇ
2871 2610 3049 2679 τρυφῇ
3080 2608 3180 2678 τὴν
3229 2605 3463 2659 ἔνδειαν
3516 2605 3724 2665 ἐκεῖνος

2135 2705 2257 2772 θεὸς
2301 2704 2552 2774 γενέσθαι
2589 2703 2868 2774 βουληθεὶς
2904 2702 2960 2755 δὲ
2989 2701 3098 2772 (88)
3121 2742 3136 2766 ,
3163 2701 3259 2755 καὶ
3286 2701 3421 2769 ὅπερ
3445 2692 3535 2769 ἦν,
3560 2695 3725 2767 ἐτρά-

2141 2817 2219 2870 πη
2248 2840 2262 2864 ,
2296 2800 2355 2864 ἐξ
2394 2796 2661 2852 ἀθανάτου
2698 2797 2888 2867 θνητὸς
2924 2795 3246 2866 γενόμενος,
3300 2793 3394 2845 καὶ
3439 2793 3501 2843 ἐκ
3533 2789 3723 2858 μάκα-

2143 2908 2235 2966 ρος
2266 2892 2619 2961 κατάκριτος*
2654 2885 2806 2953 οὗτος
2836 2889 2974 2959 ὑπὲρ
3008 2886 3214 2940 ἐκείνου
3259 2884 3443 2955 βροτὸς
3479 2880 3717 2950 γίνεται,

2146 2985 2321 3056 μένων
2360 2983 2521 3047 Θεὸς,
2553 2982 2627 3053 μὴ
2658 2983 2887 3052 τραπεὶς
2924 2980 3021 3051 τὴν
3072 2978 3235 3046 φύσιν
3262 3017 3277 3041 ,
3311 2977 3383 3047 μὴ
3408 2970 3719 3034 ἀλλοιωθεὶς

2142 3079 2238 3149 τὴν
2273 3078 2517 3149 θεότητα.
2569 3075 2805 3138 Ἐκεῖνος
2835 3076 2899 3126 ἐκ
2924 3070 3251 3141 παραδείσου
3286 3072 3365 3132 εἰς
3388 3068 3443 3120 τὸ
3464 3063 3708 3135 ἐμπαθὲς

2144 3173 2237 3225 καὶ⁹
2288 3171 2545 3224 ἐπίπονον
2592 3167 2750 3221 τοῦτο
2801 3164 3073 3235 ἐξοικίσθη
3127 3162 3355 3234 χωρίον·
3389 3154 3534 3222 οὗτος
3569 3158 3720 3230 ὑπὲρ

2142 3264 2353 3319 ἐκείνου
2381 3263 2439 3329 ἐξ
2460 3258 2703 3332 οὐρανῶν
2733 3257 3113 3328 ἐπιφοιτήσας,
3139 3255 3228 3309 τὸν
3250 3253 3457 3306 ἐκείνου
3483 3250 3729 3320 ἀναλαμ-

2144 3355 2365 3415 ϐάνεται
2416 3352 2564 3423 βίον,
2606 3349 2727 3405 ἀντὶ
2785 3348 2962 3417 φωτὸς
3014 3342 3108 3400 τοῦ
3160 3344 3448 3417 ἀπροσίτου
3492 3342 3557 3396 τὸ
3598 3357 3724 3394 σκο-

2141 3447 2313 3501 τεινὸν
2340 3445 2433 3500 καὶ
2462 3441 2701 3512 ἀφεγγὲς
2738 3442 2932 3512 ἄντρον
2964 3440 3126 3494 οίκιῖιν
3152 3456 3166 3470 ’
3204 3441 3327 3493 ἀντὶ
3367 3436 3472 3491 τῶν
3516 3436 3725 3507 νοερῶν

2143 3539 2236 3592 καὶ
2267 3535 2497 3606 λογικῶν
2528 3534 2701 3599 ζώων,
2732 3532 2890 3598 ζώοις
2920 3533 3135 3603 ἀλόγοις
3163 3530 3530 3600 κυκλούμενος
3552 3545 3565 3558 ⁸
3602 3528 3723 3583 ἀντὶ

2142 3629 2333 3685 πασῶν
2357 3626 2635 3700 φερουσῶν
2657 3624 2961 3695 δυνάμεων,
2988 3624 3252 3693 ἀγκάλαις
3277 3622 3533 3691 γυναικὸς
3557 3620 3716 3688 ἁγίας

2146 3725 2265 3797 μὲν,
2297 3724 2565 3795 ἀχράντου
2596 3722 2690 3775 καὶ
2718 3720 3024 3783 ἀείπαιδος,
3074 3717 3176 3787 τῆς
3221 3716 3278 3769 δὲ
3326 3714 3514 3783 κοινῆς
3562 3713 3723 3783 ήμῶν

2145 3819 2392 3888 φύσεως,
2455 3816 2753 3887 φερόμενος
2778 3830 2791 3843 ·
2848 3814 2969 3867 ἀντὶ
3026 3807 3330 3880 ἀγγελικῶν
3388 3805 3571 3877 ὓμνων
3628 3805 3726 3857 καὶ

2144 3910 2298 3982 ᾠδῶν
2318 3950 2333 3974 ,
2361 3908 2865 3979 συκοφαντούμενος
2909 3904 3181 3975 δαιμόνιον
3222 3900 3364 3971 ἐχειν
3391 3940 3405 3963 ,
3439 3900 3531 3951 καὶ
3559 3899 3617 3950 ἐν
3646 3893 3726 3965 τῷ

2145 4006 2365 4077 ἄρχοντι
2397 4003 2686 4073 δαιμονίων
2716 4000 2999 4054 ἐκϐάλλειν
3044 3998 3111 4051 τὰ
3142 3993 3433 4066 δαιμόνια,
3465 3992 3557 4045 καὶ
3585 3989 3726 4041 πλα-

2145 4098 2241 4168 νᾷν
2302 4096 2431 4158 τοὺς
2477 4094 2667 4164 ὄχλους
2697 4109 2712 4124 ο
2765 4092 2951 4145 παισὶν
2998 4087 3265 4159 Ἐϐραίων
3318 4081 3728 4154 ἀνυμνούμενος

2147 4187 2424 4259 βοώντων,
2478 4184 2897 4254 Εὐλογημένος
2930 4185 2963 4236 ό
3000 4180 3321 4249 ἐρχόμενος
3364 4178 3435 4232 ἐν
3476 4174 3729 4242 ὀνόματι

2144 4280 2388 4348 Κυρίου.
2420 4277 2565 4330 Ἀντὶ
2590 4272 2857 4346 παρθένου
2883 4272 2980 4343 τῆς
2998 4269 3139 4333 Εὔας
3161 4267 3417 4322 ἀείπαιδα
3437 4264 3533 4336 τὴν
3557 4263 3726 4331 ἁγίαν

2146 4370 2311 4426 αὑτοῦ
2365 4370 2575 4441 μητέρα
2602 4368 2925 4439 ἀντήγειρεν
2947 4382 2960 4395 ·
2991 4362 3114 4417 ἀντὶ
3158 4360 3251 4414 τοῦ
3302 4358 3516 4429 ἐκείνης
3546 4359 3727 4410 ἐπιτισι

2157 4463 2301 4533 μίου,
2322 4460 2494 4531 ταύτῃ
2515 4460 2597 4525 τὸ,
2614 4458 2812 4528 Χαῖρε,
2835 4456 2922 4509 διὰ
2943 4452 3035 4508 τοῦ
3060 4452 3258 4506 οἰκείου
3279 4450 3462 4504 δούλου
3483 4446 3723 4519 Γαϐριὴλ

2154 4554 2503 4617 ἀπέστειλεν,
2546 4554 2603 4606 ἐν
2630 4551 2803 4624 ταύτῃ
2839 4549 2907 4602 τά
2951 4547 3164 4618 ἐκείνης
3213 4543 3550 4614 ἀκούμενος·
3604 4540 3726 4593 ἀντὶ

2154 4648 2313 4715 ξύλου
2362 4644 2724 4717 παραϐάσεως
2743 4684 2756 4707 ,
2801 4640 2954 4706 ξύλον
2987 4638 3330 4700 ἀναστάσεως
3357 4640 3414 4689 ἐν
3452 4635 3595 4705 μέσῳ
3620 4632 3724 4701 τῆς

2154 4742 2259 4813 γῆς
2283 4781 2299 4805 ,
2324 4740 2415 4794 τὸν
2462 4739 2727 4807 σωτήριον
2778 4732 2970 4787 ἐαυτοῦ
3019 4731 3247 4801 σταυρὸν
3288 4726 3472 4799 ἔπηξε.
3531 4723 3727 4786 Καθὼς

2154 4850 2317 4906 φησιν
2359 4829 2523 4884 Δαϐὶδ
2546 4830 2574 4881 ὁ
2601 4826 2707 4881 τῶν
2734 4825 2893 4879 θείων
2927 4823 3161 4894 μελῳδός
3187 4839 3199 4851 ν
3247 4823 3301 4874 Ὁ
3339 4820 3409 4874 δὲ
3440 4817 3553 4886 πρὸ
3589 4814 3729 4868 αἰώ-

2152 4944 2275 4981 νων
2302 4926 2446 4990 Θεὸς
2480 4921 2650 4993 ἡμῶν
2670 4918 2985 4990 εἰργάσατο
3005 4917 3307 4985 σωτηρίαν
3330 4915 3402 4968 ἐν
3426 4911 3592 4982 μέσῳ
3617 4908 3729 4977 τῆς

2152 5019 2300 5090 τῆς*
2328 5019 2449 5072 ἀντὶ
2468 5016 2566 5085 τῆς
2609 5014 2668 5067 οὐ
2698 5013 2856 5083 φύσει
2899 5010 3036 5065 ἀλλά
3064 5008 3315 5078 παρακοῇ
3352 5001 3728 5073 θανατηφόρου

2154 5110 2352 5179 ἐδωδῆς
2372 5149 2388 5174 ,
2412 5108 2509 5177 τὴν
2536 5105 2728 5160 ἑαυτοῦ
2762 5103 2911 5157 θείαν
2944 5101 3103 5172 φύσιν
3128 5102 3193 5170 τῇ
3222 5097 3467 5169 ἡμετέρᾳ
3497 5092 3727 5156 ἐνὼσας,

2156 5200 2436 5270 ζωηφὸρος
2460 5198 2626 5268 ἐδωδὴ
2659 5197 2941 5266 πρόκειται
2968 5193 3106 5248 κατά
3147 5192 3237 5245 τὸν
3286 5191 3421 5262 ἀέρα
3449 5189 3554 5242 ὑπὸ
3585 5187 3730 5240 πάν-

2156 5309 2263 5346 των
2298 5289 2653 5362 μετεχόμενος
2677 5330 2692 5353 ,
2738 5288 2832 5342 καὶ
2888 5287 3062 5355 μένων
3105 5287 3132 5337 6
3168 5284 3328 5357 αὐτὸς
3376 5281 3606 5352 ἄληκτος
3630 5317 3647 5343 ,
3700 5279 3733 5330 6

2158 5383 2299 5455 ὑπὲρ
2324 5382 2432 5435 τῶν
2455 5379 2799 5451 κατακρίτων
2825 5377 3171 5448 κατακριθεὶς
3199 5374 3477 5441 ἑκουσίως,
3500 5371 3574 5433 ὡς
3596 5368 3730 5430 Θεὸς

2157 5474 2253 5528 καὶ
2284 5472 2472 5544 βροτὸς
2494 5472 2523 5523 6
2549 5470 2729 5534 αὐτός.
2758 5470 2966 5541 ’Ὠσπερ
3007 5464 3099 5522 οὖν
3132 5468 3226 5521 καὶ
3258 5466 3416 5538 χολὴν
3443 5461 3730 5534 ἐψωμίσθη

2158 5566 2252 5619 καὶ⁵
2298 5564 2409 5628 ὄξει
2464 5563 2682 5635 ἄρδεται
2710 5604 2726 5629 ,
2771 5562 2910 5633 ὑπὲρ
2941 5561 3041 5631 τῆς
3093 5559 3186 5613 τοῦ
3251 5558 3421 5627 Ἀδὰμ

515 5681 559 5713 ³⁸
604 5678 910 5741 Mattham,
963 5675 1030 5741 9;
1084 5676 1253 5763 hiare.
1315 5692 1393 5742 xl,
1449 5677 1552 5743 40;
1602 5674 1760 5731 Joan.
1814 5692 1869 5743 κ,
1928 5679 2014 5733 15.
2091 5683 2136 5713 ³³
2187 5676 2673 5743 Psal.uxm,12.

556 5795 1092 5871 (88)_Deest_aliquitl
1148 5794 1448 5863 forsanque
1505 5795 1833 5865 legendum:
1965 5798 2041 5868 βοι

2146 5800 2279 5864 ὶεὶς,
2327 5795 2615 5868 ἀποτυχὼν
2645 5795 2701 5849 δέ
2749 5795 2845 5864 τῆς
2879 5789 3126 5854 ἐλπίδος,
3169 5790 3274 5843 nisi
3326 5787 3484 5842 aliter
3542 5783 3729 5837 locum

488 5865 752 5921 resarcire
777 5864 931 5920 velis.
970 5864 1123 5917 Eutr.
