4000 6412
340 378 482 435 1015

336 491 670 565 θεανδρικῶς
697 494 984 560 ἁποτιννὺς
1006 495 1169 551 αὐτοῦ
1193 490 1262 551 τά
1289 497 1579 569 ὀφλήματα
1595 515 1609 528 ⁸
1645 500 1787 554 οὕτω
1821 518 1910 572 μοι

336 584 485 638 δοκεί
514 586 609 639 καὶ
648 585 747 650 τὰς
772 588 1177 659 τεσσαράκοντα
1215 589 1354 659 ὑπὲρ
1386 590 1654 644 τοσούτων
1688 593 1910 661 ἀντιση-

340 676 564 730 κοῦσθαι
603 678 813 749 ἡμέρας
841 694 855 707 ⁸
879 679 989 748 ἐγὼ
1014 680 1070 733 δὲ
1100 684 1200 752 τῆς
1229 681 1451 737 ἐκείνων
1474 683 1659 748 ἑξάδος
1687 685 1780 737 καὶ
1812 685 1912 756 τῆς

340 766 480 837 ἐμῆς
512 770 945 840 τετταρακοστῆς
969 810 985 835 ,
1022 772 1111 824 τὸν
1141 772 1205 826 ἔκ
1245 791 1403 826 τινων
1432 776 1532 828 οὐκ
1568 775 1795 846 ἀσήμων
1818 793 1911 845 γε·

342 859 544 929 ρόντων
599 861 677 923 εἰς
722 862 870 931 ἡμᾶς
900 863 1322 934 διαφοιτῆσαντα
1367 867 1493 936 περὶ
1535 867 1723 919 τούτου
1756 867 1912 934 λόγον

343 952 542 1023 μᾶλλον
566 951 917 1023 ἀποδέχομαι,
960 956 1024 1009 ἐκ
1061 956 1167 1009 τῶν
1205 956 1298 1010 τοῦ
1352 957 1555 1029 ὑψηλοῦ
1594 960 1911 1014 Ἀποστόλου

341 1045 601 1115 ῥημάτων
632 1043 1034 1117 βεϐαιούμενον,
1057 1048 1148 1102 τὸν
1181 1049 1400 1103 πλείονα
1429 1051 1619 1122 χρόνον
1644 1054 1701 1104 ὲν
1737 1070 1912 1122 παρα-

336 1136 499 1207 δείσῳ
552 1139 838 1211 μακαρίως
882 1139 1043 1210 ζῆσαι
1092 1140 1182 1195 τὸν
1226 1143 1545 1215 προπάτορα
1590 1144 1766 1216 ήμῶν.
1820 1144 1913 1198 Ἐκ

340 1228 630 1301 προσώπου
662 1232 769 1302 γὰρ
809 1232 972 1285 αὐτοῦ
1011 1234 1040 1286 6
1089 1232 1231 1296 θεῖος
1274 1234 1591 1299 Ἀπόστολος
1621 1237 1913 1310 διαρρήδην

342 1319 457 1391 βοᾷ,
504 1322 651 1393 Ἐγὼ
680 1322 748 1376 δὲ
781 1323 928 1385 ἔζων
955 1326 1134 1396 χωρὶς
1164 1328 1353 1397 νόμου
1391 1330 1555 1384 ποτέ.
1583 1330 1696 1383 Οὐκ
1721 1331 1828 1400 ἄρα
1856 1330 1912 1383 δὲ

340 1413 549 1479 Παῦλος
580 1417 898 1489 προϋπῆρχε
923 1418 1015 1472 τοῦ
1047 1418 1232 1491 νόμου,
1258 1421 1286 1474 6
1314 1420 1539 1492 ἔσχατος
1570 1422 1786 1476 πάντων
1805 1423 1914 1476 τῶν

338 1506 431 1559 τοῦ
461 1507 623 1579 νόμου
652 1510 940 1581 φοιτητῶν,
963 1513 1070 1566 οὐδ’
1093 1508 1160 1567 αῦ
1186 1513 1346 1568 πάλιν
1371 1516 1538 1585 χωρὶς
1567 1514 1757 1567 τούτου
1783 1514 1912 1567 ποτὲ

340 1600 503 1671 νόμου
533 1596 653 1672 ἦνῆ
686 1602 922 1671 ἐγένετο.
960 1607 1070 1660 Καὶ
1097 1607 1205 1679 γὰρ
1250 1609 1310 1661 τὸ
1341 1607 1668 1676 Εύαγγέλιον
1708 1606 1912 1679 κηρύτ-

339 1705 445 1742 των
473 1690 571 1753 τὰς
594 1690 823 1762 νομικὰς
857 1697 1161 1766 μαρτυρίας
1182 1697 1356 1770 πάντη
1386 1699 1769 1769 παρατίθησιν,
1799 1695 1912 1750 ἀλλ’

339 1782 404 1835 ὲκ
434 1782 723 1855 προσώπου
749 1785 841 1838 τοῦ
889 1787 1057 1858 Ἀδὰμ
1082 1789 1483 1862 ἀποδυρόμενος
1511 1791 1736 1853 εἰκότως
1757 1831 1771 1854 ,
1808 1806 1912 1861 φη-

343 1874 454 1938 σὶν,
502 1873 649 1945 Ἐγὼ
677 1876 743 1929 δὲ
767 1877 911 1938 ἔζων
936 1882 1116 1949 χωρὶς
1147 1882 1335 1950 νόμου
1367 1882 1530 1936 ποτέ.
1567 1882 1907 1954 Σαφέστερον

342 1964 399 2017 δὲ
425 1969 660 2039 παριστᾷ
688 1970 752 2021 ἐκ
781 1971 1071 2042 προσώπου
1093 1973 1184 2026 τοῦ
1211 1974 1380 2045 Ἀδὰμ
1401 1974 1573 2028 ταῦτα
1598 1975 1735 2045 βοῶν
1755 1991 1768 2005 ’
1796 1974 1908 2027 λευ-

344 2058 517 2111 καίνει
542 2059 604 2112 τὸ
628 2061 824 2132 νόημα,
853 2065 951 2119 οὐκ
975 2065 1054 2119 ἔτι
1083 2067 1245 2138 νόμον
1275 2067 1388 2120 ἀλλ’
1418 2068 1635 2138 ἐντολὴν
1663 2068 1906 2138 φάσκων,

342 2147 439 2218 τὴν
458 2148 697 2204 δοθεῖσαν
721 2152 799 2223 τῷ
840 2154 1008 2224 Ἀδὰμ
1028 2155 1267 2226 δηλονότι
1289 2170 1303 2186 '
1345 2157 1678 2224 Ἐλθούσης
1706 2156 1774 2210 δὲ
1800 2156 1911 2225 τῆς

337 2236 592 2305 ἐντολῆς
613 2281 627 2304 ,
662 2240 860 2293 ώσανεὶ
908 2242 1153 2315 δοθείσης
1176 2287 1189 2306 ,
1220 2247 1257 2312 ἡ
1301 2246 1555 2315 ἁμαρτία
1585 2244 1906 2315 ἀνέζησεν’

336 2326 450 2397 ἐγὼ
472 2329 541 2382 δὲ
563 2331 886 2397 ἀπέθανον,
919 2336 1071 2405 φησὶ,
1102 2339 1164 2407 τῇ
1200 2337 1286 2389 διὰ
1324 2338 1607 2409 παρακοῆς
1639 2338 1911 2391 ὲκπτώσει

335 2420 433 2488 τῆς
460 2423 735 2493 μακαρίας
765 2424 935 2496 ζωῆς·
966 2426 1042 2490 ὼς
1085 2427 1240 2498 δῆλον
1282 2429 1547 2500 ὑπάρχειν
1568 2469 1583 2493 ,
1611 2429 1686 2501 μὴ
1714 2430 1910 2485 αὐτίκα

334 2512 430 2564 τοῦ
460 2514 711 2581 γενέσθαι
752 2517 842 2569 τὸν
887 2519 1054 2589 Ἀδὰμ
1075 2560 1087 2583 ,
1129 2520 1344 2592 δοθῆναι
1374 2522 1472 2593 τὴν
1510 2522 1751 2595 ἐντολὴν,
1775 2523 1910 2578 ἀλλὰ

339 2604 479 2671 μετὰ
509 2622 626 2658 τινα
655 2606 863 2676 χρόνον,
895 2610 1145 2679 ἀόριστον
1182 2613 1257 2667 δέ.

1738 345 2108 439 ὀιΑιοευε
2144 380 2233 438 ιιι.

3437 378 3576 436 1οη

2015 508 2251 555 aeternus
2285 511 2531 552 manens.
2566 495 2671 552 Pro
2714 496 2986 553 damnatis
3017 496 3304 553 damnatus
3355 507 3436 553 est
3482 512 3581 554 sua

2013 598 2239 658 sponte.
2268 597 2527 658 tanquam
2558 588 2702 643 Deus
2744 596 2799 643 et
2827 587 2968 643 idem
3000 588 3181 642 homo.
3216 587 3581 653 Quemadmo~

2012 683 2139 736 dum
2195 684 2358 754 igitur
2401 682 2523 737 felle
2573 691 2762 752 pastus
2820 690 2977 737 aceto
3030 681 3272 752 rigatur,
3319 681 3438 750 ejus
3472 680 3580 733 cibi

2012 787 2174 827 causa
2225 788 2384 842 quem
2445 771 2688 827 Adamus
2738 780 3092 843 sumpserat,
3132 771 3261 826 d'um
3315 771 3481 824 homo
3524 771 3579 823 in

2012 865 2191 918 divina
2224 874 2415 919 natura
2444 865 2590 919 illius
2613 865 2791 919 debita
2813 864 3100 935 dependit:
3132 864 3203 917 ita
3233 864 3366 917 mihi
3390 863 3578 917 viden-

2012 964 2101 1010 tur
2136 968 2190 1011 et
2220 958 2271 1011 hi
2302 959 2662 1029 quadraginta
2699 958 2814 1012 dies
2861 974 2960 1028 pro
2995 957 3215 1011 totidem
3251 956 3442 1010 diebus
3489 970 3581 1010 re-

2012 1050 2193 1118 pendi.
2228 1047 2331 1103 Sed
2366 1058 2542 1103 tamen
2599 1064 2698 1121 pro
2748 1049 2961 1102 illorum
3007 1063 3237 1102 numero
3261 1049 3476 1103 senario
3526 1055 3581 1101 et

2014 1156 2135 1193 meo
2165 1140 2615 1209 quadragenario,
2642 1140 2937 1209 profectam
2969 1140 3035 1193 ad
3064 1154 3164 1194 nos
3197 1155 3225 1192 a
3253 1139 3578 1208 quibusdam

2014 1233 2153 1286 haud
2183 1233 2432 1288 obscuris
2460 1232 2683 1287 senibus
2704 1232 2772 1286 de
2808 1234 2911 1287 hoc
2941 1232 3231 1292 rationem,
3260 1233 3418 1302 cujus
3457 1230 3582 1285 fun-

2013 1324 2545 1394 damentumleximii
2582 1324 2826 1394 Apostoli
2860 1325 3040 1379 verbis
3072 1324 3263 1377 nititur
3286 1364 3300 1388 ,
3339 1324 3583 1393 recipere

2014 1416 2196 1483 malo;
2233 1416 2378 1486 quod
2414 1416 2674 1470 nimirum
2731 1416 2976 1485 longiore
3009 1415 3269 1486 temporis
3317 1415 3494 1484 spatio
3525 1415 3579 1468 in

2013 1508 2269 1577 paradiso
2298 1509 2455 1562 beate
2485 1509 2695 1577 primus
2734 1507 2822 1561 ille
2873 1522 3069 1576 parens
3125 1515 3310 1561 noster
3359 1506 3575 1560 vixerit.

2012 1603 2149 1659 Nam
2187 1605 2240 1657 in
2273 1603 2392 1672 ejus
2425 1618 2658 1672 persona
2702 1602 2862 1657 divus
2893 1602 3184 1672 Apostolus
3227 1609 3409 1670 aperte
3465 1599 3580 1654 ela-

2015 1709 2128 1755 mat
2169 1718 2181 1753 :
2225 1699 2337 1769 Ego
2367 1715 2485 1753 vero
2522 1697 2753 1752 vivebam
2807 1696 2998 1764 absque
3036 1694 3144 1764 lege
3194 1693 3481 1763 aliquando
3510 1691 3577 1745 ".

2015 1791 2132 1846 Non
2159 1792 2261 1845 fuit
2288 1792 2477 1860 utique
2496 1789 2700 1843 Paulus
2730 1798 2856 1842 ante
2881 1788 3070 1857 legem,
3091 1786 3182 1855 qui
3210 1784 3311 1838 fuit
3334 1783 3580 1837 omnium

2015 1883 2406 1953 discipulorum
2461 1882 2594 1952 legis
2655 1888 2983 1948 postremus.
3050 1878 3232 1945 Neque
3290 1877 3417 1929 item
3487 1874 3584 1928 ali-

2011 1975 2231 2045 quando
2261 1975 2469 2043 absque
2503 1973 2604 2027 hac
2640 1983 2754 2025 erat
2794 1982 2888 2024 aut
2922 1970 3040 2023 fuit.
3068 1968 3204 2022 Nam
3237 1977 3289 2022 et
3340 1967 3584 2036 Evange-

2008 2068 2142 2122 lium
2174 2067 2477 2137 praedicans
2507 2065 2699 2136 legalia
2730 2066 3041 2135 testimonia
3075 2063 3279 2132 ubique
3317 2060 3578 2114 adducit:

2016 2159 2274 2213 nimirum
2334 2158 2387 2211 in
2437 2158 2627 2211 Adami
2681 2172 2914 2226 persona
2972 2157 3166 2210 merito
3204 2154 3580 2225 conqueritur,

2013 2252 2233 2306 dicens:
2275 2249 2389 2319 Ego
2444 2266 2561 2303 vero
2610 2249 2833 2303 vivebam
2891 2250 3083 2319 absque
3120 2249 3229 2319 lege
3274 2247 3581 2317 aliquando.

2016 2340 2359 2395 Manifestius
2429 2352 2604 2395 autem
2671 2338 2912 2394 declarat
2961 2339 3075 2394 haec
3132 2339 3184 2392 in
3241 2352 3470 2407 persona
3526 2326 3586 2390 se

2016 2431 2211 2486 Adami
2242 2430 2483 2501 proferre
2505 2471 2520 2493 ,
2551 2446 2674 2485 cum
2703 2431 2769 2484 ad
2804 2429 3185 2484 illustrandum
3236 2428 3432 2481 horum
3465 2441 3586 2479 ver-

2016 2523 2209 2578 borum
2246 2524 2613 2585 intellectum,
2670 2538 2775 2576 non
2819 2522 3051 2592 amplius
3101 2520 3227 2575 inde
3259 2520 3462 2589 legem,
3490 2518 3584 2572 sed

2016 2624 2341 2685 praeceptum
2376 2626 2532 2669 vocat
2572 2615 2720 2683 quod
2777 2614 2988 2669 Adamo
3034 2614 3220 2667 datum
3275 2622 3428 2675 erat,
3470 2610 3586 2663 haec

336 2711 529 2765 nempe
553 2699 848 2770 subjiciens
882 2721 894 2757 :
936 2704 1177 2759 Veniente
1198 2725 1317 2762 vero
1343 2710 1594 2763 mandato
1618 2708 1797 2780 (quasi
1824 2709 1988 2774 dicat,
2028 2710 2199 2780 dato),
2230 2719 2499 2779 peccatum
2521 2710 2708 2764 revixit
2734 2726 2752 2774 ;
2789 2724 2879 2779 ego
2912 2717 3085 2764 autem
3118 2715 3354 2760 mortuus
3378 2706 3583 2768 sum”,

334 2791 586 2846 videlicet
616 2810 712 2864 per
732 2796 1153 2854 inobedientiam
1186 2802 1487 2858 excidendo
1516 2804 1675 2858 beata
1700 2804 1830 2860 vita.
1856 2803 1934 2860 De
1966 2821 2076 2875 quo
2096 2804 2208 2875 jam
2244 2806 2593 2875 perspicuum
2622 2816 2722 2869 est,
2767 2819 2874 2857 non
2916 2819 3045 2857 mox
3076 2811 3236 2871 atque
3267 2801 3440 2855 lactus
3472 2807 3588 2853 erat

335 2885 599 2949 Adamus,
637 2900 966 2961 praeceptum
998 2894 1185 2949 datum
1214 2897 1406 2963 fuisse,
1438 2899 1533 2954 sed
1562 2907 1686 2969 post
1708 2898 1927 2970 aliquod
1961 2910 2195 2970 tempus,
2227 2902 2369 2970 quod
2395 2910 2575 2955 tamen
2600 2900 2824 2955 minime
2848 2898 3126 2954 deﬁnitum
3160 2898 3444 2951 habemus.

409 2985 872 3068 θξιωβειμιᾳηιιιν,
900 3007 1059 3068 usque
1077 2992 1150 3068 ad
1171 2995 1545 3063 interrogantis
1571 3011 1807 3064 persona:
1830 2996 2006 3061 verba,
2035 3014 2135 3050 non
2155 2997 2377 3052 Cwsarii
2403 2996 2648 3059 sunl,scd
2666 2995 2904 3068 Gregorii
2922 2993 3169 3068 Nysseni,
3195 2993 3425 3068 amici_et
3453 3008 3589 3044 con:-

340 3062 479 3138 ιηηιῖξ
511 3062 623 3138 εῘιξδ
643 3073 661 3109 -'
693 3062 892 3138 in‘set’ta
924 3062 1046 3138 huic
1068 3063 1202 3138 libro
1228 3082 1320 3138 per
1344 3062 1594 3135 aliqu-em,
1626 3068 1715 3138 qui
1750 3083 1860 3120 sua!
1888 3070 2152 3122 memoria:
2177 3070 2445 3122 consulere
2468 3068 2716 3138 vellet,“
2741 3062 2844 3118 uno
2868 3062 2989 3138 loco
3019 3063 3587 3138 duorumscriptorum

339 3128 709 3207 exglicationes
733 3131 942 3207 liabere.
966 3128 1410 3207 Depre/wndimus
1433 3128 1740 3189 "consimilia
1762 3137 2001 3207 deinceps
2029 3154 2230 3207 quoque
2252 3153 2542 3197 occurrere,
2568 3128 2655 3207 ubi
2682 3136 2903 3207 ηοξ-διάει
2927 3134 3078 3197 locis,
3096 3136 3436 3207 guwAi‘nserta
3459 3133 3585 3207 sint,

340 3199 709 3279 indicabimus.
738 3198 870 3255 Sunt
914 3198 1090 3256 autem
1119 3204 1230 3258 haec
1267 3206 1528 3275 descripta
1567 3223 1594 3259 ε
1634 3207 1769 3260 libro
1795 3198 2050 3276 Nysseni,
2082 3198 2171 3279 qui
2198 3220 2273 3262 est
2298 3209 2373 3262 De
2406 3206 2641 3260 hominis
2675 3204 2911 3275 opiﬁcio,
2939 3220 3054 3273 cap.
3089 3198 3175 3270 {9,
3206 3202 3295 3266 20,
3327 3203 3416 3255 sed
3451 3202 3588 3253 mul-

343 3281 453 3325 tum
477 3272 705 3326 variant.

422 3363 487 3421 Ἦ
514 3362 723 3417 δοθεῖσα
766 3363 953 3436 ἐντολὴ
997 3364 1055 3417 ὲν
1085 3364 1398 3436 παραδείσῳ
1444 3364 1522 3437 τῷ
1557 3366 1727 3439 Ἀδὰμ
1759 3367 1910 3441 παρὰ

326 3453 431 3524 φοῦ
456 3455 610 3521 Θεοῦ,
638 3457 767 3528 περὶ
794 3456 894 3526 τῆς
917 3458 980 3510 ἐκ
1002 3455 1098 3510 τοῦ
1126 3456 1323 3518 παντὸς
1347 3456 1502 3521 ξύλου
1536 3458 1911 3531 μεταλήψεως,

340 3549 436 3601 καὶ
469 3551 567 3620 τῆς
587 3549 796 3620 ἀποχῆς
821 3549 914 3603 τοῦ
944 3549 1099 3615 ξύλου
1124 3550 1216 3604 τοῦ
1246 3554 1525 3623 ἁπηγορευ
1535 3552 1695 3623 μένου
1717 3569 1731 3584 ο
1762 3551 1916 3607 τοῦτό

339 3640 458 3691 ἐστι
508 3641 568 3692 τὸ
618 3639 769 3705 ξύλον
806 3642 866 3695 τὸ
920 3643 1309 3714 περιληπτικὺν
1355 3645 1554 3707 παντὸς
1586 3642 1789 3712 ἀγαθοῦ
1814 3684 1829 3709 ,
1873 3638 1918 3713 ᾧ

342 3727 514 3798 ὄνομά
541 3731 655 3780 ἐστι
685 3728 745 3780 τὸ
771 3732 898 3783 πᾶν.
933 3731 1072 3783 Αύτὸ
1124 3733 1240 3785 ἐστι
1287 3733 1349 3784 τὸ
1389 3732 1555 3794 ὅντως
1592 3731 1652 3784 ὃν
1692 3731 1914 3799 ἀγαθὸν,

342 3818 472 3888 περὶ
520 3811 580 3871 οῦ
611 3818 773 3872 Δαθὶδ
819 3818 999 3887 λέγει,
1035 3821 1507 3889 Κατατρύφησον
1540 3820 1646 3873 τοῦ
1672 3820 1916 3889 Κυρίουο

344 3908 595 3981 Σολομὼν
629 3910 686 3963 δὲ
716 3909 813 3980 τὴν
828 3909 1052 3979 Σοφίαν,
1079 3912 1201 3983 ἥτις
1228 3913 1375 3965 ἐστὶν
1411 3914 1440 3964 6
1466 3911 1688 3983 Κύριος,
1727 3912 1919 3977 ξύλον

345 4001 495 4072 ζωῆς
530 4001 827 4072 ὀνομάζων.
876 4002 1084 4056 Οὐκοῦν
1118 4003 1312 4059 ταύτόν
1352 4005 1498 4056 ἐστιν
1536 4002 1597 4056 τὸ
1636 4003 1736 4073 τῆς
1772 4001 1919 4072 ζωῆς

347 4087 500 4153 ξύλον
522 4088 599 4160 τῷ
625 4089 747 4145 πᾶν
778 4089 989 4157 ξύλον,
1014 4083 1075 4143 οῦ
1106 4091 1203 4163 τὴν
1236 4091 1436 4163 βρῶσιν
1468 4092 1497 4145 6
1536 4091 1666 4156 Θεὸς
1692 4091 1920 4162 προτρέ-

347 4200 526 4235 πεται.
574 4182 918 4255 Ἀντιδιαιρεῖ
943 4183 999 4236 δὲ
1028 4183 1198 4254 τούτῳ
1242 4184 1304 4237 τὸ
1347 4184 1531 4257 ἕτερον
1561 4183 1714 4250 ξύλον
1738 4223 1753 4247 ,
1791 4179 1851 4239 οῦ
1885 4186 1918 4256 ἡ

349 4274 549 4346 βρῶσις
576 4276 676 4329 ούκ
718 4277 1024 4341 ἰδιαζόντως
1061 4276 1227 4331 καλοῦ
1276 4278 1309 4350 ἦ
1355 4277 1528 4332 κακοῦ
1553 4318 1568 4344 ,
1605 4277 1739 4331 ἀλλὰ
1784 4276 1921 4349 σύμ-

349 4386 539 4439 μικτος
564 4386 576 4400 ·
616 4369 682 4440 ἥν
708 4369 905 4423 κωλύει
942 4369 1039 4441 μὲν
1065 4371 1305 4442 ἀρχηγὸς
1336 4372 1435 4443 τῆς
1460 4368 1605 4442 ζωῆς
1626 4410 1642 4436 ,
1681 4370 1919 4443 συμόου-

344 4461 488 4516 λεύει
517 4461 572 4515 δὲ
613 4463 640 4515 6
695 4462 848 4533 ὄφις,
894 4463 979 4516 ἵνα
1030 4463 1107 4535 τῷ
1160 4464 1372 4536 θανάτῳ
1408 4464 1790 4537 κατασκευάσῃ
1823 4463 1920 4535 τὴν

346 4554 566 4608 εἴσοδον.
596 4554 980 4626 Συμμέμικται
1008 4555 1063 4608 δὲ
1093 4556 1181 4610 διὰ
1212 4555 1319 4608 τῶν
1349 4556 1611 4610 ’ἐναντίων
1646 4557 1675 4609 6
1710 4554 1923 4626 καρπὸς

344 4646 439 4698 τοῦ
486 4646 935 4717 ἀπηγορευμένον
970 4644 1127 4712 ξύλου
1166 4634 1308 4699 κατὰ
1345 4644 1534 4698 τοῦτον
1580 4644 1671 4699 τὸν
1722 4643 1878 4711 λόγον
1902 4658 1917 4672 ν

346 4736 517 4788 ὅτιού
552 4739 754 4805 γυμνὸν
799 4739 1084 4809 πρόκειται
1131 4741 1190 4792 τὸ
1242 4740 1411 4793 κακὸν
1458 4740 1601 4794 κατὰ
1647 4738 1745 4810 τὴν
1781 4737 1916 4791 ἰδίαν

306 4904 309 4909 ⁴
348 4828 509 4897 φύσιν
551 4828 903 4899 φαινόμενον·
938 4826 974 4900 ἦ
1013 4831 1120 4902 γὰρ
1151 4832 1429 4902 ἄπρακτος
1477 4833 1544 4887 ἂν
1579 4827 1647 4903 ἦν
1684 4832 1718 4901 ή
1750 4829 1918 4884 κακία

295 4924 302 4930 ’
350 4919 540 4992 μηδενὶ
580 4921 932 4991 κεχρωσμένη
964 4921 1113 4992 καλῷ
1158 4921 1234 4992 τῷ
1267 4923 1613 4995 ὲφελκομὲνῳ
1653 4918 1747 4973 τὸν
1783 4923 1919 4975 ἀπα-

345 5012 585 5083 τώμενον
625 5011 758 5082 πρὸς
803 5012 1094 5082 ἐπιθυμίαν
1143 5014 1327 5067 αὑτοῦ.
1364 5014 1478 5066 Νῦν
1511 5014 1568 5066 δὲ
1616 5012 1917 5082 σύμμικτος

346 5109 495 5161 ἐστιν
523 5108 580 5160 ἐν
606 5105 684 5177 τῷ
719 5104 870 5177 βάθει
892 5106 984 5158 τὸν
1034 5105 1413 5176 κεκρυμμένον
1445 5104 1661 5176 ὄλεθρον
1699 5102 1915 5176 ἔχουσα,

348 5201 408 5252 ὲν
432 5198 489 5252 δὲ
512 5202 578 5269 τῇ
613 5199 753 5253 κατὰ
791 5199 852 5252 τὸ
882 5198 1206 5269 φαινόμενον
1230 5197 1413 5270 ἀπάτῃ
1442 5195 1606 5249 καλοῦ
1637 5213 1759 5248 τινα
1781 5212 1919 5265 φαν-

348 5289 541 5340 τασίαν
567 5288 1053 5359 παραδεικνύουσα.
1083 5287 1237 5341 Οῦτω
1266 5287 1335 5340 τὰ
1366 5286 1738 5357 ἁμαρτήματα
1768 5286 1923 5353 ἐγκε-

350 5379 673 5451 κρυμμὲνην
705 5380 895 5450 ἔχοντα
925 5381 1023 5450 τὴν
1049 5379 1363 5453 διαφθορὰν,
1386 5380 1577 5453 αἱρετὰ
1598 5381 1709 5440 τοῖς
1731 5379 1919 5432 ἀνεπι-

352 5471 608 5534 σκέπτοις
669 5472 915 5539 γίνεται,
966 5475 1079 5526 ἀντ’
1132 5474 1335 5543 ἀγαθοῦ
1402 5474 1792 5539 σπουδάζουσιν
1858 5471 1920 5537 ἐξ

351 5564 568 5636 ἀπάτης
592 5605 606 5630 ,
636 5564 730 5617 καὶ
758 5565 848 5618 ἐπὶ
876 5565 935 5617 τὸ
964 5565 1122 5618 καλὸν
1156 5569 1204 5620 οί
1251 5566 1434 5620 πολλοὶ
1471 5568 1530 5619 ἐν
1570 5564 1649 5636 τῷ
1700 5565 1797 5629 τὰς
1833 5566 1918 5617 αἱ-

356 5658 577 5730 σθήσεις
621 5656 979 5730 εὐφραίνοντα
1016 5662 1312 5738 ’κρίνουσι,
1341 5658 1436 5712 καὶ
1461 5658 1560 5730 τῆς
1600 5657 1915 5730 ὁμωνύμου,

2091 3371 2260 3424 Porro
2297 3369 2483 3424 datum
2539 3367 2670 3421 illud
2704 3367 2912 3421 Adamo
2962 3374 3288 3436 praeceptum
3336 3365 3389 3419 in
3426 3380 3586 3435 para-

2015 3462 2135 3518 diso
2157 3461 2437 3526 divinitus,
2475 3459 2758 3530 spectabat
2790 3456 3106 3513 fruitionem
3132 3457 3312 3512 onmis
3354 3458 3507 3526 ligni,
3536 3466 3589 3511 et

2016 3555 2399 3612 abstinentiam
2433 3569 2464 3607 a
2498 3553 2643 3623 ligno
2668 3551 2857 3607 vetito.
2890 3550 3005 3607 Hoc
3044 3550 3178 3605 illud
3222 3560 3306 3605 est
3356 3551 3585 3619 lignum,

2018 3648 2164 3718 quod
2193 3644 2573 3715 complectitur
2610 3657 2773 3699 omne
2805 3644 3005 3697 bonum
3031 3684 3046 3709 ,
3097 3642 3185 3697 cui
3239 3657 3433 3696 nomen
3484 3650 3586 3706 est,

2016 3750 2197 3790 omne.
2231 3736 2347 3791 Hoc
2377 3736 2633 3789 nimirum
2676 3735 2810 3789 illud
2847 3750 2971 3789 vere
2996 3734 3199 3787 bonum
3231 3740 3348 3797 est,
3380 3732 3446 3786 de
3479 3749 3590 3801 quo

2015 3824 2246 3880 Davides
2302 3824 2518 3893 inquit:
2556 3823 2831 3880 Oblectare
2883 3826 2937 3877 in
2960 3823 3184 3876 Domino
3216 3824 3282 3875 ³³.
3332 3821 3399 3876 Ει
3431 3821 3590 3886 Solo,-

2017 3930 2145 3970 mon
2169 3956 2183 3978 ,
2219 3915 2554 3983 Sapientiam
2581 3956 2596 3979 ,
2627 3929 2750 3983 quae
2778 3922 2862 3969 est
2890 3913 3155 3968 Dominus
3177 3953 3191 3977 ,
3224 3913 3425 3983 lignum
3469 3916 3589 3968 vita:

2018 4007 2344 4063 nominat".
2386 4006 2615 4060 Proinde
2647 4007 2787 4060 idem
2816 4016 2900 4061 est
2933 4020 3055 4079 cum
3098 4006 3245 4075 ligno
3282 4005 3402 4058 vitae
3433 4006 3585 4069 illud,

2023 4093 2187 4150 Omne
2212 4095 2409 4165 lignum
2437 4093 2505 4158 ³⁷,
2539 4094 2602 4147 ad
2632 4094 2789 4164 cujus
2820 4093 3139 4149 fruitionem
3168 4093 3311 4149 Deus
3335 4095 3590 4149 exhorta—

2017 4198 2129 4244 tur.
2149 4187 2226 4241 Ex
2257 4186 2506 4256 opposito
2525 4202 2655 4241 vero
2676 4186 2936 4242 discernit
2957 4186 3024 4240 ab
3054 4186 3157 4241 hoc
3185 4188 3327 4241 aliud
3359 4188 3586 4258 lignum,

2019 4279 2175 4348 cujus
2230 4278 2412 4333 fruitio
2454 4293 2574 4345 ,ιιοη
2606 4289 2689 4334 est
2743 4279 2961 4348 prOprie
2999 4278 3125 4332 boni
3182 4279 3263 4333 vel
3314 4280 3463 4345 mali,
3493 4279 3597 4334 sed

2019 4372 2345 4427 commista:
2393 4386 2558 4441 quam
2592 4371 2843 4441 prohibet
2879 4371 3099 4441 quidem
3146 4371 3399 4441 princeps
3445 4371 3599 4437 vitaa,

2021 4464 2211 4519 suadet
2241 4478 2367 4519 vero
2397 4478 2622 4532 serpens
2667 4472 2727 4517 ut
2767 4463 2924 4516 morti
2953 4463 3157 4517 aditum
3198 4474 3367 4533 paret.
3397 4463 3590 4519 Mistus

2020 4565 2106 4611 est
2142 4564 2323 4610 autem
2358 4571 2454 4625 per
2489 4555 2763 4609 contraria
2814 4555 3026 4610 fructus
3086 4555 3221 4625 ligni.
3270 4556 3453 4618 vetiti,
3487 4556 3594 4610 hac

2020 4648 2254 4712 ratione,
2289 4647 2433 4717 quod
2476 4663 2581 4701 non
2618 4650 2764 4702 nude
2809 4648 2969 4702 nobis
2996 4648 3333 4718 prOpositum
3361 4659 3443 4703 est
3471 4663 3590 4702 ma-

2023 4740 2135 4794 lum
2169 4738 2467 4792 secundum
2499 4737 2771 4807 propriam
2827 4746 3075 4791 naturam
3122 4752 3424 4806 apparens;
3467 4752 3589 4789 nam
3678 4793 3687 4803 ,

2023 4832 2177 4887 irrita
2204 4831 2344 4886 foret
2380 4830 2589 4884 malitia
2609 4871 2625 4895 ,
2660 4830 2810 4883 nullo
2840 4830 3078 4884 colorata
3112 4829 3283 4893 bono,
3311 4828 3455 4897 quod
3487 4827 3591 4880 ho-

2022 4925 2225 4978 minem
2257 4924 2538 4991 deceptum
2568 4920 2636 4975 ad
2665 4920 3161 4990 concupiscentiam
3185 4919 3268 4974 sui
3294 4918 3586 4989 pelliceret.

2023 5016 2181 5071 Nunc
2209 5023 2387 5069 autem
2421 5014 2581 5069 mista
2613 5023 2724 5081 est,
2754 5014 2809 5067 in
2834 5012 3005 5067 fundo
3045 5013 3252 5067 habens
3303 5011 3593 5065 abscondi-

2023 5116 2132 5173 tam
2170 5106 2463 5176 perniciem
2488 5146 2502 5171 ,
2537 5105 2590 5159 in
2624 5113 2918 5174 apparente
2971 5119 3099 5158 vero
3140 5111 3295 5173 parte
3351 5102 3591 5172 speciem

2021 5196 2313 5269 quamdam
2345 5196 2474 5250 boni
2504 5203 2807 5251 ostentans.
2837 5194 2913 5249 lta
2938 5204 3160 5266 peccata
3196 5192 3469 5249 occultum
3516 5193 3594 5246 in-

2022 5291 2244 5344 teritum
2300 5289 2442 5342 intra
2469 5303 2527 5343 se
2571 5286 2819 5343 habentia
2840 5325 2865 5351 ,τ
2896 5286 3129 5343 incautis
3181 5295 3398 5356 accepta
3431 5286 3589 5351 Iiunt,

2024 5380 2269 5436 studiose
2297 5387 2561 5448 usurpata
2588 5393 2686 5449 pro
2710 5379 2851 5433 bono
2875 5394 2939 5432 ex
2973 5379 3289 5449 deceptione
3312 5392 3328 5431 :
3374 5388 3429 5433 et
3451 5378 3593 5432 inter

2023 5472 2166 5527 bona
2209 5470 2360 5526 multi
2392 5486 2515 5540 quae
2559 5484 2755 5524 sensus
2782 5470 3118 5536 exhilarant,
3154 5470 3423 5525 referunt:
3464 5481 3592 5538 pro-

2024 5573 2144 5634 pter
2165 5566 2606 5619 communionem
2630 5561 2886 5626 nominis,
2920 5572 3031 5617 tum
3061 5564 3181 5632 ejus
3203 5561 3344 5633 quod
3375 5576 3433 5616 re
3461 5572 3590 5613 vera

2024 5657 2229 5712 bonum
2259 5662 2373 5722 est,
2404 5663 2519 5711 tum
2565 5653 2712 5726 quod
2764 5654 2968 5710 bonum
3014 5669 3135 5709 esse
3184 5662 3424 5724 putatur.
3453 5649 3587 5717 Qua~

427 5800 473 5833 ³³
514 5798 669 5854 Rom.
710 5812 806 5863 vn,
841 5796 896 5852 9.
971 5796 1016 5828 “
1053 5793 1183 5850 ibid.
1218 5797 1273 5860 9,
1316 5795 1401 5851 l0.
1478 5796 1524 5828 ’⁸
1561 5794 1707 5853 Psal.
1761 5811 1914 5853 xxxv}

2016 5793 2056 5851 ι.
2134 5794 2179 5828 ³⁸
2216 5791 2382 5851 Prov.
2424 5807 2506 5860 ιιι,
2555 5791 2640 5849 l8.
2722 5792 2767 5825 ’⁷
2805 5790 2940 5850 Gen.
2983 5808 3043 5861 ιι,
3084 5791 3168 5846 16.
3216 5870 3219 5875 Ι
