  <div class='ocr_page' id='page_1' title='image "/cluster/home/n/w/nwhite01/storage/ocr_20150623/38:no.4/coo.31924054869353/517.png"; bbox 0 0 4000 6412; ppageno 0'>
   <div class='ocr_carea' id='block_1_1' title="bbox 443 345 581 403">
    <p class='ocr_par' dir='ltr' id='par_1_1' title="bbox 443 345 581 403">
     <span class='ocr_line' id='line_1_1' title="bbox 443 345 581 403; baseline -0.022 0"><span class='ocrx_word' id='word_1_1' title='bbox 443 345 581 403; x_wconf 78' lang='lat' dir='ltr'><strong>I015</strong></span> 
     </span>
    </p>
   </div>
   <div class='ocr_carea' id='block_1_2' title="bbox 442 461 2013 536">
    <p class='ocr_par' dir='ltr' id='par_1_2' title="bbox 442 461 2013 536">
     <span class='ocr_line' id='line_1_2' title="bbox 442 461 2013 536; baseline 0.003 -17"><span class='ocrx_word' id='word_1_2' title='bbox 442 471 664 536; x_wconf 82' lang='lat' dir='ltr'><strong>propter</strong></span> <span class='ocrx_word' id='word_1_3' title='bbox 687 469 795 517; x_wconf 90' lang='lat' dir='ltr'><strong>tam</strong></span> <span class='ocrx_word' id='word_1_4' title='bbox 828 461 896 517; x_wconf 78' lang='lat' dir='ltr'><strong>ad</strong></span> <span class='ocrx_word' id='word_1_5' title='bbox 930 462 1131 517; x_wconf 88' lang='lat' dir='ltr'><strong>malum</strong></span> <span class='ocrx_word' id='word_1_6' title='bbox 1156 479 1319 534; x_wconf 87' lang='lat' dir='ltr'><strong>quam</strong></span> <span class='ocrx_word' id='word_1_7' title='bbox 1354 464 1421 520; x_wconf 90' lang='lat' dir='ltr'><strong>ad</strong></span> <span class='ocrx_word' id='word_1_8' title='bbox 1464 464 1670 522; x_wconf 90' lang='lat' dir='ltr'><strong>bonum</strong></span> <span class='ocrx_word' id='word_1_9' title='bbox 1708 465 1852 524; x_wconf 82' lang='lat' dir='ltr'><strong>facta</strong></span> <span class='ocrx_word' id='word_1_10' title='bbox 1878 483 2013 523; x_wconf 87' lang='lat' dir='ltr'><strong>con-</strong></span> 
     </span>
    </p>
   </div>
   <div class='ocr_carea' id='block_1_3' title="bbox 443 553 2011 626">
    <p class='ocr_par' dir='ltr' id='par_1_3' title="bbox 443 553 2011 626">
     <span class='ocr_line' id='line_1_3' title="bbox 443 553 2011 626; baseline 0.003 -16"><span class='ocrx_word' id='word_1_11' title='bbox 443 553 800 624; x_wconf 85' lang='lat' dir='ltr'><strong>cupiscentia.</strong></span> <span class='ocrx_word' id='word_1_12' title='bbox 852 553 980 609; x_wconf 89' lang='lat' dir='ltr'><strong>boni</strong></span> <span class='ocrx_word' id='word_1_13' title='bbox 1032 564 1087 608; x_wconf 92' lang='lat' dir='ltr'><strong>et</strong></span> <span class='ocrx_word' id='word_1_14' title='bbox 1138 555 1265 609; x_wconf 88' lang='lat' dir='ltr'><strong>mali</strong></span> <span class='ocrx_word' id='word_1_15' title='bbox 1311 556 1548 626; x_wconf 74' lang='lat' dir='ltr'><strong>cognitio</strong></span> <span class='ocrx_word' id='word_1_16' title='bbox 1597 558 1880 613; x_wconf 91' lang='lat' dir='ltr'><strong>nominata</strong></span> <span class='ocrx_word' id='word_1_17' title='bbox 1908 569 2011 614; x_wconf 84' lang='lat' dir='ltr'><strong>est.</strong></span> 
     </span>
    </p>
   </div>
   <div class='ocr_carea' id='block_1_4' title="bbox 443 643 2017 718">
    <p class='ocr_par' dir='ltr' id='par_1_4' title="bbox 443 643 2017 718">
     <span class='ocr_line' id='line_1_4' title="bbox 443 643 2017 718; baseline 0.004 -19"><span class='ocrx_word' id='word_1_18' title='bbox 443 643 631 714; x_wconf 85' lang='lat' dir='ltr'><strong>Neque</strong></span> <span class='ocrx_word' id='word_1_19' title='bbox 652 644 900 700; x_wconf 88' lang='lat' dir='ltr'><strong>absolute</strong></span> <span class='ocrx_word' id='word_1_20' title='bbox 931 645 1130 700; x_wconf 90' lang='lat' dir='ltr'><strong>malum</strong></span> <span class='ocrx_word' id='word_1_21' title='bbox 1155 645 1375 711; x_wconf 87' lang='lat' dir='ltr'><strong>dicitur,</strong></span> <span class='ocrx_word' id='word_1_22' title='bbox 1406 662 1471 703; x_wconf 91' lang='lat' dir='ltr'><strong>eo</strong></span> <span class='ocrx_word' id='word_1_23' title='bbox 1514 648 1658 718; x_wconf 90' lang='lat' dir='ltr'><strong>quod</strong></span> <span class='ocrx_word' id='word_1_24' title='bbox 1689 649 1833 704; x_wconf 88' lang='lat' dir='ltr'><strong>bono</strong></span> <span class='ocrx_word' id='word_1_25' title='bbox 1862 666 2017 706; x_wconf 87' lang='lat' dir='ltr'><strong>orna-</strong></span> 
     </span>
    </p>
   </div>
   <div class='ocr_carea' id='block_1_5' title="bbox 445 736 2013 809">
    <p class='ocr_par' dir='ltr' id='par_1_5' title="bbox 445 736 2013 809">
     <span class='ocr_line' id='line_1_5' title="bbox 445 736 2013 809; baseline 0.004 -18"><span class='ocrx_word' id='word_1_26' title='bbox 445 746 558 792; x_wconf 91' lang='lat' dir='ltr'><strong>tum</strong></span> <span class='ocrx_word' id='word_1_27' title='bbox 588 736 678 801; x_wconf 91' lang='lat' dir='ltr'><strong>sit,</strong></span> <span class='ocrx_word' id='word_1_28' title='bbox 713 751 890 807; x_wconf 90' lang='lat' dir='ltr'><strong>neque</strong></span> <span class='ocrx_word' id='word_1_29' title='bbox 921 748 1055 806; x_wconf 89' lang='lat' dir='ltr'><strong>pure</strong></span> <span class='ocrx_word' id='word_1_30' title='bbox 1078 736 1386 804; x_wconf 88' lang='lat' dir='ltr'><strong>bonum,co</strong></span> <span class='ocrx_word' id='word_1_31' title='bbox 1413 740 1557 809; x_wconf 86' lang='lat' dir='ltr'><strong>quod</strong></span> <span class='ocrx_word' id='word_1_32' title='bbox 1585 740 1781 796; x_wconf 91' lang='lat' dir='ltr'><strong>subtus</strong></span> <span class='ocrx_word' id='word_1_33' title='bbox 1810 743 2013 797; x_wconf 88' lang='lat' dir='ltr'><strong>malum</strong></span> 
     </span>
    </p>
   </div>
   <div class='ocr_carea' id='block_1_6' title="bbox 446 826 2013 899">
    <p class='ocr_par' dir='ltr' id='par_1_6' title="bbox 446 826 2013 899">
     <span class='ocr_line' id='line_1_6' title="bbox 446 826 2013 899; baseline 0.001 -16"><span class='ocrx_word' id='word_1_34' title='bbox 446 828 518 883; x_wconf 82' lang='lat' dir='ltr'><strong>sit</strong></span> <span class='ocrx_word' id='word_1_35' title='bbox 544 829 948 884; x_wconf 88' lang='lat' dir='ltr'><strong>absconditum.</strong></span> <span class='ocrx_word' id='word_1_36' title='bbox 975 826 1108 882; x_wconf 82' lang='lat' dir='ltr'><strong>Nam</strong></span> <span class='ocrx_word' id='word_1_37' title='bbox 1142 829 1289 899; x_wconf 88' lang='lat' dir='ltr'><strong>quod</strong></span> <span class='ocrx_word' id='word_1_38' title='bbox 1327 844 1451 885; x_wconf 87' lang='lat' dir='ltr'><strong>vere</strong></span> <span class='ocrx_word' id='word_1_39' title='bbox 1489 831 1690 886; x_wconf 89' lang='lat' dir='ltr'><strong>bonum</strong></span> <span class='ocrx_word' id='word_1_40' title='bbox 1738 841 1856 899; x_wconf 76' lang='lat' dir='ltr'><strong>est,</strong></span> <span class='ocrx_word' id='word_1_41' title='bbox 1884 833 2013 887; x_wconf 86' lang='lat' dir='ltr'><strong>sim-</strong></span> 
     </span>
    </p>
   </div>
   <div class='ocr_carea' id='block_1_7' title="bbox 444 920 2014 994">
    <p class='ocr_par' dir='ltr' id='par_1_7' title="bbox 444 920 2014 994">
     <span class='ocr_line' id='line_1_7' title="bbox 444 920 2014 994; baseline 0.004 -21"><span class='ocrx_word' id='word_1_42' title='bbox 444 920 565 990; x_wconf 80' lang='lat' dir='ltr'><strong>plex</strong></span> <span class='ocrx_word' id='word_1_43' title='bbox 596 927 716 985; x_wconf 89' lang='lat' dir='ltr'><strong>est;</strong></span> <span class='ocrx_word' id='word_1_44' title='bbox 755 920 955 974; x_wconf 86' lang='lat' dir='ltr'><strong>malum</strong></span> <span class='ocrx_word' id='word_1_45' title='bbox 983 929 1186 987; x_wconf 85' lang='lat' dir='ltr'><strong>autem,</strong></span> <span class='ocrx_word' id='word_1_46' title='bbox 1214 922 1426 976; x_wconf 88' lang='lat' dir='ltr'><strong>varium</strong></span> <span class='ocrx_word' id='word_1_47' title='bbox 1450 961 1466 985; x_wconf 89' lang='lat'><strong>,</strong></span> <span class='ocrx_word' id='word_1_48' title='bbox 1508 923 1638 978; x_wconf 88' lang='lat' dir='ltr'><strong>dum</strong></span> <span class='ocrx_word' id='word_1_49' title='bbox 1674 924 1821 979; x_wconf 86' lang='lat' dir='ltr'><strong>aliud</strong></span> <span class='ocrx_word' id='word_1_50' title='bbox 1852 934 2014 994; x_wconf 91' lang='lat' dir='ltr'><strong>atque</strong></span> 
     </span>
    </p>
   </div>
   <div class='ocr_carea' id='block_1_8' title="bbox 443 1010 2012 1085">
    <p class='ocr_par' dir='ltr' id='par_1_8' title="bbox 443 1010 2012 1085">
     <span class='ocr_line' id='line_1_8' title="bbox 443 1010 2012 1085; baseline 0.004 -23"><span class='ocrx_word' id='word_1_51' title='bbox 443 1010 591 1063; x_wconf 84' lang='lat' dir='ltr'><strong>&#39;aliud</strong></span> <span class='ocrx_word' id='word_1_52' title='bbox 620 1019 838 1079; x_wconf 90' lang='lat' dir='ltr'><strong>putatur</strong></span> <span class='ocrx_word' id='word_1_53' title='bbox 857 1050 873 1075; x_wconf 94' lang='lat'><strong>,</strong></span> <span class='ocrx_word' id='word_1_54' title='bbox 905 1019 957 1063; x_wconf 91' lang='lat' dir='ltr'><strong>et</strong></span> <span class='ocrx_word' id='word_1_55' title='bbox 985 1026 1080 1079; x_wconf 90' lang='lat' dir='ltr'><strong>per</strong></span> <span class='ocrx_word' id='word_1_56' title='bbox 1107 1012 1494 1079; x_wconf 85' lang='lat' dir='ltr'><strong>experientiam</strong></span> <span class='ocrx_word' id='word_1_57' title='bbox 1532 1013 1679 1068; x_wconf 84' lang='lat' dir='ltr'><strong>aliud</strong></span> <span class='ocrx_word' id='word_1_58' title='bbox 1709 1016 2012 1085; x_wconf 87' lang='lat' dir='ltr'><strong>deprehen-</strong></span> 
     </span>
    </p>
   </div>
   <div class='ocr_carea' id='block_1_9' title="bbox 446 1099 2012 1177">
    <p class='ocr_par' dir='ltr' id='par_1_9' title="bbox 446 1099 2012 1177">
     <span class='ocr_line' id='line_1_9' title="bbox 446 1099 2012 1177; baseline 0.004 -22"><span class='ocrx_word' id='word_1_59' title='bbox 446 1101 611 1155; x_wconf 90' lang='lat' dir='ltr'><strong>ditur.</strong></span> <span class='ocrx_word' id='word_1_60' title='bbox 645 1099 934 1171; x_wconf 82' lang='lat' dir='ltr'><strong>Propterea</strong></span> <span class='ocrx_word' id='word_1_61' title='bbox 983 1103 1223 1156; x_wconf 85' lang='lat' dir='ltr'><strong>ostendit</strong></span> <span class='ocrx_word' id='word_1_62' title='bbox 1270 1118 1493 1173; x_wconf 85' lang='lat' dir='ltr'><strong>serpens</strong></span> <span class='ocrx_word' id='word_1_63' title='bbox 1538 1120 1765 1175; x_wconf 89' lang='lat' dir='ltr'><strong>pravum</strong></span> <span class='ocrx_word' id='word_1_64' title='bbox 1807 1106 2012 1177; x_wconf 85' lang='lat' dir='ltr'><strong>peccati</strong></span> 
     </span>
    </p>
   </div>
   <div class='ocr_carea' id='block_1_10' title="bbox 445 1193 2013 1266">
    <p class='ocr_par' dir='ltr' id='par_1_10' title="bbox 445 1193 2013 1266">
     <span class='ocr_line' id='line_1_10' title="bbox 445 1193 2013 1266; baseline 0.005 -20"><span class='ocrx_word' id='word_1_65' title='bbox 445 1193 679 1248; x_wconf 88' lang='lat' dir='ltr'><strong>fructum</strong></span> <span class='ocrx_word' id='word_1_66' title='bbox 711 1231 727 1255; x_wconf 92' lang='lat'><strong>,</strong></span> <span class='ocrx_word' id='word_1_67' title='bbox 764 1208 871 1246; x_wconf 89' lang='lat' dir='ltr'><strong>non</strong></span> <span class='ocrx_word' id='word_1_68' title='bbox 917 1203 1223 1248; x_wconf 84' lang='lat' dir='ltr'><strong>monstrato</strong></span> <span class='ocrx_word' id='word_1_69' title='bbox 1256 1194 1541 1252; x_wconf 87' lang='lat' dir='ltr'><strong>manifeste</strong></span> <span class='ocrx_word' id='word_1_70' title='bbox 1591 1197 1769 1266; x_wconf 85' lang='lat' dir='ltr'><strong>malo,</strong></span> <span class='ocrx_word' id='word_1_71' title='bbox 1810 1200 1953 1254; x_wconf 89' lang='lat' dir='ltr'><strong>sicut</strong></span> <span class='ocrx_word' id='word_1_72' title='bbox 1981 1214 2013 1253; x_wconf 88' lang='lat' dir='ltr'><strong>a</strong></span> 
     </span>
    </p>
   </div>
   <div class='ocr_carea' id='block_1_11' title="bbox 446 1289 2014 1352">
    <p class='ocr_par' dir='ltr' id='par_1_11' title="bbox 446 1289 2014 1352">
     <span class='ocr_line' id='line_1_11' title="bbox 446 1289 2014 1352; baseline 0.007 -11"><span class='ocrx_word' id='word_1_73' title='bbox 446 1297 638 1342; x_wconf 88' lang='lat' dir='ltr'><strong>natura</strong></span> <span class='ocrx_word' id='word_1_74' title='bbox 688 1289 939 1343; x_wconf 85' lang='lat' dir='ltr'><strong>habebat.</strong></span> <span class='ocrx_word' id='word_1_75' title='bbox 994 1291 1145 1345; x_wconf 85' lang='lat' dir='ltr'><strong>Alias</strong></span> <span class='ocrx_word' id='word_1_76' title='bbox 1190 1292 1337 1346; x_wconf 91' lang='lat' dir='ltr'><strong>enim</strong></span> <span class='ocrx_word' id='word_1_77' title='bbox 1388 1294 1552 1350; x_wconf 92' lang='lat' dir='ltr'><strong>homo</strong></span> <span class='ocrx_word' id='word_1_78' title='bbox 1601 1296 1835 1351; x_wconf 78' lang='lat' dir='ltr'><strong>evidenti</strong></span> <span class='ocrx_word' id='word_1_79' title='bbox 1872 1296 2014 1352; x_wconf 85' lang='lat' dir='ltr'><strong>malo</strong></span> 
     </span>
    </p>
   </div>
   <div class='ocr_carea' id='block_1_12' title="bbox 445 1380 2011 1457">
    <p class='ocr_par' dir='ltr' id='par_1_12' title="bbox 445 1380 2011 1457">
     <span class='ocr_line' id='line_1_12' title="bbox 445 1380 2011 1457; baseline 0.004 -22"><span class='ocrx_word' id='word_1_80' title='bbox 445 1380 705 1448; x_wconf 89' lang='lat' dir='ltr'><strong>deceptus</strong></span> <span class='ocrx_word' id='word_1_81' title='bbox 747 1396 853 1435; x_wconf 90' lang='lat' dir='ltr'><strong>non</strong></span> <span class='ocrx_word' id='word_1_82' title='bbox 908 1380 1118 1438; x_wconf 77' lang='lat' dir='ltr'><strong>fuisset.</strong></span> <span class='ocrx_word' id='word_1_83' title='bbox 1173 1381 1359 1452; x_wconf 89' lang='lat' dir='ltr'><strong>Itaque</strong></span> <span class='ocrx_word' id='word_1_84' title='bbox 1408 1400 1530 1440; x_wconf 89' lang='lat' dir='ltr'><strong>cum</strong></span> <span class='ocrx_word' id='word_1_85' title='bbox 1586 1402 1678 1456; x_wconf 86' lang='lat' dir='ltr'><strong>per</strong></span> <span class='ocrx_word' id='word_1_86' title='bbox 1723 1388 2011 1457; x_wconf 87' lang='lat' dir='ltr'><strong>quamdam</strong></span> 
     </span>
    </p>
   </div>
   <div class='ocr_carea' id='block_1_13' title="bbox 446 1472 2013 1546">
    <p class='ocr_par' dir='ltr' id='par_1_13' title="bbox 446 1472 2013 1546">
     <span class='ocr_line' id='line_1_13' title="bbox 446 1472 2013 1546; baseline 0.003 -18"><span class='ocrx_word' id='word_1_87' title='bbox 446 1473 679 1542; x_wconf 89' lang='lat' dir='ltr'><strong>speciem</strong></span> <span class='ocrx_word' id='word_1_88' title='bbox 716 1472 768 1528; x_wconf 88' lang='lat' dir='ltr'><strong>id</strong></span> <span class='ocrx_word' id='word_1_89' title='bbox 806 1472 954 1543; x_wconf 88' lang='lat' dir='ltr'><strong>quod</strong></span> <span class='ocrx_word' id='word_1_90' title='bbox 1012 1475 1327 1543; x_wconf 80' lang='lat' dir='ltr'><strong>apparebat,</strong></span> <span class='ocrx_word' id='word_1_91' title='bbox 1362 1476 1642 1546; x_wconf 85' lang='lat' dir='ltr'><strong>splendide</strong></span> <span class='ocrx_word' id='word_1_92' title='bbox 1674 1487 2013 1545; x_wconf 79' lang='lat' dir='ltr'><strong>exornasset,</strong></span> 
     </span>
    </p>
   </div>
   <div class='ocr_carea' id='block_1_14' title="bbox 444 1563 2014 1641">
    <p class='ocr_par' dir='ltr' id='par_1_14' title="bbox 444 1563 2014 1641">
     <span class='ocr_line' id='line_1_14' title="bbox 444 1563 2014 1641; baseline 0.004 -24"><span class='ocrx_word' id='word_1_93' title='bbox 444 1563 586 1633; x_wconf 90' lang='lat' dir='ltr'><strong>apud</strong></span> <span class='ocrx_word' id='word_1_94' title='bbox 618 1579 781 1634; x_wconf 88' lang='lat' dir='ltr'><strong>quam</strong></span> <span class='ocrx_word' id='word_1_95' title='bbox 816 1563 976 1619; x_wconf 83' lang='lat' dir='ltr'><strong>fidem</strong></span> <span class='ocrx_word' id='word_1_96' title='bbox 1009 1568 1202 1621; x_wconf 89' lang='lat' dir='ltr'><strong>mereri</strong></span> <span class='ocrx_word' id='word_1_97' title='bbox 1238 1577 1425 1637; x_wconf 88' lang='lat' dir='ltr'><strong>posset</strong></span> <span class='ocrx_word' id='word_1_98' title='bbox 1464 1569 1679 1623; x_wconf 87' lang='lat' dir='ltr'><strong>mulieri</strong></span> <span class='ocrx_word' id='word_1_99' title='bbox 1710 1586 1767 1624; x_wconf 88' lang='lat' dir='ltr'><strong>se</strong></span> <span class='ocrx_word' id='word_1_100' title='bbox 1794 1571 2014 1641; x_wconf 89' lang='lat' dir='ltr'><strong>conspi-</strong></span> 
     </span>
    </p>
   </div>
   <div class='ocr_carea' id='block_1_15' title="bbox 443 1654 2015 1729">
    <p class='ocr_par' dir='ltr' id='par_1_15' title="bbox 443 1654 2015 1729">
     <span class='ocr_line' id='line_1_15' title="bbox 443 1654 2015 1729; baseline 0.005 -20"><span class='ocrx_word' id='word_1_101' title='bbox 443 1654 695 1709; x_wconf 88' lang='lat' dir='ltr'><strong>ciendum</strong></span> <span class='ocrx_word' id='word_1_102' title='bbox 737 1655 960 1725; x_wconf 66' lang='lat' dir='ltr'><strong>praebet.</strong></span> <span class='ocrx_word' id='word_1_103' title='bbox 999 1655 1070 1711; x_wconf 85' lang='lat' dir='ltr'><strong>Et</strong></span> <span class='ocrx_word' id='word_1_104' title='bbox 1118 1658 1246 1711; x_wconf 81' lang='lat' dir='ltr'><strong>uidit</strong></span> <span class='ocrx_word' id='word_1_105' title='bbox 1272 1698 1288 1722; x_wconf 91' lang='lat'><strong>,</strong></span> <span class='ocrx_word' id='word_1_106' title='bbox 1338 1659 1515 1729; x_wconf 85' lang='lat' dir='ltr'><strong>inquit</strong></span> <span class='ocrx_word' id='word_1_107' title='bbox 1555 1660 1772 1728; x_wconf 81' lang='lat' dir='ltr'><strong>Moses,</strong></span> <span class='ocrx_word' id='word_1_108' title='bbox 1827 1663 2015 1717; x_wconf 86' lang='lat' dir='ltr'><strong>mulier</strong></span> 
     </span>
    </p>
   </div>
   <div class='ocr_carea' id='block_1_16' title="bbox 442 1746 2013 1820">
    <p class='ocr_par' dir='ltr' id='par_1_16' title="bbox 442 1746 2013 1820">
     <span class='ocr_line' id='line_1_16' title="bbox 442 1746 2013 1820; baseline 0.006 -20"><span class='ocrx_word' id='word_1_109' title='bbox 442 1746 581 1817; x_wconf 85' lang='lat' dir='ltr'><strong>quod</strong></span> <span class='ocrx_word' id='word_1_110' title='bbox 632 1746 822 1801; x_wconf 86' lang='lat' dir='ltr'><strong>bonum</strong></span> <span class='ocrx_word' id='word_1_111' title='bbox 877 1758 1009 1804; x_wconf 85' lang='lat' dir='ltr'><strong>esset</strong></span> <span class='ocrx_word' id='word_1_112' title='bbox 1041 1749 1240 1820; x_wconf 83' lang='lat' dir='ltr'><strong>lignum</strong></span> <span class='ocrx_word' id='word_1_113' title='bbox 1282 1752 1337 1804; x_wconf 89' lang='lat' dir='ltr'><strong>in</strong></span> <span class='ocrx_word' id='word_1_114' title='bbox 1390 1752 1564 1806; x_wconf 83' lang='lat' dir='ltr'><strong>cibum</strong></span> <span class='ocrx_word' id='word_1_115' title='bbox 1595 1752 1661 1806; x_wconf 77' lang='lat'><strong>&quot;.</strong></span> <span class='ocrx_word' id='word_1_116' title='bbox 1702 1751 1834 1806; x_wconf 88' lang='lat' dir='ltr'><strong>Cum</strong></span> <span class='ocrx_word' id='word_1_117' title='bbox 1886 1769 2013 1809; x_wconf 83' lang='lat' dir='ltr'><strong>vero</strong></span> 
     </span>
    </p>
   </div>
   <div class='ocr_carea' id='block_1_17' title="bbox 443 1840 2016 1907">
    <p class='ocr_par' dir='ltr' id='par_1_17' title="bbox 443 1840 2016 1907">
     <span class='ocr_line' id='line_1_17' title="bbox 443 1840 2016 1907; baseline 0.003 -12"><span class='ocrx_word' id='word_1_118' title='bbox 443 1840 800 1896; x_wconf 86' lang='lat' dir='ltr'><strong>manducatio</strong></span> <span class='ocrx_word' id='word_1_119' title='bbox 835 1842 923 1897; x_wconf 92' lang='lat' dir='ltr'><strong>illa</strong></span> <span class='ocrx_word' id='word_1_120' title='bbox 947 1844 1140 1897; x_wconf 89' lang='lat' dir='ltr'><strong>mortis</strong></span> <span class='ocrx_word' id='word_1_121' title='bbox 1167 1842 1240 1899; x_wconf 92' lang='lat' dir='ltr'><strong>sit</strong></span> <span class='ocrx_word' id='word_1_122' title='bbox 1281 1852 1456 1898; x_wconf 89' lang='lat' dir='ltr'><strong>mater</strong></span> <span class='ocrx_word' id='word_1_123' title='bbox 1498 1842 1636 1897; x_wconf 88' lang='lat' dir='ltr'><strong>facta</strong></span> <span class='ocrx_word' id='word_1_124' title='bbox 1666 1884 1680 1907; x_wconf 88' lang='lat'><strong>,</strong></span> <span class='ocrx_word' id='word_1_125' title='bbox 1714 1844 1793 1899; x_wconf 91' lang='lat' dir='ltr'><strong>sic</strong></span> <span class='ocrx_word' id='word_1_126' title='bbox 1814 1852 1898 1899; x_wconf 88' lang='lat' dir='ltr'><strong>est</strong></span> <span class='ocrx_word' id='word_1_127' title='bbox 1922 1860 2016 1900; x_wconf 89' lang='lat' dir='ltr'><strong>co-</strong></span> 
     </span>
    </p>
   </div>
   <div class='ocr_carea' id='block_1_18' title="bbox 445 1935 2014 2007">
    <p class='ocr_par' dir='ltr' id='par_1_18' title="bbox 445 1935 2014 2007">
     <span class='ocr_line' id='line_1_18' title="bbox 445 1935 2014 2007; baseline 0.002 -19"><span class='ocrx_word' id='word_1_128' title='bbox 445 1935 615 2005; x_wconf 87' lang='lat' dir='ltr'><strong>gnitio</strong></span> <span class='ocrx_word' id='word_1_129' title='bbox 649 1935 775 1989; x_wconf 93' lang='lat' dir='ltr'><strong>boni</strong></span> <span class='ocrx_word' id='word_1_130' title='bbox 801 1945 854 1990; x_wconf 89' lang='lat' dir='ltr'><strong>et</strong></span> <span class='ocrx_word' id='word_1_131' title='bbox 888 1937 1015 1991; x_wconf 89' lang='lat' dir='ltr'><strong>mali</strong></span> <span class='ocrx_word' id='word_1_132' title='bbox 1045 1936 1252 2007; x_wconf 83' lang='lat' dir='ltr'><strong>lignum</strong></span> <span class='ocrx_word' id='word_1_133' title='bbox 1283 1937 1414 1991; x_wconf 91' lang='lat' dir='ltr'><strong>illud</strong></span> <span class='ocrx_word' id='word_1_134' title='bbox 1450 1938 1795 1991; x_wconf 90' lang='lat' dir='ltr'><strong>nominatum</strong></span> <span class='ocrx_word' id='word_1_135' title='bbox 1823 1977 1838 2002; x_wconf 92' lang='lat'><strong>,</strong></span> <span class='ocrx_word' id='word_1_136' title='bbox 1868 1936 2014 2006; x_wconf 86' lang='lat' dir='ltr'><strong>quod</strong></span> 
     </span>
    </p>
   </div>
   <div class='ocr_carea' id='block_1_19' title="bbox 445 2028 2015 2100">
    <p class='ocr_par' dir='ltr' id='par_1_19' title="bbox 445 2028 2015 2100">
     <span class='ocr_line' id='line_1_19' title="bbox 445 2028 2015 2100; baseline 0.001 -18"><span class='ocrx_word' id='word_1_137' title='bbox 445 2044 544 2099; x_wconf 87' lang='lat' dir='ltr'><strong>per</strong></span> <span class='ocrx_word' id='word_1_138' title='bbox 580 2029 778 2083; x_wconf 87' lang='lat' dir='ltr'><strong>malam</strong></span> <span class='ocrx_word' id='word_1_139' title='bbox 808 2028 1145 2084; x_wconf 73' lang='lat' dir='ltr'><strong>letiferorum</strong></span> <span class='ocrx_word' id='word_1_140' title='bbox 1195 2030 1645 2100; x_wconf 90' lang='lat' dir='ltr'><strong>compositionem</strong></span> <span class='ocrx_word' id='word_1_141' title='bbox 1697 2028 2015 2099; x_wconf 79' lang='lat' dir='ltr'><strong>adjunctum</strong></span> 
     </span>
    </p>
   </div>
   <div class='ocr_carea' id='block_1_20' title="bbox 445 2118 2020 2191">
    <p class='ocr_par' dir='ltr' id='par_1_20' title="bbox 445 2118 2020 2191">
     <span class='ocr_line' id='line_1_20' title="bbox 445 2118 2020 2191; baseline -0.001 -17"><span class='ocrx_word' id='word_1_142' title='bbox 445 2119 553 2174; x_wconf 91' lang='lat' dir='ltr'><strong>mel</strong></span> <span class='ocrx_word' id='word_1_143' title='bbox 583 2120 808 2184; x_wconf 90' lang='lat' dir='ltr'><strong>babuit,</strong></span> <span class='ocrx_word' id='word_1_144' title='bbox 842 2121 970 2191; x_wconf 86' lang='lat' dir='ltr'><strong>quia</strong></span> <span class='ocrx_word' id='word_1_145' title='bbox 1022 2129 1296 2191; x_wconf 88' lang='lat' dir='ltr'><strong>quatenus</strong></span> <span class='ocrx_word' id='word_1_146' title='bbox 1321 2120 1539 2190; x_wconf 82' lang='lat' dir='ltr'><strong>quidem</strong></span> <span class='ocrx_word' id='word_1_147' title='bbox 1571 2118 1810 2173; x_wconf 79' lang='lat' dir='ltr'><strong>suaviter</strong></span> <span class='ocrx_word' id='word_1_148' title='bbox 1857 2118 2020 2173; x_wconf 80' lang='lat' dir='ltr'><strong>allicit</strong></span> 
     </span>
    </p>
   </div>
   <div class='ocr_carea' id='block_1_21' title="bbox 444 2210 2020 2281">
    <p class='ocr_par' dir='ltr' id='par_1_21' title="bbox 444 2210 2020 2281">
     <span class='ocr_line' id='line_1_21' title="bbox 444 2210 2020 2281; baseline -0.003 -14"><span class='ocrx_word' id='word_1_149' title='bbox 444 2226 689 2277; x_wconf 85' lang='lat' dir='ltr'><strong>sensum,</strong></span> <span class='ocrx_word' id='word_1_150' title='bbox 705 2212 908 2267; x_wconf 89' lang='lat' dir='ltr'><strong>bonum</strong></span> <span class='ocrx_word' id='word_1_151' title='bbox 923 2228 1044 2268; x_wconf 87' lang='lat' dir='ltr'><strong>esse</strong></span> <span class='ocrx_word' id='word_1_152' title='bbox 1060 2213 1272 2268; x_wconf 90' lang='lat' dir='ltr'><strong>videtur</strong></span> <span class='ocrx_word' id='word_1_153' title='bbox 1287 2229 1301 2279; x_wconf 90' lang='lat'><strong>;</strong></span> <span class='ocrx_word' id='word_1_154' title='bbox 1317 2220 1370 2265; x_wconf 89' lang='lat' dir='ltr'><strong>at</strong></span> <span class='ocrx_word' id='word_1_155' title='bbox 1383 2219 1649 2281; x_wconf 83' lang='lat' dir='ltr'><strong>quatenus</strong></span> <span class='ocrx_word' id='word_1_156' title='bbox 1668 2210 1841 2279; x_wconf 86' lang='lat' dir='ltr'><strong>perdit</strong></span> <span class='ocrx_word' id='word_1_157' title='bbox 1857 2212 2020 2263; x_wconf 70' lang='lat' dir='ltr'><strong>axtin-</strong></span> 
     </span>
    </p>
   </div>
   <div class='ocr_carea' id='block_1_22' title="bbox 446 2302 1988 2377">
    <p class='ocr_par' dir='ltr' id='par_1_22' title="bbox 446 2302 1988 2377">
     <span class='ocr_line' id='line_1_22' title="bbox 446 2302 1988 2377; baseline -0.003 -17"><span class='ocrx_word' id='word_1_158' title='bbox 446 2316 659 2377; x_wconf 82' lang='lat' dir='ltr'><strong>gentem</strong></span> <span class='ocrx_word' id='word_1_159' title='bbox 685 2320 749 2360; x_wconf 85' lang='lat' dir='ltr'><strong>ac</strong></span> <span class='ocrx_word' id='word_1_160' title='bbox 769 2303 1060 2369; x_wconf 79' lang='lat' dir='ltr'><strong>fruentem,</strong></span> <span class='ocrx_word' id='word_1_161' title='bbox 1081 2318 1305 2375; x_wconf 85' lang='lat' dir='ltr'><strong>prorsus</strong></span> <span class='ocrx_word' id='word_1_162' title='bbox 1323 2314 1653 2372; x_wconf 66' lang='lat' dir='ltr'><strong>posuemum</strong></span> <span class='ocrx_word' id='word_1_163' title='bbox 1682 2303 1739 2356; x_wconf 89' lang='lat' dir='ltr'><strong>lit</strong></span> <span class='ocrx_word' id='word_1_164' title='bbox 1764 2302 1988 2357; x_wconf 88' lang='lat' dir='ltr'><strong>malum.</strong></span> 
     </span>
    </p>
   </div>
   <div class='ocr_carea' id='block_1_23' title="bbox 831 2390 1640 2449">
    <p class='ocr_par' dir='ltr' id='par_1_23' title="bbox 831 2390 1640 2449">
     <span class='ocr_line' id='line_1_23' title="bbox 831 2390 1640 2449; baseline -0.007 0"><span class='ocrx_word' id='word_1_165' title='bbox 831 2391 1351 2449; x_wconf 79' lang='lat' dir='ltr'><strong>INTERROGATIO</strong></span> <span class='ocrx_word' id='word_1_166' title='bbox 1405 2390 1640 2447; x_wconf 74' lang='lat' dir='ltr'><strong>CXXIII.</strong></span> 
     </span>
    </p>
   </div>
   <div class='ocr_carea' id='block_1_24' title="bbox 511 2490 2021 2561">
    <p class='ocr_par' dir='ltr' id='par_1_24' title="bbox 511 2490 2021 2561">
     <span class='ocr_line' id='line_1_24' title="bbox 511 2490 2021 2561; baseline -0.003 -11"><span class='ocrx_word' id='word_1_167' title='bbox 511 2492 824 2559; x_wconf 89' lang='lat' dir='ltr'><strong>Peccatum,</strong></span> <span class='ocrx_word' id='word_1_168' title='bbox 843 2492 1209 2549; x_wconf 84' lang='lat' dir='ltr'><strong>inobedientia</strong></span> <span class='ocrx_word' id='word_1_169' title='bbox 1235 2491 1522 2561; x_wconf 84' lang='lat' dir='ltr'><strong>omnisque</strong></span> <span class='ocrx_word' id='word_1_170' title='bbox 1546 2490 1818 2546; x_wconf 80' lang='lat' dir='ltr'><strong>vitiositas</strong></span> <span class='ocrx_word' id='word_1_171' title='bbox 1844 2490 2021 2545; x_wconf 77' lang='lat' dir='ltr'><strong>nomi-</strong></span> 
     </span>
    </p>
   </div>
   <div class='ocr_carea' id='block_1_25' title="bbox 443 2581 2022 2651">
    <p class='ocr_par' dir='ltr' id='par_1_25' title="bbox 443 2581 2022 2651">
     <span class='ocr_line' id='line_1_25' title="bbox 443 2581 2022 2651; baseline -0.004 -9"><span class='ocrx_word' id='word_1_172' title='bbox 443 2595 629 2642; x_wconf 79' lang='lat' dir='ltr'><strong>natur.</strong></span> <span class='ocrx_word' id='word_1_173' title='bbox 656 2584 797 2641; x_wconf 80' lang='lat' dir='ltr'><strong>Ante</strong></span> <span class='ocrx_word' id='word_1_174' title='bbox 828 2583 1097 2639; x_wconf 82' lang='lat' dir='ltr'><strong>Adamum</strong></span> <span class='ocrx_word' id='word_1_175' title='bbox 1142 2592 1322 2638; x_wconf 88' lang='lat' dir='ltr'><strong>autem</strong></span> <span class='ocrx_word' id='word_1_176' title='bbox 1365 2582 1552 2637; x_wconf 91' lang='lat' dir='ltr'><strong>nullus</strong></span> <span class='ocrx_word' id='word_1_177' title='bbox 1578 2581 1863 2636; x_wconf 87' lang='lat' dir='ltr'><strong>hominum</strong></span> <span class='ocrx_word' id='word_1_178' title='bbox 1894 2596 2022 2651; x_wconf 86' lang='lat' dir='ltr'><strong>pec-</strong></span> 
     </span>
    </p>
   </div>
   <div class='ocr_carea' id='block_1_26' title="bbox 444 2672 2021 2746">
    <p class='ocr_par' dir='ltr' id='par_1_26' title="bbox 444 2672 2021 2746">
     <span class='ocr_line' id='line_1_26' title="bbox 444 2672 2021 2746; baseline -0.005 -15"><span class='ocrx_word' id='word_1_179' title='bbox 444 2677 614 2740; x_wconf 85' lang='lat' dir='ltr'><strong>cavit;</strong></span> <span class='ocrx_word' id='word_1_180' title='bbox 652 2690 828 2746; x_wconf 86' lang='lat' dir='ltr'><strong>neque</strong></span> <span class='ocrx_word' id='word_1_181' title='bbox 861 2675 1006 2729; x_wconf 89' lang='lat' dir='ltr'><strong>enim</strong></span> <span class='ocrx_word' id='word_1_182' title='bbox 1058 2682 1195 2730; x_wconf 83' lang='lat' dir='ltr'><strong>erat.</strong></span> <span class='ocrx_word' id='word_1_183' title='bbox 1240 2673 1287 2727; x_wconf 83' lang='lat' dir='ltr'><strong>A</strong></span> <span class='ocrx_word' id='word_1_184' title='bbox 1334 2688 1571 2744; x_wconf 88' lang='lat' dir='ltr'><strong>quonam</strong></span> <span class='ocrx_word' id='word_1_185' title='bbox 1612 2672 1777 2742; x_wconf 78' lang='lat' dir='ltr'><strong>igitur</strong></span> <span class='ocrx_word' id='word_1_186' title='bbox 1827 2686 2021 2742; x_wconf 82' lang='lat' dir='ltr'><strong>perpe-</strong></span> 
     </span>
    </p>
   </div>
   <div class='ocr_carea' id='block_1_27' title="bbox 445 2765 2021 2837">
    <p class='ocr_par' dir='ltr' id='par_1_27' title="bbox 445 2765 2021 2837">
     <span class='ocr_line' id='line_1_27' title="bbox 445 2765 2021 2837; baseline -0.002 -15"><span class='ocrx_word' id='word_1_187' title='bbox 445 2775 649 2822; x_wconf 83' lang='lat' dir='ltr'><strong>tratum</strong></span> <span class='ocrx_word' id='word_1_188' title='bbox 699 2768 897 2837; x_wconf 86' lang='lat' dir='ltr'><strong>prius,</strong></span> <span class='ocrx_word' id='word_1_189' title='bbox 930 2776 1046 2821; x_wconf 87' lang='lat' dir='ltr'><strong>erat</strong></span> <span class='ocrx_word' id='word_1_190' title='bbox 1102 2775 1407 2831; x_wconf 85' lang='lat' dir='ltr'><strong>mortuum,</strong></span> <span class='ocrx_word' id='word_1_191' title='bbox 1456 2774 1505 2819; x_wconf 88' lang='lat' dir='ltr'><strong>et</strong></span> <span class='ocrx_word' id='word_1_192' title='bbox 1561 2766 1747 2818; x_wconf 75' lang='lat' dir='ltr'><strong>revixit</strong></span> <span class='ocrx_word' id='word_1_193' title='bbox 1793 2765 2021 2819; x_wconf 83' lang='lat' dir='ltr'><strong>veniente</strong></span> 
     </span>
    </p>
   </div>
   <div class='ocr_carea' id='block_1_28' title="bbox 446 2856 2023 2913">
    <p class='ocr_par' dir='ltr' id='par_1_28' title="bbox 446 2856 2023 2913">
     <span class='ocr_line' id='line_1_28' title="bbox 446 2856 2023 2913; baseline -0.001 -1"><span class='ocrx_word' id='word_1_194' title='bbox 446 2858 701 2912; x_wconf 81' lang='lat' dir='ltr'><strong>mandato</strong></span> <span class='ocrx_word' id='word_1_195' title='bbox 735 2858 817 2911; x_wconf 80' lang='lat'><strong>”?</strong></span> <span class='ocrx_word' id='word_1_196' title='bbox 848 2872 973 2911; x_wconf 90' lang='lat' dir='ltr'><strong>nam</strong></span> <span class='ocrx_word' id='word_1_197' title='bbox 1004 2857 1237 2913; x_wconf 91' lang='lat' dir='ltr'><strong>duorum</strong></span> <span class='ocrx_word' id='word_1_198' title='bbox 1273 2857 1489 2910; x_wconf 86' lang='lat' dir='ltr'><strong>illorum</strong></span> <span class='ocrx_word' id='word_1_199' title='bbox 1527 2856 1894 2911; x_wconf 90' lang='lat' dir='ltr'><strong>necessarium</strong></span> <span class='ocrx_word' id='word_1_200' title='bbox 1917 2856 2023 2911; x_wconf 87' lang='lat' dir='ltr'><strong>erit</strong></span> 
     </span>
    </p>
   </div>
   <div class='ocr_carea' id='block_1_29' title="bbox 447 2949 2019 3022">
    <p class='ocr_par' dir='ltr' id='par_1_29' title="bbox 447 2949 2019 3022">
     <span class='ocr_line' id='line_1_29' title="bbox 447 2949 2019 3022; baseline -0.004 -15"><span class='ocrx_word' id='word_1_201' title='bbox 447 2965 711 3022; x_wconf 69' lang='lat' dir='ltr'><strong>sequatur</strong></span> <span class='ocrx_word' id='word_1_202' title='bbox 746 2950 1015 3015; x_wconf 87' lang='lat' dir='ltr'><strong>alterum;</strong></span> <span class='ocrx_word' id='word_1_203' title='bbox 1053 2958 1147 3004; x_wconf 88' lang='lat' dir='ltr'><strong>aut</strong></span> <span class='ocrx_word' id='word_1_204' title='bbox 1184 2958 1423 3003; x_wconf 86' lang='lat' dir='ltr'><strong>statuere</strong></span> <span class='ocrx_word' id='word_1_205' title='bbox 1452 2958 1503 3005; x_wconf 95' lang='lat' dir='ltr'><strong>te</strong></span> <span class='ocrx_word' id='word_1_206' title='bbox 1538 2949 1741 3020; x_wconf 85' lang='lat' dir='ltr'><strong>peccati</strong></span> <span class='ocrx_word' id='word_1_207' title='bbox 1766 2956 2019 3003; x_wconf 88' lang='lat' dir='ltr'><strong>naturam</strong></span> 
     </span>
    </p>
   </div>
   <div class='ocr_carea' id='block_1_30' title="bbox 447 3040 2023 3115">
    <p class='ocr_par' dir='ltr' id='par_1_30' title="bbox 447 3040 2023 3115">
     <span class='ocr_line' id='line_1_30' title="bbox 447 3040 2023 3115; baseline -0.001 -18"><span class='ocrx_word' id='word_1_208' title='bbox 447 3042 739 3115; x_wconf 81' lang='lat' dir='ltr'><strong>quamdam</strong></span> <span class='ocrx_word' id='word_1_209' title='bbox 783 3058 941 3107; x_wconf 90' lang='lat' dir='ltr'><strong>esse;</strong></span> <span class='ocrx_word' id='word_1_210' title='bbox 988 3050 1084 3097; x_wconf 88' lang='lat' dir='ltr'><strong>aut</strong></span> <span class='ocrx_word' id='word_1_211' title='bbox 1116 3051 1488 3114; x_wconf 81' lang='lat' dir='ltr'><strong>perpetratum</strong></span> <span class='ocrx_word' id='word_1_212' title='bbox 1522 3044 1713 3114; x_wconf 80' lang='lat' dir='ltr'><strong>ipsum</strong></span> <span class='ocrx_word' id='word_1_213' title='bbox 1748 3040 1917 3098; x_wconf 84' lang='lat' dir='ltr'><strong>fuisse</strong></span> <span class='ocrx_word' id='word_1_214' title='bbox 1954 3041 2023 3096; x_wconf 89' lang='lat' dir='ltr'><strong>ab</strong></span> 
     </span>
    </p>
   </div>
   <div class='ocr_carea' id='block_1_31' title="bbox 447 3135 1104 3207">
    <p class='ocr_par' dir='ltr' id='par_1_31' title="bbox 447 3135 1104 3207">
     <span class='ocr_line' id='line_1_31' title="bbox 447 3135 1104 3207; baseline -0.002 -16"><span class='ocrx_word' id='word_1_215' title='bbox 447 3135 631 3207; x_wconf 88' lang='lat' dir='ltr'><strong>aliquo</strong></span> <span class='ocrx_word' id='word_1_216' title='bbox 655 3143 781 3191; x_wconf 89' lang='lat' dir='ltr'><strong>ante</strong></span> <span class='ocrx_word' id='word_1_217' title='bbox 812 3135 1104 3191; x_wconf 82' lang='lat' dir='ltr'><strong>Adamum.</strong></span> 
     </span>
    </p>
   </div>
   <div class='ocr_carea' id='block_1_32' title="bbox 1057 3220 1370 3290">
    <p class='ocr_par' dir='ltr' id='par_1_32' title="bbox 1057 3220 1370 3290">
     <span class='ocr_line' id='line_1_32' title="bbox 1057 3220 1370 3290; baseline 0 -15"><span class='ocrx_word' id='word_1_218' title='bbox 1057 3220 1370 3290; x_wconf 77' lang='lat' dir='ltr'><strong>Responsio.</strong></span> 
     </span>
    </p>
   </div>
   <div class='ocr_carea' id='block_1_33' title="bbox 515 3303 2019 3376">
    <p class='ocr_par' dir='ltr' id='par_1_33' title="bbox 515 3303 2019 3376">
     <span class='ocr_line' id='line_1_33' title="bbox 515 3303 2019 3376; baseline -0.001 -18"><span class='ocrx_word' id='word_1_219' title='bbox 515 3305 700 3376; x_wconf 77' lang='lat' dir='ltr'><strong>Apage</strong></span> <span class='ocrx_word' id='word_1_220' title='bbox 726 3319 852 3359; x_wconf 92' lang='lat' dir='ltr'><strong>cum</strong></span> <span class='ocrx_word' id='word_1_221' title='bbox 881 3303 1120 3359; x_wconf 87' lang='lat' dir='ltr'><strong>dictione</strong></span> <span class='ocrx_word' id='word_1_222' title='bbox 1160 3314 1371 3359; x_wconf 65' lang='lat' dir='ltr'><strong>natura!</strong></span> <span class='ocrx_word' id='word_1_223' title='bbox 1401 3304 1693 3359; x_wconf 81' lang='lat' dir='ltr'><strong>malorum.</strong></span> <span class='ocrx_word' id='word_1_224' title='bbox 1733 3304 2019 3358; x_wconf 90' lang='lat' dir='ltr'><strong>Peccatum</strong></span> 
     </span>
    </p>
   </div>
   <div class='ocr_carea' id='block_1_34' title="bbox 445 3396 2023 3455">
    <p class='ocr_par' dir='ltr' id='par_1_34' title="bbox 445 3396 2023 3455">
     <span class='ocr_line' id='line_1_34' title="bbox 445 3396 2023 3455; baseline -0.003 -2"><span class='ocrx_word' id='word_1_225' title='bbox 445 3398 582 3453; x_wconf 88' lang='lat' dir='ltr'><strong>mihi</strong></span> <span class='ocrx_word' id='word_1_226' title='bbox 642 3399 856 3454; x_wconf 88' lang='lat' dir='ltr'><strong>videtur</strong></span> <span class='ocrx_word' id='word_1_227' title='bbox 891 3413 1014 3455; x_wconf 89' lang='lat' dir='ltr'><strong>esse</strong></span> <span class='ocrx_word' id='word_1_228' title='bbox 1062 3398 1242 3453; x_wconf 88' lang='lat' dir='ltr'><strong>omnis</strong></span> <span class='ocrx_word' id='word_1_229' title='bbox 1289 3398 1554 3452; x_wconf 86' lang='lat' dir='ltr'><strong>adversus</strong></span> <span class='ocrx_word' id='word_1_230' title='bbox 1585 3397 1840 3451; x_wconf 80' lang='lat' dir='ltr'><strong>virtutem</strong></span> <span class='ocrx_word' id='word_1_231' title='bbox 1883 3396 2023 3449; x_wconf 83' lang='lat' dir='ltr'><strong>resi-</strong></span> 
     </span>
    </p>
   </div>
   <div class='ocr_carea' id='block_1_35' title="bbox 449 3487 2025 3561">
    <p class='ocr_par' dir='ltr' id='par_1_35' title="bbox 449 3487 2025 3561">
     <span class='ocr_line' id='line_1_35' title="bbox 449 3487 2025 3561; baseline -0.003 -14"><span class='ocrx_word' id='word_1_232' title='bbox 449 3491 626 3547; x_wconf 92' lang='lat' dir='ltr'><strong>stendi</strong></span> <span class='ocrx_word' id='word_1_233' title='bbox 655 3501 884 3547; x_wconf 87' lang='lat' dir='ltr'><strong>conatus</strong></span> <span class='ocrx_word' id='word_1_234' title='bbox 932 3501 986 3545; x_wconf 82' lang='lat' dir='ltr'><strong>et</strong></span> <span class='ocrx_word' id='word_1_235' title='bbox 1014 3490 1391 3561; x_wconf 70' lang='lat' dir='ltr'><strong>repugnantia.</strong></span> <span class='ocrx_word' id='word_1_236' title='bbox 1435 3487 1490 3542; x_wconf 93' lang='lat' dir='ltr'><strong>Id</strong></span> <span class='ocrx_word' id='word_1_237' title='bbox 1520 3498 1701 3543; x_wconf 91' lang='lat' dir='ltr'><strong>autem</strong></span> <span class='ocrx_word' id='word_1_238' title='bbox 1752 3489 1876 3543; x_wconf 91' lang='lat' dir='ltr'><strong>dico</strong></span> <span class='ocrx_word' id='word_1_239' title='bbox 1909 3488 2025 3542; x_wconf 85' lang='lat' dir='ltr'><strong>dia-</strong></span> 
     </span>
    </p>
   </div>
   <div class='ocr_carea' id='block_1_36' title="bbox 449 3578 2023 3647">
    <p class='ocr_par' dir='ltr' id='par_1_36' title="bbox 449 3578 2023 3647">
     <span class='ocr_line' id='line_1_36' title="bbox 449 3578 2023 3647; baseline -0.004 -10"><span class='ocrx_word' id='word_1_240' title='bbox 449 3583 632 3637; x_wconf 87' lang='lat' dir='ltr'><strong>bolum</strong></span> <span class='ocrx_word' id='word_1_241' title='bbox 661 3596 802 3647; x_wconf 86' lang='lat' dir='ltr'><strong>essc,</strong></span> <span class='ocrx_word' id='word_1_242' title='bbox 834 3596 941 3635; x_wconf 90' lang='lat' dir='ltr'><strong>non</strong></span> <span class='ocrx_word' id='word_1_243' title='bbox 983 3590 1196 3643; x_wconf 89' lang='lat' dir='ltr'><strong>natura,</strong></span> <span class='ocrx_word' id='word_1_244' title='bbox 1232 3579 1325 3636; x_wconf 88' lang='lat' dir='ltr'><strong>sed</strong></span> <span class='ocrx_word' id='word_1_245' title='bbox 1350 3579 1634 3633; x_wconf 87' lang='lat' dir='ltr'><strong>voluntate</strong></span> <span class='ocrx_word' id='word_1_246' title='bbox 1668 3578 1733 3631; x_wconf 85' lang='lat' dir='ltr'><strong>ad</strong></span> <span class='ocrx_word' id='word_1_247' title='bbox 1784 3578 2023 3633; x_wconf 80' lang='lat' dir='ltr'><strong>deterius</strong></span> 
     </span>
    </p>
   </div>
   <div class='ocr_carea' id='block_1_37' title="bbox 446 3669 2022 3742">
    <p class='ocr_par' dir='ltr' id='par_1_37' title="bbox 446 3669 2022 3742">
     <span class='ocr_line' id='line_1_37' title="bbox 446 3669 2022 3742; baseline -0.004 -11"><span class='ocrx_word' id='word_1_248' title='bbox 446 3689 794 3731; x_wconf 85' lang='lat' dir='ltr'><strong>conversum.</strong></span> <span class='ocrx_word' id='word_1_249' title='bbox 839 3673 971 3727; x_wconf 77' lang='lat' dir='ltr'><strong>Nam</strong></span> <span class='ocrx_word' id='word_1_250' title='bbox 1025 3673 1093 3727; x_wconf 91' lang='lat' dir='ltr'><strong>ab</strong></span> <span class='ocrx_word' id='word_1_251' title='bbox 1144 3687 1210 3728; x_wconf 93' lang='lat' dir='ltr'><strong>eo</strong></span> <span class='ocrx_word' id='word_1_252' title='bbox 1264 3670 1412 3742; x_wconf 90' lang='lat' dir='ltr'><strong>quod</strong></span> <span class='ocrx_word' id='word_1_253' title='bbox 1465 3669 1833 3725; x_wconf 86' lang='lat' dir='ltr'><strong>calumniatur</strong></span> <span class='ocrx_word' id='word_1_254' title='bbox 1879 3670 2022 3740; x_wconf 73' lang='lat' dir='ltr'><strong>apud</strong></span> 
     </span>
    </p>
   </div>
   <div class='ocr_carea' id='block_1_38' title="bbox 448 3762 2024 3837">
    <p class='ocr_par' dir='ltr' id='par_1_38' title="bbox 448 3762 2024 3837">
     <span class='ocr_line' id='line_1_38' title="bbox 448 3762 2024 3837; baseline -0.004 -14"><span class='ocrx_word' id='word_1_255' title='bbox 448 3767 619 3823; x_wconf 84' lang='lat' dir='ltr'><strong>Deum</strong></span> <span class='ocrx_word' id='word_1_256' title='bbox 685 3767 999 3837; x_wconf 86' lang='lat' dir='ltr'><strong>angelorum</strong></span> <span class='ocrx_word' id='word_1_257' title='bbox 1065 3766 1262 3822; x_wconf 84' lang='lat' dir='ltr'><strong>choros</strong></span> <span class='ocrx_word' id='word_1_258' title='bbox 1294 3803 1308 3827; x_wconf 92' lang='lat'><strong>,</strong></span> <span class='ocrx_word' id='word_1_259' title='bbox 1384 3762 1729 3818; x_wconf 88' lang='lat' dir='ltr'><strong>convenienti</strong></span> <span class='ocrx_word' id='word_1_260' title='bbox 1802 3763 2024 3817; x_wconf 86' lang='lat' dir='ltr'><strong>nomine</strong></span> 
     </span>
    </p>
   </div>
   <div class='ocr_carea' id='block_1_39' title="bbox 448 3855 2022 3924">
    <p class='ocr_par' dir='ltr' id='par_1_39' title="bbox 448 3855 2022 3924">
     <span class='ocr_line' id='line_1_39' title="bbox 448 3855 2022 3924; baseline -0.004 -10"><span class='ocrx_word' id='word_1_261' title='bbox 448 3868 678 3917; x_wconf 88' lang='lat' dir='ltr'><strong>vocatus</strong></span> <span class='ocrx_word' id='word_1_262' title='bbox 740 3869 825 3914; x_wconf 87' lang='lat' dir='ltr'><strong>est</strong></span> <span class='ocrx_word' id='word_1_263' title='bbox 879 3859 1169 3924; x_wconf 86' lang='lat' dir='ltr'><strong>diabolus,</strong></span> <span class='ocrx_word' id='word_1_264' title='bbox 1218 3870 1344 3911; x_wconf 89' lang='lat' dir='ltr'><strong>eum</strong></span> <span class='ocrx_word' id='word_1_265' title='bbox 1384 3855 1537 3924; x_wconf 90' lang='lat' dir='ltr'><strong>prius</strong></span> <span class='ocrx_word' id='word_1_266' title='bbox 1587 3862 1734 3910; x_wconf 87' lang='lat' dir='ltr'><strong>esset</strong></span> <span class='ocrx_word' id='word_1_267' title='bbox 1797 3855 2022 3924; x_wconf 79' lang='lat' dir='ltr'><strong>angelus</strong></span> 
     </span>
    </p>
   </div>
   <div class='ocr_carea' id='block_1_40' title="bbox 446 3947 2025 4025">
    <p class='ocr_par' dir='ltr' id='par_1_40' title="bbox 446 3947 2025 4025">
     <span class='ocr_line' id='line_1_40' title="bbox 446 3947 2025 4025; baseline -0.006 -16"><span class='ocrx_word' id='word_1_268' title='bbox 446 3956 722 4025; x_wconf 89' lang='lat' dir='ltr'><strong>princeps.</strong></span> <span class='ocrx_word' id='word_1_269' title='bbox 758 3952 836 4007; x_wconf 78' lang='lat' dir='ltr'><strong>Ex</strong></span> <span class='ocrx_word' id='word_1_270' title='bbox 872 3951 1311 4007; x_wconf 87' lang='lat' dir='ltr'><strong>ultramumlanis</strong></span> <span class='ocrx_word' id='word_1_271' title='bbox 1342 3956 1521 4004; x_wconf 90' lang='lat' dir='ltr'><strong>autem</strong></span> <span class='ocrx_word' id='word_1_272' title='bbox 1557 3948 1692 4003; x_wconf 90' lang='lat' dir='ltr'><strong>locis</strong></span> <span class='ocrx_word' id='word_1_273' title='bbox 1718 3947 2025 4017; x_wconf 64' lang='lat' dir='ltr'><strong>praecipita-</strong></span> 
     </span>
    </p>
   </div>
   <div class='ocr_carea' id='block_1_41' title="bbox 450 4038 2023 4115">
    <p class='ocr_par' dir='ltr' id='par_1_41' title="bbox 450 4038 2023 4115">
     <span class='ocr_line' id='line_1_41' title="bbox 450 4038 2023 4115; baseline -0.005 -14"><span class='ocrx_word' id='word_1_274' title='bbox 450 4054 541 4101; x_wconf 88' lang='lat' dir='ltr'><strong>tus</strong></span> <span class='ocrx_word' id='word_1_275' title='bbox 561 4087 575 4105; x_wconf 87' lang='lat'><strong>.</strong></span> <span class='ocrx_word' id='word_1_276' title='bbox 611 4063 671 4101; x_wconf 88' lang='lat' dir='ltr'><strong>re</strong></span> <span class='ocrx_word' id='word_1_277' title='bbox 704 4046 819 4115; x_wconf 89' lang='lat' dir='ltr'><strong>ipsa</strong></span> <span class='ocrx_word' id='word_1_278' title='bbox 838 4044 929 4099; x_wconf 89' lang='lat' dir='ltr'><strong>Dei</strong></span> <span class='ocrx_word' id='word_1_279' title='bbox 960 4043 1065 4099; x_wconf 84' lang='lat' dir='ltr'><strong>fuit</strong></span> <span class='ocrx_word' id='word_1_280' title='bbox 1092 4043 1376 4104; x_wconf 86' lang='lat' dir='ltr'><strong>inimicus,</strong></span> <span class='ocrx_word' id='word_1_281' title='bbox 1404 4039 1646 4094; x_wconf 90' lang='lat' dir='ltr'><strong>nondum</strong></span> <span class='ocrx_word' id='word_1_282' title='bbox 1675 4040 1854 4094; x_wconf 91' lang='lat' dir='ltr'><strong>adhuc</strong></span> <span class='ocrx_word' id='word_1_283' title='bbox 1881 4038 2023 4095; x_wconf 87' lang='lat' dir='ltr'><strong>facto</strong></span> 
     </span>
    </p>
   </div>
   <div class='ocr_carea' id='block_1_42' title="bbox 450 4134 2020 4209">
    <p class='ocr_par' dir='ltr' id='par_1_42' title="bbox 450 4134 2020 4209">
     <span class='ocr_line' id='line_1_42' title="bbox 450 4134 2020 4209; baseline -0.005 -15"><span class='ocrx_word' id='word_1_284' title='bbox 450 4141 554 4194; x_wconf 85' lang='lat' dir='ltr'><strong>hoc</strong></span> <span class='ocrx_word' id='word_1_285' title='bbox 574 4137 890 4209; x_wconf 87' lang='lat' dir='ltr'><strong>aspectabili</strong></span> <span class='ocrx_word' id='word_1_286' title='bbox 914 4136 1137 4198; x_wconf 87' lang='lat' dir='ltr'><strong>mundo,</strong></span> <span class='ocrx_word' id='word_1_287' title='bbox 1155 4150 1391 4205; x_wconf 88' lang='lat' dir='ltr'><strong>cumque</strong></span> <span class='ocrx_word' id='word_1_288' title='bbox 1410 4134 1647 4189; x_wconf 91' lang='lat' dir='ltr'><strong>nondum</strong></span> <span class='ocrx_word' id='word_1_289' title='bbox 1673 4142 1817 4189; x_wconf 85' lang='lat' dir='ltr'><strong>esset</strong></span> <span class='ocrx_word' id='word_1_290' title='bbox 1835 4134 2020 4199; x_wconf 83' lang='lat' dir='ltr'><strong>homo,</strong></span> 
     </span>
    </p>
   </div>
   <div class='ocr_carea' id='block_1_43' title="bbox 451 4225 2020 4302">
    <p class='ocr_par' dir='ltr' id='par_1_43' title="bbox 451 4225 2020 4302">
     <span class='ocr_line' id='line_1_43' title="bbox 451 4225 2020 4302; baseline -0.005 -15"><span class='ocrx_word' id='word_1_291' title='bbox 451 4232 541 4302; x_wconf 89' lang='lat' dir='ltr'><strong>qui</strong></span> <span class='ocrx_word' id='word_1_292' title='bbox 582 4242 766 4302; x_wconf 82' lang='lat' dir='ltr'><strong>postea</strong></span> <span class='ocrx_word' id='word_1_293' title='bbox 798 4230 866 4286; x_wconf 90' lang='lat' dir='ltr'><strong>ab</strong></span> <span class='ocrx_word' id='word_1_294' title='bbox 912 4230 1030 4299; x_wconf 91' lang='lat' dir='ltr'><strong>ipso</strong></span> <span class='ocrx_word' id='word_1_295' title='bbox 1064 4227 1326 4284; x_wconf 87' lang='lat' dir='ltr'><strong>seductus</strong></span> <span class='ocrx_word' id='word_1_296' title='bbox 1354 4237 1459 4283; x_wconf 89' lang='lat' dir='ltr'><strong>cst.</strong></span> <span class='ocrx_word' id='word_1_297' title='bbox 1492 4225 1787 4295; x_wconf 81' lang='lat' dir='ltr'><strong>Postquam</strong></span> <span class='ocrx_word' id='word_1_298' title='bbox 1839 4234 2020 4280; x_wconf 89' lang='lat' dir='ltr'><strong>autem</strong></span> 
     </span>
    </p>
   </div>
   <div class='ocr_carea' id='block_1_44' title="bbox 453 4318 2026 4387">
    <p class='ocr_par' dir='ltr' id='par_1_44' title="bbox 453 4318 2026 4387">
     <span class='ocr_line' id='line_1_44' title="bbox 453 4318 2026 4387; baseline -0.008 -5"><span class='ocrx_word' id='word_1_299' title='bbox 453 4329 616 4382; x_wconf 84' lang='lat' dir='ltr'><strong>homo</strong></span> <span class='ocrx_word' id='word_1_300' title='bbox 654 4323 910 4380; x_wconf 85' lang='lat' dir='ltr'><strong>conditus</strong></span> <span class='ocrx_word' id='word_1_301' title='bbox 943 4329 1061 4387; x_wconf 91' lang='lat' dir='ltr'><strong>est,</strong></span> <span class='ocrx_word' id='word_1_302' title='bbox 1099 4336 1227 4375; x_wconf 81' lang='lat' dir='ltr'><strong>mox</strong></span> <span class='ocrx_word' id='word_1_303' title='bbox 1271 4321 1435 4375; x_wconf 89' lang='lat' dir='ltr'><strong>Deum</strong></span> <span class='ocrx_word' id='word_1_304' title='bbox 1469 4318 1614 4387; x_wconf 85' lang='lat' dir='ltr'><strong>apud</strong></span> <span class='ocrx_word' id='word_1_305' title='bbox 1641 4318 1909 4372; x_wconf 84' lang='lat' dir='ltr'><strong>Adamum</strong></span> <span class='ocrx_word' id='word_1_306' title='bbox 1934 4332 2026 4370; x_wconf 88' lang='lat' dir='ltr'><strong>ea-</strong></span> 
     </span>
    </p>
   </div>
   <div class='ocr_carea' id='block_1_45' title="bbox 450 4408 2019 4486">
    <p class='ocr_par' dir='ltr' id='par_1_45' title="bbox 450 4408 2019 4486">
     <span class='ocr_line' id='line_1_45' title="bbox 450 4408 2019 4486; baseline -0.01 -9"><span class='ocrx_word' id='word_1_307' title='bbox 450 4419 711 4477; x_wconf 89' lang='lat' dir='ltr'><strong>Iumniari</strong></span> <span class='ocrx_word' id='word_1_308' title='bbox 760 4416 962 4486; x_wconf 65' lang='lat' dir='ltr'><strong>coepit,</strong></span> <span class='ocrx_word' id='word_1_309' title='bbox 1003 4413 1219 4468; x_wconf 76' lang='lat' dir='ltr'><strong>invidiae</strong></span> <span class='ocrx_word' id='word_1_310' title='bbox 1274 4413 1481 4467; x_wconf 87' lang='lat' dir='ltr'><strong>crimen</strong></span> <span class='ocrx_word' id='word_1_311' title='bbox 1522 4409 1625 4479; x_wconf 91' lang='lat' dir='ltr'><strong>ipsi</strong></span> <span class='ocrx_word' id='word_1_312' title='bbox 1681 4408 2019 4478; x_wconf 85' lang='lat' dir='ltr'><strong>impingens;</strong></span> 
     </span>
    </p>
   </div>
   <div class='ocr_carea' id='block_1_46' title="bbox 450 4501 2016 4583">
    <p class='ocr_par' dir='ltr' id='par_1_46' title="bbox 450 4501 2016 4583">
     <span class='ocr_line' id='line_1_46' title="bbox 450 4501 2016 4583; baseline -0.011 -14"><span class='ocrx_word' id='word_1_313' title='bbox 450 4515 767 4583; x_wconf 82' lang='lat' dir='ltr'><strong>Adamoque</strong></span> <span class='ocrx_word' id='word_1_314' title='bbox 794 4510 1022 4576; x_wconf 86' lang='lat' dir='ltr'><strong>relicto,</strong></span> <span class='ocrx_word' id='word_1_315' title='bbox 1055 4508 1289 4578; x_wconf 88' lang='lat' dir='ltr'><strong>primum</strong></span> <span class='ocrx_word' id='word_1_316' title='bbox 1338 4517 1597 4573; x_wconf 87' lang='lat' dir='ltr'><strong>tanquam</strong></span> <span class='ocrx_word' id='word_1_317' title='bbox 1640 4501 2016 4565; x_wconf 76' lang='lat' dir='ltr'><strong>infirmiorem,</strong></span> 
     </span>
    </p>
   </div>
   <div class='ocr_carea' id='block_1_47' title="bbox 451 4591 2024 4676">
    <p class='ocr_par' dir='ltr' id='par_1_47' title="bbox 451 4591 2024 4676">
     <span class='ocr_line' id='line_1_47' title="bbox 451 4591 2024 4676; baseline -0.012 -13"><span class='ocrx_word' id='word_1_318' title='bbox 451 4607 619 4663; x_wconf 84' lang='lat' dir='ltr'><strong>Evam</strong></span> <span class='ocrx_word' id='word_1_319' title='bbox 656 4604 968 4676; x_wconf 84' lang='lat' dir='ltr'><strong>aggreditur</strong></span> <span class='ocrx_word' id='word_1_320' title='bbox 992 4644 1006 4668; x_wconf 93' lang='lat'><strong>,</strong></span> <span class='ocrx_word' id='word_1_321' title='bbox 1038 4610 1093 4657; x_wconf 87' lang='lat' dir='ltr'><strong>et</strong></span> <span class='ocrx_word' id='word_1_322' title='bbox 1143 4599 1355 4669; x_wconf 87' lang='lat' dir='ltr'><strong>inquit:</strong></span> <span class='ocrx_word' id='word_1_323' title='bbox 1391 4596 1533 4663; x_wconf 84' lang='lat' dir='ltr'><strong>Quid</strong></span> <span class='ocrx_word' id='word_1_324' title='bbox 1575 4602 1651 4648; x_wconf 87' lang='lat' dir='ltr'><strong>est</strong></span> <span class='ocrx_word' id='word_1_325' title='bbox 1698 4591 1837 4664; x_wconf 75' lang='lat' dir='ltr'><strong>quod</strong></span> <span class='ocrx_word' id='word_1_326' title='bbox 1887 4592 2024 4645; x_wconf 74' lang='lat' dir='ltr'><strong>dixit</strong></span> 
     </span>
    </p>
   </div>
   <div class='ocr_carea' id='block_1_48' title="bbox 452 4681 2023 4756">
    <p class='ocr_par' dir='ltr' id='par_1_48' title="bbox 452 4681 2023 4756">
     <span class='ocr_line' id='line_1_48' title="bbox 452 4681 2023 4756; baseline -0.009 -5"><span class='ocrx_word' id='word_1_327' title='bbox 452 4698 626 4752; x_wconf 87' lang='lat' dir='ltr'><strong>Deus:</strong></span> <span class='ocrx_word' id='word_1_328' title='bbox 668 4693 753 4748; x_wconf 90' lang='lat' dir='ltr'><strong>Ne</strong></span> <span class='ocrx_word' id='word_1_329' title='bbox 774 4692 1104 4747; x_wconf 85' lang='lat' dir='ltr'><strong>comederitis</strong></span> <span class='ocrx_word' id='word_1_330' title='bbox 1129 4689 1190 4744; x_wconf 87' lang='lat' dir='ltr'><strong>de</strong></span> <span class='ocrx_word' id='word_1_331' title='bbox 1211 4688 1354 4741; x_wconf 83' lang='lat' dir='ltr'><strong>omni</strong></span> <span class='ocrx_word' id='word_1_332' title='bbox 1385 4687 1525 4756; x_wconf 83' lang='lat' dir='ltr'><strong>ligno</strong></span> <span class='ocrx_word' id='word_1_333' title='bbox 1547 4683 1789 4752; x_wconf 83' lang='lat' dir='ltr'><strong>paradisi</strong></span> <span class='ocrx_word' id='word_1_334' title='bbox 1811 4683 1897 4737; x_wconf 66' lang='grc' dir='ltr'><strong>ὀἳ</strong></span> <span class='ocrx_word' id='word_1_335' title='bbox 1933 4681 2023 4739; x_wconf 88' lang='lat' dir='ltr'><strong>Si-</strong></span> 
     </span>
    </p>
   </div>
   <div class='ocr_carea' id='block_1_49' title="bbox 452 4776 2025 4854">
    <p class='ocr_par' dir='ltr' id='par_1_49' title="bbox 452 4776 2025 4854">
     <span class='ocr_line' id='line_1_49' title="bbox 452 4776 2025 4854; baseline -0.01 -10"><span class='ocrx_word' id='word_1_336' title='bbox 452 4789 691 4844; x_wconf 87' lang='lat' dir='ltr'><strong>mulatas</strong></span> <span class='ocrx_word' id='word_1_337' title='bbox 730 4786 887 4842; x_wconf 81' lang='lat' dir='ltr'><strong>affert</strong></span> <span class='ocrx_word' id='word_1_338' title='bbox 940 4783 1271 4854; x_wconf 67' lang='lat' dir='ltr'><strong>quaestiones</strong></span> <span class='ocrx_word' id='word_1_339' title='bbox 1320 4779 1411 4834; x_wconf 88' lang='lat' dir='ltr'><strong>ille</strong></span> <span class='ocrx_word' id='word_1_340' title='bbox 1449 4776 1673 4848; x_wconf 78' lang='lat' dir='ltr'><strong>pestifer</strong></span> <span class='ocrx_word' id='word_1_341' title='bbox 1701 4820 1716 4841; x_wconf 86' lang='lat'><strong>,</strong></span> <span class='ocrx_word' id='word_1_342' title='bbox 1752 4784 1811 4830; x_wconf 92' lang='lat' dir='ltr'><strong>ut</strong></span> <span class='ocrx_word' id='word_1_343' title='bbox 1860 4792 1925 4831; x_wconf 82' lang='lat' dir='ltr'><strong>ex</strong></span> <span class='ocrx_word' id='word_1_344' title='bbox 1961 4790 2025 4830; x_wconf 84' lang='lat' dir='ltr'><strong>ea</strong></span> 
     </span>
    </p>
   </div>
   <div class='ocr_carea' id='block_1_50' title="bbox 451 4868 2029 4952">
    <p class='ocr_par' dir='ltr' id='par_1_50' title="bbox 451 4868 2029 4952">
     <span class='ocr_line' id='line_1_50' title="bbox 451 4868 2029 4952; baseline -0.01 -15"><span class='ocrx_word' id='word_1_345' title='bbox 451 4884 708 4944; x_wconf 87' lang='lat' dir='ltr'><strong>disceret,</strong></span> <span class='ocrx_word' id='word_1_346' title='bbox 741 4880 922 4952; x_wconf 88' lang='lat' dir='ltr'><strong>qualis</strong></span> <span class='ocrx_word' id='word_1_347' title='bbox 966 4891 1028 4933; x_wconf 88' lang='lat' dir='ltr'><strong>ea</strong></span> <span class='ocrx_word' id='word_1_348' title='bbox 1055 4875 1193 4929; x_wconf 91' lang='lat' dir='ltr'><strong>foret</strong></span> <span class='ocrx_word' id='word_1_349' title='bbox 1235 4872 1419 4937; x_wconf 88' lang='lat' dir='ltr'><strong>arbor,</strong></span> <span class='ocrx_word' id='word_1_350' title='bbox 1453 4871 1612 4940; x_wconf 86' lang='lat' dir='ltr'><strong>cujus</strong></span> <span class='ocrx_word' id='word_1_351' title='bbox 1643 4869 1822 4924; x_wconf 90' lang='lat' dir='ltr'><strong>cibum</strong></span> <span class='ocrx_word' id='word_1_352' title='bbox 1850 4868 2029 4938; x_wconf 86' lang='lat' dir='ltr'><strong>prohi-</strong></span> 
     </span>
    </p>
   </div>
   <div class='ocr_carea' id='block_1_51' title="bbox 452 4962 2019 5034">
    <p class='ocr_par' dir='ltr' id='par_1_51' title="bbox 452 4962 2019 5034">
     <span class='ocr_line' id='line_1_51' title="bbox 452 4962 2019 5034; baseline -0.01 -5"><span class='ocrx_word' id='word_1_353' title='bbox 452 4974 660 5028; x_wconf 89' lang='lat' dir='ltr'><strong>buisset</strong></span> <span class='ocrx_word' id='word_1_354' title='bbox 693 4971 978 5025; x_wconf 91' lang='lat' dir='ltr'><strong>Dominus.</strong></span> <span class='ocrx_word' id='word_1_355' title='bbox 1022 4965 1208 5034; x_wconf 84' lang='lat' dir='ltr'><strong>Neque</strong></span> <span class='ocrx_word' id='word_1_356' title='bbox 1240 4964 1382 5020; x_wconf 90' lang='lat' dir='ltr'><strong>enim</strong></span> <span class='ocrx_word' id='word_1_357' title='bbox 1419 4962 1653 5027; x_wconf 88' lang='lat' dir='ltr'><strong>sciebat,</strong></span> <span class='ocrx_word' id='word_1_358' title='bbox 1694 4962 1760 5017; x_wconf 89' lang='lat' dir='ltr'><strong>de</strong></span> <span class='ocrx_word' id='word_1_359' title='bbox 1782 4976 2019 5032; x_wconf 89' lang='lat' dir='ltr'><strong>quanam</strong></span> 
     </span>
    </p>
   </div>
   <div class='ocr_carea' id='block_1_52' title="bbox 455 5054 2022 5131">
    <p class='ocr_par' dir='ltr' id='par_1_52' title="bbox 455 5054 2022 5131">
     <span class='ocr_line' id='line_1_52' title="bbox 455 5054 2022 5131; baseline -0.009 -11"><span class='ocrx_word' id='word_1_360' title='bbox 455 5068 737 5131; x_wconf 87' lang='lat' dir='ltr'><strong>arborum,</strong></span> <span class='ocrx_word' id='word_1_361' title='bbox 773 5078 839 5117; x_wconf 92' lang='lat' dir='ltr'><strong>ae</strong></span> <span class='ocrx_word' id='word_1_362' title='bbox 869 5061 1027 5129; x_wconf 78' lang='lat' dir='ltr'><strong>cujus</strong></span> <span class='ocrx_word' id='word_1_363' title='bbox 1060 5059 1230 5129; x_wconf 85' lang='lat' dir='ltr'><strong>gratia</strong></span> <span class='ocrx_word' id='word_1_364' title='bbox 1279 5066 1607 5127; x_wconf 61' lang='lat' dir='ltr'><strong>praeceptum</strong></span> <span class='ocrx_word' id='word_1_365' title='bbox 1636 5054 1822 5109; x_wconf 85' lang='lat' dir='ltr'><strong>datum</strong></span> <span class='ocrx_word' id='word_1_366' title='bbox 1857 5060 2022 5108; x_wconf 90' lang='lat' dir='ltr'><strong>esset.</strong></span> 
     </span>
    </p>
   </div>
   <div class='ocr_carea' id='block_1_53' title="bbox 455 5144 2028 5224">
    <p class='ocr_par' dir='ltr' id='par_1_53' title="bbox 455 5144 2028 5224">
     <span class='ocr_line' id='line_1_53' title="bbox 455 5144 2028 5224; baseline -0.009 -12"><span class='ocrx_word' id='word_1_367' title='bbox 455 5158 553 5212; x_wconf 85' lang='lat' dir='ltr'><strong>Illa</strong></span> <span class='ocrx_word' id='word_1_368' title='bbox 586 5169 717 5211; x_wconf 86' lang='lat' dir='ltr'><strong>vero</strong></span> <span class='ocrx_word' id='word_1_369' title='bbox 741 5151 1146 5224; x_wconf 85' lang='lat' dir='ltr'><strong>simplicissima</strong></span> <span class='ocrx_word' id='word_1_370' title='bbox 1166 5192 1181 5216; x_wconf 92' lang='lat'><strong>,</strong></span> <span class='ocrx_word' id='word_1_371' title='bbox 1212 5157 1268 5204; x_wconf 91' lang='lat' dir='ltr'><strong>et</strong></span> <span class='ocrx_word' id='word_1_372' title='bbox 1293 5148 1525 5203; x_wconf 88' lang='lat' dir='ltr'><strong>antehae</strong></span> <span class='ocrx_word' id='word_1_373' title='bbox 1566 5160 1759 5200; x_wconf 83' lang='lat' dir='ltr'><strong>natura</strong></span> <span class='ocrx_word' id='word_1_374' title='bbox 1804 5144 2028 5198; x_wconf 89' lang='lat' dir='ltr'><strong>minime</strong></span> 
     </span>
    </p>
   </div>
   <div class='ocr_carea' id='block_1_54' title="bbox 453 5237 2028 5309">
    <p class='ocr_par' dir='ltr' id='par_1_54' title="bbox 453 5237 2028 5309">
     <span class='ocr_line' id='line_1_54' title="bbox 453 5237 2028 5309; baseline -0.01 -6"><span class='ocrx_word' id='word_1_375' title='bbox 453 5250 540 5305; x_wconf 84' lang='lat' dir='ltr'><strong>vel</strong></span> <span class='ocrx_word' id='word_1_376' title='bbox 567 5248 757 5302; x_wconf 87' lang='lat' dir='ltr'><strong>vitiata</strong></span> <span class='ocrx_word' id='word_1_377' title='bbox 794 5245 880 5299; x_wconf 86' lang='lat' dir='ltr'><strong>vel</strong></span> <span class='ocrx_word' id='word_1_378' title='bbox 940 5243 1237 5298; x_wconf 87' lang='lat' dir='ltr'><strong>adulterata</strong></span> <span class='ocrx_word' id='word_1_379' title='bbox 1270 5280 1284 5305; x_wconf 90' lang='lat'><strong>,</strong></span> <span class='ocrx_word' id='word_1_380' title='bbox 1318 5240 1579 5309; x_wconf 89' lang='lat' dir='ltr'><strong>quidnam</strong></span> <span class='ocrx_word' id='word_1_381' title='bbox 1634 5237 1726 5291; x_wconf 86' lang='lat' dir='ltr'><strong>ille</strong></span> <span class='ocrx_word' id='word_1_382' title='bbox 1758 5243 2028 5305; x_wconf 87' lang='lat' dir='ltr'><strong>spectaret</strong></span> 
     </span>
    </p>
   </div>
   <div class='ocr_carea' id='block_1_55' title="bbox 454 5326 2025 5415">
    <p class='ocr_par' dir='ltr' id='par_1_55' title="bbox 454 5326 2025 5415">
     <span class='ocr_line' id='line_1_55' title="bbox 454 5326 2025 5415; baseline -0.011 -18"><span class='ocrx_word' id='word_1_383' title='bbox 454 5342 736 5415; x_wconf 86' lang='lat' dir='ltr'><strong>ignorans.</strong></span> <span class='ocrx_word' id='word_1_384' title='bbox 769 5337 978 5394; x_wconf 88' lang='lat' dir='ltr'><strong>letalem</strong></span> <span class='ocrx_word' id='word_1_385' title='bbox 1024 5336 1126 5392; x_wconf 90' lang='lat' dir='ltr'><strong>sibi</strong></span> <span class='ocrx_word' id='word_1_386' title='bbox 1159 5336 1369 5406; x_wconf 86' lang='lat' dir='ltr'><strong>plagam</strong></span> <span class='ocrx_word' id='word_1_387' title='bbox 1404 5331 1606 5395; x_wconf 89' lang='lat' dir='ltr'><strong>infert;</strong></span> <span class='ocrx_word' id='word_1_388' title='bbox 1637 5327 1815 5397; x_wconf 91' lang='lat' dir='ltr'><strong>inquit</strong></span> <span class='ocrx_word' id='word_1_389' title='bbox 1843 5326 2025 5381; x_wconf 90' lang='lat' dir='ltr'><strong>enim:</strong></span> 
     </span>
    </p>
   </div>
   <div class='ocr_carea' id='block_1_56' title="bbox 455 5417 2028 5500">
    <p class='ocr_par' dir='ltr' id='par_1_56' title="bbox 455 5417 2028 5500">
     <span class='ocr_line' id='line_1_56' title="bbox 455 5417 2028 5500; baseline -0.011 -13"><span class='ocrx_word' id='word_1_390' title='bbox 455 5433 535 5489; x_wconf 86' lang='lat' dir='ltr'><strong>De</strong></span> <span class='ocrx_word' id='word_1_391' title='bbox 572 5430 741 5485; x_wconf 85' lang='lat' dir='ltr'><strong>omnis</strong></span> <span class='ocrx_word' id='word_1_392' title='bbox 771 5429 979 5500; x_wconf 85' lang='lat' dir='ltr'><strong>quidem</strong></span> <span class='ocrx_word' id='word_1_393' title='bbox 1012 5427 1141 5497; x_wconf 85' lang='lat' dir='ltr'><strong>ligni</strong></span> <span class='ocrx_word' id='word_1_394' title='bbox 1188 5427 1244 5479; x_wconf 87' lang='lat' dir='ltr'><strong>in</strong></span> <span class='ocrx_word' id='word_1_395' title='bbox 1281 5422 1535 5495; x_wconf 86' lang='lat' dir='ltr'><strong>paradiso</strong></span> <span class='ocrx_word' id='word_1_396' title='bbox 1569 5422 1745 5490; x_wconf 78' lang='lat' dir='ltr'><strong>fructu</strong></span> <span class='ocrx_word' id='word_1_397' title='bbox 1796 5417 2028 5471; x_wconf 84' lang='lat' dir='ltr'><strong>comedi-</strong></span> 
     </span>
    </p>
   </div>
   <div class='ocr_carea' id='block_1_57' title="bbox 457 5511 2030 5596">
    <p class='ocr_par' dir='ltr' id='par_1_57' title="bbox 457 5511 2030 5596">
     <span class='ocr_line' id='line_1_57' title="bbox 457 5511 2030 5596; baseline -0.012 -14"><span class='ocrx_word' id='word_1_398' title='bbox 457 5544 598 5596; x_wconf 87' lang='lat' dir='ltr'><strong>mus,</strong></span> <span class='ocrx_word' id='word_1_399' title='bbox 628 5526 693 5580; x_wconf 84' lang='lat' dir='ltr'><strong>de</strong></span> <span class='ocrx_word' id='word_1_400' title='bbox 724 5524 866 5594; x_wconf 88' lang='lat' dir='ltr'><strong>ligno</strong></span> <span class='ocrx_word' id='word_1_401' title='bbox 899 5533 1076 5577; x_wconf 84' lang='lat' dir='ltr'><strong>autem</strong></span> <span class='ocrx_word' id='word_1_402' title='bbox 1103 5522 1157 5574; x_wconf 87' lang='lat' dir='ltr'><strong>in</strong></span> <span class='ocrx_word' id='word_1_403' title='bbox 1188 5519 1360 5573; x_wconf 87' lang='lat' dir='ltr'><strong>medio</strong></span> <span class='ocrx_word' id='word_1_404' title='bbox 1400 5513 1638 5586; x_wconf 82' lang='lat' dir='ltr'><strong>paradisi</strong></span> <span class='ocrx_word' id='word_1_405' title='bbox 1661 5529 1764 5567; x_wconf 85' lang='lat' dir='ltr'><strong>non</strong></span> <span class='ocrx_word' id='word_1_406' title='bbox 1798 5511 2030 5566; x_wconf 86' lang='lat' dir='ltr'><strong>comedi-</strong></span> 
     </span>
    </p>
   </div>
   <div class='ocr_carea' id='block_1_58' title="bbox 458 5604 2028 5674">
    <p class='ocr_par' dir='ltr' id='par_1_58' title="bbox 458 5604 2028 5674">
     <span class='ocr_line' id='line_1_58' title="bbox 458 5604 2028 5674; baseline -0.01 -2"><span class='ocrx_word' id='word_1_407' title='bbox 458 5636 574 5674; x_wconf 88' lang='lat' dir='ltr'><strong>mus</strong></span> <span class='ocrx_word' id='word_1_408' title='bbox 606 5618 675 5674; x_wconf 79' lang='lat'><strong>&quot;.</strong></span> <span class='ocrx_word' id='word_1_409' title='bbox 702 5616 842 5671; x_wconf 87' lang='lat' dir='ltr'><strong>Tum</strong></span> <span class='ocrx_word' id='word_1_410' title='bbox 891 5617 980 5673; x_wconf 88' lang='lat' dir='ltr'><strong>ille</strong></span> <span class='ocrx_word' id='word_1_411' title='bbox 1009 5614 1181 5670; x_wconf 88' lang='lat' dir='ltr'><strong>Deum</strong></span> <span class='ocrx_word' id='word_1_412' title='bbox 1209 5612 1489 5672; x_wconf 89' lang='lat' dir='ltr'><strong>incusans,</strong></span> <span class='ocrx_word' id='word_1_413' title='bbox 1530 5610 1638 5663; x_wconf 90' lang='lat' dir='ltr'><strong>ait:</strong></span> <span class='ocrx_word' id='word_1_414' title='bbox 1673 5604 1835 5661; x_wconf 84' lang='lat' dir='ltr'><strong>Novit</strong></span> <span class='ocrx_word' id='word_1_415' title='bbox 1866 5604 2028 5667; x_wconf 85' lang='lat' dir='ltr'><strong>Deus,</strong></span> 
     </span>
    </p>
   </div>
   <div class='ocr_carea' id='block_1_59' title="bbox 1505 345 2609 408">
    <p class='ocr_par' dir='ltr' id='par_1_59' title="bbox 1505 345 2609 408">
     <span class='ocr_line' id='line_1_59' title="bbox 1505 345 2609 408; baseline 0.004 -6"><span class='ocrx_word' id='word_1_416' title='bbox 1505 345 1563 402; x_wconf 90' lang='lat' dir='ltr'><strong>S.</strong></span> <span class='ocrx_word' id='word_1_417' title='bbox 1604 346 1904 404; x_wconf 68' lang='lat' dir='ltr'><strong>CESARII</strong></span> <span class='ocrx_word' id='word_1_418' title='bbox 1937 348 2268 408; x_wconf 70' lang='lat' dir='ltr'><strong>GREGOBII</strong></span> <span class='ocrx_word' id='word_1_419' title='bbox 2307 349 2609 406; x_wconf 77' lang='lat' dir='ltr'><strong>FRATRIS</strong></span> 
     </span>
    </p>
   </div>
   <div class='ocr_carea' id='block_1_60' title="bbox 3550 356 3693 413">
    <p class='ocr_par' dir='ltr' id='par_1_60' title="bbox 3550 356 3693 413">
     <span class='ocr_line' id='line_1_60' title="bbox 3550 356 3693 413; baseline 0 0"><span class='ocrx_word' id='word_1_420' title='bbox 3550 356 3693 413; x_wconf 71' lang='grc'><strong>1016</strong></span> 
     </span>
    </p>
   </div>
   <div class='ocr_carea' id='block_1_61' title="bbox 2117 466 3689 545">
    <p class='ocr_par' dir='ltr' id='par_1_61' title="bbox 2117 466 3689 545">
     <span class='ocr_line' id='line_1_61' title="bbox 2117 466 3689 545; baseline 0.004 -21"><span class='ocrx_word' id='word_1_421' title='bbox 2117 469 2210 524; x_wconf 85' lang='grc' dir='ltr'><strong>τοῦ</strong></span> <span class='ocrx_word' id='word_1_422' title='bbox 2232 487 2293 524; x_wconf 89' lang='grc' dir='ltr'><strong>τε</strong></span> <span class='ocrx_word' id='word_1_423' title='bbox 2324 470 2475 533; x_wconf 79' lang='grc' dir='ltr'>δντος</span> <span class='ocrx_word' id='word_1_424' title='bbox 2505 471 2600 525; x_wconf 75' lang='grc' dir='ltr'>καὶ</span> <span class='ocrx_word' id='word_1_425' title='bbox 2624 466 2717 523; x_wconf 91' lang='grc' dir='ltr'><strong>τοῦ</strong></span> <span class='ocrx_word' id='word_1_426' title='bbox 2754 468 3037 533; x_wconf 78' lang='grc' dir='ltr'><strong>δοκοῦντος</strong></span> <span class='ocrx_word' id='word_1_427' title='bbox 3075 468 3262 525; x_wconf 87' lang='grc' dir='ltr'>καλοῦ.</span> <span class='ocrx_word' id='word_1_428' title='bbox 3290 470 3491 528; x_wconf 75' lang='grc' dir='ltr'>Τούτου</span> <span class='ocrx_word' id='word_1_429' title='bbox 3519 473 3689 545; x_wconf 82' lang='grc' dir='ltr'>χάριν</span> 
     </span>
    </p>
   </div>
   <div class='ocr_carea' id='block_1_62' title="bbox 2118 557 3692 633">
    <p class='ocr_par' dir='ltr' id='par_1_62' title="bbox 2118 557 3692 633">
     <span class='ocr_line' id='line_1_62' title="bbox 2118 557 3692 633; baseline 0.001 -19"><span class='ocrx_word' id='word_1_430' title='bbox 2118 561 2152 632; x_wconf 83' lang='grc' dir='ltr'><strong>ἡ</strong></span> <span class='ocrx_word' id='word_1_431' title='bbox 2182 560 2316 633; x_wconf 89' lang='grc' dir='ltr'>πρὸς</span> <span class='ocrx_word' id='word_1_432' title='bbox 2334 560 2395 613; x_wconf 88' lang='grc' dir='ltr'><strong>τὸ</strong></span> <span class='ocrx_word' id='word_1_433' title='bbox 2416 559 2583 614; x_wconf 87' lang='grc' dir='ltr'>κακὸν</span> <span class='ocrx_word' id='word_1_434' title='bbox 2605 558 2680 622; x_wconf 84' lang='grc' dir='ltr'>ὡς</span> <span class='ocrx_word' id='word_1_435' title='bbox 2708 558 2841 629; x_wconf 84' lang='grc' dir='ltr'>πρὸς</span> <span class='ocrx_word' id='word_1_436' title='bbox 2878 557 2937 611; x_wconf 91' lang='grc' dir='ltr'><strong>τὸ</strong></span> <span class='ocrx_word' id='word_1_437' title='bbox 2974 557 3174 627; x_wconf 81' lang='grc' dir='ltr'>ἀγαθὸν</span> <span class='ocrx_word' id='word_1_438' title='bbox 3209 560 3466 632; x_wconf 78' lang='grc' dir='ltr'>γινομένη</span> <span class='ocrx_word' id='word_1_439' title='bbox 3499 560 3692 616; x_wconf 76' lang='grc' dir='ltr'>ἐπιθυ-</span> 
     </span>
    </p>
   </div>
   <div class='ocr_carea' id='block_1_63' title="bbox 2120 648 3693 719">
    <p class='ocr_par' dir='ltr' id='par_1_63' title="bbox 2120 648 3693 719">
     <span class='ocr_line' id='line_1_63' title="bbox 2120 648 3693 719; baseline 0.003 -17"><span class='ocrx_word' id='word_1_440' title='bbox 2120 648 2239 719; x_wconf 88' lang='grc' dir='ltr'>μία,</span> <span class='ocrx_word' id='word_1_441' title='bbox 2271 649 2436 703; x_wconf 84' lang='grc' dir='ltr'>καλοῦ</span> <span class='ocrx_word' id='word_1_442' title='bbox 2464 649 2557 703; x_wconf 76' lang='grc' dir='ltr'><strong>καὶ</strong></span> <span class='ocrx_word' id='word_1_443' title='bbox 2589 648 2758 703; x_wconf 88' lang='grc' dir='ltr'>κακοῦ</span> <span class='ocrx_word' id='word_1_444' title='bbox 2804 648 3003 718; x_wconf 86' lang='grc' dir='ltr'>γνῶσις</span> <span class='ocrx_word' id='word_1_445' title='bbox 3034 648 3323 719; x_wconf 78' lang='grc' dir='ltr'><strong>ὠνομάσθη</strong></span> <span class='ocrx_word' id='word_1_446' title='bbox 3344 691 3358 715; x_wconf 93' lang='grc'><strong>,</strong></span> <span class='ocrx_word' id='word_1_447' title='bbox 3396 649 3521 704; x_wconf 75' lang='grc' dir='ltr'>οὔτε</span> <span class='ocrx_word' id='word_1_448' title='bbox 3548 652 3693 709; x_wconf 76' lang='grc' dir='ltr'>άπὸ-</span> 
     </span>
    </p>
   </div>
   <div class='ocr_carea' id='block_1_64' title="bbox 2116 737 3693 811">
    <p class='ocr_par' dir='ltr' id='par_1_64' title="bbox 2116 737 3693 811">
     <span class='ocr_line' id='line_1_64' title="bbox 2116 737 3693 811; baseline 0.004 -21"><span class='ocrx_word' id='word_1_449' title='bbox 2116 737 2289 801; x_wconf 85' lang='grc' dir='ltr'>λύτως</span> <span class='ocrx_word' id='word_1_450' title='bbox 2316 739 2507 802; x_wconf 86' lang='grc' dir='ltr'>κακὸν,</span> <span class='ocrx_word' id='word_1_451' title='bbox 2540 738 2672 792; x_wconf 84' lang='grc' dir='ltr'>διότι</span> <span class='ocrx_word' id='word_1_452' title='bbox 2703 738 3081 811; x_wconf 56' lang='grc' dir='ltr'>πριήνθισται</span> <span class='ocrx_word' id='word_1_453' title='bbox 3113 738 3191 809; x_wconf 83' lang='grc' dir='ltr'>τῷ</span> <span class='ocrx_word' id='word_1_454' title='bbox 3223 739 3391 810; x_wconf 83' lang='grc' dir='ltr'>καλῷ,</span> <span class='ocrx_word' id='word_1_455' title='bbox 3423 740 3546 793; x_wconf 82' lang='grc' dir='ltr'>οῦτε</span> <span class='ocrx_word' id='word_1_456' title='bbox 3590 759 3693 796; x_wconf 87' lang='grc' dir='ltr'>κα-</span> 
     </span>
    </p>
   </div>
   <div class='ocr_carea' id='block_1_65' title="bbox 2117 829 3690 907">
    <p class='ocr_par' dir='ltr' id='par_1_65' title="bbox 2117 829 3690 907">
     <span class='ocr_line' id='line_1_65' title="bbox 2117 829 3690 907; baseline 0.003 -24"><span class='ocrx_word' id='word_1_457' title='bbox 2117 829 2298 901; x_wconf 84' lang='grc' dir='ltr'>θαρῶς</span> <span class='ocrx_word' id='word_1_458' title='bbox 2328 830 2551 900; x_wconf 85' lang='grc' dir='ltr'>ἀγαθὸν,</span> <span class='ocrx_word' id='word_1_459' title='bbox 2577 830 2709 885; x_wconf 87' lang='grc' dir='ltr'>διότι</span> <span class='ocrx_word' id='word_1_460' title='bbox 2738 830 3148 902; x_wconf 79' lang='grc' dir='ltr'><strong>ὑποκέκρυπται</strong></span> <span class='ocrx_word' id='word_1_461' title='bbox 3173 832 3234 885; x_wconf 93' lang='grc' dir='ltr'><strong>τὸ</strong></span> <span class='ocrx_word' id='word_1_462' title='bbox 3271 832 3457 886; x_wconf 86' lang='grc' dir='ltr'>κακόν.</span> <span class='ocrx_word' id='word_1_463' title='bbox 3475 832 3551 886; x_wconf 89' lang='grc' dir='ltr'><strong>Τὸ</strong></span> <span class='ocrx_word' id='word_1_464' title='bbox 3574 834 3690 907; x_wconf 82' lang='grc' dir='ltr'><strong>γάρ</strong></span> 
     </span>
    </p>
   </div>
   <div class='ocr_carea' id='block_1_66' title="bbox 2114 923 3688 992">
    <p class='ocr_par' dir='ltr' id='par_1_66' title="bbox 2114 923 3688 992">
     <span class='ocr_line' id='line_1_66' title="bbox 2114 923 3688 992; baseline 0.003 -16"><span class='ocrx_word' id='word_1_465' title='bbox 2114 923 2283 987; x_wconf 74' lang='grc' dir='ltr'>ὅντως</span> <span class='ocrx_word' id='word_1_466' title='bbox 2315 923 2517 992; x_wconf 86' lang='grc' dir='ltr'>ἀγαθὸν</span> <span class='ocrx_word' id='word_1_467' title='bbox 2537 966 2552 990; x_wconf 87' lang='grc'><strong>,</strong></span> <span class='ocrx_word' id='word_1_468' title='bbox 2593 924 2795 978; x_wconf 82' lang='grc' dir='ltr'>ἁπλοῦν</span> <span class='ocrx_word' id='word_1_469' title='bbox 2829 926 2943 978; x_wconf 72' lang='grc' dir='ltr'>ἐστι</span> <span class='ocrx_word' id='word_1_470' title='bbox 2965 964 2978 989; x_wconf 94' lang='grc'><strong>,</strong></span> <span class='ocrx_word' id='word_1_471' title='bbox 3009 925 3070 977; x_wconf 91' lang='grc' dir='ltr'><strong>τὸ</strong></span> <span class='ocrx_word' id='word_1_472' title='bbox 3099 924 3155 978; x_wconf 80' lang='grc' dir='ltr'>δὲ</span> <span class='ocrx_word' id='word_1_473' title='bbox 3187 925 3381 989; x_wconf 81' lang='grc' dir='ltr'>κακὸν,</span> <span class='ocrx_word' id='word_1_474' title='bbox 3418 926 3688 992; x_wconf 77' lang='grc' dir='ltr'><strong>ποικίλον,</strong></span> 
     </span>
    </p>
   </div>
   <div class='ocr_carea' id='block_1_67' title="bbox 2116 1013 3693 1088">
    <p class='ocr_par' dir='ltr' id='par_1_67' title="bbox 2116 1013 3693 1088">
     <span class='ocr_line' id='line_1_67' title="bbox 2116 1013 3693 1088; baseline 0.003 -22"><span class='ocrx_word' id='word_1_475' title='bbox 2116 1013 2243 1067; x_wconf 79' lang='grc' dir='ltr'>ἄλλο</span> <span class='ocrx_word' id='word_1_476' title='bbox 2271 1014 2622 1086; x_wconf 77' lang='grc' dir='ltr'>νομιζόμενον</span> <span class='ocrx_word' id='word_1_477' title='bbox 2644 1056 2659 1081; x_wconf 97' lang='grc'><strong>,</strong></span> <span class='ocrx_word' id='word_1_478' title='bbox 2704 1017 2797 1068; x_wconf 80' lang='grc' dir='ltr'><strong>καὶ</strong></span> <span class='ocrx_word' id='word_1_479' title='bbox 2828 1015 3015 1086; x_wconf 77' lang='grc' dir='ltr'>ἕτερον</span> <span class='ocrx_word' id='word_1_480' title='bbox 3047 1015 3136 1069; x_wconf 79' lang='grc' dir='ltr'>διὰ</span> <span class='ocrx_word' id='word_1_481' title='bbox 3186 1016 3285 1087; x_wconf 86' lang='grc' dir='ltr'><strong>τῆς</strong></span> <span class='ocrx_word' id='word_1_482' title='bbox 3334 1017 3528 1088; x_wconf 84' lang='grc' dir='ltr'>πείρας</span> <span class='ocrx_word' id='word_1_483' title='bbox 3562 1019 3693 1071; x_wconf 87' lang='grc' dir='ltr'>άνα-</span> 
     </span>
    </p>
   </div>
   <div class='ocr_carea' id='block_1_68' title="bbox 2117 1106 3697 1179">
    <p class='ocr_par' dir='ltr' id='par_1_68' title="bbox 2117 1106 3697 1179">
     <span class='ocr_line' id='line_1_68' title="bbox 2117 1106 3697 1179; baseline 0.003 -21"><span class='ocrx_word' id='word_1_484' title='bbox 2117 1106 2461 1176; x_wconf 73' lang='grc' dir='ltr'><strong>φαινόμενον.</strong></span> <span class='ocrx_word' id='word_1_485' title='bbox 2492 1106 2593 1160; x_wconf 82' lang='grc' dir='ltr'>Διά</span> <span class='ocrx_word' id='word_1_486' title='bbox 2625 1106 2781 1160; x_wconf 87' lang='grc' dir='ltr'>τοῦτο</span> <span class='ocrx_word' id='word_1_487' title='bbox 2813 1108 3187 1179; x_wconf 74' lang='grc' dir='ltr'>προδείκνυσιν</span> <span class='ocrx_word' id='word_1_488' title='bbox 3227 1110 3257 1161; x_wconf 90' lang='grc' dir='ltr'>ὀ</span> <span class='ocrx_word' id='word_1_489' title='bbox 3300 1107 3422 1178; x_wconf 74' lang='grc' dir='ltr'>ὄφις</span> <span class='ocrx_word' id='word_1_490' title='bbox 3458 1110 3551 1161; x_wconf 91' lang='grc' dir='ltr'><strong>τὸν</strong></span> <span class='ocrx_word' id='word_1_491' title='bbox 3596 1126 3697 1163; x_wconf 85' lang='grc' dir='ltr'>πο-</span> 
     </span>
    </p>
   </div>
   <div class='ocr_carea' id='block_1_69' title="bbox 2114 1194 3696 1271">
    <p class='ocr_par' dir='ltr' id='par_1_69' title="bbox 2114 1194 3696 1271">
     <span class='ocr_line' id='line_1_69' title="bbox 2114 1194 3696 1271; baseline 0 -16"><span class='ocrx_word' id='word_1_492' title='bbox 2114 1197 2277 1270; x_wconf 76' lang='grc' dir='ltr'>νηρὸν</span> <span class='ocrx_word' id='word_1_493' title='bbox 2297 1199 2395 1268; x_wconf 75' lang='grc' dir='ltr'>τῆς</span> <span class='ocrx_word' id='word_1_494' title='bbox 2434 1198 2704 1269; x_wconf 80' lang='grc' dir='ltr'>ἁμαρτίας</span> <span class='ocrx_word' id='word_1_495' title='bbox 2738 1198 2970 1271; x_wconf 84' lang='grc' dir='ltr'>καρπὸν,</span> <span class='ocrx_word' id='word_1_496' title='bbox 3004 1200 3106 1269; x_wconf 86' lang='grc' dir='ltr'><strong>οὐχ</strong></span> <span class='ocrx_word' id='word_1_497' title='bbox 3131 1200 3207 1264; x_wconf 87' lang='grc' dir='ltr'>ὡς</span> <span class='ocrx_word' id='word_1_498' title='bbox 3240 1194 3354 1270; x_wconf 85' lang='grc' dir='ltr'>εἶχε</span> <span class='ocrx_word' id='word_1_499' title='bbox 3386 1199 3600 1269; x_wconf 80' lang='grc' dir='ltr'>φύσεως</span> <span class='ocrx_word' id='word_1_500' title='bbox 3627 1201 3696 1255; x_wconf 86' lang='grc' dir='ltr'><strong>τὸ</strong></span> 
     </span>
    </p>
   </div>
   <div class='ocr_carea' id='block_1_70' title="bbox 2114 1289 3698 1362">
    <p class='ocr_par' dir='ltr' id='par_1_70' title="bbox 2114 1289 3698 1362">
     <span class='ocr_line' id='line_1_70' title="bbox 2114 1289 3698 1362; baseline 0.003 -20"><span class='ocrx_word' id='word_1_501' title='bbox 2114 1290 2282 1344; x_wconf 88' lang='grc' dir='ltr'>κακὸν</span> <span class='ocrx_word' id='word_1_502' title='bbox 2314 1291 2378 1343; x_wconf 79' lang='grc' dir='ltr'>ἐκ</span> <span class='ocrx_word' id='word_1_503' title='bbox 2408 1290 2499 1344; x_wconf 87' lang='grc' dir='ltr'><strong>τοῦ</strong></span> <span class='ocrx_word' id='word_1_504' title='bbox 2532 1289 2839 1362; x_wconf 77' lang='grc' dir='ltr'>προφανοῦς</span> <span class='ocrx_word' id='word_1_505' title='bbox 2864 1291 3145 1356; x_wconf 76' lang='grc' dir='ltr'>ὑποδείξας</span> <span class='ocrx_word' id='word_1_506' title='bbox 3165 1306 3179 1320; x_wconf 81' lang='lat'><strong><em>°</em></strong></span> <span class='ocrx_word' id='word_1_507' title='bbox 3222 1292 3282 1344; x_wconf 88' lang='grc' dir='ltr'><strong>οὑ</strong></span> <span class='ocrx_word' id='word_1_508' title='bbox 3311 1292 3419 1362; x_wconf 75' lang='grc' dir='ltr'><strong>γάρ</strong></span> <span class='ocrx_word' id='word_1_509' title='bbox 3455 1292 3520 1345; x_wconf 78' lang='grc' dir='ltr'>ἂν</span> <span class='ocrx_word' id='word_1_510' title='bbox 3545 1294 3698 1362; x_wconf 76' lang='grc' dir='ltr'>ἠπα-</span> 
     </span>
    </p>
   </div>
   <div class='ocr_carea' id='block_1_71' title="bbox 2115 1380 3693 1455">
    <p class='ocr_par' dir='ltr' id='par_1_71' title="bbox 2115 1380 3693 1455">
     <span class='ocr_line' id='line_1_71' title="bbox 2115 1380 3693 1455; baseline 0.004 -21"><span class='ocrx_word' id='word_1_511' title='bbox 2115 1381 2249 1453; x_wconf 82' lang='grc' dir='ltr'>τήθη</span> <span class='ocrx_word' id='word_1_512' title='bbox 2279 1382 2307 1434; x_wconf 83' lang='grc' dir='ltr'><strong>ὸ</strong></span> <span class='ocrx_word' id='word_1_513' title='bbox 2330 1380 2423 1435; x_wconf 83' lang='grc' dir='ltr'>ἄνθ</span> <span class='ocrx_word' id='word_1_514' title='bbox 2433 1399 2611 1454; x_wconf 83' lang='grc' dir='ltr'>ρωπος</span> <span class='ocrx_word' id='word_1_515' title='bbox 2640 1382 2718 1454; x_wconf 86' lang='grc' dir='ltr'>τῷ</span> <span class='ocrx_word' id='word_1_516' title='bbox 2750 1383 3000 1455; x_wconf 84' lang='grc' dir='ltr'>προδήλῳ</span> <span class='ocrx_word' id='word_1_517' title='bbox 3033 1384 3208 1451; x_wconf 83' lang='grc' dir='ltr'>κακῷ.</span> <span class='ocrx_word' id='word_1_518' title='bbox 3244 1386 3401 1438; x_wconf 81' lang='grc' dir='ltr'>Ἀλλά</span> <span class='ocrx_word' id='word_1_519' title='bbox 3431 1385 3520 1439; x_wconf 86' lang='grc' dir='ltr'><strong>διά</strong></span> <span class='ocrx_word' id='word_1_520' title='bbox 3544 1403 3693 1451; x_wconf 87' lang='grc' dir='ltr'>τινος</span> 
     </span>
    </p>
   </div>
   <div class='ocr_carea' id='block_1_72' title="bbox 2113 1475 3687 1550">
    <p class='ocr_par' dir='ltr' id='par_1_72' title="bbox 2113 1475 3687 1550">
     <span class='ocr_line' id='line_1_72' title="bbox 2113 1475 3687 1550; baseline 0.004 -24"><span class='ocrx_word' id='word_1_521' title='bbox 2113 1475 2262 1547; x_wconf 84' lang='grc' dir='ltr'>ὥρας</span> <span class='ocrx_word' id='word_1_522' title='bbox 2308 1476 2368 1529; x_wconf 90' lang='grc' dir='ltr'><strong>τὸ</strong></span> <span class='ocrx_word' id='word_1_523' title='bbox 2407 1476 2729 1547; x_wconf 81' lang='grc' dir='ltr'>φαινόμενον</span> <span class='ocrx_word' id='word_1_524' title='bbox 2765 1476 3064 1545; x_wconf 74' lang='grc' dir='ltr'>ἀγλαΐσας,</span> <span class='ocrx_word' id='word_1_525' title='bbox 3118 1475 3341 1540; x_wconf 84' lang='grc' dir='ltr'>πιθανὸς</span> <span class='ocrx_word' id='word_1_526' title='bbox 3394 1478 3563 1550; x_wconf 72' lang='grc' dir='ltr'>ἐφάνη</span> <span class='ocrx_word' id='word_1_527' title='bbox 3612 1481 3687 1549; x_wconf 81' lang='grc' dir='ltr'>τῇ</span> 
     </span>
    </p>
   </div>
   <div class='ocr_carea' id='block_1_73' title="bbox 2114 1564 3691 1639">
    <p class='ocr_par' dir='ltr' id='par_1_73' title="bbox 2114 1564 3691 1639">
     <span class='ocr_line' id='line_1_73' title="bbox 2114 1564 3691 1639; baseline 0.002 -19"><span class='ocrx_word' id='word_1_528' title='bbox 2114 1564 2352 1636; x_wconf 82' lang='grc' dir='ltr'>γυναικί.</span> <span class='ocrx_word' id='word_1_529' title='bbox 2372 1564 2632 1632; x_wconf 77' lang='grc' dir='ltr'>Καίεϊδε,</span> <span class='ocrx_word' id='word_1_530' title='bbox 2679 1568 2863 1639; x_wconf 75' lang='grc' dir='ltr'>φησὶν,</span> <span class='ocrx_word' id='word_1_531' title='bbox 2894 1569 2931 1637; x_wconf 73' lang='grc' dir='ltr'>ἡ</span> <span class='ocrx_word' id='word_1_532' title='bbox 2962 1567 3119 1637; x_wconf 79' lang='grc' dir='ltr'><strong>γυνὴ</strong></span> <span class='ocrx_word' id='word_1_533' title='bbox 3153 1569 3241 1622; x_wconf 84' lang='grc' dir='ltr'>ὅτι</span> <span class='ocrx_word' id='word_1_534' title='bbox 3267 1569 3457 1623; x_wconf 70' lang='grc' dir='ltr'>καλὸν</span> <span class='ocrx_word' id='word_1_535' title='bbox 3486 1569 3553 1622; x_wconf 81' lang='grc' dir='ltr'><strong>τὸ</strong></span> <span class='ocrx_word' id='word_1_536' title='bbox 3577 1570 3691 1633; x_wconf 78' lang='grc' dir='ltr'><strong>ξύ-</strong></span> 
     </span>
    </p>
   </div>
   <div class='ocr_carea' id='block_1_74' title="bbox 2113 1655 3690 1729">
    <p class='ocr_par' dir='ltr' id='par_1_74' title="bbox 2113 1655 3690 1729">
     <span class='ocr_line' id='line_1_74' title="bbox 2113 1655 3690 1729; baseline -0.001 -18"><span class='ocrx_word' id='word_1_537' title='bbox 2113 1662 2229 1711; x_wconf 76' lang='grc' dir='ltr'>λον</span> <span class='ocrx_word' id='word_1_538' title='bbox 2260 1660 2347 1724; x_wconf 84' lang='grc' dir='ltr'><strong>εις</strong></span> <span class='ocrx_word' id='word_1_539' title='bbox 2370 1656 2625 1725; x_wconf 78' lang='grc' dir='ltr'>βρῶσιν.</span> <span class='ocrx_word' id='word_1_540' title='bbox 2658 1657 2724 1712; x_wconf 81' lang='grc' dir='ltr'><strong>Εἰ</strong></span> <span class='ocrx_word' id='word_1_541' title='bbox 2754 1657 2810 1710; x_wconf 87' lang='grc' dir='ltr'>δὲ</span> <span class='ocrx_word' id='word_1_542' title='bbox 2843 1655 3043 1728; x_wconf 83' lang='grc' dir='ltr'>βρῶσις</span> <span class='ocrx_word' id='word_1_543' title='bbox 3076 1657 3256 1728; x_wconf 81' lang='grc' dir='ltr'>ἐκείνη</span> <span class='ocrx_word' id='word_1_544' title='bbox 3280 1697 3297 1724; x_wconf 95' lang='grc'><strong>,</strong></span> <span class='ocrx_word' id='word_1_545' title='bbox 3328 1656 3560 1711; x_wconf 82' lang='grc' dir='ltr'>θανάτου</span> <span class='ocrx_word' id='word_1_546' title='bbox 3591 1661 3690 1729; x_wconf 78' lang='grc' dir='ltr'><strong>μήο</strong></span> 
     </span>
    </p>
   </div>
   <div class='ocr_carea' id='block_1_75' title="bbox 2120 1748 3687 1822">
    <p class='ocr_par' dir='ltr' id='par_1_75' title="bbox 2120 1748 3687 1822">
     <span class='ocr_line' id='line_1_75' title="bbox 2120 1748 3687 1822; baseline 0.001 -21"><span class='ocrx_word' id='word_1_547' title='bbox 2120 1765 2226 1822; x_wconf 81' lang='grc' dir='ltr'><strong>τηρ</strong></span> <span class='ocrx_word' id='word_1_548' title='bbox 2252 1749 2497 1817; x_wconf 75' lang='grc' dir='ltr'>ἐγένετο·</span> <span class='ocrx_word' id='word_1_549' title='bbox 2527 1749 2667 1802; x_wconf 79' lang='grc' dir='ltr'>οὑτω</span> <span class='ocrx_word' id='word_1_550' title='bbox 2699 1749 2936 1821; x_wconf 67' lang='grc' dir='ltr'>γνωστὸν</span> <span class='ocrx_word' id='word_1_551' title='bbox 2967 1748 3133 1802; x_wconf 89' lang='grc' dir='ltr'>καλοῦ</span> <span class='ocrx_word' id='word_1_552' title='bbox 3178 1750 3272 1804; x_wconf 75' lang='grc' dir='ltr'><strong>καὶ</strong></span> <span class='ocrx_word' id='word_1_553' title='bbox 3316 1749 3488 1804; x_wconf 87' lang='grc' dir='ltr'>κακοῦ</span> <span class='ocrx_word' id='word_1_554' title='bbox 3515 1750 3577 1802; x_wconf 92' lang='grc' dir='ltr'><strong>τὸ</strong></span> <span class='ocrx_word' id='word_1_555' title='bbox 3608 1750 3687 1815; x_wconf 68' lang='lat' dir='ltr'><strong>EJ-</strong></span> 
     </span>
    </p>
   </div>
   <div class='ocr_carea' id='block_1_76' title="bbox 2119 1840 3687 1915">
    <p class='ocr_par' dir='ltr' id='par_1_76' title="bbox 2119 1840 3687 1915">
     <span class='ocr_line' id='line_1_76' title="bbox 2119 1840 3687 1915; baseline 0.002 -22"><span class='ocrx_word' id='word_1_556' title='bbox 2119 1840 2209 1894; x_wconf 86' lang='grc' dir='ltr'><strong>λον</strong></span> <span class='ocrx_word' id='word_1_557' title='bbox 2246 1840 2535 1913; x_wconf 81' lang='grc' dir='ltr'>ὠνομάσθη</span> <span class='ocrx_word' id='word_1_558' title='bbox 2561 1842 2738 1896; x_wconf 75' lang='grc' dir='ltr'>έκεῖνο</span> <span class='ocrx_word' id='word_1_559' title='bbox 2757 1884 2774 1908; x_wconf 89' lang='grc'><strong>,</strong></span> <span class='ocrx_word' id='word_1_560' title='bbox 2819 1842 2880 1894; x_wconf 94' lang='grc' dir='ltr'><strong>τὸ</strong></span> <span class='ocrx_word' id='word_1_561' title='bbox 2909 1841 3048 1896; x_wconf 71' lang='grc' dir='ltr'>κατὰ</span> <span class='ocrx_word' id='word_1_562' title='bbox 3078 1842 3176 1913; x_wconf 80' lang='grc' dir='ltr'><strong>τὴν</strong></span> <span class='ocrx_word' id='word_1_563' title='bbox 3208 1842 3315 1896; x_wconf 83' lang='grc' dir='ltr'><strong>τῶν</strong></span> <span class='ocrx_word' id='word_1_564' title='bbox 3343 1842 3687 1915; x_wconf 76' lang='grc' dir='ltr'><strong>δηλητηρίων</strong></span> 
     </span>
    </p>
   </div>
   <div class='ocr_carea' id='block_1_77' title="bbox 2120 1932 3694 2007">
    <p class='ocr_par' dir='ltr' id='par_1_77' title="bbox 2120 1932 3694 2007">
     <span class='ocr_line' id='line_1_77' title="bbox 2120 1932 3694 2007; baseline 0.003 -22"><span class='ocrx_word' id='word_1_565' title='bbox 2120 1932 2317 2003; x_wconf 86' lang='grc' dir='ltr'>κάκην,</span> <span class='ocrx_word' id='word_1_566' title='bbox 2368 1935 2467 2003; x_wconf 75' lang='grc' dir='ltr'><strong>τὴν</strong></span> <span class='ocrx_word' id='word_1_567' title='bbox 2501 1934 2943 2006; x_wconf 78' lang='grc' dir='ltr'>παραρτηθείσαν</span> <span class='ocrx_word' id='word_1_568' title='bbox 2988 1935 3065 2006; x_wconf 85' lang='grc' dir='ltr'>τῷ</span> <span class='ocrx_word' id='word_1_569' title='bbox 3094 1936 3299 2006; x_wconf 80' lang='grc' dir='ltr'>μέλιτι’</span> <span class='ocrx_word' id='word_1_570' title='bbox 3344 1936 3372 1990; x_wconf 84' lang='grc' dir='ltr'><strong>δ</strong></span> <span class='ocrx_word' id='word_1_571' title='bbox 3417 1936 3557 1989; x_wconf 88' lang='grc' dir='ltr'>καθὸ</span> <span class='ocrx_word' id='word_1_572' title='bbox 3592 1937 3694 2007; x_wconf 72' lang='grc' dir='ltr'>μὲν</span> 
     </span>
    </p>
   </div>
   <div class='ocr_carea' id='block_1_78' title="bbox 2119 2024 3700 2097">
    <p class='ocr_par' dir='ltr' id='par_1_78' title="bbox 2119 2024 3700 2097">
     <span class='ocr_line' id='line_1_78' title="bbox 2119 2024 3700 2097; baseline 0.005 -20"><span class='ocrx_word' id='word_1_573' title='bbox 2119 2024 2396 2093; x_wconf 86' lang='grc' dir='ltr'>γλυκαίνει</span> <span class='ocrx_word' id='word_1_574' title='bbox 2418 2027 2516 2097; x_wconf 80' lang='grc' dir='ltr'><strong>τὴν</strong></span> <span class='ocrx_word' id='word_1_575' title='bbox 2554 2027 2806 2097; x_wconf 78' lang='grc' dir='ltr'>αἴσθησιν</span> <span class='ocrx_word' id='word_1_576' title='bbox 2855 2027 3019 2083; x_wconf 88' lang='grc' dir='ltr'>καλὸν</span> <span class='ocrx_word' id='word_1_577' title='bbox 3051 2025 3190 2083; x_wconf 78' lang='grc' dir='ltr'>εἷναι</span> <span class='ocrx_word' id='word_1_578' title='bbox 3247 2029 3426 2093; x_wconf 87' lang='grc' dir='ltr'>δοκεῖ,</span> <span class='ocrx_word' id='word_1_579' title='bbox 3459 2030 3596 2083; x_wconf 85' lang='grc' dir='ltr'>καθὸ</span> <span class='ocrx_word' id='word_1_580' title='bbox 3636 2029 3700 2085; x_wconf 74' lang='grc' dir='ltr'>δὶ</span> 
     </span>
    </p>
   </div>
   <div class='ocr_carea' id='block_1_79' title="bbox 2122 2116 3700 2193">
    <p class='ocr_par' dir='ltr' id='par_1_79' title="bbox 2122 2116 3700 2193">
     <span class='ocr_line' id='line_1_79' title="bbox 2122 2116 3700 2193; baseline 0.006 -24"><span class='ocrx_word' id='word_1_581' title='bbox 2122 2116 2331 2190; x_wconf 82' lang='grc' dir='ltr'>φθείρει</span> <span class='ocrx_word' id='word_1_582' title='bbox 2364 2118 2454 2170; x_wconf 68' lang='grc' dir='ltr'><strong>τὸν</strong></span> <span class='ocrx_word' id='word_1_583' title='bbox 2488 2120 2903 2191; x_wconf 72' lang='grc' dir='ltr'>προσαψάμενον</span> <span class='ocrx_word' id='word_1_584' title='bbox 2931 2159 2947 2186; x_wconf 90' lang='grc'><strong>,</strong></span> <span class='ocrx_word' id='word_1_585' title='bbox 2991 2120 3160 2175; x_wconf 90' lang='grc' dir='ltr'>κακὸν</span> <span class='ocrx_word' id='word_1_586' title='bbox 3212 2122 3412 2186; x_wconf 87' lang='grc' dir='ltr'>παντὸς</span> <span class='ocrx_word' id='word_1_587' title='bbox 3462 2121 3700 2193; x_wconf 79' lang='grc' dir='ltr'>ἔσχατον</span> 
     </span>
    </p>
   </div>
   <div class='ocr_carea' id='block_1_80' title="bbox 2119 2210 2348 2277">
    <p class='ocr_par' dir='ltr' id='par_1_80' title="bbox 2119 2210 2348 2277">
     <span class='ocr_line' id='line_1_80' title="bbox 2119 2210 2348 2277; baseline 0.004 -15"><span class='ocrx_word' id='word_1_588' title='bbox 2119 2210 2348 2277; x_wconf 87' lang='grc' dir='ltr'>γίνεται.</span> 
     </span>
    </p>
   </div>
   <div class='ocr_carea' id='block_1_81' title="bbox 2672 2417 3375 2473">
    <p class='ocr_par' dir='ltr' id='par_1_81' title="bbox 2672 2417 3375 2473">
     <span class='ocr_line' id='line_1_81' title="bbox 2672 2417 3375 2473; baseline 0.007 -3"><span class='ocrx_word' id='word_1_589' title='bbox 2672 2417 2922 2471; x_wconf 80' lang='grc' dir='ltr'><strong>ΠΕΥΣῙΣ</strong></span> <span class='ocrx_word' id='word_1_590' title='bbox 2970 2418 3140 2473; x_wconf 74' lang='grc' dir='ltr'><strong>ΡΚΓ.</strong></span> <span class='ocrx_word' id='word_1_591' title='bbox 3370 2460 3375 2465; x_wconf 66' lang='grc' dir='ltr'><em>ς</em></span> 
     </span>
    </p>
   </div>
   <div class='ocr_carea' id='block_1_82' title="bbox 2202 2507 3695 2581">
    <p class='ocr_par' dir='ltr' id='par_1_82' title="bbox 2202 2507 3695 2581">
     <span class='ocr_line' id='line_1_82' title="bbox 2202 2507 3695 2581; baseline 0.004 -21"><span class='ocrx_word' id='word_1_592' title='bbox 2202 2507 2472 2580; x_wconf 85' lang='grc' dir='ltr'>Ἀμαρτία</span> <span class='ocrx_word' id='word_1_593' title='bbox 2500 2511 2534 2580; x_wconf 75' lang='grc' dir='ltr'><strong>ἡ</strong></span> <span class='ocrx_word' id='word_1_594' title='bbox 2569 2510 2819 2581; x_wconf 82' lang='grc' dir='ltr'>παρακοὴ</span> <span class='ocrx_word' id='word_1_595' title='bbox 2855 2510 2949 2563; x_wconf 60' lang='grc' dir='ltr'><strong>καὶ⁸</strong></span> <span class='ocrx_word' id='word_1_596' title='bbox 2979 2512 3125 2564; x_wconf 82' lang='grc' dir='ltr'>πᾶσα</span> <span class='ocrx_word' id='word_1_597' title='bbox 3154 2510 3318 2564; x_wconf 81' lang='grc' dir='ltr'>κακία</span> <span class='ocrx_word' id='word_1_598' title='bbox 3344 2508 3695 2581; x_wconf 78' lang='grc' dir='ltr'>ὀνομάζεται,</span> 
     </span>
    </p>
   </div>
   <div class='ocr_carea' id='block_1_83' title="bbox 2119 2600 3697 2673">
    <p class='ocr_par' dir='ltr' id='par_1_83' title="bbox 2119 2600 3697 2673">
     <span class='ocr_line' id='line_1_83' title="bbox 2119 2600 3697 2673; baseline 0.003 -19"><span class='ocrx_word' id='word_1_599' title='bbox 2119 2600 2226 2673; x_wconf 92' lang='grc' dir='ltr'><strong>πρὸ</strong></span> <span class='ocrx_word' id='word_1_600' title='bbox 2252 2600 2310 2654; x_wconf 84' lang='grc' dir='ltr'>δὲ</span> <span class='ocrx_word' id='word_1_601' title='bbox 2360 2600 2454 2654; x_wconf 89' lang='grc' dir='ltr'><strong>τοῦ</strong></span> <span class='ocrx_word' id='word_1_602' title='bbox 2495 2600 2666 2671; x_wconf 75' lang='grc' dir='ltr'>Ἀδὰμ</span> <span class='ocrx_word' id='word_1_603' title='bbox 2696 2601 2872 2665; x_wconf 73' lang='grc' dir='ltr'>οὐδεὶς</span> <span class='ocrx_word' id='word_1_604' title='bbox 2912 2601 3211 2673; x_wconf 81' lang='grc' dir='ltr'>ἀνθρώπων</span> <span class='ocrx_word' id='word_1_605' title='bbox 3247 2604 3494 2673; x_wconf 71' lang='grc' dir='ltr'>ἥμαρτεν</span> <span class='ocrx_word' id='word_1_606' title='bbox 3514 2619 3528 2633; x_wconf 70' lang='grc'><strong>⁸</strong></span> <span class='ocrx_word' id='word_1_607' title='bbox 3568 2601 3697 2659; x_wconf 68' lang='grc' dir='ltr'>οὔτε</span> 
     </span>
    </p>
   </div>
   <div class='ocr_carea' id='block_1_84' title="bbox 2122 2689 3696 2771">
    <p class='ocr_par' dir='ltr' id='par_1_84' title="bbox 2122 2689 3696 2771">
     <span class='ocr_line' id='line_1_84' title="bbox 2122 2689 3696 2771; baseline -0.006 -17"><span class='ocrx_word' id='word_1_608' title='bbox 2122 2700 2230 2771; x_wconf 81' lang='grc' dir='ltr'><strong>γάρ</strong></span> <span class='ocrx_word' id='word_1_609' title='bbox 2250 2695 2339 2771; x_wconf 79' lang='grc' dir='ltr'><strong>ἦν.</strong></span> <span class='ocrx_word' id='word_1_610' title='bbox 2376 2696 2513 2750; x_wconf 85' lang='grc' dir='ltr'><strong>Ὑπὸ</strong></span> <span class='ocrx_word' id='word_1_611' title='bbox 2536 2697 2680 2760; x_wconf 86' lang='grc' dir='ltr'>τίνος</span> <span class='ocrx_word' id='word_1_612' title='bbox 2703 2689 2796 2749; x_wconf 89' lang='grc' dir='ltr'><strong>οῦν</strong></span> <span class='ocrx_word' id='word_1_613' title='bbox 2821 2693 3125 2765; x_wconf 86' lang='grc' dir='ltr'>πραχθεῖσα</span> <span class='ocrx_word' id='word_1_614' title='bbox 3154 2692 3475 2763; x_wconf 86' lang='grc' dir='ltr'>προῦπῆρχε</span> <span class='ocrx_word' id='word_1_615' title='bbox 3499 2693 3696 2763; x_wconf 81' lang='grc' dir='ltr'>νεκρά.</span> 
     </span>
    </p>
   </div>
   <div class='ocr_carea' id='block_1_85' title="bbox 2123 2782 3695 2857">
    <p class='ocr_par' dir='ltr' id='par_1_85' title="bbox 2123 2782 3695 2857">
     <span class='ocr_line' id='line_1_85' title="bbox 2123 2782 3695 2857; baseline -0.005 -11"><span class='ocrx_word' id='word_1_616' title='bbox 2123 2791 2221 2846; x_wconf 76' lang='grc' dir='ltr'>καὶ</span> <span class='ocrx_word' id='word_1_617' title='bbox 2242 2786 2532 2857; x_wconf 75' lang='grc' dir='ltr'>ἀνέζησεν</span> <span class='ocrx_word' id='word_1_618' title='bbox 2554 2787 2855 2855; x_wconf 74' lang='grc' dir='ltr'>ἐλθούσης</span> <span class='ocrx_word' id='word_1_619' title='bbox 2879 2783 2990 2853; x_wconf 83' lang='grc' dir='ltr'>τῆς</span> <span class='ocrx_word' id='word_1_620' title='bbox 3015 2782 3309 2853; x_wconf 59' lang='lat' dir='ltr'><strong>Madrig;</strong></span> <span class='ocrx_word' id='word_1_621' title='bbox 3337 2783 3446 2837; x_wconf 83' lang='grc' dir='ltr'>τῶν</span> <span class='ocrx_word' id='word_1_622' title='bbox 3468 2784 3561 2837; x_wconf 81' lang='grc' dir='ltr'>δύο</span> <span class='ocrx_word' id='word_1_623' title='bbox 3579 2783 3695 2854; x_wconf 78' lang='grc' dir='ltr'><strong>γάρ</strong></span> 
     </span>
    </p>
   </div>
   <div class='ocr_carea' id='block_1_86' title="bbox 2123 2876 3693 2954">
    <p class='ocr_par' dir='ltr' id='par_1_86' title="bbox 2123 2876 3693 2954">
     <span class='ocr_line' id='line_1_86' title="bbox 2123 2876 3693 2954; baseline -0.006 -17"><span class='ocrx_word' id='word_1_624' title='bbox 2123 2883 2184 2937; x_wconf 88' lang='grc' dir='ltr'><strong>τὸ</strong></span> <span class='ocrx_word' id='word_1_625' title='bbox 2212 2883 2418 2954; x_wconf 74' lang='grc' dir='ltr'>ἕτερον,</span> <span class='ocrx_word' id='word_1_626' title='bbox 2450 2881 2483 2952; x_wconf 78' lang='grc' dir='ltr'>ἦ</span> <span class='ocrx_word' id='word_1_627' title='bbox 2512 2879 2673 2950; x_wconf 79' lang='grc' dir='ltr'>φύσιν</span> <span class='ocrx_word' id='word_1_628' title='bbox 2712 2878 3060 2933; x_wconf 84' lang='grc' dir='ltr'>ὑποτίθεσθαι</span> <span class='ocrx_word' id='word_1_629' title='bbox 3099 2876 3373 2948; x_wconf 82' lang='grc' dir='ltr'>ἁμαρτίας</span> <span class='ocrx_word' id='word_1_630' title='bbox 3403 2877 3693 2948; x_wconf 78' lang='grc' dir='ltr'>ὑπάρχειν,</span> 
     </span>
    </p>
   </div>
   <div class='ocr_carea' id='block_1_87' title="bbox 2125 2966 3490 3046">
    <p class='ocr_par' dir='ltr' id='par_1_87' title="bbox 2125 2966 3490 3046">
     <span class='ocr_line' id='line_1_87' title="bbox 2125 2966 3490 3046; baseline -0.005 -18"><span class='ocrx_word' id='word_1_631' title='bbox 2125 2976 2160 3046; x_wconf 78' lang='grc' dir='ltr'><strong>ἢ</strong></span> <span class='ocrx_word' id='word_1_632' title='bbox 2195 2973 2531 3046; x_wconf 87' lang='grc' dir='ltr'>πραχθεῖσαν</span> <span class='ocrx_word' id='word_1_633' title='bbox 2555 2972 2725 3043; x_wconf 83' lang='grc' dir='ltr'>αὑτὴν</span> <span class='ocrx_word' id='word_1_634' title='bbox 2754 2971 2859 3025; x_wconf 79' lang='grc' dir='ltr'>ὑπό</span> <span class='ocrx_word' id='word_1_635' title='bbox 2884 2987 3025 3035; x_wconf 87' lang='grc' dir='ltr'>τινος</span> <span class='ocrx_word' id='word_1_636' title='bbox 3052 2970 3157 3041; x_wconf 88' lang='grc' dir='ltr'><strong>πρὸ</strong></span> <span class='ocrx_word' id='word_1_637' title='bbox 3178 2966 3275 3022; x_wconf 88' lang='grc' dir='ltr'><strong>τοῦ</strong></span> <span class='ocrx_word' id='word_1_638' title='bbox 3310 2968 3490 3038; x_wconf 79' lang='grc' dir='ltr'>Ἀδάμ.</span> 
     </span>
    </p>
   </div>
   <div class='ocr_carea' id='block_1_88' title="bbox 2732 3209 3098 3278">
    <p class='ocr_par' dir='ltr' id='par_1_88' title="bbox 2732 3209 3098 3278">
     <span class='ocr_line' id='line_1_88' title="bbox 2732 3209 3098 3278; baseline -0.008 -13"><span class='ocrx_word' id='word_1_639' title='bbox 2732 3209 3098 3278; x_wconf 79' lang='grc' dir='ltr'><strong>Ἀπόκρισις.</strong></span> 
     </span>
    </p>
   </div>
   <div class='ocr_carea' id='block_1_89' title="bbox 2199 3298 3702 3372">
    <p class='ocr_par' dir='ltr' id='par_1_89' title="bbox 2199 3298 3702 3372">
     <span class='ocr_line' id='line_1_89' title="bbox 2199 3298 3702 3372; baseline -0.002 -17"><span class='ocrx_word' id='word_1_640' title='bbox 2199 3304 2412 3371; x_wconf 72' lang='grc' dir='ltr'>Ἄπαγε</span> <span class='ocrx_word' id='word_1_641' title='bbox 2441 3301 2604 3372; x_wconf 80' lang='grc' dir='ltr'>φύσιν</span> <span class='ocrx_word' id='word_1_642' title='bbox 2630 3301 2810 3369; x_wconf 82' lang='grc' dir='ltr'>λέγειν</span> <span class='ocrx_word' id='word_1_643' title='bbox 2838 3301 2946 3354; x_wconf 83' lang='grc' dir='ltr'><strong>τῶν</strong></span> <span class='ocrx_word' id='word_1_644' title='bbox 2975 3298 3163 3355; x_wconf 84' lang='grc' dir='ltr'>κακῶν</span> <span class='ocrx_word' id='word_1_645' title='bbox 3191 3317 3204 3331; x_wconf 79' lang='lat'><strong>&#39;</strong></span> <span class='ocrx_word' id='word_1_646' title='bbox 3232 3299 3471 3371; x_wconf 79' lang='grc' dir='ltr'>ἁμαρτία</span> <span class='ocrx_word' id='word_1_647' title='bbox 3512 3298 3577 3353; x_wconf 71' lang='grc' dir='ltr'><strong>δέ</strong></span> <span class='ocrx_word' id='word_1_648' title='bbox 3607 3314 3702 3369; x_wconf 82' lang='grc' dir='ltr'><strong>μοι</strong></span> 
     </span>
    </p>
   </div>
   <div class='ocr_carea' id='block_1_90' title="bbox 2121 3391 3702 3465">
    <p class='ocr_par' dir='ltr' id='par_1_90' title="bbox 2121 3391 3702 3465">
     <span class='ocr_line' id='line_1_90' title="bbox 2121 3391 3702 3465; baseline -0.003 -16"><span class='ocrx_word' id='word_1_649' title='bbox 2121 3396 2269 3450; x_wconf 81' lang='grc' dir='ltr'>δοκεῖ</span> <span class='ocrx_word' id='word_1_650' title='bbox 2295 3397 2444 3448; x_wconf 82' lang='grc' dir='ltr'>πᾶσα</span> <span class='ocrx_word' id='word_1_651' title='bbox 2478 3394 2572 3447; x_wconf 87' lang='grc' dir='ltr'><strong>τοῦ</strong></span> <span class='ocrx_word' id='word_1_652' title='bbox 2607 3394 2912 3465; x_wconf 81' lang='grc' dir='ltr'>κρείττονος</span> <span class='ocrx_word' id='word_1_653' title='bbox 2936 3394 3248 3460; x_wconf 82' lang='grc' dir='ltr'>ἀντίστασις</span> <span class='ocrx_word' id='word_1_654' title='bbox 3274 3393 3367 3447; x_wconf 78' lang='grc' dir='ltr'>καὶ</span> <span class='ocrx_word' id='word_1_655' title='bbox 3395 3391 3702 3464; x_wconf 80' lang='grc' dir='ltr'>ἀντιπαρά-</span> 
     </span>
    </p>
   </div>
   <div class='ocr_carea' id='block_1_91' title="bbox 2123 3480 3698 3556">
    <p class='ocr_par' dir='ltr' id='par_1_91' title="bbox 2123 3480 3698 3556">
     <span class='ocr_line' id='line_1_91' title="bbox 2123 3480 3698 3556; baseline -0.004 -17"><span class='ocrx_word' id='word_1_656' title='bbox 2123 3487 2294 3551; x_wconf 81' lang='grc' dir='ltr'>ταξις.</span> <span class='ocrx_word' id='word_1_657' title='bbox 2330 3484 2547 3556; x_wconf 77' lang='grc' dir='ltr'>Ταύτην</span> <span class='ocrx_word' id='word_1_658' title='bbox 2598 3484 2655 3538; x_wconf 87' lang='grc' dir='ltr'><strong>δέ</strong></span> <span class='ocrx_word' id='word_1_659' title='bbox 2691 3501 2832 3555; x_wconf 78' lang='grc' dir='ltr'>φημι</span> <span class='ocrx_word' id='word_1_660' title='bbox 2872 3484 3138 3554; x_wconf 83' lang='grc' dir='ltr'>ὑπάρχειν</span> <span class='ocrx_word' id='word_1_661' title='bbox 3174 3484 3264 3537; x_wconf 89' lang='grc' dir='ltr'><strong>τὸν</strong></span> <span class='ocrx_word' id='word_1_662' title='bbox 3313 3480 3558 3537; x_wconf 87' lang='grc' dir='ltr'>διάϐολον</span> <span class='ocrx_word' id='word_1_663' title='bbox 3580 3523 3596 3547; x_wconf 92' lang='grc'><strong>,</strong></span> <span class='ocrx_word' id='word_1_664' title='bbox 3634 3481 3698 3534; x_wconf 80' lang='grc' dir='ltr'>οὐ</span> 
     </span>
    </p>
   </div>
   <div class='ocr_carea' id='block_1_92' title="bbox 2124 3576 3693 3650">
    <p class='ocr_par' dir='ltr' id='par_1_92' title="bbox 2124 3576 3693 3650">
     <span class='ocr_line' id='line_1_92' title="bbox 2124 3576 3693 3650; baseline -0.003 -17"><span class='ocrx_word' id='word_1_665' title='bbox 2124 3579 2305 3648; x_wconf 83' lang='grc' dir='ltr'>φύσει,</span> <span class='ocrx_word' id='word_1_666' title='bbox 2346 3579 2479 3633; x_wconf 84' lang='grc' dir='ltr'>ἀλλὰ</span> <span class='ocrx_word' id='word_1_667' title='bbox 2537 3578 2855 3650; x_wconf 82' lang='grc' dir='ltr'>προαιρέσει</span> <span class='ocrx_word' id='word_1_668' title='bbox 2909 3578 3002 3632; x_wconf 74' lang='grc' dir='ltr'><strong>ἐπὶ</strong></span> <span class='ocrx_word' id='word_1_669' title='bbox 3058 3579 3118 3633; x_wconf 86' lang='grc' dir='ltr'><strong>τὸ</strong></span> <span class='ocrx_word' id='word_1_670' title='bbox 3162 3580 3340 3649; x_wconf 85' lang='grc' dir='ltr'>χεῖρον</span> <span class='ocrx_word' id='word_1_671' title='bbox 3394 3576 3693 3649; x_wconf 80' lang='grc' dir='ltr'>τραπέντα.</span> 
     </span>
    </p>
   </div>
   <div class='ocr_carea' id='block_1_93' title="bbox 2136 3668 3703 3745">
    <p class='ocr_par' dir='ltr' id='par_1_93' title="bbox 2136 3668 3703 3745">
     <span class='ocr_line' id='line_1_93' title="bbox 2136 3668 3703 3745; baseline -0.004 -18"><span class='ocrx_word' id='word_1_672' title='bbox 2136 3673 2231 3727; x_wconf 85' lang='grc' dir='ltr'>Ἐκ</span> <span class='ocrx_word' id='word_1_673' title='bbox 2274 3672 2383 3745; x_wconf 80' lang='grc' dir='ltr'><strong>γάρ</strong></span> <span class='ocrx_word' id='word_1_674' title='bbox 2422 3670 2516 3725; x_wconf 92' lang='grc' dir='ltr'><strong>τοῦ</strong></span> <span class='ocrx_word' id='word_1_675' title='bbox 2553 3671 2856 3725; x_wconf 84' lang='grc' dir='ltr'>διαϐάλλειν</span> <span class='ocrx_word' id='word_1_676' title='bbox 2893 3670 3012 3742; x_wconf 82' lang='grc' dir='ltr'><strong>Θεῷ</strong></span> <span class='ocrx_word' id='word_1_677' title='bbox 3059 3672 3158 3735; x_wconf 82' lang='grc' dir='ltr'>τὰς</span> <span class='ocrx_word' id='word_1_678' title='bbox 3199 3669 3306 3724; x_wconf 85' lang='grc' dir='ltr'><strong>τῶν</strong></span> <span class='ocrx_word' id='word_1_679' title='bbox 3334 3668 3583 3739; x_wconf 79' lang='grc' dir='ltr'>ἀγγέλων</span> <span class='ocrx_word' id='word_1_680' title='bbox 3610 3684 3703 3739; x_wconf 75' lang='grc' dir='ltr'>χο·</span> 
     </span>
    </p>
   </div>
   <div class='ocr_carea' id='block_1_94' title="bbox 2125 3763 3707 3837">
    <p class='ocr_par' dir='ltr' id='par_1_94' title="bbox 2125 3763 3707 3837">
     <span class='ocr_line' id='line_1_94' title="bbox 2125 3763 3707 3837; baseline -0.003 -19"><span class='ocrx_word' id='word_1_681' title='bbox 2125 3766 2274 3836; x_wconf 85' lang='grc' dir='ltr'>ρείας</span> <span class='ocrx_word' id='word_1_682' title='bbox 2298 3805 2313 3829; x_wconf 91' lang='grc'><strong>,</strong></span> <span class='ocrx_word' id='word_1_683' title='bbox 2345 3764 2681 3836; x_wconf 79' lang='grc' dir='ltr'>φερωνὺμως</span> <span class='ocrx_word' id='word_1_684' title='bbox 2702 3765 2904 3837; x_wconf 73' lang='grc' dir='ltr'>ἐκλήθη</span> <span class='ocrx_word' id='word_1_685' title='bbox 2937 3764 3213 3828; x_wconf 86' lang='grc' dir='ltr'>διάϐολος,</span> <span class='ocrx_word' id='word_1_686' title='bbox 3269 3763 3525 3835; x_wconf 88' lang='grc' dir='ltr'>ὑπάρχων</span> <span class='ocrx_word' id='word_1_687' title='bbox 3572 3763 3707 3834; x_wconf 64' lang='grc' dir='ltr'>ἀρχα</span> 
     </span>
    </p>
   </div>
   <div class='ocr_carea' id='block_1_95' title="bbox 2122 3855 3706 3930">
    <p class='ocr_par' dir='ltr' id='par_1_95' title="bbox 2122 3855 3706 3930">
     <span class='ocr_line' id='line_1_95' title="bbox 2122 3855 3706 3930; baseline -0.003 -17"><span class='ocrx_word' id='word_1_688' title='bbox 2122 3859 2371 3929; x_wconf 81' lang='grc' dir='ltr'>ἅγγελος.</span> <span class='ocrx_word' id='word_1_689' title='bbox 2416 3858 2535 3911; x_wconf 81' lang='grc' dir='ltr'>Τῶν</span> <span class='ocrx_word' id='word_1_690' title='bbox 2559 3859 2615 3912; x_wconf 79' lang='grc' dir='ltr'>δὲ</span> <span class='ocrx_word' id='word_1_691' title='bbox 2645 3859 3029 3930; x_wconf 86' lang='grc' dir='ltr'>ὑπερκοσμίων</span> <span class='ocrx_word' id='word_1_692' title='bbox 3053 3857 3449 3929; x_wconf 73' lang='grc' dir='ltr'>καταρραγεὶς,</span> <span class='ocrx_word' id='word_1_693' title='bbox 3480 3855 3706 3928; x_wconf 78' lang='grc' dir='ltr'>ὑπῆρχε</span> 
     </span>
    </p>
   </div>
   <div class='ocr_carea' id='block_1_96' title="bbox 2122 3946 3707 4023">
    <p class='ocr_par' dir='ltr' id='par_1_96' title="bbox 2122 3946 3707 4023">
     <span class='ocr_line' id='line_1_96' title="bbox 2122 3946 3707 4023; baseline -0.003 -19"><span class='ocrx_word' id='word_1_694' title='bbox 2122 3955 2189 4022; x_wconf 82' lang='grc' dir='ltr'>τῇ</span> <span class='ocrx_word' id='word_1_695' title='bbox 2218 3951 2414 4022; x_wconf 77' lang='grc' dir='ltr'>πράξει</span> <span class='ocrx_word' id='word_1_696' title='bbox 2438 3951 2665 4023; x_wconf 82' lang='grc' dir='ltr'>ἐχθρὸς,</span> <span class='ocrx_word' id='word_1_697' title='bbox 2704 3952 2869 4021; x_wconf 83' lang='grc' dir='ltr'><strong>μήπω</strong></span> <span class='ocrx_word' id='word_1_698' title='bbox 2891 3950 3184 4021; x_wconf 81' lang='grc' dir='ltr'>γενομένου</span> <span class='ocrx_word' id='word_1_699' title='bbox 3214 3949 3309 4003; x_wconf 92' lang='grc' dir='ltr'><strong>τοῦ</strong></span> <span class='ocrx_word' id='word_1_700' title='bbox 3343 3946 3536 4021; x_wconf 79' lang='grc' dir='ltr'>ὁρατοῦ</span> <span class='ocrx_word' id='word_1_701' title='bbox 3577 3948 3707 4001; x_wconf 74' lang='grc' dir='ltr'>τοὺ-</span> 
     </span>
    </p>
   </div>
   <div class='ocr_carea' id='block_1_97' title="bbox 2121 4039 3712 4114">
    <p class='ocr_par' dir='ltr' id='par_1_97' title="bbox 2121 4039 3712 4114">
     <span class='ocr_line' id='line_1_97' title="bbox 2121 4039 3712 4114; baseline -0.003 -18"><span class='ocrx_word' id='word_1_702' title='bbox 2121 4060 2217 4096; x_wconf 93' lang='grc' dir='ltr'><strong>του</strong></span> <span class='ocrx_word' id='word_1_703' title='bbox 2269 4044 2497 4114; x_wconf 82' lang='grc' dir='ltr'>κόσμου,</span> <span class='ocrx_word' id='word_1_704' title='bbox 2539 4043 2673 4114; x_wconf 82' lang='grc' dir='ltr'>μηδὲ</span> <span class='ocrx_word' id='word_1_705' title='bbox 2702 4043 3037 4114; x_wconf 86' lang='grc' dir='ltr'>ὑπάρχοντος</span> <span class='ocrx_word' id='word_1_706' title='bbox 3069 4042 3163 4096; x_wconf 92' lang='grc' dir='ltr'><strong>τοῦ</strong></span> <span class='ocrx_word' id='word_1_707' title='bbox 3205 4041 3336 4113; x_wconf 79' lang='grc' dir='ltr'>παρ’</span> <span class='ocrx_word' id='word_1_708' title='bbox 3380 4039 3542 4094; x_wconf 81' lang='grc' dir='ltr'>αὑτοῦ</span> <span class='ocrx_word' id='word_1_709' title='bbox 3593 4039 3712 4093; x_wconf 82' lang='grc' dir='ltr'>ὑπ-</span> 
     </span>
    </p>
   </div>
   <div class='ocr_carea' id='block_1_98' title="bbox 2124 4131 3709 4208">
    <p class='ocr_par' dir='ltr' id='par_1_98' title="bbox 2124 4131 3709 4208">
     <span class='ocr_line' id='line_1_98' title="bbox 2124 4131 3709 4208; baseline -0.004 -17"><span class='ocrx_word' id='word_1_710' title='bbox 2124 4136 2379 4207; x_wconf 86' lang='grc' dir='ltr'>αχθέντος</span> <span class='ocrx_word' id='word_1_711' title='bbox 2407 4136 2716 4208; x_wconf 84' lang='grc' dir='ltr'>ἀνθρώπου.</span> <span class='ocrx_word' id='word_1_712' title='bbox 2750 4137 3047 4208; x_wconf 83' lang='grc' dir='ltr'>Γενομένου</span> <span class='ocrx_word' id='word_1_713' title='bbox 3068 4136 3125 4189; x_wconf 79' lang='grc' dir='ltr'>δὲ</span> <span class='ocrx_word' id='word_1_714' title='bbox 3152 4131 3310 4200; x_wconf 81' lang='grc' dir='ltr'>αὖθις</span> <span class='ocrx_word' id='word_1_715' title='bbox 3328 4132 3594 4188; x_wconf 85' lang='grc' dir='ltr'>διαϐάλλει</span> <span class='ocrx_word' id='word_1_716' title='bbox 3615 4132 3709 4203; x_wconf 78' lang='grc' dir='ltr'>τῷ</span> 
     </span>
    </p>
   </div>
   <div class='ocr_carea' id='block_1_99' title="bbox 2137 4223 3708 4297">
    <p class='ocr_par' dir='ltr' id='par_1_99' title="bbox 2137 4223 3708 4297">
     <span class='ocr_line' id='line_1_99' title="bbox 2137 4223 3708 4297; baseline -0.002 -19"><span class='ocrx_word' id='word_1_717' title='bbox 2137 4226 2307 4296; x_wconf 79' lang='grc' dir='ltr'>’Λδάμ</span> <span class='ocrx_word' id='word_1_718' title='bbox 2331 4226 2422 4279; x_wconf 90' lang='grc' dir='ltr'><strong>τὸν</strong></span> <span class='ocrx_word' id='word_1_719' title='bbox 2449 4227 2582 4279; x_wconf 84' lang='grc' dir='ltr'>Θεὸν</span> <span class='ocrx_word' id='word_1_720' title='bbox 2609 4267 2625 4292; x_wconf 93' lang='grc'><strong>,</strong></span> <span class='ocrx_word' id='word_1_721' title='bbox 2670 4225 2968 4297; x_wconf 83' lang='grc' dir='ltr'>βασκανίας</span> <span class='ocrx_word' id='word_1_722' title='bbox 3013 4225 3161 4296; x_wconf 88' lang='grc' dir='ltr'>αὑτῷ</span> <span class='ocrx_word' id='word_1_723' title='bbox 3215 4223 3563 4296; x_wconf 84' lang='grc' dir='ltr'>καταληρῶν,</span> <span class='ocrx_word' id='word_1_724' title='bbox 3601 4223 3708 4276; x_wconf 72' lang='grc' dir='ltr'>καὶ</span> 
     </span>
    </p>
   </div>
   <div class='ocr_carea' id='block_1_100' title="bbox 2123 4316 3707 4391">
    <p class='ocr_par' dir='ltr' id='par_1_100' title="bbox 2123 4316 3707 4391">
     <span class='ocr_line' id='line_1_100' title="bbox 2123 4316 3707 4391; baseline -0.003 -19"><span class='ocrx_word' id='word_1_725' title='bbox 2123 4318 2281 4387; x_wconf 81' lang='grc' dir='ltr'>ἀφεὶς</span> <span class='ocrx_word' id='word_1_726' title='bbox 2308 4317 2398 4371; x_wconf 88' lang='grc' dir='ltr'><strong>τὸν</strong></span> <span class='ocrx_word' id='word_1_727' title='bbox 2444 4317 2632 4390; x_wconf 80' lang='grc' dir='ltr'>Ἀδὰμ,</span> <span class='ocrx_word' id='word_1_728' title='bbox 2664 4319 2878 4388; x_wconf 85' lang='grc' dir='ltr'>πρῶτον</span> <span class='ocrx_word' id='word_1_729' title='bbox 2903 4318 3269 4391; x_wconf 79' lang='grc' dir='ltr'>ἀσθενεστέρα</span> <span class='ocrx_word' id='word_1_730' title='bbox 3292 4321 3357 4390; x_wconf 83' lang='grc' dir='ltr'>τῇ</span> <span class='ocrx_word' id='word_1_731' title='bbox 3386 4316 3500 4389; x_wconf 75' lang='grc' dir='ltr'><strong>Εὕα</strong></span> <span class='ocrx_word' id='word_1_732' title='bbox 3526 4331 3707 4387; x_wconf 84' lang='grc' dir='ltr'>προσ-</span> 
     </span>
    </p>
   </div>
   <div class='ocr_carea' id='block_1_101' title="bbox 2127 4407 3708 4485">
    <p class='ocr_par' dir='ltr' id='par_1_101' title="bbox 2127 4407 3708 4485">
     <span class='ocr_line' id='line_1_101' title="bbox 2127 4407 3708 4485; baseline -0.003 -20"><span class='ocrx_word' id='word_1_733' title='bbox 2127 4412 2366 4482; x_wconf 85' lang='grc' dir='ltr'>έρχεται,</span> <span class='ocrx_word' id='word_1_734' title='bbox 2400 4412 2494 4465; x_wconf 88' lang='grc' dir='ltr'><strong>καί</strong></span> <span class='ocrx_word' id='word_1_735' title='bbox 2528 4430 2686 4485; x_wconf 86' lang='grc' dir='ltr'>φησι,</span> <span class='ocrx_word' id='word_1_736' title='bbox 2721 4413 2784 4467; x_wconf 81' lang='grc' dir='ltr'>Τί</span> <span class='ocrx_word' id='word_1_737' title='bbox 2810 4414 2898 4467; x_wconf 83' lang='grc' dir='ltr'>ὅτι</span> <span class='ocrx_word' id='word_1_738' title='bbox 2946 4408 3119 4466; x_wconf 79' lang='grc' dir='ltr'>εἶπεν</span> <span class='ocrx_word' id='word_1_739' title='bbox 3143 4415 3176 4467; x_wconf 87' lang='grc' dir='ltr'><strong><em>ό</em></strong></span> <span class='ocrx_word' id='word_1_740' title='bbox 3208 4412 3352 4479; x_wconf 82' lang='grc' dir='ltr'>Θεὸς</span> <span class='ocrx_word' id='word_1_741' title='bbox 3374 4410 3460 4481; x_wconf 79' lang='grc' dir='ltr'>μὴ</span> <span class='ocrx_word' id='word_1_742' title='bbox 3489 4407 3708 4480; x_wconf 65' lang='grc' dir='ltr'>φαγεῖν</span> 
     </span>
    </p>
   </div>
   <div class='ocr_carea' id='block_1_102' title="bbox 2125 4499 3707 4573">
    <p class='ocr_par' dir='ltr' id='par_1_102' title="bbox 2125 4499 3707 4573">
     <span class='ocr_line' id='line_1_102' title="bbox 2125 4499 3707 4573; baseline -0.003 -15"><span class='ocrx_word' id='word_1_743' title='bbox 2125 4503 2245 4558; x_wconf 82' lang='grc' dir='ltr'>ἀπὸ</span> <span class='ocrx_word' id='word_1_744' title='bbox 2279 4503 2504 4571; x_wconf 80' lang='grc' dir='ltr'>παντὸς·</span> <span class='ocrx_word' id='word_1_745' title='bbox 2539 4504 2731 4570; x_wconf 70' lang='grc' dir='ltr'>ξύλου</span> <span class='ocrx_word' id='word_1_746' title='bbox 2770 4503 2878 4559; x_wconf 80' lang='grc' dir='ltr'><strong>τοῦ</strong></span> <span class='ocrx_word' id='word_1_747' title='bbox 2907 4505 2981 4557; x_wconf 81' lang='grc' dir='ltr'><strong>ἐν</strong></span> <span class='ocrx_word' id='word_1_748' title='bbox 3003 4499 3084 4572; x_wconf 80' lang='grc' dir='ltr'><em>τῷ</em></span> <span class='ocrx_word' id='word_1_749' title='bbox 3107 4503 3489 4573; x_wconf 76' lang='grc' dir='ltr'>παραδείσῳ;</span> <span class='ocrx_word' id='word_1_750' title='bbox 3528 4502 3707 4573; x_wconf 60' lang='lat' dir='ltr'><strong>Elpin—</strong></span> 
     </span>
    </p>
   </div>
   <div class='ocr_carea' id='block_1_103' title="bbox 2125 4592 3698 4669">
    <p class='ocr_par' dir='ltr' id='par_1_103' title="bbox 2125 4592 3698 4669">
     <span class='ocr_line' id='line_1_103' title="bbox 2125 4592 3698 4669; baseline -0.003 -20"><span class='ocrx_word' id='word_1_751' title='bbox 2125 4596 2280 4660; x_wconf 61' lang='grc' dir='ltr'>νικας</span> <span class='ocrx_word' id='word_1_752' title='bbox 2306 4596 2363 4649; x_wconf 80' lang='grc' dir='ltr'>δὲ</span> <span class='ocrx_word' id='word_1_753' title='bbox 2396 4598 2659 4669; x_wconf 83' lang='grc' dir='ltr'>προσάγει</span> <span class='ocrx_word' id='word_1_754' title='bbox 2683 4596 2781 4660; x_wconf 82' lang='grc' dir='ltr'><strong>τὰς</strong></span> <span class='ocrx_word' id='word_1_755' title='bbox 2807 4594 3028 4660; x_wconf 78' lang='grc' dir='ltr'>πεύσεις</span> <span class='ocrx_word' id='word_1_756' title='bbox 3059 4598 3088 4649; x_wconf 86' lang='grc' dir='ltr'>ὀ</span> <span class='ocrx_word' id='word_1_757' title='bbox 3120 4595 3424 4667; x_wconf 77' lang='grc' dir='ltr'>ἀλιτήριος,</span> <span class='ocrx_word' id='word_1_758' title='bbox 3459 4594 3547 4647; x_wconf 80' lang='grc' dir='ltr'>ἵνα</span> <span class='ocrx_word' id='word_1_759' title='bbox 3572 4592 3698 4661; x_wconf 77' lang='grc' dir='ltr'>παρ’</span> 
     </span>
    </p>
   </div>
   <div class='ocr_carea' id='block_1_104' title="bbox 2124 4682 3696 4760">
    <p class='ocr_par' dir='ltr' id='par_1_104' title="bbox 2124 4682 3696 4760">
     <span class='ocr_line' id='line_1_104' title="bbox 2124 4682 3696 4760; baseline -0.003 -20"><span class='ocrx_word' id='word_1_760' title='bbox 2124 4687 2342 4760; x_wconf 81' lang='grc' dir='ltr'>ἐκείνης</span> <span class='ocrx_word' id='word_1_761' title='bbox 2393 4687 2654 4759; x_wconf 85' lang='grc' dir='ltr'>παιδευθῇ</span> <span class='ocrx_word' id='word_1_762' title='bbox 2711 4690 2861 4742; x_wconf 85' lang='grc' dir='ltr'>ποῖον</span> <span class='ocrx_word' id='word_1_763' title='bbox 2914 4688 2977 4742; x_wconf 91' lang='grc' dir='ltr'><strong>τὸ</strong></span> <span class='ocrx_word' id='word_1_764' title='bbox 3001 4689 3201 4758; x_wconf 77' lang='grc' dir='ltr'>φυτὸν,</span> <span class='ocrx_word' id='word_1_765' title='bbox 3257 4682 3318 4741; x_wconf 84' lang='grc' dir='ltr'><strong>οῦ</strong></span> <span class='ocrx_word' id='word_1_766' title='bbox 3354 4688 3451 4757; x_wconf 79' lang='grc' dir='ltr'>τὴν</span> <span class='ocrx_word' id='word_1_767' title='bbox 3500 4686 3696 4759; x_wconf 77' lang='grc' dir='ltr'>βρῶσιν</span> 
     </span>
    </p>
   </div>
   <div class='ocr_carea' id='block_1_105' title="bbox 2126 4778 3708 4855">
    <p class='ocr_par' dir='ltr' id='par_1_105' title="bbox 2126 4778 3708 4855">
     <span class='ocr_line' id='line_1_105' title="bbox 2126 4778 3708 4855; baseline -0.001 -20"><span class='ocrx_word' id='word_1_768' title='bbox 2126 4781 2397 4836; x_wconf 79' lang='grc' dir='ltr'>ἐκώλυσεν</span> <span class='ocrx_word' id='word_1_769' title='bbox 2426 4784 2455 4835; x_wconf 90' lang='grc' dir='ltr'>ὁ</span> <span class='ocrx_word' id='word_1_770' title='bbox 2478 4781 2702 4853; x_wconf 79' lang='grc' dir='ltr'>Κύριος.</span> <span class='ocrx_word' id='word_1_771' title='bbox 2732 4783 2805 4836; x_wconf 89' lang='grc' dir='ltr'>Οὑ</span> <span class='ocrx_word' id='word_1_772' title='bbox 2832 4782 2941 4855; x_wconf 84' lang='grc' dir='ltr'>γὰρ</span> <span class='ocrx_word' id='word_1_773' title='bbox 2964 4783 3233 4853; x_wconf 76' lang='grc' dir='ltr'>ἠπίστατο</span> <span class='ocrx_word' id='word_1_774' title='bbox 3260 4782 3366 4835; x_wconf 82' lang='grc' dir='ltr'>τίνι</span> <span class='ocrx_word' id='word_1_775' title='bbox 3387 4781 3495 4834; x_wconf 81' lang='grc' dir='ltr'><strong>τῶν</strong></span> <span class='ocrx_word' id='word_1_776' title='bbox 3520 4778 3708 4848; x_wconf 70' lang='grc' dir='ltr'>φυτῶν</span> 
     </span>
    </p>
   </div>
   <div class='ocr_carea' id='block_1_106' title="bbox 2126 4872 3705 4948">
    <p class='ocr_par' dir='ltr' id='par_1_106' title="bbox 2126 4872 3705 4948">
     <span class='ocr_line' id='line_1_106' title="bbox 2126 4872 3705 4948; baseline -0.001 -23"><span class='ocrx_word' id='word_1_777' title='bbox 2126 4872 2159 4943; x_wconf 81' lang='grc' dir='ltr'><strong>ἢ</strong></span> <span class='ocrx_word' id='word_1_778' title='bbox 2193 4873 2337 4937; x_wconf 87' lang='grc' dir='ltr'>τίνος</span> <span class='ocrx_word' id='word_1_779' title='bbox 2370 4874 2531 4945; x_wconf 89' lang='grc' dir='ltr'>χάριν</span> <span class='ocrx_word' id='word_1_780' title='bbox 2566 4875 2599 4944; x_wconf 84' lang='grc' dir='ltr'><strong>ή</strong></span> <span class='ocrx_word' id='word_1_781' title='bbox 2623 4873 2808 4945; x_wconf 82' lang='grc' dir='ltr'>ἐντολὴ</span> <span class='ocrx_word' id='word_1_782' title='bbox 2834 4875 3158 4948; x_wconf 65' lang='grc' dir='ltr'>ἐπήρτηται.</span> <span class='ocrx_word' id='word_1_783' title='bbox 3192 4875 3255 4927; x_wconf 85' lang='grc' dir='ltr'><strong>Ἦ</strong></span> <span class='ocrx_word' id='word_1_784' title='bbox 3275 4874 3332 4926; x_wconf 84' lang='grc' dir='ltr'>δὲ</span> <span class='ocrx_word' id='word_1_785' title='bbox 3354 4872 3705 4944; x_wconf 83' lang='grc' dir='ltr'>ἁπλουστάτη</span> 
     </span>
    </p>
   </div>
   <div class='ocr_carea' id='block_1_107' title="bbox 2132 4964 3706 5036">
    <p class='ocr_par' dir='ltr' id='par_1_107' title="bbox 2132 4964 3706 5036">
     <span class='ocr_line' id='line_1_107' title="bbox 2132 4964 3706 5036; baseline -0.003 -16"><span class='ocrx_word' id='word_1_786' title='bbox 2132 4967 2226 5020; x_wconf 77' lang='grc' dir='ltr'>καὶ</span> <span class='ocrx_word' id='word_1_787' title='bbox 2260 4966 2396 5031; x_wconf 86' lang='grc' dir='ltr'>τέως</span> <span class='ocrx_word' id='word_1_788' title='bbox 2426 4966 2712 5032; x_wconf 87' lang='grc' dir='ltr'>ἁνόθευτος</span> <span class='ocrx_word' id='word_1_789' title='bbox 2734 4966 2895 5036; x_wconf 74' lang='grc' dir='ltr'>φύσις</span> <span class='ocrx_word' id='word_1_790' title='bbox 2920 4966 3188 5035; x_wconf 85' lang='grc' dir='ltr'>ἀγνοοῦσα</span> <span class='ocrx_word' id='word_1_791' title='bbox 3216 4966 3275 5020; x_wconf 88' lang='grc' dir='ltr'><strong>τὸ</strong></span> <span class='ocrx_word' id='word_1_792' title='bbox 3312 4964 3706 5036; x_wconf 76' lang='grc' dir='ltr'>σκοπούμενον,</span> 
     </span>
    </p>
   </div>
   <div class='ocr_carea' id='block_1_108' title="bbox 2132 5055 3709 5133">
    <p class='ocr_par' dir='ltr' id='par_1_108' title="bbox 2132 5055 3709 5133">
     <span class='ocr_line' id='line_1_108' title="bbox 2132 5055 3709 5133; baseline -0.004 -19"><span class='ocrx_word' id='word_1_793' title='bbox 2132 5061 2351 5133; x_wconf 87' lang='grc' dir='ltr'>καιρίαν</span> <span class='ocrx_word' id='word_1_794' title='bbox 2411 5062 2577 5133; x_wconf 81' lang='grc' dir='ltr'>ἑαυτῇ</span> <span class='ocrx_word' id='word_1_795' title='bbox 2635 5062 2850 5133; x_wconf 84' lang='grc' dir='ltr'>πληγὴν</span> <span class='ocrx_word' id='word_1_796' title='bbox 2909 5062 3109 5114; x_wconf 83' lang='grc' dir='ltr'>δίδωσι.</span> <span class='ocrx_word' id='word_1_797' title='bbox 3153 5060 3305 5132; x_wconf 70' lang='grc' dir='ltr'>Φησὶ</span> <span class='ocrx_word' id='word_1_798' title='bbox 3362 5058 3511 5131; x_wconf 84' lang='grc' dir='ltr'>γὰρ,</span> <span class='ocrx_word' id='word_1_799' title='bbox 3557 5055 3709 5109; x_wconf 81' lang='grc' dir='ltr'>Ἀπὸ</span> 
     </span>
    </p>
   </div>
   <div class='ocr_carea' id='block_1_109' title="bbox 2130 5148 3713 5223">
    <p class='ocr_par' dir='ltr' id='par_1_109' title="bbox 2130 5148 3713 5223">
     <span class='ocr_line' id='line_1_109' title="bbox 2130 5148 3713 5223; baseline -0.003 -16"><span class='ocrx_word' id='word_1_800' title='bbox 2130 5155 2355 5220; x_wconf 81' lang='grc' dir='ltr'>παντὸς</span> <span class='ocrx_word' id='word_1_801' title='bbox 2392 5153 2510 5223; x_wconf 79' lang='grc' dir='ltr'>μὲν</span> <span class='ocrx_word' id='word_1_802' title='bbox 2565 5153 2675 5223; x_wconf 82' lang='grc' dir='ltr'><strong>τὰρ</strong></span> <span class='ocrx_word' id='word_1_803' title='bbox 2712 5153 2905 5218; x_wconf 77' lang='grc' dir='ltr'>ξύλου</span> <span class='ocrx_word' id='word_1_804' title='bbox 2956 5152 3062 5207; x_wconf 79' lang='grc' dir='ltr'><strong>τοῦ</strong></span> <span class='ocrx_word' id='word_1_805' title='bbox 3111 5152 3181 5206; x_wconf 73' lang='grc' dir='ltr'>ἐν</span> <span class='ocrx_word' id='word_1_806' title='bbox 3235 5149 3315 5216; x_wconf 83' lang='grc' dir='ltr'>τῷ</span> <span class='ocrx_word' id='word_1_807' title='bbox 3366 5148 3713 5219; x_wconf 73' lang='grc' dir='ltr'>παραδείσῳ</span> 
     </span>
    </p>
   </div>
   <div class='ocr_carea' id='block_1_110' title="bbox 2124 5241 3713 5317">
    <p class='ocr_par' dir='ltr' id='par_1_110' title="bbox 2124 5241 3713 5317">
     <span class='ocr_line' id='line_1_110' title="bbox 2124 5241 3713 5317; baseline -0.003 -18"><span class='ocrx_word' id='word_1_808' title='bbox 2124 5246 2350 5315; x_wconf 82' lang='grc' dir='ltr'>,ϐρώσει</span> <span class='ocrx_word' id='word_1_809' title='bbox 2381 5245 2647 5317; x_wconf 62' lang='grc' dir='ltr'>φάγεσθε</span> <span class='ocrx_word' id='word_1_810' title='bbox 2664 5286 2679 5311; x_wconf 91' lang='grc'><strong>,</strong></span> <span class='ocrx_word' id='word_1_811' title='bbox 2710 5245 2827 5300; x_wconf 85' lang='grc' dir='ltr'>ἀπὸ</span> <span class='ocrx_word' id='word_1_812' title='bbox 2861 5243 2929 5298; x_wconf 78' lang='grc' dir='ltr'>δὲ</span> <span class='ocrx_word' id='word_1_813' title='bbox 2956 5244 3062 5299; x_wconf 80' lang='grc' dir='ltr'><strong>τοῦ</strong></span> <span class='ocrx_word' id='word_1_814' title='bbox 3095 5244 3285 5309; x_wconf 77' lang='grc' dir='ltr'>ξύλου</span> <span class='ocrx_word' id='word_1_815' title='bbox 3313 5243 3419 5297; x_wconf 83' lang='grc' dir='ltr'><strong>τοῦ</strong></span> <span class='ocrx_word' id='word_1_816' title='bbox 3449 5242 3519 5296; x_wconf 84' lang='grc' dir='ltr'>ἑν</span> <span class='ocrx_word' id='word_1_817' title='bbox 3534 5241 3713 5311; x_wconf 78' lang='grc' dir='ltr'>μέσῳ</span> 
     </span>
    </p>
   </div>
   <div class='ocr_carea' id='block_1_111' title="bbox 2135 5330 3711 5406">
    <p class='ocr_par' dir='ltr' id='par_1_111' title="bbox 2135 5330 3711 5406">
     <span class='ocr_line' id='line_1_111' title="bbox 2135 5330 3711 5406; baseline -0.006 -15"><span class='ocrx_word' id='word_1_818' title='bbox 2135 5337 2242 5392; x_wconf 80' lang='grc' dir='ltr'><strong>τοῦ</strong></span> <span class='ocrx_word' id='word_1_819' title='bbox 2269 5336 2637 5406; x_wconf 82' lang='grc' dir='ltr'>παραδείσου</span> <span class='ocrx_word' id='word_1_820' title='bbox 2661 5337 2734 5389; x_wconf 87' lang='grc' dir='ltr'>οὐ</span> <span class='ocrx_word' id='word_1_821' title='bbox 2757 5333 3040 5404; x_wconf 71' lang='grc' dir='ltr'>φάγεσθε.</span> <span class='ocrx_word' id='word_1_822' title='bbox 3081 5334 3139 5387; x_wconf 91' lang='grc' dir='ltr'><strong>Ὀ</strong></span> <span class='ocrx_word' id='word_1_823' title='bbox 3165 5333 3220 5388; x_wconf 85' lang='grc' dir='ltr'><em>δέ</em></span> <span class='ocrx_word' id='word_1_824' title='bbox 3246 5351 3377 5405; x_wconf 83' lang='grc' dir='ltr'>φησι</span> <span class='ocrx_word' id='word_1_825' title='bbox 3404 5330 3711 5386; x_wconf 87' lang='grc' dir='ltr'>διαϐάλλων</span> 
     </span>
    </p>
   </div>
   <div class='ocr_carea' id='block_1_112' title="bbox 2133 5419 3714 5496">
    <p class='ocr_par' dir='ltr' id='par_1_112' title="bbox 2133 5419 3714 5496">
     <span class='ocr_line' id='line_1_112' title="bbox 2133 5419 3714 5496; baseline -0.005 -12"><span class='ocrx_word' id='word_1_826' title='bbox 2133 5429 2225 5484; x_wconf 92' lang='grc' dir='ltr'><strong>τὸν</strong></span> <span class='ocrx_word' id='word_1_827' title='bbox 2253 5427 2405 5492; x_wconf 84' lang='grc' dir='ltr'>Θεὸν,</span> <span class='ocrx_word' id='word_1_828' title='bbox 2441 5422 2621 5483; x_wconf 60' lang='lat' dir='ltr'><strong>E1687-</strong></span> <span class='ocrx_word' id='word_1_829' title='bbox 2668 5429 2701 5480; x_wconf 85' lang='grc' dir='ltr'><em>ό</em></span> <span class='ocrx_word' id='word_1_830' title='bbox 2752 5427 2896 5492; x_wconf 77' lang='grc' dir='ltr'>Θεὸς</span> <span class='ocrx_word' id='word_1_831' title='bbox 2918 5467 2933 5491; x_wconf 88' lang='grc'><strong>,</strong></span> <span class='ocrx_word' id='word_1_832' title='bbox 2985 5425 3074 5479; x_wconf 83' lang='grc' dir='ltr'>ὅτι</span> <span class='ocrx_word' id='word_1_833' title='bbox 3100 5419 3140 5496; x_wconf 84' lang='grc' dir='ltr'><strong><em>ᾖ</em></strong></span> <span class='ocrx_word' id='word_1_834' title='bbox 3167 5424 3219 5478; x_wconf 86' lang='grc' dir='ltr'>δ’</span> <span class='ocrx_word' id='word_1_835' title='bbox 3260 5423 3337 5479; x_wconf 83' lang='grc' dir='ltr'><strong>ἂν</strong></span> <span class='ocrx_word' id='word_1_836' title='bbox 3372 5424 3561 5495; x_wconf 78' lang='grc' dir='ltr'>ἡμέρᾳ</span> <span class='ocrx_word' id='word_1_837' title='bbox 3590 5420 3714 5491; x_wconf 70' lang='grc' dir='ltr'><strong>φά-</strong></span> 
     </span>
    </p>
   </div>
   <div class='ocr_carea' id='block_1_113' title="bbox 2134 5515 3717 5589">
    <p class='ocr_par' dir='ltr' id='par_1_113' title="bbox 2134 5515 3717 5589">
     <span class='ocr_line' id='line_1_113' title="bbox 2134 5515 3717 5589; baseline -0.004 -16"><span class='ocrx_word' id='word_1_838' title='bbox 2134 5522 2316 5589; x_wconf 81' lang='grc' dir='ltr'>τεσθε</span> <span class='ocrx_word' id='word_1_839' title='bbox 2352 5519 2454 5573; x_wconf 79' lang='grc' dir='ltr'><strong>ἀπ’</strong></span> <span class='ocrx_word' id='word_1_840' title='bbox 2480 5518 2687 5580; x_wconf 84' lang='grc' dir='ltr'>αὐτοῦ,</span> <span class='ocrx_word' id='word_1_841' title='bbox 2711 5516 3195 5587; x_wconf 75' lang='grc' dir='ltr'>διανοιγήσονται</span> <span class='ocrx_word' id='word_1_842' title='bbox 3214 5515 3381 5587; x_wconf 79' lang='grc' dir='ltr'>ὑμῶν</span> <span class='ocrx_word' id='word_1_843' title='bbox 3403 5519 3456 5569; x_wconf 85' lang='grc' dir='ltr'>οἱ</span> <span class='ocrx_word' id='word_1_844' title='bbox 3485 5515 3717 5583; x_wconf 63' lang='grc' dir='ltr'>ὀρθίαι-</span> 
     </span>
    </p>
   </div>
   <div class='ocr_carea' id='block_1_114' title="bbox 2129 5607 3714 5683">
    <p class='ocr_par' dir='ltr' id='par_1_114' title="bbox 2129 5607 3714 5683">
     <span class='ocr_line' id='line_1_114' title="bbox 2129 5607 3714 5683; baseline -0.002 -18"><span class='ocrx_word' id='word_1_845' title='bbox 2129 5613 2256 5683; x_wconf 77' lang='grc' dir='ltr'>μοὶ,</span> <span class='ocrx_word' id='word_1_846' title='bbox 2292 5611 2392 5666; x_wconf 78' lang='grc' dir='ltr'>καὶ</span> <span class='ocrx_word' id='word_1_847' title='bbox 2415 5612 2632 5667; x_wconf 74' lang='grc' dir='ltr'>ἔσεσθε</span> <span class='ocrx_word' id='word_1_848' title='bbox 2672 5611 2751 5679; x_wconf 85' lang='grc' dir='ltr'>ὡς</span> <span class='ocrx_word' id='word_1_849' title='bbox 2780 5611 2924 5677; x_wconf 80' lang='grc' dir='ltr'>θεοὶ,</span> <span class='ocrx_word' id='word_1_850' title='bbox 2963 5611 3359 5680; x_wconf 73' lang='grc' dir='ltr'>γινώσκοντες</span> <span class='ocrx_word' id='word_1_851' title='bbox 3386 5608 3576 5664; x_wconf 70' lang='grc' dir='ltr'>καλὸν</span> <span class='ocrx_word' id='word_1_852' title='bbox 3608 5607 3714 5663; x_wconf 73' lang='grc' dir='ltr'>καὶ</span> 
     </span>
    </p>
   </div>
   <div class='ocr_carea' id='block_1_115' title="bbox 463 5697 2019 5783">
    <p class='ocr_par' dir='ltr' id='par_1_115' title="bbox 463 5701 2019 5783">
     <span class='ocr_line' id='line_1_115' title="bbox 463 5701 2019 5783; baseline -0.011 -14"><span class='ocrx_word' id='word_1_853' title='bbox 463 5716 598 5781; x_wconf 86' lang='lat' dir='ltr'><strong>quod</strong></span> <span class='ocrx_word' id='word_1_854' title='bbox 641 5728 945 5783; x_wconf 85' lang='lat' dir='ltr'><strong>quocunque</strong></span> <span class='ocrx_word' id='word_1_855' title='bbox 989 5709 1074 5763; x_wconf 87' lang='lat' dir='ltr'><strong>die</strong></span> <span class='ocrx_word' id='word_1_856' title='bbox 1125 5722 1191 5762; x_wconf 74' lang='lat' dir='ltr'><strong>ex</strong></span> <span class='ocrx_word' id='word_1_857' title='bbox 1223 5722 1282 5760; x_wconf 87' lang='lat' dir='ltr'><strong>eo</strong></span> <span class='ocrx_word' id='word_1_858' title='bbox 1326 5702 1696 5767; x_wconf 84' lang='lat' dir='ltr'><strong>comederitis,</strong></span> <span class='ocrx_word' id='word_1_859' title='bbox 1737 5701 2019 5772; x_wconf 75' lang='lat' dir='ltr'><strong>aperientuz</strong></span> 
     </span>
    </p>
   </div>
   <div class='ocr_carea' id='block_1_116' title="bbox 2124 5697 3716 5783">
    <p class='ocr_par' dir='ltr' id='par_1_116' title="bbox 2136 5697 3716 5773">
     <span class='ocr_line' id='line_1_116' title="bbox 2136 5697 3716 5773; baseline -0.004 -15"><span class='ocrx_word' id='word_1_860' title='bbox 2136 5702 2424 5772; x_wconf 78' lang='grc' dir='ltr'>πονηρὸν,</span> <span class='ocrx_word' id='word_1_861' title='bbox 2451 5703 2545 5757; x_wconf 70' lang='grc' dir='ltr'><strong>καὶ</strong></span> <span class='ocrx_word' id='word_1_862' title='bbox 2572 5702 2659 5756; x_wconf 82' lang='grc' dir='ltr'>διὰ</span> <span class='ocrx_word' id='word_1_863' title='bbox 2695 5702 2853 5757; x_wconf 84' lang='grc' dir='ltr'>τοῦτο</span> <span class='ocrx_word' id='word_1_864' title='bbox 2878 5700 3169 5758; x_wconf 76' lang='grc' dir='ltr'>ἐκώλυσεν.</span> <span class='ocrx_word' id='word_1_865' title='bbox 3198 5700 3383 5755; x_wconf 81' lang='grc' dir='ltr'>Πείθει</span> <span class='ocrx_word' id='word_1_866' title='bbox 3410 5697 3581 5766; x_wconf 81' lang='grc' dir='ltr'>οὑτως</span> <span class='ocrx_word' id='word_1_867' title='bbox 3607 5697 3716 5773; x_wconf 77' lang='grc' dir='ltr'>τὴν</span> 
     </span>
    </p>
   </div>
   <div class='ocr_carea' id='block_1_117' title="bbox 534 5819 2019 5909">
    <p class='ocr_par' dir='ltr' id='par_1_117' title="bbox 534 5831 2006 5909">
     <span class='ocr_line' id='line_1_117' title="bbox 534 5831 2006 5909; baseline -0.01 -12"><span class='ocrx_word' id='word_1_868' title='bbox 534 5842 579 5875; x_wconf 75' lang='grc'><strong>’⁸</strong></span> <span class='ocrx_word' id='word_1_869' title='bbox 611 5839 747 5900; x_wconf 84' lang='lat' dir='ltr'><strong>Gen.</strong></span> <span class='ocrx_word' id='word_1_870' title='bbox 789 5858 876 5909; x_wconf 89' lang='grc' dir='ltr'>ιιι,</span> <span class='ocrx_word' id='word_1_871' title='bbox 911 5842 968 5897; x_wconf 85' lang='lat'><strong>6.</strong></span> <span class='ocrx_word' id='word_1_872' title='bbox 1045 5840 1092 5874; x_wconf 78' lang='lat'><strong>”</strong></span> <span class='ocrx_word' id='word_1_873' title='bbox 1130 5837 1407 5903; x_wconf 73' lang='lat' dir='ltr'><strong>Rom.vn,</strong></span> <span class='ocrx_word' id='word_1_874' title='bbox 1444 5835 1498 5891; x_wconf 85' lang='lat'><strong>9.</strong></span> <span class='ocrx_word' id='word_1_875' title='bbox 1575 5834 1620 5867; x_wconf 78' lang='grc' dir='ltr'><strong>³ο</strong></span> <span class='ocrx_word' id='word_1_876' title='bbox 1658 5832 1794 5889; x_wconf 90' lang='lat' dir='ltr'><strong>Gen.</strong></span> <span class='ocrx_word' id='word_1_877' title='bbox 1834 5848 1918 5897; x_wconf 85' lang='grc' dir='ltr'>ιιι,</span> <span class='ocrx_word' id='word_1_878' title='bbox 1955 5831 2006 5886; x_wconf 82' lang='lat' dir='ltr'><strong>I.</strong></span> 
     </span>
    </p>
   </div>
   <div class='ocr_carea' id='block_1_118' title="bbox 2124 5819 2387 5909">
    <p class='ocr_par' dir='ltr' id='par_1_118' title="bbox 2124 5819 2387 5885">
     <span class='ocr_line' id='line_1_118' title="bbox 2124 5819 2387 5885; baseline 0.011 -3"><span class='ocrx_word' id='word_1_879' title='bbox 2124 5854 2126 5859; x_wconf 55' lang='grc' dir='ltr'><strong>ν</strong></span> <span class='ocrx_word' id='word_1_880' title='bbox 2160 5825 2291 5883; x_wconf 86' lang='lat' dir='ltr'><strong>ibid.</strong></span> <span class='ocrx_word' id='word_1_881' title='bbox 2329 5819 2387 5885; x_wconf 74' lang='grc' dir='ltr'><strong>2ο</strong></span> 
     </span>
    </p>
   </div>
  </div>
