  <div class='ocr_page' id='page_1' title='image "/cluster/home/n/w/nwhite01/storage/ocr_20150623/38:no.4/coo.31924054869353/518.png"; bbox 0 0 4000 6458; ppageno 0'>
   <div class='ocr_carea' id='block_1_1' title="bbox 271 514 1839 593">
    <p class='ocr_par' dir='ltr' id='par_1_1' title="bbox 271 514 1839 593">
     <span class='ocr_line' id='line_1_1' title="bbox 271 514 1839 593; baseline -0.001 -16"><span class='ocrx_word' id='word_1_1' title='bbox 271 518 525 577; x_wconf 83' lang='grc' dir='ltr'>τάλαιναν</span> <span class='ocrx_word' id='word_1_2' title='bbox 556 515 768 571; x_wconf 77' lang='grc' dir='ltr'>ἔδεσθαι</span> <span class='ocrx_word' id='word_1_3' title='bbox 787 514 879 572; x_wconf 78' lang='grc' dir='ltr'><strong>τοῦ</strong></span> <span class='ocrx_word' id='word_1_4' title='bbox 910 516 1377 589; x_wconf 72' lang='grc' dir='ltr'><strong>ἀπηγορευμένον,</strong></span> <span class='ocrx_word' id='word_1_5' title='bbox 1412 518 1506 576; x_wconf 81' lang='grc' dir='ltr'>καὶ</span> <span class='ocrx_word' id='word_1_6' title='bbox 1537 518 1601 572; x_wconf 83' lang='grc' dir='ltr'><strong>δι’</strong></span> <span class='ocrx_word' id='word_1_7' title='bbox 1626 521 1839 593; x_wconf 80' lang='grc' dir='ltr'>ἐκείνης</span> 
     </span>
    </p>
   </div>
   <div class='ocr_carea' id='block_1_2' title="bbox 267 607 1839 685">
    <p class='ocr_par' dir='ltr' id='par_1_2' title="bbox 267 607 1839 685">
     <span class='ocr_line' id='line_1_2' title="bbox 267 607 1839 685; baseline -0.002 -19"><span class='ocrx_word' id='word_1_8' title='bbox 267 610 542 685; x_wconf 74' lang='grc' dir='ltr'><strong>χειροῦται</strong></span> <span class='ocrx_word' id='word_1_9' title='bbox 567 608 660 662; x_wconf 87' lang='grc' dir='ltr'><strong>τὸν</strong></span> <span class='ocrx_word' id='word_1_10' title='bbox 694 607 859 681; x_wconf 79' lang='grc' dir='ltr'>ἄνδρα</span> <span class='ocrx_word' id='word_1_11' title='bbox 876 648 891 674; x_wconf 95' lang='grc'><strong>,</strong></span> <span class='ocrx_word' id='word_1_12' title='bbox 920 607 1279 680; x_wconf 78' lang='grc' dir='ltr'><strong>ὀρεγομένους</strong></span> <span class='ocrx_word' id='word_1_13' title='bbox 1308 607 1577 680; x_wconf 81' lang='grc' dir='ltr'><strong>θεότητος.</strong></span> <span class='ocrx_word' id='word_1_14' title='bbox 1612 611 1839 683; x_wconf 78' lang='grc' dir='ltr'>Γυμνώο</span> 
     </span>
    </p>
   </div>
   <div class='ocr_carea' id='block_1_3' title="bbox 274 694 1839 773">
    <p class='ocr_par' dir='ltr' id='par_1_3' title="bbox 274 694 1839 773">
     <span class='ocr_line' id='line_1_3' title="bbox 274 694 1839 773; baseline -0.001 -13"><span class='ocrx_word' id='word_1_15' title='bbox 274 722 370 769; x_wconf 86' lang='grc' dir='ltr'><strong>σας</strong></span> <span class='ocrx_word' id='word_1_16' title='bbox 425 701 604 756; x_wconf 79' lang='grc' dir='ltr'>τοίνυν</span> <span class='ocrx_word' id='word_1_17' title='bbox 659 702 853 765; x_wconf 79' lang='grc' dir='ltr'>αὐτοὺς</span> <span class='ocrx_word' id='word_1_18' title='bbox 904 702 998 754; x_wconf 74' lang='grc' dir='ltr'>καὶ</span> <span class='ocrx_word' id='word_1_19' title='bbox 1042 694 1118 756; x_wconf 83' lang='grc' dir='ltr'>ὧν</span> <span class='ocrx_word' id='word_1_20' title='bbox 1157 701 1367 773; x_wconf 55' lang='grc' dir='ltr'>εἴχοντο</span> <span class='ocrx_word' id='word_1_21' title='bbox 1412 700 1711 767; x_wconf 79' lang='grc' dir='ltr'><strong>ἀθανασίας</strong></span> <span class='ocrx_word' id='word_1_22' title='bbox 1744 705 1839 759; x_wconf 71' lang='grc' dir='ltr'>καὶ</span> 
     </span>
    </p>
   </div>
   <div class='ocr_carea' id='block_1_4' title="bbox 272 791 1842 866">
    <p class='ocr_par' dir='ltr' id='par_1_4' title="bbox 272 791 1842 866">
     <span class='ocr_line' id='line_1_4' title="bbox 272 791 1842 866; baseline 0 -18"><span class='ocrx_word' id='word_1_23' title='bbox 272 792 578 865; x_wconf 74' lang='grc' dir='ltr'>ἀφθαρσίας</span> <span class='ocrx_word' id='word_1_24' title='bbox 609 791 704 845; x_wconf 77' lang='grc' dir='ltr'><strong>καὶ</strong></span> <span class='ocrx_word' id='word_1_25' title='bbox 735 792 1134 862; x_wconf 75' lang='grc' dir='ltr'><strong>μακαριότητος</strong></span> <span class='ocrx_word' id='word_1_26' title='bbox 1157 830 1171 855; x_wconf 98' lang='grc'><strong>,</strong></span> <span class='ocrx_word' id='word_1_27' title='bbox 1221 791 1450 865; x_wconf 79' lang='grc' dir='ltr'>ἀνέζησε</span> <span class='ocrx_word' id='word_1_28' title='bbox 1484 795 1551 866; x_wconf 75' lang='grc' dir='ltr'>τῇ</span> <span class='ocrx_word' id='word_1_29' title='bbox 1583 793 1781 866; x_wconf 84' lang='grc' dir='ltr'>πράξει</span> <span class='ocrx_word' id='word_1_30' title='bbox 1812 794 1842 848; x_wconf 90' lang='lat'><strong>6</strong></span> 
     </span>
    </p>
   </div>
   <div class='ocr_carea' id='block_1_5' title="bbox 276 883 1843 961">
    <p class='ocr_par' dir='ltr' id='par_1_5' title="bbox 276 883 1843 961">
     <span class='ocr_line' id='line_1_5' title="bbox 276 883 1843 961; baseline -0.001 -21"><span class='ocrx_word' id='word_1_31' title='bbox 276 886 522 961; x_wconf 87' lang='grc' dir='ltr'>μισόθεος</span> <span class='ocrx_word' id='word_1_32' title='bbox 574 884 668 938; x_wconf 77' lang='grc' dir='ltr'>καὶ</span> <span class='ocrx_word' id='word_1_33' title='bbox 715 883 1195 958; x_wconf 83' lang='grc' dir='ltr'>ἀνθρωποκτόνος·</span> <span class='ocrx_word' id='word_1_34' title='bbox 1233 887 1327 939; x_wconf 55' lang='grc' dir='ltr'><strong>καὶ⁹</strong></span> <span class='ocrx_word' id='word_1_35' title='bbox 1375 883 1530 949; x_wconf 78' lang='grc' dir='ltr'>αὖθις</span> <span class='ocrx_word' id='word_1_36' title='bbox 1567 885 1843 940; x_wconf 86' lang='grc' dir='ltr'>διαϐάλλει</span> 
     </span>
    </p>
   </div>
   <div class='ocr_carea' id='block_1_6' title="bbox 272 976 1845 1051">
    <p class='ocr_par' dir='ltr' id='par_1_6' title="bbox 272 976 1845 1051">
     <span class='ocr_line' id='line_1_6' title="bbox 272 976 1845 1051; baseline -0.003 -17"><span class='ocrx_word' id='word_1_37' title='bbox 272 979 390 1051; x_wconf 84' lang='grc' dir='ltr'><strong>Θεῷ</strong></span> <span class='ocrx_word' id='word_1_38' title='bbox 421 978 513 1034; x_wconf 81' lang='grc' dir='ltr'><strong>τὸν</strong></span> <span class='ocrx_word' id='word_1_39' title='bbox 544 976 826 1048; x_wconf 81' lang='grc' dir='ltr'>ἄνθρωπον</span> <span class='ocrx_word' id='word_1_40' title='bbox 860 977 1200 1049; x_wconf 84' lang='grc' dir='ltr'>παραϐάντα.</span> <span class='ocrx_word' id='word_1_41' title='bbox 1233 978 1437 1050; x_wconf 79' lang='grc' dir='ltr'>Γράφει</span> <span class='ocrx_word' id='word_1_42' title='bbox 1469 978 1527 1031; x_wconf 81' lang='grc' dir='ltr'>δὲ</span> <span class='ocrx_word' id='word_1_43' title='bbox 1569 978 1777 1048; x_wconf 83' lang='grc' dir='ltr'><strong>Μωσῆς</strong></span> <span class='ocrx_word' id='word_1_44' title='bbox 1815 978 1845 1030; x_wconf 93' lang='lat'><strong>6</strong></span> 
     </span>
    </p>
   </div>
   <div class='ocr_carea' id='block_1_7' title="bbox 274 1068 1846 1143">
    <p class='ocr_par' dir='ltr' id='par_1_7' title="bbox 274 1068 1846 1143">
     <span class='ocr_line' id='line_1_7' title="bbox 274 1068 1846 1143; baseline -0.004 -16"><span class='ocrx_word' id='word_1_45' title='bbox 274 1071 508 1143; x_wconf 88' lang='grc' dir='ltr'>θεόπτης</span> <span class='ocrx_word' id='word_1_46' title='bbox 553 1070 647 1123; x_wconf 78' lang='grc' dir='ltr'>καὶ</span> <span class='ocrx_word' id='word_1_47' title='bbox 700 1070 841 1133; x_wconf 78' lang='grc' dir='ltr'>θεῖος</span> <span class='ocrx_word' id='word_1_48' title='bbox 898 1068 1230 1140; x_wconf 83' lang='grc' dir='ltr'>νομοθέτης,</span> <span class='ocrx_word' id='word_1_49' title='bbox 1281 1069 1382 1138; x_wconf 86' lang='grc' dir='ltr'>τῆς</span> <span class='ocrx_word' id='word_1_50' title='bbox 1439 1068 1691 1139; x_wconf 86' lang='grc' dir='ltr'>διαϐολῆς</span> <span class='ocrx_word' id='word_1_51' title='bbox 1748 1068 1846 1122; x_wconf 82' lang='grc' dir='ltr'><strong>αὐ-</strong></span> 
     </span>
    </p>
   </div>
   <div class='ocr_carea' id='block_1_8' title="bbox 272 1154 1844 1233">
    <p class='ocr_par' dir='ltr' id='par_1_8' title="bbox 272 1154 1844 1233">
     <span class='ocr_line' id='line_1_8' title="bbox 272 1154 1844 1233; baseline -0.002 -15"><span class='ocrx_word' id='word_1_52' title='bbox 272 1163 366 1219; x_wconf 77' lang='grc' dir='ltr'><strong>τοῦ</strong></span> <span class='ocrx_word' id='word_1_53' title='bbox 412 1163 482 1217; x_wconf 84' lang='grc' dir='ltr'><strong>τὰ</strong></span> <span class='ocrx_word' id='word_1_54' title='bbox 515 1164 736 1233; x_wconf 78' lang='grc' dir='ltr'>ῥήματα</span> <span class='ocrx_word' id='word_1_55' title='bbox 756 1176 771 1191; x_wconf 83' lang='grc'><em>’</em></span> <span class='ocrx_word' id='word_1_56' title='bbox 831 1164 888 1215; x_wconf 82' lang='grc' dir='ltr'>ὲν</span> <span class='ocrx_word' id='word_1_57' title='bbox 919 1154 963 1231; x_wconf 79' lang='grc' dir='ltr'>ᾧ</span> <span class='ocrx_word' id='word_1_58' title='bbox 1001 1161 1065 1233; x_wconf 85' lang='grc' dir='ltr'>δὴ</span> <span class='ocrx_word' id='word_1_59' title='bbox 1122 1160 1483 1232; x_wconf 76' lang='grc' dir='ltr'>ὲκτραγῳδῶν</span> <span class='ocrx_word' id='word_1_60' title='bbox 1515 1161 1606 1215; x_wconf 88' lang='grc' dir='ltr'><strong>τὸν</strong></span> <span class='ocrx_word' id='word_1_61' title='bbox 1650 1160 1844 1215; x_wconf 81' lang='grc' dir='ltr'>δόλιον.</span> 
     </span>
    </p>
   </div>
   <div class='ocr_carea' id='block_1_9' title="bbox 274 1246 1845 1328">
    <p class='ocr_par' dir='ltr' id='par_1_9' title="bbox 274 1246 1845 1328">
     <span class='ocr_line' id='line_1_9' title="bbox 274 1246 1845 1328; baseline -0.005 -17"><span class='ocrx_word' id='word_1_62' title='bbox 274 1257 413 1328; x_wconf 73' lang='grc' dir='ltr'>Φησὶ</span> <span class='ocrx_word' id='word_1_63' title='bbox 457 1255 587 1325; x_wconf 75' lang='grc' dir='ltr'>γοῦν</span> <span class='ocrx_word' id='word_1_64' title='bbox 619 1253 920 1308; x_wconf 88' lang='grc' dir='ltr'>διαϐάλλων</span> <span class='ocrx_word' id='word_1_65' title='bbox 970 1252 1088 1324; x_wconf 87' lang='grc' dir='ltr'><strong>Θεῷ</strong></span> <span class='ocrx_word' id='word_1_66' title='bbox 1142 1252 1234 1307; x_wconf 88' lang='grc' dir='ltr'><strong>τὸν</strong></span> <span class='ocrx_word' id='word_1_67' title='bbox 1286 1252 1458 1325; x_wconf 85' lang='grc' dir='ltr'>Ἀδὰμ</span> <span class='ocrx_word' id='word_1_68' title='bbox 1489 1256 1517 1308; x_wconf 91' lang='lat'><strong>6</strong></span> <span class='ocrx_word' id='word_1_69' title='bbox 1557 1246 1800 1316; x_wconf 75' lang='grc' dir='ltr'>διάϐολος</span> <span class='ocrx_word' id='word_1_70' title='bbox 1830 1268 1845 1287; x_wconf 89' lang='grc'><strong>·</strong></span> 
     </span>
    </p>
   </div>
   <div class='ocr_carea' id='block_1_10' title="bbox 277 1344 1849 1417">
    <p class='ocr_par' dir='ltr' id='par_1_10' title="bbox 277 1344 1849 1417">
     <span class='ocr_line' id='line_1_10' title="bbox 277 1344 1849 1417; baseline -0.003 -14"><span class='ocrx_word' id='word_1_71' title='bbox 277 1349 383 1404; x_wconf 88' lang='grc' dir='ltr'>Καί</span> <span class='ocrx_word' id='word_1_72' title='bbox 413 1347 553 1417; x_wconf 59' lang='grc' dir='ltr'>ἕφαη</span> <span class='ocrx_word' id='word_1_73' title='bbox 566 1363 638 1402; x_wconf 86' lang='grc' dir='ltr'><strong>εν</strong></span> <span class='ocrx_word' id='word_1_74' title='bbox 663 1345 890 1410; x_wconf 79' lang='grc' dir='ltr'>Ἰακὼϐ,</span> <span class='ocrx_word' id='word_1_75' title='bbox 940 1347 1040 1400; x_wconf 82' lang='grc' dir='ltr'><strong>καί</strong></span> <span class='ocrx_word' id='word_1_76' title='bbox 1090 1345 1459 1413; x_wconf 75' lang='grc' dir='ltr'><strong>ἐνεπλήσθη,</strong></span> <span class='ocrx_word' id='word_1_77' title='bbox 1496 1345 1596 1399; x_wconf 79' lang='grc' dir='ltr'>καὶ</span> <span class='ocrx_word' id='word_1_78' title='bbox 1626 1344 1849 1400; x_wconf 67' lang='grc' dir='ltr'>ἀπελάμ-</span> 
     </span>
    </p>
   </div>
   <div class='ocr_carea' id='block_1_11' title="bbox 279 1434 1848 1507">
    <p class='ocr_par' dir='ltr' id='par_1_11' title="bbox 279 1434 1848 1507">
     <span class='ocr_line' id='line_1_11' title="bbox 279 1434 1848 1507; baseline -0.004 -14"><span class='ocrx_word' id='word_1_79' title='bbox 279 1454 486 1493; x_wconf 81' lang='grc' dir='ltr'>κτισεν</span> <span class='ocrx_word' id='word_1_80' title='bbox 537 1437 572 1490; x_wconf 87' lang='grc' dir='ltr'><strong>ό</strong></span> <span class='ocrx_word' id='word_1_81' title='bbox 623 1435 1026 1506; x_wconf 75' lang='grc' dir='ltr'>ἠγαπημένος.</span> <span class='ocrx_word' id='word_1_82' title='bbox 1082 1435 1410 1505; x_wconf 82' lang='grc' dir='ltr'>Ἐλιπὰνθη</span> <span class='ocrx_word' id='word_1_83' title='bbox 1464 1434 1573 1507; x_wconf 77' lang='grc' dir='ltr'>γὰρ</span> <span class='ocrx_word' id='word_1_84' title='bbox 1596 1474 1612 1497; x_wconf 90' lang='grc'><strong>,</strong></span> <span class='ocrx_word' id='word_1_85' title='bbox 1662 1436 1848 1507; x_wconf 79' lang='grc' dir='ltr'>φησὶν,</span> 
     </span>
    </p>
   </div>
   <div class='ocr_carea' id='block_1_12' title="bbox 275 1525 1853 1598">
    <p class='ocr_par' dir='ltr' id='par_1_12' title="bbox 275 1525 1853 1598">
     <span class='ocr_line' id='line_1_12' title="bbox 275 1525 1853 1598; baseline -0.005 -12"><span class='ocrx_word' id='word_1_86' title='bbox 275 1529 608 1598; x_wconf 80' lang='grc' dir='ltr'>ἐπαχύνθη,</span> <span class='ocrx_word' id='word_1_87' title='bbox 638 1526 1006 1594; x_wconf 83' lang='grc' dir='ltr'>ἐπλατύνθη,</span> <span class='ocrx_word' id='word_1_88' title='bbox 1050 1525 1148 1579; x_wconf 82' lang='grc' dir='ltr'><strong>καί</strong></span> <span class='ocrx_word' id='word_1_89' title='bbox 1183 1525 1538 1595; x_wconf 74' lang='grc' dir='ltr'><strong>ἐγκατέλιπε</strong></span> <span class='ocrx_word' id='word_1_90' title='bbox 1575 1526 1720 1581; x_wconf 84' lang='grc' dir='ltr'>Θεὸν</span> <span class='ocrx_word' id='word_1_91' title='bbox 1743 1525 1853 1579; x_wconf 85' lang='grc' dir='ltr'><strong>τὸν</strong></span> 
     </span>
    </p>
   </div>
   <div class='ocr_carea' id='block_1_13' title="bbox 277 1617 1854 1697">
    <p class='ocr_par' dir='ltr' id='par_1_13' title="bbox 277 1617 1854 1697">
     <span class='ocr_line' id='line_1_13' title="bbox 277 1617 1854 1697; baseline -0.004 -18"><span class='ocrx_word' id='word_1_92' title='bbox 277 1622 619 1691; x_wconf 78' lang='grc' dir='ltr'>ποιήσαντα</span> <span class='ocrx_word' id='word_1_93' title='bbox 641 1619 846 1684; x_wconf 73' lang='grc' dir='ltr'>αὐτὸν,</span> <span class='ocrx_word' id='word_1_94' title='bbox 875 1618 973 1672; x_wconf 82' lang='grc' dir='ltr'>καὶ</span> <span class='ocrx_word' id='word_1_95' title='bbox 996 1617 1230 1689; x_wconf 79' lang='grc' dir='ltr'>ἀπέστη</span> <span class='ocrx_word' id='word_1_96' title='bbox 1257 1620 1375 1674; x_wconf 84' lang='grc' dir='ltr'><strong>ἀπὸ</strong></span> <span class='ocrx_word' id='word_1_97' title='bbox 1409 1619 1557 1675; x_wconf 87' lang='grc' dir='ltr'><strong>Θεοῦ</strong></span> <span class='ocrx_word' id='word_1_98' title='bbox 1583 1618 1854 1697; x_wconf 82' lang='grc' dir='ltr'>σωτῆρος</span> 
     </span>
    </p>
   </div>
   <div class='ocr_carea' id='block_1_14' title="bbox 278 1711 1854 1786">
    <p class='ocr_par' dir='ltr' id='par_1_14' title="bbox 278 1711 1854 1786">
     <span class='ocr_line' id='line_1_14' title="bbox 278 1711 1854 1786; baseline -0.006 -15"><span class='ocrx_word' id='word_1_99' title='bbox 278 1715 486 1772; x_wconf 86' lang='grc' dir='ltr'>αὑτοῦ.</span> <span class='ocrx_word' id='word_1_100' title='bbox 526 1714 700 1769; x_wconf 81' lang='grc' dir='ltr'>Τοῦτο</span> <span class='ocrx_word' id='word_1_101' title='bbox 746 1713 854 1786; x_wconf 84' lang='grc' dir='ltr'>γὰρ</span> <span class='ocrx_word' id='word_1_102' title='bbox 910 1713 1005 1768; x_wconf 71' lang='grc' dir='ltr'>καὶ</span> <span class='ocrx_word' id='word_1_103' title='bbox 1059 1711 1139 1785; x_wconf 86' lang='grc' dir='ltr'><strong>τῷ</strong></span> <span class='ocrx_word' id='word_1_104' title='bbox 1182 1711 1375 1767; x_wconf 85' lang='grc' dir='ltr'>Ἰακὼϐ</span> <span class='ocrx_word' id='word_1_105' title='bbox 1425 1711 1720 1782; x_wconf 74' lang='grc' dir='ltr'>εποίησεν,</span> <span class='ocrx_word' id='word_1_106' title='bbox 1773 1711 1854 1774; x_wconf 86' lang='grc' dir='ltr'><strong>είς</strong></span> 
     </span>
    </p>
   </div>
   <div class='ocr_carea' id='block_1_15' title="bbox 279 1799 1857 1882">
    <p class='ocr_par' dir='ltr' id='par_1_15' title="bbox 279 1799 1857 1882">
     <span class='ocr_line' id='line_1_15' title="bbox 279 1799 1857 1882; baseline -0.004 -19"><span class='ocrx_word' id='word_1_107' title='bbox 279 1806 618 1882; x_wconf 87' lang='grc' dir='ltr'>κρεωϐορίαν</span> <span class='ocrx_word' id='word_1_108' title='bbox 643 1805 739 1859; x_wconf 72' lang='grc' dir='ltr'>καὶ</span> <span class='ocrx_word' id='word_1_109' title='bbox 769 1805 1052 1878; x_wconf 86' lang='grc' dir='ltr'>παροινίαν</span> <span class='ocrx_word' id='word_1_110' title='bbox 1084 1805 1246 1859; x_wconf 76' lang='grc' dir='ltr'>αὐτὸν</span> <span class='ocrx_word' id='word_1_111' title='bbox 1278 1804 1603 1871; x_wconf 83' lang='grc' dir='ltr'>ὲκκυλίσας,</span> <span class='ocrx_word' id='word_1_112' title='bbox 1639 1799 1739 1858; x_wconf 74' lang='grc' dir='ltr'>εἷθ’</span> <span class='ocrx_word' id='word_1_113' title='bbox 1772 1800 1857 1856; x_wconf 76' lang='grc' dir='ltr'><strong>οὔ·</strong></span> 
     </span>
    </p>
   </div>
   <div class='ocr_carea' id='block_1_16' title="bbox 279 1893 1856 1969">
    <p class='ocr_par' dir='ltr' id='par_1_16' title="bbox 279 1893 1856 1969">
     <span class='ocr_line' id='line_1_16' title="bbox 279 1893 1856 1969; baseline -0.005 -15"><span class='ocrx_word' id='word_1_114' title='bbox 279 1915 390 1963; x_wconf 87' lang='grc' dir='ltr'><strong>τως</strong></span> <span class='ocrx_word' id='word_1_115' title='bbox 438 1899 519 1963; x_wconf 87' lang='grc' dir='ltr'><strong>είς</strong></span> <span class='ocrx_word' id='word_1_116' title='bbox 569 1896 1005 1969; x_wconf 80' lang='grc' dir='ltr'>εἰδωλολατρείαν</span> <span class='ocrx_word' id='word_1_117' title='bbox 1065 1897 1261 1962; x_wconf 76' lang='grc' dir='ltr'>αὐτοὺς</span> <span class='ocrx_word' id='word_1_118' title='bbox 1321 1895 1669 1969; x_wconf 79' lang='grc' dir='ltr'>καταρράξας</span> <span class='ocrx_word' id='word_1_119' title='bbox 1734 1893 1856 1949; x_wconf 85' lang='grc' dir='ltr'>καθ’</span> 
     </span>
    </p>
   </div>
   <div class='ocr_carea' id='block_1_17' title="bbox 282 1985 1856 2062">
    <p class='ocr_par' dir='ltr' id='par_1_17' title="bbox 282 1985 1856 2062">
     <span class='ocr_line' id='line_1_17' title="bbox 282 1985 1856 2062; baseline -0.002 -16"><span class='ocrx_word' id='word_1_120' title='bbox 282 1985 360 2046; x_wconf 80' lang='grc' dir='ltr'>ὧν</span> <span class='ocrx_word' id='word_1_121' title='bbox 388 1990 594 2062; x_wconf 80' lang='grc' dir='ltr'><strong>Μωσῆς</strong></span> <span class='ocrx_word' id='word_1_122' title='bbox 623 1989 712 2043; x_wconf 87' lang='grc' dir='ltr'><strong>τὸν</strong></span> <span class='ocrx_word' id='word_1_123' title='bbox 756 1988 920 2044; x_wconf 77' lang='grc' dir='ltr'>Λευῒν</span> <span class='ocrx_word' id='word_1_124' title='bbox 952 1989 1240 2055; x_wconf 77' lang='grc' dir='ltr'>ὲξοπλίσας</span> <span class='ocrx_word' id='word_1_125' title='bbox 1265 2028 1280 2054; x_wconf 87' lang='grc'><strong>,</strong></span> <span class='ocrx_word' id='word_1_126' title='bbox 1322 1990 1648 2061; x_wconf 82' lang='grc' dir='ltr'>είκοσιτρεϊς</span> <span class='ocrx_word' id='word_1_127' title='bbox 1680 1988 1856 2061; x_wconf 83' lang='grc' dir='ltr'>χιλιά-</span> 
     </span>
    </p>
   </div>
   <div class='ocr_carea' id='block_1_18' title="bbox 284 2080 1857 2155">
    <p class='ocr_par' dir='ltr' id='par_1_18' title="bbox 284 2080 1857 2155">
     <span class='ocr_line' id='line_1_18' title="bbox 284 2080 1857 2155; baseline 0 -20"><span class='ocrx_word' id='word_1_128' title='bbox 284 2080 381 2146; x_wconf 83' lang='grc' dir='ltr'><strong>δας</strong></span> <span class='ocrx_word' id='word_1_129' title='bbox 405 2080 499 2135; x_wconf 80' lang='grc' dir='ltr'><strong>τοῦ</strong></span> <span class='ocrx_word' id='word_1_130' title='bbox 538 2080 728 2135; x_wconf 86' lang='grc' dir='ltr'>Ἰακὼϐ</span> <span class='ocrx_word' id='word_1_131' title='bbox 765 2084 823 2137; x_wconf 82' lang='grc' dir='ltr'>ὲν</span> <span class='ocrx_word' id='word_1_132' title='bbox 858 2084 959 2153; x_wconf 84' lang='grc' dir='ltr'><strong>μιᾷ</strong></span> <span class='ocrx_word' id='word_1_133' title='bbox 991 2082 1177 2155; x_wconf 77' lang='grc' dir='ltr'>ἡμέρᾳ</span> <span class='ocrx_word' id='word_1_134' title='bbox 1234 2084 1293 2135; x_wconf 81' lang='grc' dir='ltr'>ἐν</span> <span class='ocrx_word' id='word_1_135' title='bbox 1340 2084 1408 2153; x_wconf 83' lang='grc' dir='ltr'><strong>τῇ</strong></span> <span class='ocrx_word' id='word_1_136' title='bbox 1449 2082 1642 2153; x_wconf 75' lang='grc' dir='ltr'>ἐρήμῳ</span> <span class='ocrx_word' id='word_1_137' title='bbox 1702 2081 1857 2152; x_wconf 90' lang='grc' dir='ltr'>δίκην</span> 
     </span>
    </p>
   </div>
   <div class='ocr_carea' id='block_1_19' title="bbox 285 2170 1858 2248">
    <p class='ocr_par' dir='ltr' id='par_1_19' title="bbox 285 2170 1858 2248">
     <span class='ocr_line' id='line_1_19' title="bbox 285 2170 1858 2248; baseline -0.002 -21"><span class='ocrx_word' id='word_1_138' title='bbox 285 2174 480 2247; x_wconf 84' lang='grc' dir='ltr'>χόρτου</span> <span class='ocrx_word' id='word_1_139' title='bbox 517 2174 793 2248; x_wconf 79' lang='grc' dir='ltr'>ὲδρέψατο.</span> <span class='ocrx_word' id='word_1_140' title='bbox 843 2173 982 2229; x_wconf 82' lang='grc' dir='ltr'>Ἀλλ’</span> <span class='ocrx_word' id='word_1_141' title='bbox 1014 2175 1164 2245; x_wconf 83' lang='grc' dir='ltr'>ὅμως</span> <span class='ocrx_word' id='word_1_142' title='bbox 1222 2174 1251 2226; x_wconf 87' lang='lat'><strong>6</strong></span> <span class='ocrx_word' id='word_1_143' title='bbox 1304 2173 1686 2244; x_wconf 86' lang='grc' dir='ltr'>φιλάνθρωπος</span> <span class='ocrx_word' id='word_1_144' title='bbox 1724 2170 1858 2236; x_wconf 89' lang='grc' dir='ltr'>Θεὸς</span> 
     </span>
    </p>
   </div>
   <div class='ocr_carea' id='block_1_20' title="bbox 284 2263 1859 2338">
    <p class='ocr_par' dir='ltr' id='par_1_20' title="bbox 284 2263 1859 2338">
     <span class='ocr_line' id='line_1_20' title="bbox 284 2263 1859 2338; baseline -0.002 -18"><span class='ocrx_word' id='word_1_145' title='bbox 284 2266 571 2338; x_wconf 74' lang='grc' dir='ltr'>ἀτρέπτως</span> <span class='ocrx_word' id='word_1_146' title='bbox 628 2266 773 2322; x_wconf 88' lang='grc' dir='ltr'><strong>κατά</strong></span> <span class='ocrx_word' id='word_1_147' title='bbox 819 2266 910 2321; x_wconf 89' lang='grc' dir='ltr'><strong>τὸν</strong></span> <span class='ocrx_word' id='word_1_148' title='bbox 967 2264 1324 2337; x_wconf 81' lang='grc' dir='ltr'>διαϐληθέντα</span> <span class='ocrx_word' id='word_1_149' title='bbox 1374 2264 1665 2335; x_wconf 60' lang='grc' dir='ltr'><strong>⁴γενόμενος</strong></span> <span class='ocrx_word' id='word_1_150' title='bbox 1685 2302 1701 2327; x_wconf 92' lang='grc'><strong>,</strong></span> <span class='ocrx_word' id='word_1_151' title='bbox 1754 2263 1859 2317; x_wconf 76' lang='grc' dir='ltr'><strong>ἐπ-</strong></span> 
     </span>
    </p>
   </div>
   <div class='ocr_carea' id='block_1_21' title="bbox 282 2354 1862 2430">
    <p class='ocr_par' dir='ltr' id='par_1_21' title="bbox 282 2354 1862 2430">
     <span class='ocr_line' id='line_1_21' title="bbox 282 2354 1862 2430; baseline -0.003 -18"><span class='ocrx_word' id='word_1_152' title='bbox 282 2358 571 2430; x_wconf 81' lang='grc' dir='ltr'>εφοίτησεν</span> <span class='ocrx_word' id='word_1_153' title='bbox 608 2359 742 2430; x_wconf 79' lang='grc' dir='ltr'>ἡμῖν</span> <span class='ocrx_word' id='word_1_154' title='bbox 773 2357 865 2413; x_wconf 90' lang='grc' dir='ltr'><strong>τὸν</strong></span> <span class='ocrx_word' id='word_1_155' title='bbox 925 2357 1184 2429; x_wconf 80' lang='grc' dir='ltr'>πολέμιον</span> <span class='ocrx_word' id='word_1_156' title='bbox 1237 2355 1622 2430; x_wconf 82' lang='grc' dir='ltr'>χειρώσασθαι.</span> <span class='ocrx_word' id='word_1_157' title='bbox 1662 2356 1721 2409; x_wconf 81' lang='grc' dir='ltr'>ἐν</span> <span class='ocrx_word' id='word_1_158' title='bbox 1760 2354 1862 2427; x_wconf 77' lang='grc' dir='ltr'>θέᾳ</span> 
     </span>
    </p>
   </div>
   <div class='ocr_carea' id='block_1_22' title="bbox 281 2444 1863 2521">
    <p class='ocr_par' dir='ltr' id='par_1_22' title="bbox 281 2444 1863 2521">
     <span class='ocr_line' id='line_1_22' title="bbox 281 2444 1863 2521; baseline -0.001 -18"><span class='ocrx_word' id='word_1_159' title='bbox 281 2450 379 2504; x_wconf 82' lang='grc' dir='ltr'>τοῦ</span> <span class='ocrx_word' id='word_1_160' title='bbox 434 2449 807 2521; x_wconf 81' lang='grc' dir='ltr'>ἀπατηθέντος</span> <span class='ocrx_word' id='word_1_161' title='bbox 864 2448 1082 2519; x_wconf 84' lang='grc' dir='ltr'>ἀληθῶς</span> <span class='ocrx_word' id='word_1_162' title='bbox 1136 2447 1427 2520; x_wconf 87' lang='grc' dir='ltr'>γενόμενος</span> <span class='ocrx_word' id='word_1_163' title='bbox 1453 2487 1470 2512; x_wconf 93' lang='grc'><strong>,</strong></span> <span class='ocrx_word' id='word_1_164' title='bbox 1515 2447 1606 2502; x_wconf 82' lang='grc' dir='ltr'>ἵνα</span> <span class='ocrx_word' id='word_1_165' title='bbox 1661 2446 1736 2519; x_wconf 79' lang='grc' dir='ltr'>μὴ</span> <span class='ocrx_word' id='word_1_166' title='bbox 1786 2444 1863 2517; x_wconf 81' lang='grc' dir='ltr'><strong>δῷ</strong></span> 
     </span>
    </p>
   </div>
   <div class='ocr_carea' id='block_1_23' title="bbox 284 2537 1864 2612">
    <p class='ocr_par' dir='ltr' id='par_1_23' title="bbox 284 2537 1864 2612">
     <span class='ocr_line' id='line_1_23' title="bbox 284 2537 1864 2612; baseline -0.004 -15"><span class='ocrx_word' id='word_1_167' title='bbox 284 2541 519 2612; x_wconf 80' lang='grc' dir='ltr'>φάσκειν</span> <span class='ocrx_word' id='word_1_168' title='bbox 572 2540 665 2595; x_wconf 88' lang='grc' dir='ltr'><strong>τὸν</strong></span> <span class='ocrx_word' id='word_1_169' title='bbox 714 2538 973 2612; x_wconf 86' lang='grc' dir='ltr'>Ἐχθρὸν,</span> <span class='ocrx_word' id='word_1_170' title='bbox 1021 2541 1103 2593; x_wconf 86' lang='grc' dir='ltr'>ὃτι</span> <span class='ocrx_word' id='word_1_171' title='bbox 1134 2540 1356 2611; x_wconf 83' lang='grc' dir='ltr'>Βροτοῖς</span> <span class='ocrx_word' id='word_1_172' title='bbox 1390 2540 1709 2610; x_wconf 82' lang='grc' dir='ltr'>πολεμήσας</span> <span class='ocrx_word' id='word_1_173' title='bbox 1758 2537 1864 2591; x_wconf 81' lang='grc' dir='ltr'>ὑπὸ</span> 
     </span>
    </p>
   </div>
   <div class='ocr_carea' id='block_1_24' title="bbox 281 2626 1865 2700">
    <p class='ocr_par' dir='ltr' id='par_1_24' title="bbox 281 2626 1865 2700">
     <span class='ocr_line' id='line_1_24' title="bbox 281 2626 1865 2700; baseline -0.001 -18"><span class='ocrx_word' id='word_1_174' title='bbox 281 2628 381 2683; x_wconf 82' lang='grc' dir='ltr'><strong>τοῦ</strong></span> <span class='ocrx_word' id='word_1_175' title='bbox 438 2626 575 2682; x_wconf 82' lang='grc' dir='ltr'>Θεοῦ</span> <span class='ocrx_word' id='word_1_176' title='bbox 634 2628 877 2699; x_wconf 79' lang='grc' dir='ltr'>ἦττημαι</span> <span class='ocrx_word' id='word_1_177' title='bbox 902 2667 918 2692; x_wconf 92' lang='grc'><strong>,</strong></span> <span class='ocrx_word' id='word_1_178' title='bbox 969 2628 1132 2692; x_wconf 82' lang='grc' dir='ltr'>αὐτὸς</span> <span class='ocrx_word' id='word_1_179' title='bbox 1191 2627 1381 2700; x_wconf 88' lang='grc' dir='ltr'>βροτὸς</span> <span class='ocrx_word' id='word_1_180' title='bbox 1419 2628 1628 2697; x_wconf 86' lang='grc' dir='ltr'>γίνεται</span> <span class='ocrx_word' id='word_1_181' title='bbox 1688 2628 1865 2699; x_wconf 81' lang='grc' dir='ltr'>μένων</span> 
     </span>
    </p>
   </div>
   <div class='ocr_carea' id='block_1_25' title="bbox 283 2720 1868 2794">
    <p class='ocr_par' dir='ltr' id='par_1_25' title="bbox 283 2720 1868 2794">
     <span class='ocr_line' id='line_1_25' title="bbox 283 2720 1868 2794; baseline -0.003 -18"><span class='ocrx_word' id='word_1_182' title='bbox 283 2720 457 2786; x_wconf 87' lang='grc' dir='ltr'>Θεὸς,</span> <span class='ocrx_word' id='word_1_183' title='bbox 493 2720 589 2774; x_wconf 72' lang='grc' dir='ltr'>καὶ</span> <span class='ocrx_word' id='word_1_184' title='bbox 640 2721 766 2792; x_wconf 77' lang='grc' dir='ltr'>ἥκει</span> <span class='ocrx_word' id='word_1_185' title='bbox 816 2720 1069 2792; x_wconf 85' lang='grc' dir='ltr'>πολεμῶν</span> <span class='ocrx_word' id='word_1_186' title='bbox 1101 2720 1243 2792; x_wconf 84' lang='grc' dir='ltr'>ὑπὲρ</span> <span class='ocrx_word' id='word_1_187' title='bbox 1288 2721 1517 2794; x_wconf 83' lang='grc' dir='ltr'>βροτῶν.</span> <span class='ocrx_word' id='word_1_188' title='bbox 1553 2722 1728 2793; x_wconf 88' lang='grc' dir='ltr'>Ὅπερ</span> <span class='ocrx_word' id='word_1_189' title='bbox 1760 2720 1868 2793; x_wconf 86' lang='grc' dir='ltr'><strong>πρὸ</strong></span> 
     </span>
    </p>
   </div>
   <div class='ocr_carea' id='block_1_26' title="bbox 283 2809 1870 2883">
    <p class='ocr_par' dir='ltr' id='par_1_26' title="bbox 283 2809 1870 2883">
     <span class='ocr_line' id='line_1_26' title="bbox 283 2809 1870 2883; baseline -0.001 -16"><span class='ocrx_word' id='word_1_190' title='bbox 283 2811 659 2867; x_wconf 82' lang='grc' dir='ltr'>πεντακοσίων</span> <span class='ocrx_word' id='word_1_191' title='bbox 687 2809 824 2864; x_wconf 82' lang='grc' dir='ltr'><strong>ὲτῶν</strong></span> <span class='ocrx_word' id='word_1_192' title='bbox 858 2811 960 2882; x_wconf 86' lang='grc' dir='ltr'>ῆδη</span> <span class='ocrx_word' id='word_1_193' title='bbox 995 2813 1024 2865; x_wconf 92' lang='lat'><strong>6</strong></span> <span class='ocrx_word' id='word_1_194' title='bbox 1069 2811 1179 2865; x_wconf 80' lang='grc' dir='ltr'>τῶν</span> <span class='ocrx_word' id='word_1_195' title='bbox 1230 2811 1388 2866; x_wconf 84' lang='grc' dir='ltr'>θείων</span> <span class='ocrx_word' id='word_1_196' title='bbox 1421 2812 1655 2883; x_wconf 79' lang='grc' dir='ltr'>μελῳδὸς</span> <span class='ocrx_word' id='word_1_197' title='bbox 1704 2811 1870 2865; x_wconf 73' lang='grc' dir='ltr'>Δαϐὶδ</span> 
     </span>
    </p>
   </div>
   <div class='ocr_carea' id='block_1_27' title="bbox 288 2903 1868 2979">
    <p class='ocr_par' dir='ltr' id='par_1_27' title="bbox 288 2903 1868 2979">
     <span class='ocr_line' id='line_1_27' title="bbox 288 2903 1868 2979; baseline -0.001 -20"><span class='ocrx_word' id='word_1_198' title='bbox 288 2905 725 2979; x_wconf 78' lang='grc' dir='ltr'>προεφήτευσεν·</span> <span class='ocrx_word' id='word_1_199' title='bbox 761 2903 1186 2974; x_wconf 76' lang='grc' dir='ltr'>Εὐλογημένος</span> <span class='ocrx_word' id='word_1_200' title='bbox 1222 2904 1332 2977; x_wconf 83' lang='grc' dir='ltr'>γὰρ</span> <span class='ocrx_word' id='word_1_201' title='bbox 1355 2947 1372 2973; x_wconf 93' lang='grc'><strong>,</strong></span> <span class='ocrx_word' id='word_1_202' title='bbox 1409 2905 1606 2978; x_wconf 75' lang='grc' dir='ltr'>φησὶν,</span> <span class='ocrx_word' id='word_1_203' title='bbox 1637 2909 1670 2960; x_wconf 79' lang='grc' dir='ltr'><em>ὀ</em></span> <span class='ocrx_word' id='word_1_204' title='bbox 1698 2905 1868 2975; x_wconf 86' lang='grc' dir='ltr'>ἐρχό-</span> 
     </span>
    </p>
   </div>
   <div class='ocr_carea' id='block_1_28' title="bbox 284 2993 1869 3070">
    <p class='ocr_par' dir='ltr' id='par_1_28' title="bbox 284 2993 1869 3070">
     <span class='ocr_line' id='line_1_28' title="bbox 284 2993 1869 3070; baseline -0.003 -16"><span class='ocrx_word' id='word_1_205' title='bbox 284 3016 471 3070; x_wconf 71' lang='grc' dir='ltr'>μενος</span> <span class='ocrx_word' id='word_1_206' title='bbox 494 2998 565 3054; x_wconf 82' lang='grc' dir='ltr'>ὲν</span> <span class='ocrx_word' id='word_1_207' title='bbox 588 2996 833 3068; x_wconf 80' lang='grc' dir='ltr'>ὀνόματι</span> <span class='ocrx_word' id='word_1_208' title='bbox 862 2999 1107 3066; x_wconf 82' lang='grc' dir='ltr'>Κυρίου.</span> <span class='ocrx_word' id='word_1_209' title='bbox 1142 2999 1240 3063; x_wconf 89' lang='grc' dir='ltr'>Τίς</span> <span class='ocrx_word' id='word_1_210' title='bbox 1270 2993 1425 3063; x_wconf 77' lang='grc' dir='ltr'>οὗτος</span> <span class='ocrx_word' id='word_1_211' title='bbox 1445 3040 1460 3064; x_wconf 96' lang='grc'><strong>,</strong></span> <span class='ocrx_word' id='word_1_212' title='bbox 1494 2993 1540 3053; x_wconf 80' lang='grc' dir='ltr'><strong>ὦ</strong></span> <span class='ocrx_word' id='word_1_213' title='bbox 1572 2997 1828 3052; x_wconf 77' lang='grc' dir='ltr'>θεσπέσιε</span> <span class='ocrx_word' id='word_1_214' title='bbox 1852 3012 1869 3062; x_wconf 90' lang='grc'><strong>;</strong></span> 
     </span>
    </p>
   </div>
   <div class='ocr_carea' id='block_1_29' title="bbox 294 3088 1873 3164">
    <p class='ocr_par' dir='ltr' id='par_1_29' title="bbox 294 3088 1873 3164">
     <span class='ocr_line' id='line_1_29' title="bbox 294 3088 1873 3164; baseline -0.002 -17"><span class='ocrx_word' id='word_1_215' title='bbox 294 3091 439 3159; x_wconf 85' lang='grc' dir='ltr'>Θεὸς</span> <span class='ocrx_word' id='word_1_216' title='bbox 465 3093 714 3161; x_wconf 82' lang='grc' dir='ltr'>Κύριος,</span> <span class='ocrx_word' id='word_1_217' title='bbox 747 3088 1167 3160; x_wconf 69' lang='grc' dir='ltr'>καίὲπέφανεν</span> <span class='ocrx_word' id='word_1_218' title='bbox 1186 3090 1350 3161; x_wconf 76' lang='grc' dir='ltr'>ἡμῖν.</span> <span class='ocrx_word' id='word_1_219' title='bbox 1381 3091 1491 3144; x_wconf 75' lang='grc' dir='ltr'>Καὶ</span> <span class='ocrx_word' id='word_1_220' title='bbox 1541 3092 1684 3155; x_wconf 87' lang='grc' dir='ltr'>τίνος</span> <span class='ocrx_word' id='word_1_221' title='bbox 1712 3092 1873 3164; x_wconf 86' lang='grc' dir='ltr'>χάριν</span> 
     </span>
    </p>
   </div>
   <div class='ocr_carea' id='block_1_30' title="bbox 292 3176 1874 3256">
    <p class='ocr_par' dir='ltr' id='par_1_30' title="bbox 292 3176 1874 3256">
     <span class='ocr_line' id='line_1_30' title="bbox 292 3176 1874 3256; baseline -0.003 -17"><span class='ocrx_word' id='word_1_222' title='bbox 292 3186 323 3239; x_wconf 97' lang='lat'><strong>6</strong></span> <span class='ocrx_word' id='word_1_223' title='bbox 367 3184 499 3249; x_wconf 83' lang='grc' dir='ltr'>Θεὸς</span> <span class='ocrx_word' id='word_1_224' title='bbox 534 3183 725 3256; x_wconf 80' lang='grc' dir='ltr'>βροτὸς</span> <span class='ocrx_word' id='word_1_225' title='bbox 770 3184 1016 3254; x_wconf 83' lang='grc' dir='ltr'>γίνεται,</span> <span class='ocrx_word' id='word_1_226' title='bbox 1071 3176 1117 3237; x_wconf 81' lang='grc' dir='ltr'>ὧ</span> <span class='ocrx_word' id='word_1_227' title='bbox 1166 3183 1368 3251; x_wconf 85' lang='grc' dir='ltr'>Δαϐιδ;</span> <span class='ocrx_word' id='word_1_228' title='bbox 1412 3180 1520 3234; x_wconf 79' lang='grc' dir='ltr'><strong>Τοῦ</strong></span> <span class='ocrx_word' id='word_1_229' title='bbox 1572 3181 1874 3235; x_wconf 78' lang='grc' dir='ltr'>καταλῦσαι</span> 
     </span>
    </p>
   </div>
   <div class='ocr_carea' id='block_1_31' title="bbox 297 3271 1876 3349">
    <p class='ocr_par' dir='ltr' id='par_1_31' title="bbox 297 3271 1876 3349">
     <span class='ocr_line' id='line_1_31' title="bbox 297 3271 1876 3349; baseline -0.004 -18"><span class='ocrx_word' id='word_1_230' title='bbox 297 3275 513 3349; x_wconf 70' lang='grc' dir='ltr'>ἐχθρὸν,</span> <span class='ocrx_word' id='word_1_231' title='bbox 544 3277 731 3348; x_wconf 72' lang='grc' dir='ltr'>φησὶν,</span> <span class='ocrx_word' id='word_1_232' title='bbox 768 3277 865 3330; x_wconf 61' lang='grc' dir='ltr'><strong>καί⁹</strong></span> <span class='ocrx_word' id='word_1_233' title='bbox 898 3274 1188 3346; x_wconf 71' lang='grc' dir='ltr'>ἐκδικητὴν</span> <span class='ocrx_word' id='word_1_234' title='bbox 1227 3273 1320 3327; x_wconf 88' lang='grc' dir='ltr'><strong>τὸν</strong></span> <span class='ocrx_word' id='word_1_235' title='bbox 1351 3272 1616 3327; x_wconf 90' lang='grc' dir='ltr'>διάϐολον.</span> <span class='ocrx_word' id='word_1_236' title='bbox 1648 3271 1876 3326; x_wconf 84' lang='grc' dir='ltr'>Διαϐἁλ-</span> 
     </span>
    </p>
   </div>
   <div class='ocr_carea' id='block_1_32' title="bbox 296 3366 1872 3442">
    <p class='ocr_par' dir='ltr' id='par_1_32' title="bbox 296 3366 1872 3442">
     <span class='ocr_line' id='line_1_32' title="bbox 296 3366 1872 3442; baseline -0.001 -21"><span class='ocrx_word' id='word_1_237' title='bbox 296 3368 377 3423; x_wconf 87' lang='grc' dir='ltr'><strong>λει</strong></span> <span class='ocrx_word' id='word_1_238' title='bbox 408 3368 519 3442; x_wconf 78' lang='grc' dir='ltr'>γὰρ</span> <span class='ocrx_word' id='word_1_239' title='bbox 541 3369 659 3441; x_wconf 88' lang='grc' dir='ltr'><strong>Θεῷ</strong></span> <span class='ocrx_word' id='word_1_240' title='bbox 684 3368 756 3423; x_wconf 83' lang='grc' dir='ltr'><strong>τὰ</strong></span> <span class='ocrx_word' id='word_1_241' title='bbox 787 3369 983 3433; x_wconf 84' lang='grc' dir='ltr'>πάντα,</span> <span class='ocrx_word' id='word_1_242' title='bbox 1022 3368 1119 3422; x_wconf 80' lang='grc' dir='ltr'><strong>καὶ</strong></span> <span class='ocrx_word' id='word_1_243' title='bbox 1148 3367 1328 3430; x_wconf 78' lang='grc' dir='ltr'>ἄλλοις</span> <span class='ocrx_word' id='word_1_244' title='bbox 1360 3367 1588 3430; x_wconf 76' lang='grc' dir='ltr'>ἐκεῖνον,</span> <span class='ocrx_word' id='word_1_245' title='bbox 1621 3366 1717 3419; x_wconf 76' lang='grc' dir='ltr'>καὶ</span> <span class='ocrx_word' id='word_1_246' title='bbox 1745 3367 1872 3419; x_wconf 77' lang='grc' dir='ltr'>ἑκα-</span> 
     </span>
    </p>
   </div>
   <div class='ocr_carea' id='block_1_33' title="bbox 293 3458 1878 3536">
    <p class='ocr_par' dir='ltr' id='par_1_33' title="bbox 293 3458 1878 3536">
     <span class='ocr_line' id='line_1_33' title="bbox 293 3458 1878 3536; baseline -0.003 -19"><span class='ocrx_word' id='word_1_247' title='bbox 293 3462 474 3535; x_wconf 82' lang='grc' dir='ltr'>τέροις</span> <span class='ocrx_word' id='word_1_248' title='bbox 498 3462 597 3536; x_wconf 78' lang='grc' dir='ltr'>τὴν</span> <span class='ocrx_word' id='word_1_249' title='bbox 622 3463 907 3535; x_wconf 75' lang='grc' dir='ltr'>ἐκδίκησιν</span> <span class='ocrx_word' id='word_1_250' title='bbox 937 3460 1271 3516; x_wconf 83' lang='grc' dir='ltr'>ὑποτίθεται.</span> <span class='ocrx_word' id='word_1_251' title='bbox 1300 3459 1482 3532; x_wconf 85' lang='grc' dir='ltr'>Ὅπερ</span> <span class='ocrx_word' id='word_1_252' title='bbox 1513 3459 1606 3513; x_wconf 74' lang='grc' dir='ltr'><strong>ἐπὶ</strong></span> <span class='ocrx_word' id='word_1_253' title='bbox 1629 3458 1722 3513; x_wconf 78' lang='grc' dir='ltr'><strong>τοῦ</strong></span> <span class='ocrx_word' id='word_1_254' title='bbox 1757 3458 1878 3512; x_wconf 90' lang='grc' dir='ltr'><strong>Ἰὼϐ</strong></span> 
     </span>
    </p>
   </div>
   <div class='ocr_carea' id='block_1_34' title="bbox 295 3551 1876 3627">
    <p class='ocr_par' dir='ltr' id='par_1_34' title="bbox 295 3551 1876 3627">
     <span class='ocr_line' id='line_1_34' title="bbox 295 3551 1876 3627; baseline -0.003 -16"><span class='ocrx_word' id='word_1_255' title='bbox 295 3555 393 3611; x_wconf 75' lang='grc' dir='ltr'>καὶ</span> <span class='ocrx_word' id='word_1_256' title='bbox 416 3554 512 3611; x_wconf 84' lang='grc' dir='ltr'><strong>τοῦ</strong></span> <span class='ocrx_word' id='word_1_257' title='bbox 542 3554 676 3611; x_wconf 90' lang='grc' dir='ltr'>Θεοῦ</span> <span class='ocrx_word' id='word_1_258' title='bbox 703 3554 1034 3627; x_wconf 79' lang='grc' dir='ltr'>ἀμφικάκως</span> <span class='ocrx_word' id='word_1_259' title='bbox 1056 3556 1219 3610; x_wconf 86' lang='grc' dir='ltr'>ποιεῖ·</span> <span class='ocrx_word' id='word_1_260' title='bbox 1246 3552 1366 3625; x_wconf 83' lang='grc' dir='ltr'><strong>Θεῷ</strong></span> <span class='ocrx_word' id='word_1_261' title='bbox 1389 3552 1489 3625; x_wconf 83' lang='grc' dir='ltr'>μὲν</span> <span class='ocrx_word' id='word_1_262' title='bbox 1515 3552 1759 3624; x_wconf 85' lang='grc' dir='ltr'>φάσκων,</span> <span class='ocrx_word' id='word_1_263' title='bbox 1778 3551 1876 3622; x_wconf 81' lang='grc' dir='ltr'><strong>Μὴ</strong></span> 
     </span>
    </p>
   </div>
   <div class='ocr_carea' id='block_1_35' title="bbox 295 3644 1881 3718">
    <p class='ocr_par' dir='ltr' id='par_1_35' title="bbox 295 3644 1881 3718">
     <span class='ocr_line' id='line_1_35' title="bbox 295 3644 1881 3718; baseline -0.004 -15"><span class='ocrx_word' id='word_1_264' title='bbox 295 3648 525 3718; x_wconf 81' lang='grc' dir='ltr'>δωρεὰν</span> <span class='ocrx_word' id='word_1_265' title='bbox 568 3649 808 3704; x_wconf 77' lang='grc' dir='ltr'>σέϐεται</span> <span class='ocrx_word' id='word_1_266' title='bbox 853 3648 980 3704; x_wconf 79' lang='grc' dir='ltr'><strong>’1ὼό</strong></span> <span class='ocrx_word' id='word_1_267' title='bbox 1019 3647 1131 3701; x_wconf 79' lang='grc' dir='ltr'><strong>τὸν</strong></span> <span class='ocrx_word' id='word_1_268' title='bbox 1169 3648 1353 3711; x_wconf 80' lang='grc' dir='ltr'>Θεὸν,</span> <span class='ocrx_word' id='word_1_269' title='bbox 1397 3645 1431 3717; x_wconf 76' lang='grc' dir='ltr'><strong>ἢ</strong></span> <span class='ocrx_word' id='word_1_270' title='bbox 1487 3647 1543 3698; x_wconf 79' lang='grc' dir='ltr'>ὲν</span> <span class='ocrx_word' id='word_1_271' title='bbox 1593 3644 1881 3716; x_wconf 76' lang='grc' dir='ltr'>περιουσία</span> 
     </span>
    </p>
   </div>
   <div class='ocr_carea' id='block_1_36' title="bbox 298 3736 1878 3810">
    <p class='ocr_par' dir='ltr' id='par_1_36' title="bbox 298 3736 1878 3810">
     <span class='ocr_line' id='line_1_36' title="bbox 298 3736 1878 3810; baseline -0.004 -17"><span class='ocrx_word' id='word_1_272' title='bbox 298 3740 469 3810; x_wconf 79' lang='grc' dir='ltr'>πολλῇ</span> <span class='ocrx_word' id='word_1_273' title='bbox 503 3738 886 3810; x_wconf 83' lang='grc' dir='ltr'>θωπευόμενος</span> <span class='ocrx_word' id='word_1_274' title='bbox 914 3740 1010 3793; x_wconf 76' lang='grc' dir='ltr'>καὶ</span> <span class='ocrx_word' id='word_1_275' title='bbox 1039 3739 1294 3809; x_wconf 84' lang='grc' dir='ltr'>τρυφῶν;</span> <span class='ocrx_word' id='word_1_276' title='bbox 1326 3736 1416 3808; x_wconf 85' lang='grc' dir='ltr'>Τῷ</span> <span class='ocrx_word' id='word_1_277' title='bbox 1444 3738 1502 3791; x_wconf 77' lang='grc' dir='ltr'>δὲ</span> <span class='ocrx_word' id='word_1_278' title='bbox 1542 3736 1664 3790; x_wconf 85' lang='grc' dir='ltr'><strong>Ἰώϐ</strong></span> <span class='ocrx_word' id='word_1_279' title='bbox 1693 3753 1878 3807; x_wconf 82' lang='grc' dir='ltr'>φησιν,</span> 
     </span>
    </p>
   </div>
   <div class='ocr_carea' id='block_1_37' title="bbox 299 3827 1883 3899">
    <p class='ocr_par' dir='ltr' id='par_1_37' title="bbox 299 3827 1883 3899">
     <span class='ocr_line' id='line_1_37' title="bbox 299 3827 1883 3899; baseline -0.003 -14"><span class='ocrx_word' id='word_1_280' title='bbox 299 3830 427 3899; x_wconf 85' lang='grc' dir='ltr'><strong>Πῦρ</strong></span> <span class='ocrx_word' id='word_1_281' title='bbox 451 3829 679 3885; x_wconf 72' lang='grc' dir='ltr'>ἔπεσεν</span> <span class='ocrx_word' id='word_1_282' title='bbox 733 3829 800 3884; x_wconf 81' lang='grc' dir='ltr'>ἐκ</span> <span class='ocrx_word' id='word_1_283' title='bbox 829 3830 936 3884; x_wconf 80' lang='grc' dir='ltr'>τοῦ</span> <span class='ocrx_word' id='word_1_284' title='bbox 976 3829 1236 3896; x_wconf 83' lang='grc' dir='ltr'>οὐρανοῦ</span> <span class='ocrx_word' id='word_1_285' title='bbox 1260 3867 1276 3891; x_wconf 94' lang='grc'><strong>,</strong></span> <span class='ocrx_word' id='word_1_286' title='bbox 1305 3827 1406 3882; x_wconf 81' lang='grc' dir='ltr'><strong>καί</strong></span> <span class='ocrx_word' id='word_1_287' title='bbox 1437 3827 1717 3882; x_wconf 78' lang='grc' dir='ltr'>κατέδετό</span> <span class='ocrx_word' id='word_1_288' title='bbox 1765 3842 1883 3881; x_wconf 90' lang='grc' dir='ltr'><strong>σου</strong></span> 
     </span>
    </p>
   </div>
   <div class='ocr_carea' id='block_1_38' title="bbox 300 3917 1885 3990">
    <p class='ocr_par' dir='ltr' id='par_1_38' title="bbox 300 3917 1885 3990">
     <span class='ocr_line' id='line_1_38' title="bbox 300 3917 1885 3990; baseline -0.003 -14"><span class='ocrx_word' id='word_1_289' title='bbox 300 3921 519 3978; x_wconf 79' lang='grc' dir='ltr'>πάντα.</span> <span class='ocrx_word' id='word_1_290' title='bbox 548 3921 663 3975; x_wconf 76' lang='grc' dir='ltr'><strong>Καὶ</strong></span> <span class='ocrx_word' id='word_1_291' title='bbox 710 3917 868 3985; x_wconf 70' lang='grc' dir='ltr'>αὖθίς</span> <span class='ocrx_word' id='word_1_292' title='bbox 919 3936 1053 3990; x_wconf 82' lang='grc' dir='ltr'>φησι</span> <span class='ocrx_word' id='word_1_293' title='bbox 1096 3918 1175 3989; x_wconf 84' lang='grc' dir='ltr'><strong>τῷ</strong></span> <span class='ocrx_word' id='word_1_294' title='bbox 1224 3918 1381 3989; x_wconf 89' lang='grc' dir='ltr'>Θεῷ,</span> <span class='ocrx_word' id='word_1_295' title='bbox 1434 3920 1517 3972; x_wconf 80' lang='grc' dir='ltr'><strong>Οὐ</strong></span> <span class='ocrx_word' id='word_1_296' title='bbox 1561 3918 1690 3988; x_wconf 79' lang='grc' dir='ltr'><strong>μὴν</strong></span> <span class='ocrx_word' id='word_1_297' title='bbox 1721 3917 1885 3972; x_wconf 83' lang='grc' dir='ltr'>ἀλλὰ</span> 
     </span>
    </p>
   </div>
   <div class='ocr_carea' id='block_1_39' title="bbox 302 4009 1899 4084">
    <p class='ocr_par' dir='ltr' id='par_1_39' title="bbox 302 4009 1899 4084">
     <span class='ocr_line' id='line_1_39' title="bbox 302 4009 1899 4084; baseline -0.008 -14"><span class='ocrx_word' id='word_1_298' title='bbox 302 4015 670 4070; x_wconf 77' lang='grc' dir='ltr'>ἀπόστειλον</span> <span class='ocrx_word' id='word_1_299' title='bbox 699 4013 815 4082; x_wconf 80' lang='grc' dir='ltr'>τὴν</span> <span class='ocrx_word' id='word_1_300' title='bbox 844 4011 1012 4084; x_wconf 79' lang='grc' dir='ltr'><strong>χεῖρὰ</strong></span> <span class='ocrx_word' id='word_1_301' title='bbox 1037 4027 1177 4076; x_wconf 88' lang='grc' dir='ltr'>σου,</span> <span class='ocrx_word' id='word_1_302' title='bbox 1217 4012 1315 4065; x_wconf 80' lang='grc' dir='ltr'><strong>καί</strong></span> <span class='ocrx_word' id='word_1_303' title='bbox 1351 4009 1503 4079; x_wconf 69' lang='grc' dir='ltr'>ἅψαι</span> <span class='ocrx_word' id='word_1_304' title='bbox 1536 4009 1656 4064; x_wconf 85' lang='grc' dir='ltr'>τῶν</span> <span class='ocrx_word' id='word_1_305' title='bbox 1687 4009 1899 4064; x_wconf 81' lang='grc' dir='ltr'>ὀστῶν.</span> 
     </span>
    </p>
   </div>
   <div class='ocr_carea' id='block_1_40' title="bbox 303 4098 1882 4177">
    <p class='ocr_par' dir='ltr' id='par_1_40' title="bbox 303 4098 1882 4177">
     <span class='ocr_line' id='line_1_40' title="bbox 303 4098 1882 4177; baseline -0.006 -15"><span class='ocrx_word' id='word_1_306' title='bbox 303 4108 492 4164; x_wconf 84' lang='grc' dir='ltr'>αὐτοῦ</span> <span class='ocrx_word' id='word_1_307' title='bbox 520 4107 619 4163; x_wconf 74' lang='grc' dir='ltr'>καὶ</span> <span class='ocrx_word' id='word_1_308' title='bbox 647 4106 767 4162; x_wconf 82' lang='grc' dir='ltr'><strong>τῶν</strong></span> <span class='ocrx_word' id='word_1_309' title='bbox 793 4104 1040 4177; x_wconf 81' lang='grc' dir='ltr'>σαρκῶν</span> <span class='ocrx_word' id='word_1_310' title='bbox 1071 4102 1259 4158; x_wconf 86' lang='grc' dir='ltr'>αὐτοῦ</span> <span class='ocrx_word' id='word_1_311' title='bbox 1278 4120 1292 4134; x_wconf 82' lang='grc'><em>’</em></span> <span class='ocrx_word' id='word_1_312' title='bbox 1322 4104 1415 4157; x_wconf 64' lang='grc' dir='ltr'><strong>καί¹</strong></span> <span class='ocrx_word' id='word_1_313' title='bbox 1444 4098 1602 4167; x_wconf 80' lang='grc' dir='ltr'>αὖθις</span> <span class='ocrx_word' id='word_1_314' title='bbox 1630 4102 1709 4174; x_wconf 82' lang='grc' dir='ltr'><strong>τῷ</strong></span> <span class='ocrx_word' id='word_1_315' title='bbox 1742 4100 1882 4167; x_wconf 82' lang='grc' dir='ltr'>Ἰὼϐ,</span> 
     </span>
    </p>
   </div>
   <div class='ocr_carea' id='block_1_41' title="bbox 302 4196 1888 4272">
    <p class='ocr_par' dir='ltr' id='par_1_41' title="bbox 302 4196 1888 4272">
     <span class='ocr_line' id='line_1_41' title="bbox 302 4196 1888 4272; baseline -0.003 -19"><span class='ocrx_word' id='word_1_316' title='bbox 302 4199 393 4255; x_wconf 76' lang='grc' dir='ltr'><strong>διὰ</strong></span> <span class='ocrx_word' id='word_1_317' title='bbox 411 4200 513 4271; x_wconf 77' lang='grc' dir='ltr'>τῆς</span> <span class='ocrx_word' id='word_1_318' title='bbox 540 4198 789 4272; x_wconf 86' lang='grc' dir='ltr'>συμϐίου,</span> <span class='ocrx_word' id='word_1_319' title='bbox 807 4199 955 4265; x_wconf 84' lang='grc' dir='ltr'>Ἕως</span> <span class='ocrx_word' id='word_1_320' title='bbox 980 4199 1125 4252; x_wconf 87' lang='grc' dir='ltr'>πότε</span> <span class='ocrx_word' id='word_1_321' title='bbox 1148 4196 1638 4266; x_wconf 66' lang='grc' dir='ltr'>διακαρτερήσας</span> <span class='ocrx_word' id='word_1_322' title='bbox 1661 4196 1888 4266; x_wconf 74' lang='grc' dir='ltr'>αἴθριος</span> 
     </span>
    </p>
   </div>
   <div class='ocr_carea' id='block_1_42' title="bbox 304 4289 1885 4361">
    <p class='ocr_par' dir='ltr' id='par_1_42' title="bbox 304 4289 1885 4361">
     <span class='ocr_line' id='line_1_42' title="bbox 304 4289 1885 4361; baseline -0.002 -15"><span class='ocrx_word' id='word_1_323' title='bbox 304 4292 403 4347; x_wconf 72' lang='grc' dir='ltr'><strong>ἐπὶ</strong></span> <span class='ocrx_word' id='word_1_324' title='bbox 430 4290 542 4361; x_wconf 80' lang='grc' dir='ltr'>τῆς</span> <span class='ocrx_word' id='word_1_325' title='bbox 570 4291 861 4359; x_wconf 83' lang='grc' dir='ltr'>κοπρίας;</span> <span class='ocrx_word' id='word_1_326' title='bbox 890 4289 1027 4344; x_wconf 75' lang='grc' dir='ltr'>ἀλλ’</span> <span class='ocrx_word' id='word_1_327' title='bbox 1057 4290 1187 4345; x_wconf 73' lang='grc' dir='ltr'>εἰπέ</span> <span class='ocrx_word' id='word_1_328' title='bbox 1211 4308 1265 4345; x_wconf 83' lang='grc' dir='ltr'><strong>τι</strong></span> <span class='ocrx_word' id='word_1_329' title='bbox 1279 4289 1446 4360; x_wconf 75' lang='grc' dir='ltr'>ῥῆμα</span> <span class='ocrx_word' id='word_1_330' title='bbox 1475 4289 1624 4357; x_wconf 83' lang='grc' dir='ltr'>πρὸς</span> <span class='ocrx_word' id='word_1_331' title='bbox 1647 4289 1885 4358; x_wconf 84' lang='grc' dir='ltr'>Κύριον,</span> 
     </span>
    </p>
   </div>
   <div class='ocr_carea' id='block_1_43' title="bbox 305 4381 1890 4455">
    <p class='ocr_par' dir='ltr' id='par_1_43' title="bbox 305 4381 1890 4455">
     <span class='ocr_line' id='line_1_43' title="bbox 305 4381 1890 4455; baseline -0.004 -14"><span class='ocrx_word' id='word_1_332' title='bbox 305 4386 405 4441; x_wconf 77' lang='grc' dir='ltr'><strong>καί</strong></span> <span class='ocrx_word' id='word_1_333' title='bbox 427 4386 697 4453; x_wconf 83' lang='grc' dir='ltr'>τελεύτα,</span> <span class='ocrx_word' id='word_1_334' title='bbox 725 4384 825 4439; x_wconf 78' lang='grc' dir='ltr'><strong>καί</strong></span> <span class='ocrx_word' id='word_1_335' title='bbox 851 4382 1342 4455; x_wconf 57' lang='grc' dir='ltr'>ἀπαλλάττειωθ)</span> <span class='ocrx_word' id='word_1_336' title='bbox 1361 4382 1479 4437; x_wconf 83' lang='grc' dir='ltr'>τῶν</span> <span class='ocrx_word' id='word_1_337' title='bbox 1502 4381 1890 4450; x_wconf 85' lang='grc' dir='ltr'>συνεχόντων</span> 
     </span>
    </p>
   </div>
   <div class='ocr_carea' id='block_1_44' title="bbox 305 4471 1891 4548">
    <p class='ocr_par' dir='ltr' id='par_1_44' title="bbox 305 4471 1891 4548">
     <span class='ocr_line' id='line_1_44' title="bbox 305 4471 1891 4548; baseline -0.004 -14"><span class='ocrx_word' id='word_1_338' title='bbox 305 4478 542 4534; x_wconf 82' lang='grc' dir='ltr'>δεινῶν.</span> <span class='ocrx_word' id='word_1_339' title='bbox 573 4476 774 4531; x_wconf 82' lang='grc' dir='ltr'>Τοῦτον</span> <span class='ocrx_word' id='word_1_340' title='bbox 800 4471 893 4531; x_wconf 82' lang='grc' dir='ltr'><strong>οὗν</strong></span> <span class='ocrx_word' id='word_1_341' title='bbox 914 4475 1106 4548; x_wconf 72' lang='grc' dir='ltr'>ἐχθρὸν</span> <span class='ocrx_word' id='word_1_342' title='bbox 1127 4476 1222 4530; x_wconf 70' lang='grc' dir='ltr'>καὶ</span> <span class='ocrx_word' id='word_1_343' title='bbox 1241 4474 1531 4546; x_wconf 80' lang='grc' dir='ltr'>ἐκδικητὴν</span> <span class='ocrx_word' id='word_1_344' title='bbox 1559 4472 1838 4545; x_wconf 82' lang='grc' dir='ltr'>καθαιρῶν</span> <span class='ocrx_word' id='word_1_345' title='bbox 1862 4475 1891 4527; x_wconf 94' lang='lat'><strong>6</strong></span> 
     </span>
    </p>
   </div>
   <div class='ocr_carea' id='block_1_45' title="bbox 306 4565 1890 4645">
    <p class='ocr_par' dir='ltr' id='par_1_45' title="bbox 306 4565 1890 4645">
     <span class='ocr_line' id='line_1_45' title="bbox 306 4565 1890 4645; baseline -0.004 -19"><span class='ocrx_word' id='word_1_346' title='bbox 306 4573 511 4645; x_wconf 80' lang='grc' dir='ltr'>Κύριος</span> <span class='ocrx_word' id='word_1_347' title='bbox 532 4574 598 4643; x_wconf 79' lang='grc' dir='ltr'><strong>τῇ</strong></span> <span class='ocrx_word' id='word_1_348' title='bbox 628 4569 917 4643; x_wconf 85' lang='grc' dir='ltr'>θεανδρικῇ</span> <span class='ocrx_word' id='word_1_349' title='bbox 942 4568 1108 4624; x_wconf 81' lang='grc' dir='ltr'>αὐτοῦ</span> <span class='ocrx_word' id='word_1_350' title='bbox 1132 4569 1495 4640; x_wconf 74' lang='grc' dir='ltr'>ἐπιφοιτήσει,</span> <span class='ocrx_word' id='word_1_351' title='bbox 1521 4566 1708 4638; x_wconf 79' lang='grc' dir='ltr'>φησιν’</span> <span class='ocrx_word' id='word_1_352' title='bbox 1741 4565 1890 4623; x_wconf 83' lang='grc' dir='ltr'>Ἰδοὺ</span> 
     </span>
    </p>
   </div>
   <div class='ocr_carea' id='block_1_46' title="bbox 306 4658 1891 4737">
    <p class='ocr_par' dir='ltr' id='par_1_46' title="bbox 306 4658 1891 4737">
     <span class='ocr_line' id='line_1_46' title="bbox 306 4658 1891 4737; baseline -0.004 -17"><span class='ocrx_word' id='word_1_353' title='bbox 306 4666 537 4722; x_wconf 80' lang='grc' dir='ltr'>δέδωκα</span> <span class='ocrx_word' id='word_1_354' title='bbox 570 4664 715 4737; x_wconf 81' lang='grc' dir='ltr'>ὑμῖν</span> <span class='ocrx_word' id='word_1_355' title='bbox 750 4662 1044 4730; x_wconf 79' lang='grc' dir='ltr'>ἐξουσίαν</span> <span class='ocrx_word' id='word_1_356' title='bbox 1086 4659 1299 4716; x_wconf 83' lang='grc' dir='ltr'>πατεῖν</span> <span class='ocrx_word' id='word_1_357' title='bbox 1333 4658 1534 4713; x_wconf 79' lang='grc' dir='ltr'>ἐπάνω</span> <span class='ocrx_word' id='word_1_358' title='bbox 1563 4658 1756 4728; x_wconf 70' lang='grc' dir='ltr'>ὄφεων</span> <span class='ocrx_word' id='word_1_359' title='bbox 1790 4659 1891 4713; x_wconf 79' lang='grc' dir='ltr'><strong>καί</strong></span> 
     </span>
    </p>
   </div>
   <div class='ocr_carea' id='block_1_47' title="bbox 310 4751 1891 4825">
    <p class='ocr_par' dir='ltr' id='par_1_47' title="bbox 310 4751 1891 4825">
     <span class='ocr_line' id='line_1_47' title="bbox 310 4751 1891 4825; baseline -0.003 -15"><span class='ocrx_word' id='word_1_360' title='bbox 310 4759 618 4825; x_wconf 77' lang='grc' dir='ltr'>σκορπίων</span> <span class='ocrx_word' id='word_1_361' title='bbox 639 4756 738 4811; x_wconf 85' lang='grc' dir='ltr'><strong>καί</strong></span> <span class='ocrx_word' id='word_1_362' title='bbox 754 4756 854 4810; x_wconf 79' lang='grc' dir='ltr'><strong>ἐπὶ</strong></span> <span class='ocrx_word' id='word_1_363' title='bbox 871 4755 1076 4810; x_wconf 82' lang='grc' dir='ltr'>πᾶσαν</span> <span class='ocrx_word' id='word_1_364' title='bbox 1097 4754 1214 4824; x_wconf 83' lang='grc' dir='ltr'><strong>τὴν</strong></span> <span class='ocrx_word' id='word_1_365' title='bbox 1239 4753 1497 4822; x_wconf 84' lang='grc' dir='ltr'>δύναμιν</span> <span class='ocrx_word' id='word_1_366' title='bbox 1518 4751 1627 4805; x_wconf 80' lang='grc' dir='ltr'>τοῦ</span> <span class='ocrx_word' id='word_1_367' title='bbox 1653 4751 1891 4819; x_wconf 78' lang='grc' dir='ltr'>ἐχθροῦ.</span> 
     </span>
    </p>
   </div>
   <div class='ocr_carea' id='block_1_48' title="bbox 1644 406 2120 467">
    <p class='ocr_par' dir='ltr' id='par_1_48' title="bbox 1644 406 2120 467">
     <span class='ocr_line' id='line_1_48' title="bbox 1644 406 2120 467; baseline 0.011 -5"><span class='ocrx_word' id='word_1_368' title='bbox 1644 406 1994 466; x_wconf 80' lang='lat' dir='ltr'><strong>DIALOGUS</strong></span> <span class='ocrx_word' id='word_1_369' title='bbox 2029 408 2120 467; x_wconf 81' lang='lat' dir='ltr'><strong>Ill.</strong></span> 
     </span>
    </p>
   </div>
   <div class='ocr_carea' id='block_1_49' title="bbox 3376 405 3515 463">
    <p class='ocr_par' dir='ltr' id='par_1_49' title="bbox 3376 405 3515 463">
     <span class='ocr_line' id='line_1_49' title="bbox 3376 405 3515 463; baseline 0.014 -2"><span class='ocrx_word' id='word_1_370' title='bbox 3376 405 3515 463; x_wconf 81' lang='lat' dir='ltr'><strong>l0l8</strong></span> 
     </span>
    </p>
   </div>
   <div class='ocr_carea' id='block_1_50' title="bbox 1946 521 3522 596">
    <p class='ocr_par' dir='ltr' id='par_1_50' title="bbox 1946 521 3522 596">
     <span class='ocr_line' id='line_1_50' title="bbox 1946 521 3522 596; baseline -0.001 -18"><span class='ocrx_word' id='word_1_371' title='bbox 1946 524 2087 579; x_wconf 85' lang='lat' dir='ltr'><strong>oculi</strong></span> <span class='ocrx_word' id='word_1_372' title='bbox 2117 525 2307 595; x_wconf 82' lang='lat' dir='ltr'><strong>vestri,</strong></span> <span class='ocrx_word' id='word_1_373' title='bbox 2344 533 2395 581; x_wconf 91' lang='lat' dir='ltr'><strong>et</strong></span> <span class='ocrx_word' id='word_1_374' title='bbox 2444 525 2592 581; x_wconf 90' lang='lat' dir='ltr'><strong>eritis</strong></span> <span class='ocrx_word' id='word_1_375' title='bbox 2629 533 2884 596; x_wconf 77' lang='lat' dir='ltr'><strong>tanquam</strong></span> <span class='ocrx_word' id='word_1_376' title='bbox 2920 521 3032 589; x_wconf 89' lang='lat' dir='ltr'><strong>dii,</strong></span> <span class='ocrx_word' id='word_1_377' title='bbox 3070 522 3293 577; x_wconf 74' lang='lat' dir='ltr'><strong>scientes</strong></span> <span class='ocrx_word' id='word_1_378' title='bbox 3329 522 3522 578; x_wconf 77' lang='lat' dir='ltr'><strong>bonum</strong></span> 
     </span>
    </p>
   </div>
   <div class='ocr_carea' id='block_1_51' title="bbox 1945 612 3527 689">
    <p class='ocr_par' dir='ltr' id='par_1_51' title="bbox 1945 612 3527 689">
     <span class='ocr_line' id='line_1_51' title="bbox 1945 612 3527 689; baseline 0 -20"><span class='ocrx_word' id='word_1_379' title='bbox 1945 624 1995 670; x_wconf 89' lang='lat' dir='ltr'><strong>et</strong></span> <span class='ocrx_word' id='word_1_380' title='bbox 2024 615 2301 683; x_wconf 79' lang='lat' dir='ltr'><strong>malum&quot;,</strong></span> <span class='ocrx_word' id='word_1_381' title='bbox 2324 616 2553 689; x_wconf 87' lang='lat' dir='ltr'><strong>ideoque</strong></span> <span class='ocrx_word' id='word_1_382' title='bbox 2580 615 2880 687; x_wconf 90' lang='lat' dir='ltr'><strong>prohibuit.</strong></span> <span class='ocrx_word' id='word_1_383' title='bbox 2910 612 3028 670; x_wconf 84' lang='lat' dir='ltr'><strong>Hoc</strong></span> <span class='ocrx_word' id='word_1_384' title='bbox 3054 615 3217 670; x_wconf 89' lang='lat' dir='ltr'><strong>modo</strong></span> <span class='ocrx_word' id='word_1_385' title='bbox 3232 613 3527 685; x_wconf 81' lang='lat' dir='ltr'><strong>persuadet</strong></span> 
     </span>
    </p>
   </div>
   <div class='ocr_carea' id='block_1_52' title="bbox 1946 707 3528 780">
    <p class='ocr_par' dir='ltr' id='par_1_52' title="bbox 1946 707 3528 780">
     <span class='ocr_line' id='line_1_52' title="bbox 1946 707 3528 780; baseline -0.001 -18"><span class='ocrx_word' id='word_1_386' title='bbox 1946 708 2161 764; x_wconf 69' lang='lat' dir='ltr'><strong>miserae</strong></span> <span class='ocrx_word' id='word_1_387' title='bbox 2183 747 2199 772; x_wconf 89' lang='lat'><strong>,</strong></span> <span class='ocrx_word' id='word_1_388' title='bbox 2233 718 2296 765; x_wconf 90' lang='lat' dir='ltr'><strong>ut</strong></span> <span class='ocrx_word' id='word_1_389' title='bbox 2323 710 2466 780; x_wconf 87' lang='lat' dir='ltr'><strong>quod</strong></span> <span class='ocrx_word' id='word_1_390' title='bbox 2505 710 2731 766; x_wconf 85' lang='lat' dir='ltr'><strong>vetitum</strong></span> <span class='ocrx_word' id='word_1_391' title='bbox 2768 716 2887 764; x_wconf 89' lang='lat' dir='ltr'><strong>erat</strong></span> <span class='ocrx_word' id='word_1_392' title='bbox 2947 707 3255 764; x_wconf 89' lang='lat' dir='ltr'><strong>comederet</strong></span> <span class='ocrx_word' id='word_1_393' title='bbox 3278 747 3292 771; x_wconf 91' lang='lat'><strong>,</strong></span> <span class='ocrx_word' id='word_1_394' title='bbox 3330 715 3384 763; x_wconf 88' lang='lat' dir='ltr'><strong>et</strong></span> <span class='ocrx_word' id='word_1_395' title='bbox 3432 722 3528 777; x_wconf 87' lang='lat' dir='ltr'><strong>per</strong></span> 
     </span>
    </p>
   </div>
   <div class='ocr_carea' id='block_1_53' title="bbox 1942 798 3527 873">
    <p class='ocr_par' dir='ltr' id='par_1_53' title="bbox 1942 798 3527 873">
     <span class='ocr_line' id='line_1_53' title="bbox 1942 798 3527 873; baseline 0.001 -21"><span class='ocrx_word' id='word_1_396' title='bbox 1942 798 2091 853; x_wconf 85' lang='lat' dir='ltr'><strong>illam</strong></span> <span class='ocrx_word' id='word_1_397' title='bbox 2122 800 2267 870; x_wconf 88' lang='lat' dir='ltr'><strong>capit</strong></span> <span class='ocrx_word' id='word_1_398' title='bbox 2314 801 2527 856; x_wconf 85' lang='lat' dir='ltr'><strong>virum:</strong></span> <span class='ocrx_word' id='word_1_399' title='bbox 2562 810 2905 873; x_wconf 76' lang='lat' dir='ltr'><strong>appetentem</strong></span> <span class='ocrx_word' id='word_1_400' title='bbox 2940 808 3238 869; x_wconf 88' lang='lat' dir='ltr'><strong>utrumque</strong></span> <span class='ocrx_word' id='word_1_401' title='bbox 3264 798 3527 853; x_wconf 82' lang='lat' dir='ltr'><strong>divinita-</strong></span> 
     </span>
    </p>
   </div>
   <div class='ocr_carea' id='block_1_54' title="bbox 1943 887 3530 963">
    <p class='ocr_par' dir='ltr' id='par_1_54' title="bbox 1943 887 3530 963">
     <span class='ocr_line' id='line_1_54' title="bbox 1943 887 3530 963; baseline 0.002 -22"><span class='ocrx_word' id='word_1_402' title='bbox 1943 895 2075 944; x_wconf 92' lang='lat' dir='ltr'><strong>tem.</strong></span> <span class='ocrx_word' id='word_1_403' title='bbox 2114 887 2412 962; x_wconf 79' lang='lat' dir='ltr'><strong>Postquam</strong></span> <span class='ocrx_word' id='word_1_404' title='bbox 2442 891 2609 963; x_wconf 82' lang='lat' dir='ltr'><strong>igitur</strong></span> <span class='ocrx_word' id='word_1_405' title='bbox 2640 890 2895 962; x_wconf 77' lang='lat' dir='ltr'><strong>spoliavit</strong></span> <span class='ocrx_word' id='word_1_406' title='bbox 2930 890 3081 960; x_wconf 87' lang='lat' dir='ltr'><strong>ipsos</strong></span> <span class='ocrx_word' id='word_1_407' title='bbox 3105 890 3268 945; x_wconf 90' lang='lat' dir='ltr'><strong>etiam</strong></span> <span class='ocrx_word' id='word_1_408' title='bbox 3302 889 3372 944; x_wconf 89' lang='lat' dir='ltr'><strong>iis</strong></span> <span class='ocrx_word' id='word_1_409' title='bbox 3408 904 3530 959; x_wconf 74' lang='lat' dir='ltr'><strong>qua:</strong></span> 
     </span>
    </p>
   </div>
   <div class='ocr_carea' id='block_1_55' title="bbox 1945 981 3535 1052">
    <p class='ocr_par' dir='ltr' id='par_1_55' title="bbox 1945 981 3535 1052">
     <span class='ocr_line' id='line_1_55' title="bbox 1945 981 3535 1052; baseline 0.001 -15"><span class='ocrx_word' id='word_1_410' title='bbox 1945 982 2235 1047; x_wconf 85' lang='lat' dir='ltr'><strong>habebant,</strong></span> <span class='ocrx_word' id='word_1_411' title='bbox 2265 985 2522 1041; x_wconf 86' lang='lat' dir='ltr'><strong>nimirum</strong></span> <span class='ocrx_word' id='word_1_412' title='bbox 2551 985 2990 1047; x_wconf 85' lang='lat' dir='ltr'><strong>immortalitate,</strong></span> <span class='ocrx_word' id='word_1_413' title='bbox 3012 981 3535 1052; x_wconf 86' lang='lat' dir='ltr'><strong>incorruptibilitate</strong></span> 
     </span>
    </p>
   </div>
   <div class='ocr_carea' id='block_1_56' title="bbox 1945 1072 3534 1148">
    <p class='ocr_par' dir='ltr' id='par_1_56' title="bbox 1945 1072 3534 1148">
     <span class='ocr_line' id='line_1_56' title="bbox 1945 1072 3534 1148; baseline -0.001 -19"><span class='ocrx_word' id='word_1_414' title='bbox 1945 1083 2000 1129; x_wconf 89' lang='lat' dir='ltr'><strong>et</strong></span> <span class='ocrx_word' id='word_1_415' title='bbox 2034 1075 2419 1132; x_wconf 83' lang='lat' dir='ltr'><strong>beatitudine:</strong></span> <span class='ocrx_word' id='word_1_416' title='bbox 2469 1093 2531 1132; x_wconf 88' lang='lat' dir='ltr'><strong>re</strong></span> <span class='ocrx_word' id='word_1_417' title='bbox 2568 1076 2688 1148; x_wconf 91' lang='lat' dir='ltr'><strong>ipsa</strong></span> <span class='ocrx_word' id='word_1_418' title='bbox 2741 1074 3020 1132; x_wconf 82' lang='lat' dir='ltr'><strong>reviviscit</strong></span> <span class='ocrx_word' id='word_1_419' title='bbox 3063 1074 3239 1130; x_wconf 90' lang='lat' dir='ltr'><strong>hostis</strong></span> <span class='ocrx_word' id='word_1_420' title='bbox 3291 1074 3382 1129; x_wconf 90' lang='lat' dir='ltr'><strong>ille</strong></span> <span class='ocrx_word' id='word_1_421' title='bbox 3436 1072 3534 1129; x_wconf 83' lang='lat' dir='ltr'><strong>Dei</strong></span> 
     </span>
    </p>
   </div>
   <div class='ocr_carea' id='block_1_57' title="bbox 1946 1161 3533 1239">
    <p class='ocr_par' dir='ltr' id='par_1_57' title="bbox 1946 1161 3533 1239">
     <span class='ocr_line' id='line_1_57' title="bbox 1946 1161 3533 1239; baseline -0.003 -16"><span class='ocrx_word' id='word_1_422' title='bbox 1946 1176 2001 1223; x_wconf 88' lang='lat' dir='ltr'><strong>et</strong></span> <span class='ocrx_word' id='word_1_423' title='bbox 2042 1166 2348 1232; x_wconf 88' lang='lat' dir='ltr'><strong>homicida;</strong></span> <span class='ocrx_word' id='word_1_424' title='bbox 2399 1182 2641 1239; x_wconf 82' lang='lat' dir='ltr'><strong>moxque</strong></span> <span class='ocrx_word' id='word_1_425' title='bbox 2682 1169 2825 1238; x_wconf 87' lang='lat' dir='ltr'><strong>apud</strong></span> <span class='ocrx_word' id='word_1_426' title='bbox 2872 1166 3065 1231; x_wconf 90' lang='lat' dir='ltr'><strong>Deum,</strong></span> <span class='ocrx_word' id='word_1_427' title='bbox 3124 1164 3399 1220; x_wconf 88' lang='lat' dir='ltr'><strong>hominem</strong></span> <span class='ocrx_word' id='word_1_428' title='bbox 3437 1161 3533 1233; x_wconf 86' lang='lat' dir='ltr'><strong>qui</strong></span> 
     </span>
    </p>
   </div>
   <div class='ocr_carea' id='block_1_58' title="bbox 1951 1254 3534 1330">
    <p class='ocr_par' dir='ltr' id='par_1_58' title="bbox 1951 1254 3534 1330">
     <span class='ocr_line' id='line_1_58' title="bbox 1951 1254 3534 1330; baseline -0.003 -17"><span class='ocrx_word' id='word_1_429' title='bbox 1951 1267 2327 1328; x_wconf 75' lang='lat' dir='ltr'><strong>transgressus</strong></span> <span class='ocrx_word' id='word_1_430' title='bbox 2372 1268 2511 1325; x_wconf 89' lang='lat' dir='ltr'><strong>crat,</strong></span> <span class='ocrx_word' id='word_1_431' title='bbox 2557 1268 2802 1316; x_wconf 86' lang='lat' dir='ltr'><strong>accusat.</strong></span> <span class='ocrx_word' id='word_1_432' title='bbox 2833 1257 3071 1330; x_wconf 84' lang='lat' dir='ltr'><strong>Exponit</strong></span> <span class='ocrx_word' id='word_1_433' title='bbox 3119 1264 3300 1311; x_wconf 89' lang='lat' dir='ltr'><strong>autem</strong></span> <span class='ocrx_word' id='word_1_434' title='bbox 3330 1254 3534 1320; x_wconf 85' lang='lat' dir='ltr'><strong>Moses,</strong></span> 
     </span>
    </p>
   </div>
   <div class='ocr_carea' id='block_1_59' title="bbox 1951 1348 3535 1423">
    <p class='ocr_par' dir='ltr' id='par_1_59' title="bbox 1951 1348 3535 1423">
     <span class='ocr_line' id='line_1_59' title="bbox 1951 1348 3535 1423; baseline -0.003 -18"><span class='ocrx_word' id='word_1_435' title='bbox 1951 1352 2042 1407; x_wconf 90' lang='lat' dir='ltr'><strong>ille</strong></span> <span class='ocrx_word' id='word_1_436' title='bbox 2093 1350 2186 1406; x_wconf 89' lang='lat' dir='ltr'><strong>Dei</strong></span> <span class='ocrx_word' id='word_1_437' title='bbox 2235 1362 2510 1422; x_wconf 83' lang='lat' dir='ltr'><strong>spectator</strong></span> <span class='ocrx_word' id='word_1_438' title='bbox 2553 1360 2607 1407; x_wconf 91' lang='lat' dir='ltr'><strong>et</strong></span> <span class='ocrx_word' id='word_1_439' title='bbox 2659 1352 2936 1423; x_wconf 77' lang='lat' dir='ltr'><strong>legislator</strong></span> <span class='ocrx_word' id='word_1_440' title='bbox 2979 1350 3218 1413; x_wconf 86' lang='lat' dir='ltr'><strong>divinus,</strong></span> <span class='ocrx_word' id='word_1_441' title='bbox 3270 1348 3388 1416; x_wconf 87' lang='lat' dir='ltr'><strong>ipsa</strong></span> <span class='ocrx_word' id='word_1_442' title='bbox 3441 1362 3535 1401; x_wconf 90' lang='lat' dir='ltr'><strong>ca-</strong></span> 
     </span>
    </p>
   </div>
   <div class='ocr_carea' id='block_1_60' title="bbox 1950 1439 3538 1508">
    <p class='ocr_par' dir='ltr' id='par_1_60' title="bbox 1950 1439 3538 1508">
     <span class='ocr_line' id='line_1_60' title="bbox 1950 1439 3538 1508; baseline -0.002 -12"><span class='ocrx_word' id='word_1_443' title='bbox 1950 1443 2174 1498; x_wconf 66' lang='lat' dir='ltr'><strong>lumnim</strong></span> <span class='ocrx_word' id='word_1_444' title='bbox 2202 1443 2407 1498; x_wconf 86' lang='lat' dir='ltr'><strong>diaboli</strong></span> <span class='ocrx_word' id='word_1_445' title='bbox 2456 1444 2642 1508; x_wconf 87' lang='lat' dir='ltr'><strong>verba,</strong></span> <span class='ocrx_word' id='word_1_446' title='bbox 2678 1441 3087 1497; x_wconf 83' lang='lat' dir='ltr'><strong>fraudulentum</strong></span> <span class='ocrx_word' id='word_1_447' title='bbox 3140 1439 3294 1493; x_wconf 90' lang='lat' dir='ltr'><strong>illum</strong></span> <span class='ocrx_word' id='word_1_448' title='bbox 3333 1439 3538 1508; x_wconf 78' lang='lat' dir='ltr'><strong>tragice</strong></span> 
     </span>
    </p>
   </div>
   <div class='ocr_carea' id='block_1_61' title="bbox 1952 1526 3539 1600">
    <p class='ocr_par' dir='ltr' id='par_1_61' title="bbox 1952 1526 3539 1600">
     <span class='ocr_line' id='line_1_61' title="bbox 1952 1526 3539 1600; baseline -0.003 -13"><span class='ocrx_word' id='word_1_449' title='bbox 1952 1532 2291 1589; x_wconf 87' lang='lat' dir='ltr'><strong>describens.</strong></span> <span class='ocrx_word' id='word_1_450' title='bbox 2337 1530 2434 1589; x_wconf 86' lang='lat' dir='ltr'><strong>His</strong></span> <span class='ocrx_word' id='word_1_451' title='bbox 2480 1533 2625 1588; x_wconf 87' lang='lat' dir='ltr'><strong>enim</strong></span> <span class='ocrx_word' id='word_1_452' title='bbox 2660 1532 2910 1587; x_wconf 90' lang='lat' dir='ltr'><strong>diabolus</strong></span> <span class='ocrx_word' id='word_1_453' title='bbox 2945 1530 3089 1600; x_wconf 88' lang='lat' dir='ltr'><strong>apud</strong></span> <span class='ocrx_word' id='word_1_454' title='bbox 3136 1529 3316 1600; x_wconf 89' lang='lat' dir='ltr'><strong>ipsum</strong></span> <span class='ocrx_word' id='word_1_455' title='bbox 3353 1526 3539 1582; x_wconf 84' lang='lat' dir='ltr'><strong>verbis</strong></span> 
     </span>
    </p>
   </div>
   <div class='ocr_carea' id='block_1_62' title="bbox 1953 1617 3541 1680">
    <p class='ocr_par' dir='ltr' id='par_1_62' title="bbox 1953 1617 3541 1680">
     <span class='ocr_line' id='line_1_62' title="bbox 1953 1617 3541 1680; baseline -0.004 -1"><span class='ocrx_word' id='word_1_456' title='bbox 1953 1624 2220 1680; x_wconf 80' lang='lat' dir='ltr'><strong>Adamum</strong></span> <span class='ocrx_word' id='word_1_457' title='bbox 2258 1639 2444 1680; x_wconf 87' lang='lat' dir='ltr'><strong>coram</strong></span> <span class='ocrx_word' id='word_1_458' title='bbox 2487 1623 2599 1680; x_wconf 89' lang='lat' dir='ltr'><strong>Deo</strong></span> <span class='ocrx_word' id='word_1_459' title='bbox 2634 1623 2897 1679; x_wconf 90' lang='lat' dir='ltr'><strong>incusans</strong></span> <span class='ocrx_word' id='word_1_460' title='bbox 2945 1622 3119 1677; x_wconf 89' lang='lat' dir='ltr'><strong>utitur</strong></span> <span class='ocrx_word' id='word_1_461' title='bbox 3161 1640 3173 1675; x_wconf 92' lang='lat'>:</span> <span class='ocrx_word' id='word_1_462' title='bbox 3207 1618 3277 1673; x_wconf 85' lang='lat' dir='ltr'><strong>Et</strong></span> <span class='ocrx_word' id='word_1_463' title='bbox 3313 1617 3541 1673; x_wconf 86' lang='lat' dir='ltr'><strong>comedit</strong></span> 
     </span>
    </p>
   </div>
   <div class='ocr_carea' id='block_1_63' title="bbox 1954 1711 3542 1780">
    <p class='ocr_par' dir='ltr' id='par_1_63' title="bbox 1954 1711 3542 1780">
     <span class='ocr_line' id='line_1_63' title="bbox 1954 1711 3542 1780; baseline -0.004 -9"><span class='ocrx_word' id='word_1_464' title='bbox 1954 1716 2209 1780; x_wconf 75' lang='lat' dir='ltr'><strong>Iacobus,</strong></span> <span class='ocrx_word' id='word_1_465' title='bbox 2249 1727 2298 1772; x_wconf 91' lang='lat' dir='ltr'><strong>et</strong></span> <span class='ocrx_word' id='word_1_466' title='bbox 2341 1726 2618 1772; x_wconf 73' lang='lat' dir='ltr'><strong>saturatas</strong></span> <span class='ocrx_word' id='word_1_467' title='bbox 2648 1726 2744 1779; x_wconf 85' lang='lat' dir='ltr'><strong>est,</strong></span> <span class='ocrx_word' id='word_1_468' title='bbox 2792 1727 2841 1770; x_wconf 89' lang='lat' dir='ltr'><strong>et</strong></span> <span class='ocrx_word' id='word_1_469' title='bbox 2882 1714 3242 1770; x_wconf 84' lang='lat' dir='ltr'><strong>recalcitravit</strong></span> <span class='ocrx_word' id='word_1_470' title='bbox 3289 1711 3542 1771; x_wconf 83' lang='lat' dir='ltr'><strong>dilectus,</strong></span> 
     </span>
    </p>
   </div>
   <div class='ocr_carea' id='block_1_64' title="bbox 1958 1801 3544 1878">
    <p class='ocr_par' dir='ltr' id='par_1_64' title="bbox 1958 1801 3544 1878">
     <span class='ocr_line' id='line_1_64' title="bbox 1958 1801 3544 1878; baseline -0.003 -19"><span class='ocrx_word' id='word_1_471' title='bbox 1958 1803 2330 1878; x_wconf 82' lang='lat' dir='ltr'><strong>Impinguatus</strong></span> <span class='ocrx_word' id='word_1_472' title='bbox 2361 1809 2507 1862; x_wconf 88' lang='lat' dir='ltr'><strong>enim</strong></span> <span class='ocrx_word' id='word_1_473' title='bbox 2529 1817 2628 1873; x_wconf 88' lang='lat' dir='ltr'><strong>est,</strong></span> <span class='ocrx_word' id='word_1_474' title='bbox 2656 1808 2853 1877; x_wconf 84' lang='lat' dir='ltr'><strong>inquit,</strong></span> <span class='ocrx_word' id='word_1_475' title='bbox 2884 1817 2933 1861; x_wconf 87' lang='lat' dir='ltr'><strong>et</strong></span> <span class='ocrx_word' id='word_1_476' title='bbox 2965 1807 3299 1860; x_wconf 89' lang='lat' dir='ltr'><strong>incrassatus</strong></span> <span class='ocrx_word' id='word_1_477' title='bbox 3326 1810 3426 1866; x_wconf 89' lang='lat' dir='ltr'><strong>est,</strong></span> <span class='ocrx_word' id='word_1_478' title='bbox 3454 1801 3544 1855; x_wconf 83' lang='lat' dir='ltr'><strong>di-</strong></span> 
     </span>
    </p>
   </div>
   <div class='ocr_carea' id='block_1_65' title="bbox 1958 1897 3545 1970">
    <p class='ocr_par' dir='ltr' id='par_1_65' title="bbox 1958 1897 3545 1970">
     <span class='ocr_line' id='line_1_65' title="bbox 1958 1897 3545 1970; baseline -0.004 -18"><span class='ocrx_word' id='word_1_479' title='bbox 1958 1897 2158 1953; x_wconf 85' lang='lat' dir='ltr'><strong>latatus</strong></span> <span class='ocrx_word' id='word_1_480' title='bbox 2187 1908 2285 1964; x_wconf 88' lang='lat' dir='ltr'><strong>est,</strong></span> <span class='ocrx_word' id='word_1_481' title='bbox 2316 1910 2367 1954; x_wconf 91' lang='lat' dir='ltr'><strong>et</strong></span> <span class='ocrx_word' id='word_1_482' title='bbox 2402 1899 2685 1970; x_wconf 82' lang='lat' dir='ltr'><strong>dereliquit</strong></span> <span class='ocrx_word' id='word_1_483' title='bbox 2721 1898 2885 1952; x_wconf 88' lang='lat' dir='ltr'><strong>Deum</strong></span> <span class='ocrx_word' id='word_1_484' title='bbox 2927 1897 3251 1952; x_wconf 87' lang='lat' dir='ltr'><strong>conditorem</strong></span> <span class='ocrx_word' id='word_1_485' title='bbox 3280 1910 3457 1957; x_wconf 88' lang='lat' dir='ltr'><strong>suum,</strong></span> <span class='ocrx_word' id='word_1_486' title='bbox 3494 1899 3545 1947; x_wconf 88' lang='lat' dir='ltr'><strong>et</strong></span> 
     </span>
    </p>
   </div>
   <div class='ocr_carea' id='block_1_66' title="bbox 1961 1983 3549 2047">
    <p class='ocr_par' dir='ltr' id='par_1_66' title="bbox 1961 1983 3549 2047">
     <span class='ocr_line' id='line_1_66' title="bbox 1961 1983 3549 2047; baseline -0.003 -2"><span class='ocrx_word' id='word_1_487' title='bbox 1961 1992 2176 2046; x_wconf 77' lang='lat' dir='ltr'><strong>recessit</strong></span> <span class='ocrx_word' id='word_1_488' title='bbox 2212 2008 2245 2046; x_wconf 89' lang='lat' dir='ltr'><strong>a</strong></span> <span class='ocrx_word' id='word_1_489' title='bbox 2276 1990 2385 2046; x_wconf 86' lang='lat' dir='ltr'><strong>Deo</strong></span> <span class='ocrx_word' id='word_1_490' title='bbox 2428 2001 2696 2046; x_wconf 83' lang='lat' dir='ltr'><strong>servatore</strong></span> <span class='ocrx_word' id='word_1_491' title='bbox 2728 2006 2823 2045; x_wconf 88' lang='lat' dir='ltr'><strong>suo</strong></span> <span class='ocrx_word' id='word_1_492' title='bbox 2851 1989 2917 2044; x_wconf 85' lang='grc'><strong>³³.</strong></span> <span class='ocrx_word' id='word_1_493' title='bbox 2955 1988 3070 2047; x_wconf 88' lang='lat' dir='ltr'><strong>Hoc</strong></span> <span class='ocrx_word' id='word_1_494' title='bbox 3100 1988 3248 2044; x_wconf 89' lang='lat' dir='ltr'><strong>enim</strong></span> <span class='ocrx_word' id='word_1_495' title='bbox 3275 1996 3329 2043; x_wconf 90' lang='lat' dir='ltr'><strong>et</strong></span> <span class='ocrx_word' id='word_1_496' title='bbox 3358 1983 3549 2041; x_wconf 80' lang='lat' dir='ltr'><strong>Jacobi</strong></span> 
     </span>
    </p>
   </div>
   <div class='ocr_carea' id='block_1_67' title="bbox 1959 2077 3547 2154">
    <p class='ocr_par' dir='ltr' id='par_1_67' title="bbox 1959 2077 3547 2154">
     <span class='ocr_line' id='line_1_67' title="bbox 1959 2077 3547 2154; baseline -0.003 -16"><span class='ocrx_word' id='word_1_497' title='bbox 1959 2084 2194 2154; x_wconf 89' lang='lat' dir='ltr'><strong>posteris</strong></span> <span class='ocrx_word' id='word_1_498' title='bbox 2228 2082 2379 2151; x_wconf 80' lang='lat' dir='ltr'><strong>fecit,</strong></span> <span class='ocrx_word' id='word_1_499' title='bbox 2414 2100 2538 2139; x_wconf 84' lang='lat' dir='ltr'><strong>eum</strong></span> <span class='ocrx_word' id='word_1_500' title='bbox 2569 2099 2667 2139; x_wconf 90' lang='lat' dir='ltr'><strong>eos</strong></span> <span class='ocrx_word' id='word_1_501' title='bbox 2710 2085 2776 2140; x_wconf 90' lang='lat' dir='ltr'><strong>ad</strong></span> <span class='ocrx_word' id='word_1_502' title='bbox 2805 2083 3148 2139; x_wconf 84' lang='lat' dir='ltr'><strong>saturitatem</strong></span> <span class='ocrx_word' id='word_1_503' title='bbox 3177 2080 3362 2138; x_wconf 87' lang='lat' dir='ltr'><strong>carnis</strong></span> <span class='ocrx_word' id='word_1_504' title='bbox 3389 2088 3444 2134; x_wconf 90' lang='lat' dir='ltr'><strong>et</strong></span> <span class='ocrx_word' id='word_1_505' title='bbox 3462 2077 3547 2133; x_wconf 80' lang='lat' dir='ltr'><strong>vi-</strong></span> 
     </span>
    </p>
   </div>
   <div class='ocr_carea' id='block_1_68' title="bbox 1960 2171 3554 2246">
    <p class='ocr_par' dir='ltr' id='par_1_68' title="bbox 1960 2171 3554 2246">
     <span class='ocr_line' id='line_1_68' title="bbox 1960 2171 3554 2246; baseline -0.003 -15"><span class='ocrx_word' id='word_1_506' title='bbox 1960 2177 2258 2233; x_wconf 85' lang='lat' dir='ltr'><strong>nolentiam</strong></span> <span class='ocrx_word' id='word_1_507' title='bbox 2278 2177 2540 2246; x_wconf 85' lang='lat' dir='ltr'><strong>ﬂexisset,</strong></span> <span class='ocrx_word' id='word_1_508' title='bbox 2568 2193 2633 2233; x_wconf 89' lang='lat' dir='ltr'><strong>ac</strong></span> <span class='ocrx_word' id='word_1_509' title='bbox 2653 2176 2847 2232; x_wconf 90' lang='lat' dir='ltr'><strong>deinde</strong></span> <span class='ocrx_word' id='word_1_510' title='bbox 2878 2176 2943 2231; x_wconf 87' lang='lat' dir='ltr'><strong>ad</strong></span> <span class='ocrx_word' id='word_1_511' title='bbox 2965 2175 3328 2231; x_wconf 86' lang='lat' dir='ltr'><strong>idololatriam</strong></span> <span class='ocrx_word' id='word_1_512' title='bbox 3357 2171 3554 2243; x_wconf 67' lang='lat' dir='ltr'><strong>praeci—</strong></span> 
     </span>
    </p>
   </div>
   <div class='ocr_carea' id='block_1_69' title="bbox 1963 2264 3550 2343">
    <p class='ocr_par' dir='ltr' id='par_1_69' title="bbox 1963 2264 3550 2343">
     <span class='ocr_line' id='line_1_69' title="bbox 1963 2264 3550 2343; baseline -0.004 -21"><span class='ocrx_word' id='word_1_513' title='bbox 1963 2269 2193 2339; x_wconf 88' lang='lat' dir='ltr'><strong>pitasset</strong></span> <span class='ocrx_word' id='word_1_514' title='bbox 2222 2288 2235 2323; x_wconf 93' lang='lat'>:</span> <span class='ocrx_word' id='word_1_515' title='bbox 2269 2270 2338 2326; x_wconf 90' lang='lat' dir='ltr'><strong>de</strong></span> <span class='ocrx_word' id='word_1_516' title='bbox 2360 2270 2564 2343; x_wconf 80' lang='lat' dir='ltr'><strong>quibus</strong></span> <span class='ocrx_word' id='word_1_517' title='bbox 2593 2268 2798 2332; x_wconf 87' lang='lat' dir='ltr'><strong>Moses,</strong></span> <span class='ocrx_word' id='word_1_518' title='bbox 2844 2284 2968 2323; x_wconf 90' lang='lat' dir='ltr'><strong>cum</strong></span> <span class='ocrx_word' id='word_1_519' title='bbox 3002 2274 3269 2323; x_wconf 84' lang='lat' dir='ltr'><strong>armasset</strong></span> <span class='ocrx_word' id='word_1_520' title='bbox 3309 2264 3550 2327; x_wconf 88' lang='lat' dir='ltr'><strong>Levitas,</strong></span> 
     </span>
    </p>
   </div>
   <div class='ocr_carea' id='block_1_70' title="bbox 1962 2356 3560 2433">
    <p class='ocr_par' dir='ltr' id='par_1_70' title="bbox 1962 2356 3560 2433">
     <span class='ocr_line' id='line_1_70' title="bbox 1962 2356 3560 2433; baseline -0.004 -18"><span class='ocrx_word' id='word_1_521' title='bbox 1962 2361 2157 2433; x_wconf 79' lang='lat' dir='ltr'><strong>viginti</strong></span> <span class='ocrx_word' id='word_1_522' title='bbox 2187 2361 2291 2416; x_wconf 89' lang='lat' dir='ltr'><strong>tria</strong></span> <span class='ocrx_word' id='word_1_523' title='bbox 2335 2361 2507 2417; x_wconf 88' lang='lat' dir='ltr'><strong>millia</strong></span> <span class='ocrx_word' id='word_1_524' title='bbox 2543 2359 2918 2417; x_wconf 80' lang='lat' dir='ltr'><strong>Jacobitarum</strong></span> <span class='ocrx_word' id='word_1_525' title='bbox 2965 2374 3077 2414; x_wconf 91' lang='lat' dir='ltr'><strong>uno</strong></span> <span class='ocrx_word' id='word_1_526' title='bbox 3114 2358 3202 2414; x_wconf 89' lang='lat' dir='ltr'><strong>die</strong></span> <span class='ocrx_word' id='word_1_527' title='bbox 3242 2358 3299 2412; x_wconf 90' lang='lat' dir='ltr'><strong>in</strong></span> <span class='ocrx_word' id='word_1_528' title='bbox 3338 2356 3560 2411; x_wconf 87' lang='lat' dir='ltr'><strong>deserto</strong></span> 
     </span>
    </p>
   </div>
   <div class='ocr_carea' id='block_1_71' title="bbox 1965 2447 3554 2527">
    <p class='ocr_par' dir='ltr' id='par_1_71' title="bbox 1965 2447 3554 2527">
     <span class='ocr_line' id='line_1_71' title="bbox 1965 2447 3554 2527; baseline -0.006 -16"><span class='ocrx_word' id='word_1_529' title='bbox 1965 2457 2232 2527; x_wconf 79' lang='lat' dir='ltr'><strong>graminis</strong></span> <span class='ocrx_word' id='word_1_530' title='bbox 2284 2457 2465 2513; x_wconf 88' lang='lat' dir='ltr'><strong>instar</strong></span> <span class='ocrx_word' id='word_1_531' title='bbox 2528 2455 2847 2511; x_wconf 90' lang='lat' dir='ltr'><strong>demessuit.</strong></span> <span class='ocrx_word' id='word_1_532' title='bbox 2898 2451 3269 2508; x_wconf 85' lang='lat' dir='ltr'><strong>Nihilominus</strong></span> <span class='ocrx_word' id='word_1_533' title='bbox 3324 2447 3554 2504; x_wconf 86' lang='lat' dir='ltr'><strong>humani</strong></span> 
     </span>
    </p>
   </div>
   <div class='ocr_carea' id='block_1_72' title="bbox 1968 2547 3555 2620">
    <p class='ocr_par' dir='ltr' id='par_1_72' title="bbox 1968 2547 3555 2620">
     <span class='ocr_line' id='line_1_72' title="bbox 1968 2547 3555 2620; baseline -0.006 -15"><span class='ocrx_word' id='word_1_534' title='bbox 1968 2550 2184 2620; x_wconf 81' lang='lat' dir='ltr'><strong>generis</strong></span> <span class='ocrx_word' id='word_1_535' title='bbox 2213 2559 2429 2606; x_wconf 87' lang='lat' dir='ltr'><strong>amator</strong></span> <span class='ocrx_word' id='word_1_536' title='bbox 2456 2548 2625 2616; x_wconf 91' lang='lat' dir='ltr'><strong>Deus,</strong></span> <span class='ocrx_word' id='word_1_537' title='bbox 2653 2563 2782 2619; x_wconf 75' lang='lat' dir='ltr'><strong>erga</strong></span> <span class='ocrx_word' id='word_1_538' title='bbox 2803 2562 2930 2602; x_wconf 91' lang='lat' dir='ltr'><strong>eum</strong></span> <span class='ocrx_word' id='word_1_539' title='bbox 2965 2547 3059 2617; x_wconf 90' lang='lat' dir='ltr'><strong>qui</strong></span> <span class='ocrx_word' id='word_1_540' title='bbox 3089 2553 3382 2601; x_wconf 84' lang='lat' dir='ltr'><strong>accusatus</strong></span> <span class='ocrx_word' id='word_1_541' title='bbox 3410 2548 3555 2606; x_wconf 86' lang='lat' dir='ltr'><strong>erat,</strong></span> 
     </span>
    </p>
   </div>
   <div class='ocr_carea' id='block_1_73' title="bbox 1968 2622 3561 2712">
    <p class='ocr_par' dir='ltr' id='par_1_73' title="bbox 1968 2622 3561 2712">
     <span class='ocr_line' id='line_1_73' title="bbox 1968 2622 3561 2712; baseline -0.006 -15"><span class='ocrx_word' id='word_1_542' title='bbox 1968 2642 2398 2712; x_wconf 85' lang='lat' dir='ltr'><strong>haudquaquam</strong></span> <span class='ocrx_word' id='word_1_543' title='bbox 2435 2622 2704 2704; x_wconf 79' lang='lat' dir='ltr'><strong>mutatus,</strong></span> <span class='ocrx_word' id='word_1_544' title='bbox 2738 2640 2805 2695; x_wconf 90' lang='lat' dir='ltr'><strong>ad</strong></span> <span class='ocrx_word' id='word_1_545' title='bbox 2834 2654 2936 2694; x_wconf 89' lang='lat' dir='ltr'><strong>nos</strong></span> <span class='ocrx_word' id='word_1_546' title='bbox 2977 2639 3122 2693; x_wconf 85' lang='lat' dir='ltr'><strong>venit</strong></span> <span class='ocrx_word' id='word_1_547' title='bbox 3146 2647 3207 2692; x_wconf 91' lang='lat' dir='ltr'><strong>ut</strong></span> <span class='ocrx_word' id='word_1_548' title='bbox 3227 2637 3440 2692; x_wconf 87' lang='lat' dir='ltr'><strong>hostem</strong></span> <span class='ocrx_word' id='word_1_549' title='bbox 3465 2649 3561 2691; x_wconf 87' lang='lat' dir='ltr'><strong>ca-</strong></span> 
     </span>
    </p>
   </div>
   <div class='ocr_carea' id='block_1_74' title="bbox 1970 2733 3561 2806">
    <p class='ocr_par' dir='ltr' id='par_1_74' title="bbox 1970 2733 3561 2806">
     <span class='ocr_line' id='line_1_74' title="bbox 1970 2733 3561 2806; baseline -0.008 -16"><span class='ocrx_word' id='word_1_550' title='bbox 1970 2743 2143 2806; x_wconf 88' lang='lat' dir='ltr'><strong>peret,</strong></span> <span class='ocrx_word' id='word_1_551' title='bbox 2178 2736 2232 2789; x_wconf 93' lang='lat' dir='ltr'><strong>in</strong></span> <span class='ocrx_word' id='word_1_552' title='bbox 2256 2735 2377 2804; x_wconf 87' lang='lat' dir='ltr'><strong>ejus</strong></span> <span class='ocrx_word' id='word_1_553' title='bbox 2416 2733 2594 2789; x_wconf 80' lang='lat' dir='ltr'><strong>forma</strong></span> <span class='ocrx_word' id='word_1_554' title='bbox 2622 2733 2717 2804; x_wconf 85' lang='lat' dir='ltr'><strong>qui</strong></span> <span class='ocrx_word' id='word_1_555' title='bbox 2747 2733 3010 2801; x_wconf 87' lang='lat' dir='ltr'><strong>deceptus</strong></span> <span class='ocrx_word' id='word_1_556' title='bbox 3041 2739 3182 2795; x_wconf 87' lang='lat' dir='ltr'><strong>erat,</strong></span> <span class='ocrx_word' id='word_1_557' title='bbox 3217 2743 3342 2782; x_wconf 89' lang='lat' dir='ltr'><strong>vere</strong></span> <span class='ocrx_word' id='word_1_558' title='bbox 3375 2735 3561 2781; x_wconf 87' lang='lat' dir='ltr'><strong>natus.</strong></span> 
     </span>
    </p>
   </div>
   <div class='ocr_carea' id='block_1_75' title="bbox 1972 2818 3564 2897">
    <p class='ocr_par' dir='ltr' id='par_1_75' title="bbox 1972 2818 3564 2897">
     <span class='ocr_line' id='line_1_75' title="bbox 1972 2818 3564 2897; baseline -0.004 -17"><span class='ocrx_word' id='word_1_559' title='bbox 1972 2827 2150 2897; x_wconf 83' lang='lat' dir='ltr'><strong>Atque</strong></span> <span class='ocrx_word' id='word_1_560' title='bbox 2183 2841 2252 2881; x_wconf 90' lang='lat' dir='ltr'><strong>ne</strong></span> <span class='ocrx_word' id='word_1_561' title='bbox 2280 2825 2426 2882; x_wconf 81' lang='lat' dir='ltr'><strong>hosti</strong></span> <span class='ocrx_word' id='word_1_562' title='bbox 2456 2824 2803 2881; x_wconf 88' lang='lat' dir='ltr'><strong>occasionem</strong></span> <span class='ocrx_word' id='word_1_563' title='bbox 2835 2823 2994 2879; x_wconf 88' lang='lat' dir='ltr'><strong>daret</strong></span> <span class='ocrx_word' id='word_1_564' title='bbox 3025 2820 3263 2884; x_wconf 89' lang='lat' dir='ltr'><strong>dicendi,</strong></span> <span class='ocrx_word' id='word_1_565' title='bbox 3305 2818 3564 2874; x_wconf 81' lang='lat' dir='ltr'><strong>Mortales</strong></span> 
     </span>
    </p>
   </div>
   <div class='ocr_carea' id='block_1_76' title="bbox 1975 2910 3564 2989">
    <p class='ocr_par' dir='ltr' id='par_1_76' title="bbox 1975 2910 3564 2989">
     <span class='ocr_line' id='line_1_76' title="bbox 1975 2910 3564 2989; baseline -0.005 -15"><span class='ocrx_word' id='word_1_566' title='bbox 1975 2932 2298 2989; x_wconf 74' lang='lat' dir='ltr'><strong>oppugnaris</strong></span> <span class='ocrx_word' id='word_1_567' title='bbox 2321 2933 2353 2973; x_wconf 92' lang='lat' dir='ltr'><strong>a</strong></span> <span class='ocrx_word' id='word_1_568' title='bbox 2380 2915 2493 2973; x_wconf 89' lang='lat' dir='ltr'><strong>Deo</strong></span> <span class='ocrx_word' id='word_1_569' title='bbox 2530 2924 2822 2987; x_wconf 88' lang='lat' dir='ltr'><strong>superatus</strong></span> <span class='ocrx_word' id='word_1_570' title='bbox 2850 2930 2971 2972; x_wconf 90' lang='lat' dir='ltr'><strong>sum</strong></span> <span class='ocrx_word' id='word_1_571' title='bbox 3002 2933 3016 2971; x_wconf 92' lang='lat'><strong>:</strong></span> <span class='ocrx_word' id='word_1_572' title='bbox 3052 2914 3169 2985; x_wconf 87' lang='lat' dir='ltr'><strong>ipse</strong></span> <span class='ocrx_word' id='word_1_573' title='bbox 3204 2911 3453 2967; x_wconf 86' lang='lat' dir='ltr'><strong>mortalis</strong></span> <span class='ocrx_word' id='word_1_574' title='bbox 3481 2910 3564 2977; x_wconf 86' lang='lat' dir='ltr'><strong>ﬁt,</strong></span> 
     </span>
    </p>
   </div>
   <div class='ocr_carea' id='block_1_77' title="bbox 1975 3001 3568 3078">
    <p class='ocr_par' dir='ltr' id='par_1_77' title="bbox 1975 3001 3568 3078">
     <span class='ocr_line' id='line_1_77' title="bbox 1975 3001 3568 3078; baseline -0.007 -11"><span class='ocrx_word' id='word_1_575' title='bbox 1975 3026 2208 3067; x_wconf 89' lang='lat' dir='ltr'><strong>manens</strong></span> <span class='ocrx_word' id='word_1_576' title='bbox 2235 3008 2405 3074; x_wconf 91' lang='lat' dir='ltr'><strong>Deus,</strong></span> <span class='ocrx_word' id='word_1_577' title='bbox 2439 3018 2495 3064; x_wconf 91' lang='lat' dir='ltr'><strong>et</strong></span> <span class='ocrx_word' id='word_1_578' title='bbox 2523 3011 2675 3066; x_wconf 81' lang='lat' dir='ltr'><strong>venit</strong></span> <span class='ocrx_word' id='word_1_579' title='bbox 2702 3017 2767 3065; x_wconf 90' lang='lat' dir='ltr'><strong>ut</strong></span> <span class='ocrx_word' id='word_1_580' title='bbox 2815 3021 2915 3078; x_wconf 87' lang='lat' dir='ltr'><strong>pro</strong></span> <span class='ocrx_word' id='word_1_581' title='bbox 2952 3004 3279 3061; x_wconf 86' lang='lat' dir='ltr'><strong>mortalibus</strong></span> <span class='ocrx_word' id='word_1_582' title='bbox 3322 3001 3568 3058; x_wconf 85' lang='lat' dir='ltr'><strong>homini-</strong></span> 
     </span>
    </p>
   </div>
   <div class='ocr_carea' id='block_1_78' title="bbox 1976 3098 3568 3173">
    <p class='ocr_par' dir='ltr' id='par_1_78' title="bbox 1976 3098 3568 3173">
     <span class='ocr_line' id='line_1_78' title="bbox 1976 3098 3568 3173; baseline -0.006 -14"><span class='ocrx_word' id='word_1_583' title='bbox 1976 3104 2082 3159; x_wconf 86' lang='lat' dir='ltr'><strong>bus</strong></span> <span class='ocrx_word' id='word_1_584' title='bbox 2125 3109 2350 3173; x_wconf 80' lang='lat' dir='ltr'><strong>pugnet.</strong></span> <span class='ocrx_word' id='word_1_585' title='bbox 2398 3099 2454 3154; x_wconf 86' lang='lat' dir='ltr'><strong>Id</strong></span> <span class='ocrx_word' id='word_1_586' title='bbox 2502 3102 2649 3170; x_wconf 90' lang='lat' dir='ltr'><strong>quod</strong></span> <span class='ocrx_word' id='word_1_587' title='bbox 2687 3100 2802 3172; x_wconf 88' lang='lat' dir='ltr'><strong>jam</strong></span> <span class='ocrx_word' id='word_1_588' title='bbox 2852 3107 2979 3154; x_wconf 88' lang='lat' dir='ltr'><strong>ante</strong></span> <span class='ocrx_word' id='word_1_589' title='bbox 3024 3098 3356 3168; x_wconf 81' lang='lat' dir='ltr'><strong>quingentos</strong></span> <span class='ocrx_word' id='word_1_590' title='bbox 3391 3108 3568 3149; x_wconf 86' lang='lat' dir='ltr'><strong>annos</strong></span> 
     </span>
    </p>
   </div>
   <div class='ocr_carea' id='block_1_79' title="bbox 1979 3188 3567 3265">
    <p class='ocr_par' dir='ltr' id='par_1_79' title="bbox 1979 3188 3567 3265">
     <span class='ocr_line' id='line_1_79' title="bbox 1979 3188 3567 3265; baseline -0.008 -17"><span class='ocrx_word' id='word_1_591' title='bbox 1979 3194 2308 3265; x_wconf 78' lang='lat' dir='ltr'><strong>prauiixerat</strong></span> <span class='ocrx_word' id='word_1_592' title='bbox 2338 3202 2494 3247; x_wconf 89' lang='lat' dir='ltr'><strong>vates</strong></span> <span class='ocrx_word' id='word_1_593' title='bbox 2524 3193 2616 3247; x_wconf 90' lang='lat' dir='ltr'><strong>ille</strong></span> <span class='ocrx_word' id='word_1_594' title='bbox 2647 3192 3073 3260; x_wconf 90' lang='lat' dir='ltr'><strong>divinorumque</strong></span> <span class='ocrx_word' id='word_1_595' title='bbox 3114 3188 3421 3243; x_wconf 89' lang='lat' dir='ltr'><strong>carminum</strong></span> <span class='ocrx_word' id='word_1_596' title='bbox 3464 3200 3567 3239; x_wconf 86' lang='lat' dir='ltr'><strong>an-</strong></span> 
     </span>
    </p>
   </div>
   <div class='ocr_carea' id='block_1_80' title="bbox 1982 3275 3567 3351">
    <p class='ocr_par' dir='ltr' id='par_1_80' title="bbox 1982 3275 3567 3351">
     <span class='ocr_line' id='line_1_80' title="bbox 1982 3275 3567 3351; baseline -0.007 -11"><span class='ocrx_word' id='word_1_597' title='bbox 1982 3295 2099 3340; x_wconf 88' lang='lat' dir='ltr'><strong>ctor</strong></span> <span class='ocrx_word' id='word_1_598' title='bbox 2128 3283 2399 3339; x_wconf 83' lang='lat' dir='ltr'><strong>Davides:</strong></span> <span class='ocrx_word' id='word_1_599' title='bbox 2437 3281 2754 3336; x_wconf 77' lang='lat' dir='ltr'><strong>Benedictus</strong></span> <span class='ocrx_word' id='word_1_600' title='bbox 2781 3283 2952 3348; x_wconf 91' lang='lat' dir='ltr'><strong>enim,</strong></span> <span class='ocrx_word' id='word_1_601' title='bbox 2986 3278 3187 3351; x_wconf 88' lang='lat' dir='ltr'><strong>inquit,</strong></span> <span class='ocrx_word' id='word_1_602' title='bbox 3226 3278 3315 3350; x_wconf 89' lang='lat' dir='ltr'><strong>qui</strong></span> <span class='ocrx_word' id='word_1_603' title='bbox 3346 3276 3482 3332; x_wconf 82' lang='lat' dir='ltr'><strong>venit</strong></span> <span class='ocrx_word' id='word_1_604' title='bbox 3510 3275 3567 3329; x_wconf 87' lang='lat' dir='ltr'><strong>in</strong></span> 
     </span>
    </p>
   </div>
   <div class='ocr_carea' id='block_1_81' title="bbox 1981 3368 3570 3439">
    <p class='ocr_par' dir='ltr' id='par_1_81' title="bbox 1981 3368 3570 3439">
     <span class='ocr_line' id='line_1_81' title="bbox 1981 3368 3570 3439; baseline -0.004 -10"><span class='ocrx_word' id='word_1_605' title='bbox 1981 3376 2189 3430; x_wconf 75' lang='lat' dir='ltr'><strong>nomine</strong></span> <span class='ocrx_word' id='word_1_606' title='bbox 2232 3374 2453 3429; x_wconf 86' lang='lat' dir='ltr'><strong>Domini</strong></span> <span class='ocrx_word' id='word_1_607' title='bbox 2482 3374 2547 3429; x_wconf 72' lang='grc'><strong>⁸⁵.</strong></span> <span class='ocrx_word' id='word_1_608' title='bbox 2581 3373 2849 3439; x_wconf 85' lang='lat' dir='ltr'><strong>Quisnam</strong></span> <span class='ocrx_word' id='word_1_609' title='bbox 2889 3383 2974 3428; x_wconf 89' lang='lat' dir='ltr'><strong>est</strong></span> <span class='ocrx_word' id='word_1_610' title='bbox 3002 3373 3113 3436; x_wconf 89' lang='lat' dir='ltr'><strong>ille,</strong></span> <span class='ocrx_word' id='word_1_611' title='bbox 3146 3381 3299 3427; x_wconf 86' lang='lat' dir='ltr'><strong>vates</strong></span> <span class='ocrx_word' id='word_1_612' title='bbox 3346 3368 3570 3424; x_wconf 81' lang='lat' dir='ltr'><strong>divine?</strong></span> 
     </span>
    </p>
   </div>
   <div class='ocr_carea' id='block_1_82' title="bbox 1981 3459 3570 3537">
    <p class='ocr_par' dir='ltr' id='par_1_82' title="bbox 1981 3459 3570 3537">
     <span class='ocr_line' id='line_1_82' title="bbox 1981 3459 3570 3537; baseline -0.004 -14"><span class='ocrx_word' id='word_1_613' title='bbox 1981 3470 2240 3524; x_wconf 77' lang='lat' dir='ltr'><strong>Dominus</strong></span> <span class='ocrx_word' id='word_1_614' title='bbox 2268 3468 2431 3532; x_wconf 82' lang='lat' dir='ltr'><strong>Deus,</strong></span> <span class='ocrx_word' id='word_1_615' title='bbox 2461 3475 2511 3522; x_wconf 88' lang='lat' dir='ltr'><strong>et</strong></span> <span class='ocrx_word' id='word_1_616' title='bbox 2546 3467 2796 3537; x_wconf 83' lang='lat' dir='ltr'><strong>apparuit</strong></span> <span class='ocrx_word' id='word_1_617' title='bbox 2821 3466 2974 3521; x_wconf 88' lang='lat' dir='ltr'><strong>nobis</strong></span> <span class='ocrx_word' id='word_1_618' title='bbox 3001 3466 3070 3520; x_wconf 82' lang='grc'><strong>³⁸.</strong></span> <span class='ocrx_word' id='word_1_619' title='bbox 3102 3466 3174 3519; x_wconf 81' lang='lat' dir='ltr'><strong>At</strong></span> <span class='ocrx_word' id='word_1_620' title='bbox 3196 3464 3358 3535; x_wconf 81' lang='lat' dir='ltr'><strong>cuius</strong></span> <span class='ocrx_word' id='word_1_621' title='bbox 3396 3459 3570 3534; x_wconf 76' lang='lat' dir='ltr'><strong>gratia</strong></span> 
     </span>
    </p>
   </div>
   <div class='ocr_carea' id='block_1_83' title="bbox 1980 3556 3570 3626">
    <p class='ocr_par' dir='ltr' id='par_1_83' title="bbox 1980 3556 3570 3626">
     <span class='ocr_line' id='line_1_83' title="bbox 1980 3556 3570 3626; baseline -0.006 -9"><span class='ocrx_word' id='word_1_622' title='bbox 1980 3562 2127 3618; x_wconf 90' lang='lat' dir='ltr'><strong>Deus</strong></span> <span class='ocrx_word' id='word_1_623' title='bbox 2178 3561 2428 3618; x_wconf 87' lang='lat' dir='ltr'><strong>mortalis</strong></span> <span class='ocrx_word' id='word_1_624' title='bbox 2461 3559 2543 3626; x_wconf 83' lang='lat' dir='ltr'><strong>ﬁt,</strong></span> <span class='ocrx_word' id='word_1_625' title='bbox 2592 3558 2668 3615; x_wconf 88' lang='lat' dir='ltr'><strong>mi</strong></span> <span class='ocrx_word' id='word_1_626' title='bbox 2700 3558 2976 3615; x_wconf 86' lang='lat' dir='ltr'><strong>Davidcs?</strong></span> <span class='ocrx_word' id='word_1_627' title='bbox 3028 3556 3110 3613; x_wconf 82' lang='lat' dir='ltr'><strong>Ad</strong></span> <span class='ocrx_word' id='word_1_628' title='bbox 3150 3556 3570 3620; x_wconf 89' lang='lat' dir='ltr'><strong>destruendum,</strong></span> 
     </span>
    </p>
   </div>
   <div class='ocr_carea' id='block_1_84' title="bbox 1980 3644 3573 3729">
    <p class='ocr_par' dir='ltr' id='par_1_84' title="bbox 1980 3644 3573 3729">
     <span class='ocr_line' id='line_1_84' title="bbox 1980 3644 3573 3729; baseline -0.009 -16"><span class='ocrx_word' id='word_1_629' title='bbox 1980 3658 2183 3729; x_wconf 89' lang='lat' dir='ltr'><strong>inquit,</strong></span> <span class='ocrx_word' id='word_1_630' title='bbox 2233 3656 2524 3712; x_wconf 89' lang='lat' dir='ltr'><strong>inimicum</strong></span> <span class='ocrx_word' id='word_1_631' title='bbox 2578 3663 2634 3711; x_wconf 90' lang='lat' dir='ltr'><strong>et</strong></span> <span class='ocrx_word' id='word_1_632' title='bbox 2666 3661 2979 3710; x_wconf 82' lang='lat' dir='ltr'><strong>exactorem</strong></span> <span class='ocrx_word' id='word_1_633' title='bbox 3019 3649 3320 3705; x_wconf 83' lang='lat' dir='ltr'><strong>diabolum.</strong></span> <span class='ocrx_word' id='word_1_634' title='bbox 3369 3644 3573 3702; x_wconf 81' lang='lat' dir='ltr'><strong>Crimi-</strong></span> 
     </span>
    </p>
   </div>
   <div class='ocr_carea' id='block_1_85' title="bbox 1984 3738 3571 3819">
    <p class='ocr_par' dir='ltr' id='par_1_85' title="bbox 1984 3738 3571 3819">
     <span class='ocr_line' id='line_1_85' title="bbox 1984 3738 3571 3819; baseline -0.011 -12"><span class='ocrx_word' id='word_1_635' title='bbox 1984 3759 2149 3807; x_wconf 85' lang='lat' dir='ltr'><strong>natur</strong></span> <span class='ocrx_word' id='word_1_636' title='bbox 2179 3750 2326 3805; x_wconf 88' lang='lat' dir='ltr'><strong>enim</strong></span> <span class='ocrx_word' id='word_1_637' title='bbox 2357 3750 2501 3819; x_wconf 88' lang='lat' dir='ltr'><strong>apud</strong></span> <span class='ocrx_word' id='word_1_638' title='bbox 2536 3747 2706 3804; x_wconf 93' lang='lat' dir='ltr'><strong>Deum</strong></span> <span class='ocrx_word' id='word_1_639' title='bbox 2739 3744 2946 3808; x_wconf 88' lang='lat' dir='ltr'><strong>omnia,</strong></span> <span class='ocrx_word' id='word_1_640' title='bbox 2975 3751 3028 3797; x_wconf 89' lang='lat' dir='ltr'><strong>et</strong></span> <span class='ocrx_word' id='word_1_641' title='bbox 3049 3739 3192 3812; x_wconf 89' lang='lat' dir='ltr'><strong>apud</strong></span> <span class='ocrx_word' id='word_1_642' title='bbox 3224 3740 3362 3795; x_wconf 88' lang='lat' dir='ltr'><strong>alios</strong></span> <span class='ocrx_word' id='word_1_643' title='bbox 3391 3738 3571 3801; x_wconf 89' lang='lat' dir='ltr'><strong>illum,</strong></span> 
     </span>
    </p>
   </div>
   <div class='ocr_carea' id='block_1_86' title="bbox 1982 3825 3573 3910">
    <p class='ocr_par' dir='ltr' id='par_1_86' title="bbox 1982 3825 3573 3910">
     <span class='ocr_line' id='line_1_86' title="bbox 1982 3825 3573 3910; baseline -0.009 -13"><span class='ocrx_word' id='word_1_644' title='bbox 1982 3849 2040 3897; x_wconf 90' lang='lat' dir='ltr'><strong>et</strong></span> <span class='ocrx_word' id='word_1_645' title='bbox 2067 3841 2315 3910; x_wconf 90' lang='lat' dir='ltr'><strong>utrisque</strong></span> <span class='ocrx_word' id='word_1_646' title='bbox 2358 3839 2626 3895; x_wconf 87' lang='lat' dir='ltr'><strong>ultionem</strong></span> <span class='ocrx_word' id='word_1_647' title='bbox 2661 3835 2923 3907; x_wconf 76' lang='lat' dir='ltr'><strong>suggerit.</strong></span> <span class='ocrx_word' id='word_1_648' title='bbox 2958 3831 3013 3888; x_wconf 86' lang='lat' dir='ltr'><strong>Id</strong></span> <span class='ocrx_word' id='word_1_649' title='bbox 3054 3829 3205 3902; x_wconf 90' lang='lat' dir='ltr'><strong>quod</strong></span> <span class='ocrx_word' id='word_1_650' title='bbox 3232 3838 3287 3885; x_wconf 89' lang='lat' dir='ltr'><strong>et</strong></span> <span class='ocrx_word' id='word_1_651' title='bbox 3317 3844 3445 3899; x_wconf 79' lang='lat' dir='ltr'><strong>erga</strong></span> <span class='ocrx_word' id='word_1_652' title='bbox 3475 3825 3573 3883; x_wconf 71' lang='grc' dir='ltr'><strong>Ιο-</strong></span> 
     </span>
    </p>
   </div>
   <div class='ocr_carea' id='block_1_87' title="bbox 1985 3919 3574 4004">
    <p class='ocr_par' dir='ltr' id='par_1_87' title="bbox 1985 3919 3574 4004">
     <span class='ocr_line' id='line_1_87' title="bbox 1985 3919 3574 4004; baseline -0.009 -15"><span class='ocrx_word' id='word_1_653' title='bbox 1985 3934 2142 3999; x_wconf 89' lang='lat' dir='ltr'><strong>bum,</strong></span> <span class='ocrx_word' id='word_1_654' title='bbox 2177 3940 2233 3989; x_wconf 88' lang='lat' dir='ltr'><strong>et</strong></span> <span class='ocrx_word' id='word_1_655' title='bbox 2276 3947 2406 4004; x_wconf 74' lang='lat' dir='ltr'><strong>erga</strong></span> <span class='ocrx_word' id='word_1_656' title='bbox 2437 3932 2609 3986; x_wconf 91' lang='lat' dir='ltr'><strong>Deum</strong></span> <span class='ocrx_word' id='word_1_657' title='bbox 2659 3931 2919 3998; x_wconf 88' lang='lat' dir='ltr'><strong>utrinque</strong></span> <span class='ocrx_word' id='word_1_658' title='bbox 2966 3924 3243 3980; x_wconf 75' lang='lat' dir='ltr'><strong>malitiose</strong></span> <span class='ocrx_word' id='word_1_659' title='bbox 3292 3922 3445 3977; x_wconf 78' lang='lat' dir='ltr'><strong>facit.</strong></span> <span class='ocrx_word' id='word_1_660' title='bbox 3490 3919 3574 3975; x_wconf 80' lang='lat' dir='ltr'><strong>Ad</strong></span> 
     </span>
    </p>
   </div>
   <div class='ocr_carea' id='block_1_88' title="bbox 1986 4010 3573 4094">
    <p class='ocr_par' dir='ltr' id='par_1_88' title="bbox 1986 4010 3573 4094">
     <span class='ocr_line' id='line_1_88' title="bbox 1986 4010 3573 4094; baseline -0.008 -16"><span class='ocrx_word' id='word_1_661' title='bbox 1986 4023 2157 4079; x_wconf 91' lang='lat' dir='ltr'><strong>Deum</strong></span> <span class='ocrx_word' id='word_1_662' title='bbox 2172 4024 2391 4094; x_wconf 90' lang='lat' dir='ltr'><strong>quidem</strong></span> <span class='ocrx_word' id='word_1_663' title='bbox 2413 4023 2602 4078; x_wconf 89' lang='lat' dir='ltr'><strong>dicens</strong></span> <span class='ocrx_word' id='word_1_664' title='bbox 2620 4040 2634 4077; x_wconf 88' lang='lat'><strong>:</strong></span> <span class='ocrx_word' id='word_1_665' title='bbox 2658 4020 2802 4075; x_wconf 89' lang='lat' dir='ltr'><strong>Num</strong></span> <span class='ocrx_word' id='word_1_666' title='bbox 2819 4018 2987 4089; x_wconf 84' lang='lat' dir='ltr'><strong>gratis</strong></span> <span class='ocrx_word' id='word_1_667' title='bbox 3003 4017 3129 4072; x_wconf 85' lang='lat' dir='ltr'><strong>colit</strong></span> <span class='ocrx_word' id='word_1_668' title='bbox 3140 4015 3175 4070; x_wconf 79' lang='grc' dir='ltr'><em>Ι</em></span> <span class='ocrx_word' id='word_1_669' title='bbox 3181 4015 3308 4069; x_wconf 87' lang='lat' dir='ltr'><strong>obus</strong></span> <span class='ocrx_word' id='word_1_670' title='bbox 3322 4012 3489 4067; x_wconf 88' lang='lat' dir='ltr'><strong>Deum</strong></span> <span class='ocrx_word' id='word_1_671' title='bbox 3504 4010 3573 4076; x_wconf 82' lang='grc'><strong>⁸⁸,</strong></span> 
     </span>
    </p>
   </div>
   <div class='ocr_carea' id='block_1_89' title="bbox 1988 4103 3576 4184">
    <p class='ocr_par' dir='ltr' id='par_1_89' title="bbox 1988 4103 3576 4184">
     <span class='ocr_line' id='line_1_89' title="bbox 1988 4103 3576 4184; baseline -0.009 -13"><span class='ocrx_word' id='word_1_672' title='bbox 1988 4124 2086 4171; x_wconf 88' lang='lat' dir='ltr'><strong>aut</strong></span> <span class='ocrx_word' id='word_1_673' title='bbox 2106 4115 2159 4169; x_wconf 93' lang='lat' dir='ltr'><strong>in</strong></span> <span class='ocrx_word' id='word_1_674' title='bbox 2183 4115 2351 4170; x_wconf 89' lang='lat' dir='ltr'><strong>multa</strong></span> <span class='ocrx_word' id='word_1_675' title='bbox 2371 4113 2690 4169; x_wconf 78' lang='lat' dir='ltr'><strong>facultatum</strong></span> <span class='ocrx_word' id='word_1_676' title='bbox 2712 4110 3059 4184; x_wconf 82' lang='lat' dir='ltr'><strong>possessione</strong></span> <span class='ocrx_word' id='word_1_677' title='bbox 3077 4107 3288 4162; x_wconf 81' lang='lat' dir='ltr'><strong>fovetur</strong></span> <span class='ocrx_word' id='word_1_678' title='bbox 3307 4114 3469 4175; x_wconf 88' lang='lat' dir='ltr'><strong>atque</strong></span> <span class='ocrx_word' id='word_1_679' title='bbox 3483 4103 3576 4158; x_wconf 89' lang='lat' dir='ltr'><strong>de-</strong></span> 
     </span>
    </p>
   </div>
   <div class='ocr_carea' id='block_1_90' title="bbox 1987 4192 3577 4270">
    <p class='ocr_par' dir='ltr' id='par_1_90' title="bbox 1987 4192 3577 4270">
     <span class='ocr_line' id='line_1_90' title="bbox 1987 4192 3577 4270; baseline -0.009 -11"><span class='ocrx_word' id='word_1_680' title='bbox 1987 4204 2243 4260; x_wconf 84' lang='lat' dir='ltr'><strong>liciatur?</strong></span> <span class='ocrx_word' id='word_1_681' title='bbox 2260 4203 2339 4260; x_wconf 83' lang='lat' dir='ltr'><strong>Ad</strong></span> <span class='ocrx_word' id='word_1_682' title='bbox 2366 4201 2562 4258; x_wconf 83' lang='lat' dir='ltr'><strong>Jobum</strong></span> <span class='ocrx_word' id='word_1_683' title='bbox 2585 4211 2765 4258; x_wconf 88' lang='lat' dir='ltr'><strong>autem</strong></span> <span class='ocrx_word' id='word_1_684' title='bbox 2791 4200 2971 4270; x_wconf 87' lang='lat' dir='ltr'><strong>inquit</strong></span> <span class='ocrx_word' id='word_1_685' title='bbox 2994 4218 3007 4254; x_wconf 92' lang='lat'><strong>:</strong></span> <span class='ocrx_word' id='word_1_686' title='bbox 3030 4198 3179 4270; x_wconf 84' lang='lat' dir='ltr'><strong>Ignis</strong></span> <span class='ocrx_word' id='word_1_687' title='bbox 3205 4197 3268 4249; x_wconf 85' lang='lat' dir='ltr'><strong>de</strong></span> <span class='ocrx_word' id='word_1_688' title='bbox 3290 4193 3417 4249; x_wconf 76' lang='lat' dir='ltr'><strong>coelo</strong></span> <span class='ocrx_word' id='word_1_689' title='bbox 3433 4192 3577 4246; x_wconf 82' lang='lat' dir='ltr'><strong>deci-</strong></span> 
     </span>
    </p>
   </div>
   <div class='ocr_carea' id='block_1_91' title="bbox 1988 4286 3579 4366">
    <p class='ocr_par' dir='ltr' id='par_1_91' title="bbox 1988 4286 3579 4366">
     <span class='ocr_line' id='line_1_91' title="bbox 1988 4286 3579 4366; baseline -0.007 -17"><span class='ocrx_word' id='word_1_690' title='bbox 1988 4297 2087 4362; x_wconf 83' lang='lat' dir='ltr'><strong>dit,</strong></span> <span class='ocrx_word' id='word_1_691' title='bbox 2123 4307 2174 4351; x_wconf 91' lang='lat' dir='ltr'><strong>et</strong></span> <span class='ocrx_word' id='word_1_692' title='bbox 2195 4296 2489 4366; x_wconf 83' lang='lat' dir='ltr'><strong>absumpsit</strong></span> <span class='ocrx_word' id='word_1_693' title='bbox 2528 4310 2706 4349; x_wconf 85' lang='lat' dir='ltr'><strong>omnes</strong></span> <span class='ocrx_word' id='word_1_694' title='bbox 2733 4291 3014 4363; x_wconf 78' lang='lat' dir='ltr'><strong>facultates</strong></span> <span class='ocrx_word' id='word_1_695' title='bbox 3042 4298 3160 4344; x_wconf 89' lang='lat' dir='ltr'><strong>tuas</strong></span> <span class='ocrx_word' id='word_1_696' title='bbox 3179 4288 3244 4343; x_wconf 87' lang='grc'><strong>³⁷.</strong></span> <span class='ocrx_word' id='word_1_697' title='bbox 3268 4286 3579 4355; x_wconf 87' lang='lat' dir='ltr'><strong>lterumque</strong></span> 
     </span>
    </p>
   </div>
   <div class='ocr_carea' id='block_1_92' title="bbox 1990 4381 3581 4460">
    <p class='ocr_par' dir='ltr' id='par_1_92' title="bbox 1990 4381 3581 4460">
     <span class='ocr_line' id='line_1_92' title="bbox 1990 4381 3581 4460; baseline -0.009 -15"><span class='ocrx_word' id='word_1_698' title='bbox 1990 4390 2169 4460; x_wconf 81' lang='lat' dir='ltr'><strong>inquit</strong></span> <span class='ocrx_word' id='word_1_699' title='bbox 2203 4388 2271 4444; x_wconf 91' lang='lat' dir='ltr'><strong>ad</strong></span> <span class='ocrx_word' id='word_1_700' title='bbox 2299 4387 2469 4443; x_wconf 88' lang='lat' dir='ltr'><strong>Deum</strong></span> <span class='ocrx_word' id='word_1_701' title='bbox 2497 4406 2511 4442; x_wconf 90' lang='lat'><strong>:</strong></span> <span class='ocrx_word' id='word_1_702' title='bbox 2552 4385 2677 4441; x_wconf 86' lang='lat' dir='ltr'><strong>Non</strong></span> <span class='ocrx_word' id='word_1_703' title='bbox 2708 4393 2913 4440; x_wconf 89' lang='lat' dir='ltr'><strong>tantum</strong></span> <span class='ocrx_word' id='word_1_704' title='bbox 2940 4383 3058 4446; x_wconf 84' lang='lat' dir='ltr'><strong>hoc,</strong></span> <span class='ocrx_word' id='word_1_705' title='bbox 3085 4381 3175 4436; x_wconf 88' lang='lat' dir='ltr'><strong>sed</strong></span> <span class='ocrx_word' id='word_1_706' title='bbox 3200 4381 3348 4434; x_wconf 85' lang='lat' dir='ltr'><strong>mitte</strong></span> <span class='ocrx_word' id='word_1_707' title='bbox 3364 4392 3581 4432; x_wconf 83' lang='lat' dir='ltr'><strong>manum</strong></span> 
     </span>
    </p>
   </div>
   <div class='ocr_carea' id='block_1_93' title="bbox 1993 4469 3580 4550">
    <p class='ocr_par' dir='ltr' id='par_1_93' title="bbox 1993 4469 3580 4550">
     <span class='ocr_line' id='line_1_93' title="bbox 1993 4469 3580 4550; baseline -0.009 -14"><span class='ocrx_word' id='word_1_708' title='bbox 1993 4491 2160 4544; x_wconf 88' lang='lat' dir='ltr'><strong>tuam,</strong></span> <span class='ocrx_word' id='word_1_709' title='bbox 2194 4489 2243 4535; x_wconf 91' lang='lat' dir='ltr'><strong>et</strong></span> <span class='ocrx_word' id='word_1_710' title='bbox 2273 4489 2427 4550; x_wconf 85' lang='lat' dir='ltr'><strong>tange</strong></span> <span class='ocrx_word' id='word_1_711' title='bbox 2459 4495 2582 4534; x_wconf 87' lang='lat' dir='ltr'><strong>ossa</strong></span> <span class='ocrx_word' id='word_1_712' title='bbox 2612 4479 2726 4548; x_wconf 87' lang='lat' dir='ltr'><strong>ejus</strong></span> <span class='ocrx_word' id='word_1_713' title='bbox 2751 4485 2801 4531; x_wconf 92' lang='lat' dir='ltr'><strong>et</strong></span> <span class='ocrx_word' id='word_1_714' title='bbox 2826 4491 3010 4530; x_wconf 86' lang='lat' dir='ltr'><strong>carnes</strong></span> <span class='ocrx_word' id='word_1_715' title='bbox 3041 4473 3155 4543; x_wconf 85' lang='lat' dir='ltr'><strong>ejus</strong></span> <span class='ocrx_word' id='word_1_716' title='bbox 3177 4472 3242 4525; x_wconf 81' lang='grc'><strong>³⁸.</strong></span> <span class='ocrx_word' id='word_1_717' title='bbox 3282 4470 3349 4526; x_wconf 85' lang='lat' dir='ltr'><strong>Et</strong></span> <span class='ocrx_word' id='word_1_718' title='bbox 3380 4469 3580 4524; x_wconf 86' lang='lat' dir='ltr'><strong>iterum</strong></span> 
     </span>
    </p>
   </div>
   <div class='ocr_carea' id='block_1_94' title="bbox 1993 4564 3584 4643">
    <p class='ocr_par' dir='ltr' id='par_1_94' title="bbox 1993 4564 3584 4643">
     <span class='ocr_line' id='line_1_94' title="bbox 1993 4564 3584 4643; baseline -0.007 -17"><span class='ocrx_word' id='word_1_719' title='bbox 1993 4573 2060 4626; x_wconf 87' lang='lat' dir='ltr'><strong>ad</strong></span> <span class='ocrx_word' id='word_1_720' title='bbox 2087 4571 2284 4628; x_wconf 85' lang='lat' dir='ltr'><strong>Johum</strong></span> <span class='ocrx_word' id='word_1_721' title='bbox 2312 4588 2407 4643; x_wconf 89' lang='lat' dir='ltr'><strong>per</strong></span> <span class='ocrx_word' id='word_1_722' title='bbox 2431 4570 2558 4626; x_wconf 75' lang='lat' dir='ltr'><strong>vitae</strong></span> <span class='ocrx_word' id='word_1_723' title='bbox 2586 4576 2899 4626; x_wconf 88' lang='lat' dir='ltr'><strong>consortem</strong></span> <span class='ocrx_word' id='word_1_724' title='bbox 2931 4585 2944 4620; x_wconf 91' lang='lat'><strong>:</strong></span> <span class='ocrx_word' id='word_1_725' title='bbox 2984 4564 3240 4632; x_wconf 84' lang='lat' dir='ltr'><strong>Quandiu</strong></span> <span class='ocrx_word' id='word_1_726' title='bbox 3284 4576 3584 4632; x_wconf 83' lang='lat' dir='ltr'><strong>persevera-</strong></span> 
     </span>
    </p>
   </div>
   <div class='ocr_carea' id='block_1_95' title="bbox 1997 4652 3591 4729">
    <p class='ocr_par' dir='ltr' id='par_1_95' title="bbox 1997 4652 3591 4729">
     <span class='ocr_line' id='line_1_95' title="bbox 1997 4652 3591 4729; baseline -0.006 -13"><span class='ocrx_word' id='word_1_727' title='bbox 1997 4663 2076 4718; x_wconf 89' lang='lat' dir='ltr'><strong>bis</strong></span> <span class='ocrx_word' id='word_1_728' title='bbox 2116 4665 2211 4718; x_wconf 86' lang='lat' dir='ltr'><strong>sub</strong></span> <span class='ocrx_word' id='word_1_729' title='bbox 2249 4665 2339 4718; x_wconf 88' lang='lat' dir='ltr'><strong>dio</strong></span> <span class='ocrx_word' id='word_1_730' title='bbox 2368 4663 2423 4717; x_wconf 91' lang='lat' dir='ltr'><strong>in</strong></span> <span class='ocrx_word' id='word_1_731' title='bbox 2463 4662 2731 4717; x_wconf 87' lang='lat' dir='ltr'><strong>stercore?</strong></span> <span class='ocrx_word' id='word_1_732' title='bbox 2761 4660 2887 4729; x_wconf 84' lang='lat' dir='ltr'><strong>quin</strong></span> <span class='ocrx_word' id='word_1_733' title='bbox 2917 4659 3003 4712; x_wconf 88' lang='lat' dir='ltr'><strong>dic</strong></span> <span class='ocrx_word' id='word_1_734' title='bbox 3034 4656 3247 4712; x_wconf 82' lang='lat' dir='ltr'><strong>uerbum</strong></span> <span class='ocrx_word' id='word_1_735' title='bbox 3273 4652 3488 4726; x_wconf 86' lang='lat' dir='ltr'><strong>aliquod</strong></span> <span class='ocrx_word' id='word_1_736' title='bbox 3513 4652 3591 4706; x_wconf 69' lang='lat' dir='ltr'><strong>ad</strong></span> 
     </span>
    </p>
   </div>
   <div class='ocr_carea' id='block_1_96' title="bbox 2000 4745 3586 4821">
    <p class='ocr_par' dir='ltr' id='par_1_96' title="bbox 2000 4745 3586 4821">
     <span class='ocr_line' id='line_1_96' title="bbox 2000 4745 3586 4821; baseline -0.006 -13"><span class='ocrx_word' id='word_1_737' title='bbox 2000 4754 2311 4818; x_wconf 86' lang='lat' dir='ltr'><strong>Dominum,</strong></span> <span class='ocrx_word' id='word_1_738' title='bbox 2338 4763 2388 4808; x_wconf 89' lang='lat' dir='ltr'><strong>et</strong></span> <span class='ocrx_word' id='word_1_739' title='bbox 2412 4769 2636 4821; x_wconf 88' lang='lat' dir='ltr'><strong>morere,</strong></span> <span class='ocrx_word' id='word_1_740' title='bbox 2668 4763 2726 4805; x_wconf 90' lang='lat' dir='ltr'><strong>ut</strong></span> <span class='ocrx_word' id='word_1_741' title='bbox 2760 4751 2999 4806; x_wconf 84' lang='lat' dir='ltr'><strong>libereris</strong></span> <span class='ocrx_word' id='word_1_742' title='bbox 3028 4766 3062 4804; x_wconf 84' lang='grc' dir='ltr'><strong>α</strong></span> <span class='ocrx_word' id='word_1_743' title='bbox 3093 4747 3250 4803; x_wconf 85' lang='lat' dir='ltr'><strong>malis</strong></span> <span class='ocrx_word' id='word_1_744' title='bbox 3272 4760 3392 4818; x_wconf 75' lang='lat' dir='ltr'><strong>qua:</strong></span> <span class='ocrx_word' id='word_1_745' title='bbox 3423 4755 3472 4800; x_wconf 90' lang='lat' dir='ltr'><strong>te</strong></span> <span class='ocrx_word' id='word_1_746' title='bbox 3492 4745 3586 4799; x_wconf 90' lang='lat' dir='ltr'><strong>de-</strong></span> 
     </span>
    </p>
   </div>
   <div class='ocr_carea' id='block_1_97' title="bbox 313 4837 3583 4920">
    <p class='ocr_par' dir='ltr' id='par_1_97' title="bbox 313 4837 3583 4920">
     <span class='ocr_line' id='line_1_97' title="bbox 313 4837 3583 4920; baseline -0.003 -18"><span class='ocrx_word' id='word_1_747' title='bbox 313 4849 478 4905; x_wconf 82' lang='lat' dir='ltr'><strong>tinent</strong></span> <span class='ocrx_word' id='word_1_748' title='bbox 500 4849 567 4902; x_wconf 75' lang='lat'><strong>&quot;.</strong></span> <span class='ocrx_word' id='word_1_749' title='bbox 597 4847 757 4902; x_wconf 84' lang='lat' dir='ltr'><strong>Hunc</strong></span> <span class='ocrx_word' id='word_1_750' title='bbox 784 4849 949 4918; x_wconf 79' lang='lat' dir='ltr'><strong>igitur</strong></span> <span class='ocrx_word' id='word_1_751' title='bbox 970 4848 1252 4904; x_wconf 83' lang='lat' dir='ltr'><strong>inimicum</strong></span> <span class='ocrx_word' id='word_1_752' title='bbox 1280 4855 1334 4901; x_wconf 88' lang='lat' dir='ltr'><strong>et</strong></span> <span class='ocrx_word' id='word_1_753' title='bbox 1364 4854 1673 4902; x_wconf 84' lang='lat' dir='ltr'><strong>exactorem</strong></span> <span class='ocrx_word' id='word_1_754' title='bbox 1706 4844 1899 4902; x_wconf 90' lang='lat' dir='ltr'><strong>tollens</strong></span> <span class='ocrx_word' id='word_1_755' title='bbox 1927 4846 2192 4904; x_wconf 90' lang='lat' dir='ltr'><strong>Dominus</strong></span> <span class='ocrx_word' id='word_1_756' title='bbox 2225 4864 2322 4920; x_wconf 90' lang='lat' dir='ltr'><strong>per</strong></span> <span class='ocrx_word' id='word_1_757' title='bbox 2347 4847 2654 4903; x_wconf 81' lang='lat' dir='ltr'><strong>divinitatis</strong></span> <span class='ocrx_word' id='word_1_758' title='bbox 2682 4846 2739 4899; x_wconf 88' lang='lat' dir='ltr'><strong>in</strong></span> <span class='ocrx_word' id='word_1_759' title='bbox 2769 4860 2989 4900; x_wconf 86' lang='lat' dir='ltr'><strong>carnem</strong></span> <span class='ocrx_word' id='word_1_760' title='bbox 3019 4843 3332 4904; x_wconf 85' lang='lat' dir='ltr'><strong>adventum,</strong></span> <span class='ocrx_word' id='word_1_761' title='bbox 3360 4837 3538 4909; x_wconf 90' lang='lat' dir='ltr'><strong>inquit</strong></span> <span class='ocrx_word' id='word_1_762' title='bbox 3563 4851 3583 4892; x_wconf 87' lang='lat'><strong>:</strong></span> 
     </span>
    </p>
   </div>
   <div class='ocr_carea' id='block_1_98' title="bbox 313 4931 3458 5014">
    <p class='ocr_par' dir='ltr' id='par_1_98' title="bbox 313 4931 3458 5014">
     <span class='ocr_line' id='line_1_98' title="bbox 313 4931 3458 5014; baseline -0.004 -17"><span class='ocrx_word' id='word_1_763' title='bbox 313 4940 451 4998; x_wconf 83' lang='lat' dir='ltr'><strong>Ecce</strong></span> <span class='ocrx_word' id='word_1_764' title='bbox 471 4940 593 4998; x_wconf 83' lang='lat' dir='ltr'><strong>dedi</strong></span> <span class='ocrx_word' id='word_1_765' title='bbox 614 4940 757 4996; x_wconf 74' lang='lat' dir='ltr'><strong>vobis</strong></span> <span class='ocrx_word' id='word_1_766' title='bbox 778 4947 1090 5008; x_wconf 82' lang='lat' dir='ltr'><strong>potestatem</strong></span> <span class='ocrx_word' id='word_1_767' title='bbox 1118 4940 1366 4993; x_wconf 83' lang='lat' dir='ltr'><strong>calcandi</strong></span> <span class='ocrx_word' id='word_1_768' title='bbox 1394 4954 1550 5010; x_wconf 82' lang='lat' dir='ltr'><strong>super</strong></span> <span class='ocrx_word' id='word_1_769' title='bbox 1579 4948 1846 5008; x_wconf 78' lang='lat' dir='ltr'><strong>serpentes</strong></span> <span class='ocrx_word' id='word_1_770' title='bbox 1876 4951 1929 4995; x_wconf 90' lang='lat' dir='ltr'><strong>et</strong></span> <span class='ocrx_word' id='word_1_771' title='bbox 1958 4944 2287 5014; x_wconf 87' lang='lat' dir='ltr'><strong>scorpiones,</strong></span> <span class='ocrx_word' id='word_1_772' title='bbox 2314 4949 2365 4995; x_wconf 89' lang='lat' dir='ltr'><strong>et</strong></span> <span class='ocrx_word' id='word_1_773' title='bbox 2397 4956 2557 5012; x_wconf 87' lang='lat' dir='ltr'><strong>super</strong></span> <span class='ocrx_word' id='word_1_774' title='bbox 2586 4955 2789 4993; x_wconf 88' lang='lat' dir='ltr'><strong>omnem</strong></span> <span class='ocrx_word' id='word_1_775' title='bbox 2817 4944 3130 5008; x_wconf 87' lang='lat' dir='ltr'><strong>potestatem</strong></span> <span class='ocrx_word' id='word_1_776' title='bbox 3155 4932 3361 4987; x_wconf 86' lang='lat' dir='ltr'><strong>inimici</strong></span> <span class='ocrx_word' id='word_1_777' title='bbox 3388 4931 3458 4983; x_wconf 69' lang='grc' dir='ltr'><strong>⁸ο.</strong></span> 
     </span>
    </p>
   </div>
   <div class='ocr_carea' id='block_1_99' title="bbox 871 5030 1330 5085">
    <p class='ocr_par' dir='ltr' id='par_1_99' title="bbox 871 5030 1330 5085">
     <span class='ocr_line' id='line_1_99' title="bbox 871 5030 1330 5085; baseline -0.004 0"><span class='ocrx_word' id='word_1_778' title='bbox 871 5030 1122 5085; x_wconf 87' lang='grc' dir='ltr'><strong>ΠΕΥΣΙΣ</strong></span> <span class='ocrx_word' id='word_1_779' title='bbox 1157 5032 1330 5085; x_wconf 87' lang='grc' dir='ltr'><strong>ΡΚΔ’.</strong></span> 
     </span>
    </p>
   </div>
   <div class='ocr_carea' id='block_1_100' title="bbox 382 5120 1895 5194">
    <p class='ocr_par' dir='ltr' id='par_1_100' title="bbox 382 5120 1895 5194">
     <span class='ocr_line' id='line_1_100' title="bbox 382 5120 1895 5194; baseline -0.007 -9"><span class='ocrx_word' id='word_1_780' title='bbox 382 5129 498 5185; x_wconf 73' lang='grc' dir='ltr'><strong>Καὶ</strong></span> <span class='ocrx_word' id='word_1_781' title='bbox 520 5130 569 5184; x_wconf 86' lang='grc' dir='ltr'><strong>εί</strong></span> <span class='ocrx_word' id='word_1_782' title='bbox 599 5125 817 5182; x_wconf 80' lang='grc' dir='ltr'>καθεῖλε</span> <span class='ocrx_word' id='word_1_783' title='bbox 844 5122 935 5181; x_wconf 88' lang='grc' dir='ltr'><strong>τὸν</strong></span> <span class='ocrx_word' id='word_1_784' title='bbox 977 5121 1171 5194; x_wconf 80' lang='grc' dir='ltr'>ἐχθρὸν</span> <span class='ocrx_word' id='word_1_785' title='bbox 1202 5122 1232 5175; x_wconf 90' lang='grc' dir='ltr'><strong>ὁ</strong></span> <span class='ocrx_word' id='word_1_786' title='bbox 1258 5120 1482 5192; x_wconf 80' lang='grc' dir='ltr'>Κύριος,</span> <span class='ocrx_word' id='word_1_787' title='bbox 1509 5121 1594 5186; x_wconf 81' lang='grc' dir='ltr'><strong>τίς</strong></span> <span class='ocrx_word' id='word_1_788' title='bbox 1624 5122 1756 5193; x_wconf 79' lang='grc' dir='ltr'>ἡμῖν</span> <span class='ocrx_word' id='word_1_789' title='bbox 1796 5141 1895 5177; x_wconf 86' lang='grc' dir='ltr'>πο-</span> 
     </span>
    </p>
   </div>
   <div class='ocr_carea' id='block_1_101' title="bbox 314 5212 1896 5292">
    <p class='ocr_par' dir='ltr' id='par_1_101' title="bbox 314 5212 1896 5292">
     <span class='ocr_line' id='line_1_101' title="bbox 314 5212 1896 5292; baseline -0.005 -16"><span class='ocrx_word' id='word_1_790' title='bbox 314 5221 473 5292; x_wconf 84' lang='grc' dir='ltr'>λεμεῖ</span> <span class='ocrx_word' id='word_1_791' title='bbox 498 5221 772 5283; x_wconf 80' lang='grc' dir='ltr'>ἑκάστοις,</span> <span class='ocrx_word' id='word_1_792' title='bbox 802 5216 898 5271; x_wconf 76' lang='grc' dir='ltr'>καὶ</span> <span class='ocrx_word' id='word_1_793' title='bbox 922 5214 1251 5287; x_wconf 85' lang='grc' dir='ltr'>πειρασμοῖς</span> <span class='ocrx_word' id='word_1_794' title='bbox 1279 5212 1566 5284; x_wconf 85' lang='grc' dir='ltr'>ἀδοκήτοις</span> <span class='ocrx_word' id='word_1_795' title='bbox 1589 5213 1684 5267; x_wconf 80' lang='grc' dir='ltr'>καὶ</span> <span class='ocrx_word' id='word_1_796' title='bbox 1715 5214 1896 5287; x_wconf 84' lang='grc' dir='ltr'>ἀμαρ-</span> 
     </span>
    </p>
   </div>
   <div class='ocr_carea' id='block_1_102' title="bbox 315 5300 904 5384">
    <p class='ocr_par' dir='ltr' id='par_1_102' title="bbox 315 5300 904 5384">
     <span class='ocr_line' id='line_1_102' title="bbox 315 5300 904 5384; baseline -0.008 -17"><span class='ocrx_word' id='word_1_797' title='bbox 315 5300 537 5384; x_wconf 74' lang='grc' dir='ltr'>τήμασι</span> <span class='ocrx_word' id='word_1_798' title='bbox 558 5310 870 5383; x_wconf 82' lang='grc' dir='ltr'>περιϐάλλει</span> <span class='ocrx_word' id='word_1_799' title='bbox 889 5327 904 5376; x_wconf 90' lang='lat'><strong>;</strong></span> 
     </span>
    </p>
   </div>
   <div class='ocr_carea' id='block_1_103' title="bbox 941 5399 1296 5467">
    <p class='ocr_par' dir='ltr' id='par_1_103' title="bbox 941 5399 1296 5467">
     <span class='ocr_line' id='line_1_103' title="bbox 941 5399 1296 5467; baseline -0.006 -13"><span class='ocrx_word' id='word_1_800' title='bbox 941 5399 1296 5467; x_wconf 81' lang='grc' dir='ltr'>Ἀπόκρισις.</span> 
     </span>
    </p>
   </div>
   <div class='ocr_carea' id='block_1_104' title="bbox 404 5486 1899 5561">
    <p class='ocr_par' dir='ltr' id='par_1_104' title="bbox 404 5486 1899 5561">
     <span class='ocr_line' id='line_1_104' title="bbox 404 5486 1899 5561; baseline -0.004 -11"><span class='ocrx_word' id='word_1_801' title='bbox 404 5494 568 5550; x_wconf 84' lang='grc' dir='ltr'>Ἀλλὰ</span> <span class='ocrx_word' id='word_1_802' title='bbox 612 5494 708 5548; x_wconf 69' lang='grc' dir='ltr'>καὶ</span> <span class='ocrx_word' id='word_1_803' title='bbox 733 5489 842 5557; x_wconf 78' lang='grc' dir='ltr'>οἷός</span> <span class='ocrx_word' id='word_1_804' title='bbox 871 5509 932 5545; x_wconf 84' lang='grc' dir='ltr'><strong>τε</strong></span> <span class='ocrx_word' id='word_1_805' title='bbox 965 5489 1041 5546; x_wconf 85' lang='grc' dir='ltr'>ὢν</span> <span class='ocrx_word' id='word_1_806' title='bbox 1076 5490 1310 5561; x_wconf 81' lang='grc' dir='ltr'>παντελῆ</span> <span class='ocrx_word' id='word_1_807' title='bbox 1379 5490 1545 5544; x_wconf 78' lang='grc' dir='ltr'>αὐτοῦ</span> <span class='ocrx_word' id='word_1_808' title='bbox 1589 5486 1899 5560; x_wconf 82' lang='grc' dir='ltr'>ἀφανισμὸν</span> 
     </span>
    </p>
   </div>
   <div class='ocr_carea' id='block_1_105' title="bbox 322 5580 1894 5658">
    <p class='ocr_par' dir='ltr' id='par_1_105' title="bbox 322 5580 1894 5658">
     <span class='ocr_line' id='line_1_105' title="bbox 322 5580 1894 5658; baseline -0.005 -16"><span class='ocrx_word' id='word_1_809' title='bbox 322 5588 417 5642; x_wconf 78' lang='grc' dir='ltr'>καὶ</span> <span class='ocrx_word' id='word_1_810' title='bbox 447 5585 726 5658; x_wconf 82' lang='grc' dir='ltr'>ἀναίρεσιν</span> <span class='ocrx_word' id='word_1_811' title='bbox 765 5582 1114 5655; x_wconf 86' lang='grc' dir='ltr'>ποιήσασθαι,</span> <span class='ocrx_word' id='word_1_812' title='bbox 1155 5583 1257 5636; x_wconf 85' lang='grc' dir='ltr'>οὐκ</span> <span class='ocrx_word' id='word_1_813' title='bbox 1281 5580 1579 5653; x_wconf 71' lang='grc' dir='ltr'>ἠϐουλήθη,</span> <span class='ocrx_word' id='word_1_814' title='bbox 1610 5580 1698 5635; x_wconf 86' lang='grc' dir='ltr'><strong>διὰ</strong></span> <span class='ocrx_word' id='word_1_815' title='bbox 1722 5580 1785 5635; x_wconf 88' lang='grc' dir='ltr'><strong>τὸ</strong></span> <span class='ocrx_word' id='word_1_816' title='bbox 1818 5581 1894 5653; x_wconf 80' lang='grc' dir='ltr'>μὴ</span> 
     </span>
    </p>
   </div>
   <div class='ocr_carea' id='block_1_106' title="bbox 2396 5024 3188 5088">
    <p class='ocr_par' dir='ltr' id='par_1_106' title="bbox 2396 5024 3188 5088">
     <span class='ocr_line' id='line_1_106' title="bbox 2396 5024 3188 5088; baseline -0.011 0"><span class='ocrx_word' id='word_1_817' title='bbox 2396 5027 2917 5088; x_wconf 80' lang='lat' dir='ltr'><strong>INTERROGATIO</strong></span> <span class='ocrx_word' id='word_1_818' title='bbox 2953 5024 3188 5084; x_wconf 81' lang='lat' dir='ltr'><strong>CXXIV.</strong></span> 
     </span>
    </p>
   </div>
   <div class='ocr_carea' id='block_1_107' title="bbox 2073 5112 3587 5190">
    <p class='ocr_par' dir='ltr' id='par_1_107' title="bbox 2073 5112 3587 5190">
     <span class='ocr_line' id='line_1_107' title="bbox 2073 5112 3587 5190; baseline -0.005 -14"><span class='ocrx_word' id='word_1_819' title='bbox 2073 5122 2230 5190; x_wconf 85' lang='lat' dir='ltr'><strong>Quod</strong></span> <span class='ocrx_word' id='word_1_820' title='bbox 2279 5122 2326 5177; x_wconf 92' lang='lat' dir='ltr'><strong>si</strong></span> <span class='ocrx_word' id='word_1_821' title='bbox 2385 5122 2610 5178; x_wconf 90' lang='lat' dir='ltr'><strong>sustulit</strong></span> <span class='ocrx_word' id='word_1_822' title='bbox 2643 5121 2929 5176; x_wconf 86' lang='lat' dir='ltr'><strong>inimicum</strong></span> <span class='ocrx_word' id='word_1_823' title='bbox 2982 5117 3271 5177; x_wconf 85' lang='lat' dir='ltr'><strong>Dominus,</strong></span> <span class='ocrx_word' id='word_1_824' title='bbox 3313 5112 3440 5185; x_wconf 87' lang='lat' dir='ltr'><strong>quis</strong></span> <span class='ocrx_word' id='word_1_825' title='bbox 3489 5124 3587 5170; x_wconf 91' lang='lat' dir='ltr'><strong>no-</strong></span> 
     </span>
    </p>
   </div>
   <div class='ocr_carea' id='block_1_108' title="bbox 2002 5208 3589 5286">
    <p class='ocr_par' dir='ltr' id='par_1_108' title="bbox 2002 5208 3589 5286">
     <span class='ocr_line' id='line_1_108' title="bbox 2002 5208 3589 5286; baseline -0.006 -14"><span class='ocrx_word' id='word_1_826' title='bbox 2002 5224 2176 5273; x_wconf 90' lang='lat' dir='ltr'><strong>strum</strong></span> <span class='ocrx_word' id='word_1_827' title='bbox 2213 5214 2513 5286; x_wconf 85' lang='lat' dir='ltr'><strong>quemlibet</strong></span> <span class='ocrx_word' id='word_1_828' title='bbox 2543 5223 2840 5286; x_wconf 81' lang='lat' dir='ltr'><strong>oppugnat.</strong></span> <span class='ocrx_word' id='word_1_829' title='bbox 2872 5224 2926 5268; x_wconf 89' lang='lat' dir='ltr'><strong>et</strong></span> <span class='ocrx_word' id='word_1_830' title='bbox 2959 5208 3354 5268; x_wconf 85' lang='lat' dir='ltr'><strong>tentationibus</strong></span> <span class='ocrx_word' id='word_1_831' title='bbox 3379 5208 3589 5279; x_wconf 79' lang='lat' dir='ltr'><strong>impro-</strong></span> 
     </span>
    </p>
   </div>
   <div class='ocr_carea' id='block_1_109' title="bbox 2002 5304 2917 5380">
    <p class='ocr_par' dir='ltr' id='par_1_109' title="bbox 2002 5304 2917 5380">
     <span class='ocr_line' id='line_1_109' title="bbox 2002 5304 2917 5380; baseline -0.004 -18"><span class='ocrx_word' id='word_1_832' title='bbox 2002 5307 2139 5364; x_wconf 88' lang='lat' dir='ltr'><strong>visis</strong></span> <span class='ocrx_word' id='word_1_833' title='bbox 2179 5317 2339 5379; x_wconf 88' lang='lat' dir='ltr'><strong>atque</strong></span> <span class='ocrx_word' id='word_1_834' title='bbox 2369 5309 2610 5380; x_wconf 86' lang='lat' dir='ltr'><strong>peccatis</strong></span> <span class='ocrx_word' id='word_1_835' title='bbox 2644 5304 2917 5361; x_wconf 82' lang='lat' dir='ltr'><strong>involvit?</strong></span> 
     </span>
    </p>
   </div>
   <div class='ocr_carea' id='block_1_110' title="bbox 2637 5398 2944 5469">
    <p class='ocr_par' dir='ltr' id='par_1_110' title="bbox 2637 5398 2944 5469">
     <span class='ocr_line' id='line_1_110' title="bbox 2637 5398 2944 5469; baseline -0.013 -16"><span class='ocrx_word' id='word_1_836' title='bbox 2637 5398 2944 5469; x_wconf 80' lang='lat' dir='ltr'><strong>Responsio.</strong></span> 
     </span>
    </p>
   </div>
   <div class='ocr_carea' id='block_1_111' title="bbox 2070 5485 3587 5564">
    <p class='ocr_par' dir='ltr' id='par_1_111' title="bbox 2070 5485 3587 5564">
     <span class='ocr_line' id='line_1_111' title="bbox 2070 5485 3587 5564; baseline -0.005 -17"><span class='ocrx_word' id='word_1_837' title='bbox 2070 5491 2236 5564; x_wconf 87' lang='lat' dir='ltr'><strong>Atqui</strong></span> <span class='ocrx_word' id='word_1_838' title='bbox 2262 5494 2386 5549; x_wconf 85' lang='lat' dir='ltr'><strong>licet</strong></span> <span class='ocrx_word' id='word_1_839' title='bbox 2419 5490 2562 5548; x_wconf 89' lang='lat' dir='ltr'><strong>Deus</strong></span> <span class='ocrx_word' id='word_1_840' title='bbox 2598 5490 2972 5547; x_wconf 86' lang='lat' dir='ltr'><strong>omnimodam</strong></span> <span class='ocrx_word' id='word_1_841' title='bbox 3007 5490 3128 5561; x_wconf 88' lang='lat' dir='ltr'><strong>ejus</strong></span> <span class='ocrx_word' id='word_1_842' title='bbox 3164 5485 3587 5546; x_wconf 80' lang='lat' dir='ltr'><strong>exstinctionem</strong></span> 
     </span>
    </p>
   </div>
   <div class='ocr_carea' id='block_1_112' title="bbox 2001 5580 3588 5657">
    <p class='ocr_par' dir='ltr' id='par_1_112' title="bbox 2001 5580 3588 5657">
     <span class='ocr_line' id='line_1_112' title="bbox 2001 5580 3588 5657; baseline -0.005 -20"><span class='ocrx_word' id='word_1_843' title='bbox 2001 5592 2164 5657; x_wconf 88' lang='lat' dir='ltr'><strong>atque</strong></span> <span class='ocrx_word' id='word_1_844' title='bbox 2206 5584 2568 5641; x_wconf 90' lang='lat' dir='ltr'><strong>sublationem</strong></span> <span class='ocrx_word' id='word_1_845' title='bbox 2601 5582 2780 5639; x_wconf 80' lang='lat' dir='ltr'><strong>facere</strong></span> <span class='ocrx_word' id='word_1_846' title='bbox 2811 5588 3017 5655; x_wconf 87' lang='lat' dir='ltr'><strong>posset,</strong></span> <span class='ocrx_word' id='word_1_847' title='bbox 3052 5581 3228 5636; x_wconf 89' lang='lat' dir='ltr'><strong>noluit</strong></span> <span class='ocrx_word' id='word_1_848' title='bbox 3260 5580 3362 5634; x_wconf 92' lang='lat' dir='ltr'><strong>hoc</strong></span> <span class='ocrx_word' id='word_1_849' title='bbox 3400 5585 3588 5632; x_wconf 85' lang='lat' dir='ltr'><strong>tamen</strong></span> 
     </span>
    </p>
   </div>
   <div class='ocr_carea' id='block_1_113' title="bbox 398 5690 1868 5770">
    <p class='ocr_par' dir='ltr' id='par_1_113' title="bbox 398 5699 1868 5770">
     <span class='ocr_line' id='line_1_113' title="bbox 398 5699 1868 5770; baseline -0.005 -8"><span class='ocrx_word' id='word_1_850' title='bbox 398 5707 442 5740; x_wconf 75' lang='lat'><strong>&quot;</strong></span> <span class='ocrx_word' id='word_1_851' title='bbox 475 5704 610 5762; x_wconf 88' lang='lat' dir='ltr'><strong>Gen.</strong></span> <span class='ocrx_word' id='word_1_852' title='bbox 639 5720 720 5770; x_wconf 87' lang='grc' dir='ltr'>ιιι,</span> <span class='ocrx_word' id='word_1_853' title='bbox 760 5704 813 5760; x_wconf 78' lang='grc'>5.</span> <span class='ocrx_word' id='word_1_854' title='bbox 886 5701 933 5734; x_wconf 87' lang='grc'>³³</span> <span class='ocrx_word' id='word_1_855' title='bbox 969 5701 1124 5757; x_wconf 81' lang='lat' dir='ltr'><strong>Deut.</strong></span> <span class='ocrx_word' id='word_1_856' title='bbox 1163 5717 1292 5765; x_wconf 80' lang='lat' dir='ltr'><strong>xxx,</strong></span> <span class='ocrx_word' id='word_1_857' title='bbox 1325 5700 1410 5757; x_wconf 81' lang='lat' dir='ltr'><strong>l5.</strong></span> <span class='ocrx_word' id='word_1_858' title='bbox 1461 5700 1505 5733; x_wconf 79' lang='lat'><strong>&quot;‘</strong></span> <span class='ocrx_word' id='word_1_859' title='bbox 1543 5699 1690 5757; x_wconf 86' lang='lat' dir='ltr'><strong>Psal.</strong></span> <span class='ocrx_word' id='word_1_860' title='bbox 1724 5716 1868 5756; x_wconf 79' lang='lat' dir='ltr'><strong>cxvu</strong></span> 
     </span>
    </p>
   </div>
   <div class='ocr_carea' id='block_1_114' title="bbox 1973 5690 3585 5770">
    <p class='ocr_par' dir='ltr' id='par_1_114' title="bbox 1973 5690 3585 5766">
     <span class='ocr_line' id='line_1_114' title="bbox 1973 5690 3585 5766; baseline -0.006 -11"><span class='ocrx_word' id='word_1_861' title='bbox 1973 5699 2027 5755; x_wconf 86' lang='lat'>6.</span> <span class='ocrx_word' id='word_1_862' title='bbox 2104 5701 2148 5736; x_wconf 82' lang='grc'><strong>³⁵</strong></span> <span class='ocrx_word' id='word_1_863' title='bbox 2183 5703 2317 5760; x_wconf 88' lang='lat' dir='ltr'><strong>ibid.</strong></span> <span class='ocrx_word' id='word_1_864' title='bbox 2350 5703 2441 5757; x_wconf 75' lang='lat'><strong>27.</strong></span> <span class='ocrx_word' id='word_1_865' title='bbox 2482 5701 2528 5734; x_wconf 75' lang='grc'>³⁸</span> <span class='ocrx_word' id='word_1_866' title='bbox 2563 5698 2665 5757; x_wconf 75' lang='lat' dir='ltr'><strong>Job</strong></span> <span class='ocrx_word' id='word_1_867' title='bbox 2705 5715 2746 5766; x_wconf 84' lang='grc' dir='ltr'><strong>ι,</strong></span> <span class='ocrx_word' id='word_1_868' title='bbox 2787 5700 2840 5755; x_wconf 88' lang='lat'><strong>9.</strong></span> <span class='ocrx_word' id='word_1_869' title='bbox 2923 5698 2966 5730; x_wconf 81' lang='lat'><strong>&quot;</strong></span> <span class='ocrx_word' id='word_1_870' title='bbox 3004 5697 3137 5753; x_wconf 87' lang='lat' dir='ltr'><strong>ibid.</strong></span> <span class='ocrx_word' id='word_1_871' title='bbox 3180 5693 3267 5749; x_wconf 77' lang='lat' dir='ltr'><strong>l6.</strong></span> <span class='ocrx_word' id='word_1_872' title='bbox 3310 5693 3355 5726; x_wconf 82' lang='grc'>³⁸</span> <span class='ocrx_word' id='word_1_873' title='bbox 3390 5690 3585 5755; x_wconf 78' lang='lat' dir='ltr'><strong>Job&quot;,</strong></span> 
     </span>
    </p>
   </div>
   <div class='ocr_carea' id='block_1_115' title="bbox 324 5770 1343 5840">
    <p class='ocr_par' dir='ltr' id='par_1_115' title="bbox 324 5770 1343 5840">
     <span class='ocr_line' id='line_1_115' title="bbox 324 5770 1343 5840; baseline -0.009 -7"><span class='ocrx_word' id='word_1_874' title='bbox 324 5778 383 5840; x_wconf 71' lang='grc'><strong>4.</strong></span> <span class='ocrx_word' id='word_1_875' title='bbox 412 5777 466 5833; x_wconf 79' lang='lat'><strong>5.</strong></span> <span class='ocrx_word' id='word_1_876' title='bbox 531 5778 575 5810; x_wconf 80' lang='lat'><strong>&quot;</strong></span> <span class='ocrx_word' id='word_1_877' title='bbox 615 5776 746 5832; x_wconf 87' lang='lat' dir='ltr'><strong>ibid.</strong></span> <span class='ocrx_word' id='word_1_878' title='bbox 781 5775 834 5830; x_wconf 85' lang='lat'><strong>9.</strong></span> <span class='ocrx_word' id='word_1_879' title='bbox 911 5771 958 5804; x_wconf 75' lang='lat'><strong>“</strong></span> <span class='ocrx_word' id='word_1_880' title='bbox 999 5770 1134 5827; x_wconf 83' lang='lat' dir='ltr'><strong>Luc.</strong></span> <span class='ocrx_word' id='word_1_881' title='bbox 1165 5787 1219 5835; x_wconf 74' lang='grc' dir='ltr'>ι,</span> <span class='ocrx_word' id='word_1_882' title='bbox 1257 5770 1343 5824; x_wconf 78' lang='grc'>19.</span> 
     </span>
    </p>
   </div>
   <div class='ocr_carea' id='block_1_116' title="bbox 398 5859 1882 5939">
    <p class='ocr_par' dir='ltr' id='par_1_116' title="bbox 398 5859 1882 5939">
     <span class='ocr_line' id='line_1_116' title="bbox 398 5859 1882 5939; baseline -0.005 -15"><span class='ocrx_word' id='word_1_883' title='bbox 398 5869 533 5939; x_wconf 40' lang='lat' dir='ltr'><strong>(89X</strong></span> <span class='ocrx_word' id='word_1_884' title='bbox 565 5871 674 5924; x_wconf 76' lang='grc' dir='ltr'><strong>Καὶ</strong></span> <span class='ocrx_word' id='word_1_885' title='bbox 717 5864 1099 5939; x_wconf 65' lang='grc' dir='ltr'>ἀπαλλάττει.</span> <span class='ocrx_word' id='word_1_886' title='bbox 1163 5859 1276 5919; x_wconf 86' lang='lat' dir='ltr'><strong>Sic.</strong></span> <span class='ocrx_word' id='word_1_887' title='bbox 1332 5864 1413 5939; x_wconf 77' lang='grc' dir='ltr'>ᾼη</span> <span class='ocrx_word' id='word_1_888' title='bbox 1459 5862 1882 5939; x_wconf 76' lang='lat' dir='ltr'><strong>_res_c_ribendum</strong></span> 
     </span>
    </p>
   </div>
   <div class='ocr_carea' id='block_1_117' title="bbox 329 5932 1895 5996">
    <p class='ocr_par' dir='ltr' id='par_1_117' title="bbox 329 5932 1895 5996">
     <span class='ocr_line' id='line_1_117' title="bbox 329 5932 1895 5996; baseline -0.004 0"><span class='ocrx_word' id='word_1_889' title='bbox 329 5932 709 5996; x_wconf 72' lang='grc' dir='ltr'>ἀπαλλάττουῖ</span> <span class='ocrx_word' id='word_1_890' title='bbox 762 5939 1028 5995; x_wconf 73' lang='lat' dir='ltr'><strong>Caeterum</strong></span> <span class='ocrx_word' id='word_1_891' title='bbox 1082 5935 1196 5991; x_wconf 67' lang='lat' dir='ltr'><strong>hcce</strong></span> <span class='ocrx_word' id='word_1_892' title='bbox 1246 5935 1412 5990; x_wconf 86' lang='lat' dir='ltr'><strong>verba</strong></span> <span class='ocrx_word' id='word_1_893' title='bbox 1458 5935 1514 5989; x_wconf 86' lang='lat' dir='ltr'><strong>in</strong></span> <span class='ocrx_word' id='word_1_894' title='bbox 1548 5932 1741 5989; x_wconf 86' lang='lat' dir='ltr'><strong>Bibliis</strong></span> <span class='ocrx_word' id='word_1_895' title='bbox 1783 5949 1895 5989; x_wconf 89' lang='lat' dir='ltr'><strong>non</strong></span> 
     </span>
    </p>
   </div>
   <div class='ocr_carea' id='block_1_118' title="bbox 1993 5856 2821 5917">
    <p class='ocr_par' dir='ltr' id='par_1_118' title="bbox 1993 5856 2821 5917">
     <span class='ocr_line' id='line_1_118' title="bbox 1993 5856 2821 5917; baseline -0.01 0"><span class='ocrx_word' id='word_1_896' title='bbox 1993 5868 2230 5917; x_wconf 78' lang='lat' dir='ltr'><strong>exstant.</strong></span> <span class='ocrx_word' id='word_1_897' title='bbox 2267 5856 2409 5913; x_wconf 74' lang='lat' dir='ltr'><strong>LXX</strong></span> <span class='ocrx_word' id='word_1_898' title='bbox 2450 5858 2689 5912; x_wconf 85' lang='lat' dir='ltr'><strong>habent:</strong></span> <span class='ocrx_word' id='word_1_899' title='bbox 2726 5897 2740 5909; x_wconf 97' lang='lat'><strong>.</strong></span> <span class='ocrx_word' id='word_1_900' title='bbox 2768 5897 2781 5910; x_wconf 92' lang='lat'><strong>.</strong></span> <span class='ocrx_word' id='word_1_901' title='bbox 2808 5896 2821 5909; x_wconf 92' lang='lat'><strong>.</strong></span> 
     </span>
    </p>
   </div>
   <div class='ocr_carea' id='block_1_119' title="bbox 2896 5848 3597 5923">
    <p class='ocr_par' dir='ltr' id='par_1_119' title="bbox 2896 5848 3597 5923">
     <span class='ocr_line' id='line_1_119' title="bbox 2896 5848 3597 5923; baseline -0.013 -14"><span class='ocrx_word' id='word_1_902' title='bbox 2896 5855 3008 5910; x_wconf 83' lang='grc' dir='ltr'>ἀλλ’</span> <span class='ocrx_word' id='word_1_903' title='bbox 3047 5850 3198 5909; x_wconf 74' lang='grc' dir='ltr'>εἶπόν</span> <span class='ocrx_word' id='word_1_904' title='bbox 3239 5869 3290 5905; x_wconf 86' lang='grc' dir='ltr'><strong>τι</strong></span> <span class='ocrx_word' id='word_1_905' title='bbox 3321 5848 3472 5923; x_wconf 76' lang='grc' dir='ltr'>ῥῆμα</span> <span class='ocrx_word' id='word_1_906' title='bbox 3512 5849 3597 5910; x_wconf 80' lang='grc' dir='ltr'><strong>είς</strong></span> 
     </span>
    </p>
   </div>
   <div class='ocr_carea' id='block_1_120' title="bbox 2002 5925 2834 6001">
    <p class='ocr_par' dir='ltr' id='par_1_120' title="bbox 2002 5925 2834 6001">
     <span class='ocr_line' id='line_1_120' title="bbox 2002 5925 2834 6001; baseline -0.006 -15"><span class='ocrx_word' id='word_1_907' title='bbox 2002 5932 2231 6001; x_wconf 78' lang='grc' dir='ltr'>Κύριον,</span> <span class='ocrx_word' id='word_1_908' title='bbox 2270 5932 2362 5986; x_wconf 70' lang='grc' dir='ltr'><strong>καί</strong></span> <span class='ocrx_word' id='word_1_909' title='bbox 2390 5928 2636 5984; x_wconf 80' lang='grc' dir='ltr'>τελεύτα.</span> <span class='ocrx_word' id='word_1_910' title='bbox 2674 5925 2834 5982; x_wconf 75' lang='lat' dir='ltr'><strong>Enn.</strong></span> 
     </span>
    </p>
   </div>
  </div>
