4000 6412
437 407 573 463 1019

429 533 500 571 ne
536 533 638 573 nos
675 517 995 577 inhonorati
1028 518 1468 591 relinqueremur
1500 517 1557 573 in
1588 518 1775 574 futura
1803 516 2007 587 sempi-

430 618 586 666 terna
614 612 751 678 vita,
783 615 831 668 si
870 628 981 669 non
1017 625 1163 671 esset
1202 615 1402 685 aliquis
1443 615 1599 671 nobis
1629 616 1717 668 hic
1754 613 2012 669 adversa-

432 700 570 768 rius,
625 705 889 761 adversus
934 723 1096 776 quem
1140 707 1482 763 decertantes
1528 707 1676 761 velut
1728 706 1783 759 in
1835 705 2015 760 stadio

435 796 728 862 praesentis
780 797 926 861 vitae,
977 800 1438 855 remunerationis
1490 808 1735 867 tempore
1781 810 2014 850 coronas

438 903 884 957 assequeremur.
918 892 1187 947 Percusso
1221 902 1401 946 autem
1436 890 1612 959 capite
1635 887 1910 952 draconis,
1937 896 2019 940 to-

437 989 556 1033 tum
590 982 685 1050 qui
715 990 838 1051 post
869 982 1044 1052 ipsum
1082 983 1315 1037 trahitur
1348 982 1670 1037 comitatum
1712 980 1822 1034 leto
1847 977 2016 1044 dedit,

440 1071 632 1126 saltem
676 1075 873 1145 exiguo
925 1076 1161 1145 quodam
1219 1075 1273 1129 in
1321 1076 1440 1145 ipso
1492 1081 1644 1127 motu
1696 1071 1907 1138 relicto,
1952 1070 2019 1124 ad

440 1164 760 1220 exercitium
798 1176 1047 1221 nostrum
1096 1176 1259 1236 atque
1296 1163 1516 1220 virtutis
1567 1164 2017 1219 declarationem.

441 1252 745 1323 Aliquoties
780 1256 926 1310 enim
975 1266 1030 1310 et
1064 1271 1167 1310 nos
1208 1270 1471 1326 percusso
1510 1254 1783 1324 serpentis
1822 1254 2019 1324 capite,

445 1356 783 1415 arrepentem
816 1358 1054 1402 tractum
1089 1348 1339 1418 corporis
1369 1346 1556 1417 pueris
1600 1345 1907 1402 feriendum
1936 1363 2025 1401 re-

441 1436 764 1506 linquimus,
797 1440 963 1494 simul
1008 1440 1160 1507 ipsos
1199 1448 1259 1494 nt
1295 1439 1531 1494 audaces
1557 1447 1608 1494 et
1656 1439 1917 1494 adversus
1947 1437 2022 1493 fe-

443 1541 534 1582 ras
570 1528 779 1584 alacres
817 1530 949 1595 sint,
992 1526 1499 1583 condoret‘acimus.
1546 1526 1733 1595 Neque
1763 1525 1907 1581 enim
1943 1524 2024 1579 vel

445 1617 707 1674 adversus
725 1634 924 1689 porcos
945 1628 1266 1689 potestatem
1283 1619 1558 1672 daemones
1589 1619 1807 1680 habent,
1832 1631 2027 1687 quem-

446 1706 745 1759 admodum
797 1721 951 1761 sacra
993 1706 1271 1775 Evangelii
1312 1706 1582 1774 scriptura
1621 1707 1780 1760 docet
1802 1706 1867 1760 δ’.
1892 1704 2029 1759 Nam

447 1806 580 1852 ante
606 1797 847 1852 divinam
879 1799 1085 1853 Christi
1118 1798 1559 1867 permissionem.
1603 1815 1711 1853 non
1742 1808 1872 1852 sunt
1904 1797 2024 1854 ausi

449 1898 675 1960 tangere
704 1906 920 1961 gregem
954 1905 1247 1959 porcorum
1284 1890 1729 1961 Gergesinorum.
1756 1889 2027 1944 Permittit

447 1993 631 2036 autem
691 1983 822 2052 ipsis
862 1983 1132 2039 Dominus
1179 1997 1288 2037 non
1339 1991 1399 2036 ut
1455 1998 1562 2036 una
1615 1997 1741 2036 cum
1786 1982 2032 2036 subulcis

445 2075 866 2146 sltbmergerent
906 2092 1143 2147 gregem,
1192 2075 1285 2131 sed
1323 2085 1381 2129 ut
1421 2076 1487 2130 iis
1515 2075 1762 2140 omissis,
1794 2090 1905 2146 quo
1940 2092 2033 2131 ca-

445 2181 671 2238 pessere
697 2168 882 2239 fugam
908 2177 1153 2239 possent,
1192 2170 1246 2223 in
1273 2170 1432 2224 bruta
1461 2170 1849 2240 egrederentur
1882 2187 1895 2224 :
1921 2170 2035 2224 evi-

447 2261 641 2315 denter
690 2278 791 2317 nos
834 2263 1063 2327 docens,
1118 2264 1262 2335 quod
1303 2263 1411 2318 nisi
1453 2278 1550 2333 per
1580 2263 1755 2333 ipsius
1792 2261 2035 2317 divinam

447 2359 505 2407 et
542 2354 728 2408 omnia
763 2356 1215 2425 complectentem
1249 2363 1572 2425 potestatem
1605 2354 2031 2418 custodiremur,

449 2444 536 2500 vel
557 2447 936 2515 consimiliter,
966 2450 1051 2503 vel
1097 2450 1261 2505 etiam
1311 2450 1491 2520 pejus,
1529 2465 1696 2519 quam
1740 2463 1867 2519 erga
1903 2464 2037 2519 por-

446 2553 569 2605 cos,
599 2554 729 2610 erga
769 2556 871 2596 nos
897 2541 1079 2596 affecti
1110 2543 1385 2597 daemones
1417 2543 1619 2607 forent,
1645 2541 1743 2612 qui
1775 2541 1832 2597 in
1874 2540 2040 2612 hujus

446 2628 575 2684 vitae
603 2630 741 2685 mari
770 2632 1076 2700 periculose
1103 2633 1449 2701 navigamus.

859 2724 1379 2781 lNTERROGATIO
1418 2721 1630 2781 CXXV.

521 2813 657 2869 Cum
680 2826 868 2871 nosset
886 2815 1048 2879 Deus,
1074 2818 1219 2888 quod
1240 2818 1483 2874 Adamus
1508 2830 1839 2889 praeceptum
1862 2826 2041 2876 trans-

452 2924 747 2979 gressurus
794 2919 960 2977 esset,
1010 2927 1108 2966 cur
1159 2912 1293 2966 illud
1352 2914 1400 2967 ei
1447 2913 1631 2968 dedit?
1671 2913 1756 2968 vel
1805 2914 2042 2984 denique

451 3017 627 3074 quare
663 3012 1133 3075 transgressorem
1172 3006 1454 3062 damnavit
1489 3007 1703 3062 morte?

1087 3096 1397 3169 Responsio.

522 3188 687 3259 Atqui
714 3188 821 3245 nisi
850 3199 1205 3261 praeceptum,
1235 3192 1386 3247 velut
1415 3192 1701 3264 przemium
1723 3193 2043 3249 certaminis

453 3291 510 3337 et
554 3282 716 3338 lucta;
749 3283 1056 3350 statuisset,
1104 3299 1169 3338 ac
1207 3285 1549 3354 permisisset
1595 3285 1652 3339 in
1696 3285 1906 3340 arbitrii
1957 3286 2043 3340 sui

454 3383 730 3445 potestate
762 3376 1165 3440 adversarium,
1197 3393 1302 3432 non
1331 3386 1709 3441 coronaretur,
1739 3393 1917 3447 neque
1948 3377 2045 3432 de»

453 3468 847 3537 praedicaretur
872 3468 1067 3523 victor.
1097 3469 1253 3534 Quod
1287 3469 1332 3523 si
1357 3485 1463 3523 non
1496 3470 1813 3524 mandasset
1847 3484 2047 3539 praece-

458 3559 534 3630 pti
574 3558 1040 3624 observationem,
1075 3569 1129 3614 et
1172 3567 1404 3614 mortem
1441 3561 1893 3631 transgressionis
1929 3576 2048 3631 pm-

460 3666 587 3705 nam
619 3665 727 3705 non
764 3652 1007 3706 minatus
1038 3652 1253 3719 fuisset,
1289 3653 1484 3707 merito
1514 3652 1566 3706 in
1600 3668 1725 3708 eum
1749 3653 1843 3723 qui
1875 3654 2043 3724 legem

459 3745 665 3816 posuit,
698 3743 915 3813 culpam
952 3745 1259 3799 retulisses.
1307 3744 1364 3798 Si
1399 3759 1529 3799 vero
1563 3754 1683 3815 post
1731 3745 2046 3800 mandatum

459 3839 648 3908 lapsus
677 3846 779 3903 est,
820 3846 873 3891 et
904 3837 1103 3893 cecidit
1133 3837 1313 3893 factus
1349 3837 1691 3905 inobediens,
1731 3845 2048 3908 superatum

461 3949 687 3999 accusa,
718 3946 828 3986 non
863 3947 988 3987 eum
1024 3932 1119 4002 qui
1146 3941 1423 3987 certamen
1452 3932 1756 4003 proposuit.
1791 3932 1921 3988 Item
1959 3950 2043 3990 se-

461 4026 699 4081 cundum
736 4025 897 4079 aliam
930 4025 1198 4080 rationem
1228 4043 1242 4079 :
1279 4025 1749 4091 Quemadmodum
1776 4026 2046 4082 Adamum

459 4118 942 4193 praacognoscebat
968 4127 1470 4189 transgressurum,
1512 4120 1766 4175 similiter
1795 4123 2051 4191 praescie-

458 4214 555 4272 bat
583 4221 834 4284 posteros
859 4211 981 4282 ejus
1008 4211 1358 4281 praestatione
1392 4223 1786 4282 praeceptorum
1815 4211 1885 4267 ab
1930 4213 2052 4282 ipso

459 4309 610 4363 velut
631 4306 869 4362 victores
894 4304 1320 4374 depraedicatum
1349 4314 1402 4359 et
1428 4316 1751 4359 coronatum
1780 4304 1879 4372 iri;
1914 4306 2076 4363 alios.

462 4400 685 4472 quidem
731 4407 976 4468 tempore
1020 4396 1171 4466 pacis
1207 4411 1306 4466 per
1349 4396 1776 4453 declarationem
1809 4398 2052 4468 probata:

462 4509 588 4550 cum
617 4494 822 4546 virtute
854 4489 1003 4552 vitae,
1037 4488 1176 4544 alios
1204 4496 1387 4542 autem
1421 4497 1664 4557 tempore
1703 4490 2048 4558 persecutio-

462 4602 596 4641 num
624 4599 720 4653 per
750 4582 1211 4653 perseverantiam
1238 4595 1336 4650 pro
1357 4580 1476 4649 ipso
1500 4595 1674 4650 usque
1697 4582 1763 4636 ad
1789 4592 2040 4639 mortem.

462 4674 955 4743 Praecognoscebat
982 4673 1130 4727 enim
1169 4674 1399 4728 Abelum
1427 4673 1637 4743 justum
1686 4674 1825 4740 fore,
1857 4676 2048 4734 simili-

463 4777 550 4824 ter
580 4776 635 4821 et
665 4764 932 4832 Setltum;
981 4763 1267 4820 Enochum
1298 4764 1762 4833 transferendum,
1800 4784 1868 4823 ne
1898 4771 2048 4826 vide-

464 4871 550 4920 ret
579 4871 848 4929 mortem;
891 4857 1062 4913 Neam
1112 4858 1324 4929 justum
1361 4857 1639 4927 futurum;
1670 4860 2045 4919 Abrahamum

462 4956 707 5012 radicem
759 4953 882 5008 ﬁdei
919 4952 1060 5019 fore,
1098 4967 1164 5007 ac
1203 4960 1411 5022 patrem
1453 4954 1745 5009 multarum
1781 4957 2044 5027 gentium.

463 5045 733 5102 Praeterea
768 5044 914 5114 quod
940 5042 1161 5098 lsaacus
1191 5058 1382 5099 servus
1415 5059 1549 5100 suus
1581 5053 1841 5102 strenuus
1873 5047 2049 5103 decla-

462 5138 673 5195 randus
705 5146 873 5201 esset,
907 5136 1256 5205 pra’sciebat;
1285 5137 1430 5206 quod
1462 5135 1701 5194 Iacobus
1730 5137 1908 5209 ipsum
1944 5156 2052 5195 ve-

466 5232 549 5287 lut
586 5230 865 5285 hominem
900 5228 958 5281 in
1006 5228 1151 5283 lucta
1196 5237 1558 5298 superaturus
1604 5240 1773 5297 esset,
1807 5239 1863 5286 et
1903 5232 2052 5302 quod

468 5333 691 5395 torpore
738 5323 1020 5379 soluturus
1048 5331 1197 5378 esset
1242 5323 1414 5377 latum
1464 5339 1692 5378 nervum
1741 5333 1886 5379 tacto
1932 5325 2053 5395 ejus

464 5413 708 5481 femore;
756 5412 901 5484 quod
948 5422 1168 5483 propter
1222 5414 1644 5484 temperantiam
1701 5413 1756 5467 in
1801 5415 2051 5470 custodia

463 5521 800 5577 carcereque
826 5504 1100 5576 Iosephus
1133 5506 1479 5562 habitaturus
1501 5515 1679 5572 esset;
1710 5506 1858 5576 quod
1890 5505 2049 5562 faelis

467 5602 582 5658 suis
602 5615 834 5672 regnum
865 5598 1192 5655 obtenturus
1217 5616 1232 5665 ;
1273 5600 1421 5669 quod
1449 5600 1517 5655 ad
1552 5599 1863 5655 ducendum
1892 5615 2051 5656 exer-

467 5695 637 5750 citum
678 5702 735 5749 et
781 5692 1063 5749 ferendam
1105 5694 1279 5762 legem
1327 5691 1508 5747 Moses
1558 5692 1790 5749 idoneus
1832 5691 2050 5751 futurus

471 5796 650 5851 esset;
697 5785 843 5854 quod
874 5783 1033 5840 Jesus
1062 5782 1212 5839 Nave
1254 5784 1400 5839 (ilius
1434 5784 1675 5843 hostium
1711 5795 1912 5857 tropaea
1958 5801 2051 5845 ca-

549 5894 594 5927 “
632 5870 828 5948 Matth.
867 5908 991 5960 vut,
1025 5893 1116 5960 50,
1156 5893 1248 5948 52.

1509 402 1568 458 S.
1604 396 1904 457 CAESARI]
1943 394 2273 455 GREGORII
2305 391 2605 451 FRATRIS

3554 380 3702 438 £020

2109 509 2444 581 ἀγεράστους
2497 507 2645 577 ἡμᾶς
2693 499 3116 571 καταλειφθῆναι
3178 497 3237 552 ἐν
3288 498 3361 569 τῇ
3418 494 3702 567 μελλούσῃ

2112 602 2267 673 ἀϊδίῳ
2300 599 2433 672 ζωῇ,
2479 600 2555 670 μὴ
2588 597 2738 660 ὄντος
2770 597 2900 666 ἡμῖν
2932 590 3165 647 ἐνταῦθά
3196 606 3340 653 τινος
3370 588 3700 649 ἀντιπάλου,

2114 691 2249 763 πρὸς
2281 689 2339 744 δν
2367 687 2800 758 ἀγωνιζομένους
2829 683 2990 737 οἱονεὶ
3028 684 3085 736 ἐν
3127 680 3321 751 σταδίῳ
3343 682 3410 749 τῇ
3443 677 3706 750 παρούσῃ

2115 784 2263 855 ζωῇ,
2313 783 2370 834 ἐν
2413 784 2479 852 τῇ
2534 778 2757 850 ἀμείψει
2815 776 3016 846 ταύτης
3066 772 3343 841 στεφάνων
3394 771 3701 839 ἐπιτυχεῖν.

2116 873 2331 945 Πλήξας
2379 873 2434 925 δὲ
2475 871 2574 943 τὴν
2625 868 2866 940 κεφαλὴν
2918 865 3013 919 τοῦ
3062 865 3386 936 δράκοντος,
3437 860 3557 915 ὅλον
3606 859 3706 912 τὸν

2119 965 2479 1035 ξυνεπόμενον
2539 963 2699 1016 ὁλκὸν
2758 957 3227 1029 συναπενέκρωσε,
3284 954 3530 1025 ἁμυδράν
3579 968 3715 1004 τινα.

2118 1058 2330 1129 κίνησιν
2364 1059 2421 1109 ἐν
2466 1054 2617 1125 αὐτῷ
2651 1051 3006 1121 καταλείψας,
3042 1048 3180 1121 πρὸς
3208 1046 3514 1119 γυμνασίαν
3540 1043 3711 1114 ἡμῶν

2119 1152 2215 1205 καλ⁵
2247 1150 2449 1222 ἀρετῆς
2487 1148 2765 1213 ἐπίδειξιν.
2810 1145 3079 1207 Πολλάκις
3108 1141 3217 1211 γὰρ
3264 1139 3358 1193 καὶ
3403 1140 3564 1209 ἡμεῖς
3604 1138 3715 1209 τὴν

2120 1243 2361 1314 κεφαλὴν
2400 1242 2493 1296 τοῦ
2523 1241 2699 1311 ὸφεως
2728 1238 3051 1310 πλήξαντες,
3089 1235 3180 1288 τὸν
3214 1233 3520 1304 ἐφέρποντα
3544 1229 3719 1283 ὁλκὸν

2120 1338 2235 1399 τοῖς
2278 1335 2437 1388 παισὶ
2487 1332 2670 1387 παίειν
2727 1330 3115 1402 ἐπιτρέπομεν,
3162 1326 3277 1398 ἅμα
3329 1325 3551 1395 θαρρεῖν
3610 1323 3715 1375 καὶ

2124 1427 2474 1498 θηρολεκτεῖν
2539 1426 2734 1487 αὐτοὺς
2790 1421 3154 1484 παιδεύοντες.
3207 1418 3345 1473 Οὔτε
3396 1416 3506 1487 γὰρ
3560 1414 3714 1469 συῶν

2125 1516 2455 1584 ἐξουσιάζειν
2488 1518 2537 1569 οἱ
2572 1515 2847 1585 δαίμονες,
2877 1510 3060 1576 καθὼς
3092 1513 3125 1583 ἡ
3173 1509 3293 1564 θεία
3334 1507 3443 1561 τῶν
3476 1507 3714 1573 εὐαγγε-

2126 1607 2293 1663 λικῶν
2328 1606 2575 1662 παιδεύει
2615 1605 2826 1675 Πυκτή.
2860 1603 2975 1674 Πρὸ
3015 1602 3123 1673 γάρ
3157 1600 3257 1671 τῆς
3287 1598 3437 1661 θείας
3467 1592 3710 1667 Χριστοῦ

2131 1703 2553 1774 συγχωρήσεως,
2593 1699 2695 1753 οὐκ
2719 1697 3025 1768 ἐτόλμησαν
3068 1695 3277 1765 ψαῦσαι
3307 1693 3405 1763 τῆς
3441 1691 3550 1744 τῶν
3578 1689 3707 1759 Γερ-

2131 1794 2361 1867 γεσινῶν
2403 1794 2606 1862 ἀγέλης
2637 1791 2799 1845 συῶν.
2851 1788 3162 1860 Ἐπιτρέπει
3194 1787 3251 1841 δὲ
3296 1785 3481 1846 αὐτοῖς
3512 1783 3540 1835 6
3596 1781 3700 1837 Κύ-

2137 1906 2271 1960 ριος,
2309 1887 2408 1956 οὐχ
2435 1885 2549 1957 ἀμα
2585 1883 2690 1937 τῶν
2722 1880 3037 1954 συοφορϐῶν
3066 1877 3339 1933 ποντῶσαι
3365 1876 3463 1946 τὴν
3486 1873 3719 1944 ἀγέλην,

2132 1980 2247 2033 ἀλλ’
2299 1978 2542 2040 ἐκείνους
2585 1977 2743 2030 ἐᾶσαι
2796 1971 3027 2045 δρασμῷ
3074 1968 3409 2042 χρήσασθαι,
3467 1965 3618 2019 κατά
3662 1965 3722 2019 δέ

2130 2072 2241 2127 τῶν
2280 2070 2491 2139 ἀλόγων
2525 2068 2810 2140 χωρῆσαι⁸
2859 2062 3103 2136 ἐναργῶς
3128 2061 3401 2115 παιδεύων
3440 2059 3613 2129 ἡμᾶς,
3647 2056 3722 2119 ὡς

2134 2164 2183 2216 εί
2215 2162 2292 2233 μὴ
2325 2163 2391 2232 τῇ
2425 2159 2546 2231 θείᾳ
2569 2155 2733 2211 αὑτοῦ
2764 2155 2858 2208 καὶ
2889 2155 3208 2225 περιεκτικῇ
3239 2152 3456 2205 πάντων
3487 2145 3725 2216 δυνάμει

2135 2253 2571 2328 ἐφρουρούμεθα,
2606 2247 3003 2322 παραπλησίως
3033 2247 3065 2317 ἢ
3100 2246 3193 2299 καὶ
3226 2245 3394 2315 χείρω
3420 2239 3532 2294 τῶν
3574 2237 3725 2292 συῶν

2134 2351 2183 2403 οἱ
2215 2349 2465 2419 δαίμονες
2488 2343 2776 2401 διετίθεντο
2805 2342 2951 2412 ἡμᾶς
2976 2337 3427 2409 ναυτιλλομένους
3458 2333 3494 2405 ἢ
3524 2330 3731 2387 θαλατο

2136 2457 2414 2503 τευοντας.

2694 2737 2944 2792 ΠΕΥΣΙΣ
2982 2737 3156 2790 ΡΚΕ’.

2211 2829 2497 2884 Γινώσκων
2528 2833 2557 2884 6
2590 2829 2721 2894 Θεὸς
2753 2831 2834 2884 ὅτι
2884 2828 3066 2900 μέλλει
3105 2826 3458 2899 παραϐαίνειν
3492 2827 3592 2897 τὴν
3629 2827 3722 2879 ἐν-

2140 2922 2301 2994 τολὴν
2331 2925 2360 2976 6
2405 2923 2596 2994 Ἀδὰμ,
2634 2922 2776 2977 διατί
2823 2922 2972 2993 αὐτῷ
3012 2922 3209 2974 ἔδωκεν
3246 2919 3434 2991 αὐτὴν,
3478 2919 3508 2989 ἢ
3553 2918 3724 2973 πάλιν

2143 3017 2468 3089 παραϐάντα
2495 3017 2637 3071 διατί
2672 3017 2887 3087 Θανάτῳ
2920 3016 3278 3087 κατέκρινεν;

2759 3113 3113 3180 Ἀπόκρισις.

2226 3203 2365 3257 Ἀλλ’
2400 3206 2449 3257 εί
2503 3201 2580 3274 μὴ
2612 3202 2838 3274 ἔστησεν
2881 3197 2991 3256 οἷον
3035 3200 3287 3273 βραϐεῖον
3320 3198 3414 3254 καὶ
3440 3195 3729 3268 πάλαισμα

2143 3296 2243 3369 τήν
2283 3297 2526 3367 ἐντολὴν,
2557 3297 2653 3349 καὶ
2696 3297 2878 3349 εἴασεν
2909 3293 3256 3360 αὐτεξούσιον
3282 3291 3372 3346 τὸν
3409 3292 3738 3359 ἀνταγωνι-

2146 3388 2299 3461 στὴν,
2340 3389 2441 3443 οὐκ
2486 3387 2869 3457 ἐστεφανοῦτο,
2917 3388 3038 3441 οὐδὲ
3088 3385 3509 3457 ἀνεκηρύττετο.
3562 3383 3632 3437 Εἰ
3677 3383 3739 3438 δέ

2145 3481 2243 3533 καὶ¹
2297 3479 2372 3551 μὴ
2428 3478 2783 3552 παρεγγύησε
2831 3478 3205 3550 φυλάξασθαι,
3257 3477 3352 3531 καὶ
3402 3474 3642 3528 θάνατον
3667 3477 3735 3544 τῇ

2145 3573 2458 3645 παραϐάσει
2511 3574 2840 3645 ⁴ἠπείλησεν,
2881 3571 3107 3635 εἰκότως
3153 3569 3287 3641 ᾐτιῶ
3340 3568 3431 3622 τὸν
3480 3568 3724 3639 θέμενον.

2150 3663 2215 3717 El
2247 3665 2303 3719 δὲ
2345 3665 2482 3736 μετά
2520 3665 2617 3738 τὴν
2670 3663 3009 3737 παρεγγυὴν,
3061 3661 3287 3716 ὤλισθεν
3323 3660 3420 3714 καὶ
3470 3660 3737 3712 πέπτωκε

2150 3759 2524 3831 παρακούσας,
2555 3759 2650 3812 τοῦ
2692 3758 3006 3829 ἡττωμένου
3046 3755 3361 3826 κατηγόρει,
3407 3753 3500 3807 καὶ
3532 3752 3612 3823 μὴ
3642 3751 3745 3806 τοῦ

2149 3852 2378 3924 θεμένου
2406 3852 2497 3906 τὸν
2518 3851 2726 3921 ἀγῶνα.
2769 3851 3007 3922 Ἑτέρως
3032 3866 3094 3902 τε
3115 3848 3193 3913 δέ,
3223 3847 3410 3918 ῶσπερ
3431 3845 3523 3898 τὸν
3562 3845 3740 3916 Ἀδὰμ

2149 3946 2556 4019 προεγίνωσκεν
2601 3943 3076 4014 παραϐησόμενον,
3119 3939 3322 4012 ὁμοίως
3361 3939 3749 4011 προηπίστατο

2149 4035 2276 4097 τοὺς
2332 4034 2589 4102 ἐκγόνους
2637 4031 2801 4085 αὑτοῦ
2850 4034 2916 4104 τῇ
2971 4028 3306 4101 κατορθώσει
3347 4028 3455 4083 τῶν
3505 4028 3747 4083 ἐντολῶν

2150 4122 2646 4195 ἀνακηρύττεσθαι,
2680 4122 2775 4176 καὶ
2807 4120 3198 4191 στεφανοῦσθαι
3237 4121 3369 4189 παρ’
3392 4116 3579 4172 αὐτοῦ’
3602 4118 3747 4181 τοὺς

2155 4216 2255 4288 μὲν
2279 4218 2338 4270 ἐν
2363 4218 2575 4289 καιροῖς
2602 4216 2826 4288 εἰρήνης
2856 4214 2927 4290 δι’.
2957 4211 3267 4276 ἐπιδείξεως
3295 4209 3544 4281 ἐναρέτου
3588 4207 3741 4277 βίου.

2149 4309 2275 4373 τοὺς
2298 4310 2357 4363 δέ
2389 4312 2447 4363 ἐν
2478 4308 2656 4381 καιρῷ
2686 4307 2964 4379 διωγμῶν,
2988 4306 3074 4360 διὰ
3094 4306 3195 4377 τῆς
3218 4305 3356 4376 ὑπὲρ
3385 4301 3548 4358 αὐτοῦ
3575 4300 3745 4374 μέχρι

2152 4401 2384 4457 θανάτου
2415 4404 2738 4467 ἐνστάσεως.
2771 4399 3154 4472 Προεγίνωσκε
3192 4398 3300 4469 γὰρ
3331 4398 3424 4451 τὸν
3466 4394 3635 4449 ’Ἅϐελ
3664 4396 3743 4450 δι-

2153 4494 2465 4560 καιοῦσθαι,
2492 4496 2584 4551 τὸν
2605 4496 2712 4568 Σὴθ
2745 4495 2967 4568 ὁμοίως,
2993 4493 3086 4547 τὸν
3121 4491 3293 4562 Ἐνὼχ
3330 4487 3737 4562 μετατίθεσθαι,

2156 4588 2231 4661 μὴ
2295 4589 2423 4641 ίδείν
2473 4587 2725 4653 θάνατον,
2776 4588 2868 4642 τὸν
2924 4586 3049 4640 Νῶε
3099 4581 3594 4655 δικαιωθήσεσθαι,
3644 4580 3732 4634 τὸν

2166 4681 2417 4753 Ἀϐραὰμ
2467 4681 2625 4750 ῥίζαν
2664 4681 2766 4752 τῆς
2811 4681 3050 4746 πίστεως
3077 4680 3343 4750 γίνεσθαι,
3388 4678 3483 4732 καὶ
3526 4674 3736 4747 πατέρα

2153 4774 2365 4830 πολλῶν
2412 4774 2602 4829 ἐθνῶν.
2637 4776 2759 4829 Ὅτι
2819 4774 3005 4830 Ἰσαὰκ
3044 4773 3229 4838 δοῦλος
3275 4770 3439 4828 αὐτοῦ
3485 4771 3740 4841 ἐνάρετος

2152 4867 2624 4939 ἀναδειχθήσεται,
2657 4867 3060 4939 προεγίνωσκεν
3082 4882 3096 4896 ·
3137 4867 3221 4919 ὅτι
3262 4862 3458 4918 Ἰακὼϐ
3485 4862 3646 4916 αὑτὸν
3681 4863 3743 4917 ἐν

2152 4963 2219 5033 τῇ
2260 4960 2404 5034 πάλῃ
2444 4961 2713 5034 κρατήσει
2747 4960 2822 5024 ὡς
2858 4958 3069 5031 βροτὸν,
3105 4958 3200 5011 καὶ
3236 4956 3484 5027 ναρκήσῃ
3522 4952 3744 5023 ἁψαμέ-

2153 5070 2244 5107 νου
2270 5052 2365 5106 τοῦ
2400 5053 2577 5125 μηροῦ
2608 5053 2669 5107 τὸ
2710 5052 3098 5123 πλατύνευρον·
3149 5051 3230 5104 ὅτι
3273 5048 3467 5119 Ἰωσὴφ
3498 5045 3587 5099 διά
3631 5061 3744 5099 σω-

2154 5145 2429 5218 φροσύνην
2461 5146 2702 5219 φρουρὰν
2728 5146 2962 5218 οἰκήσει,
2994 5145 3075 5196 ὅτι
3111 5142 3199 5195 διὰ
3223 5142 3332 5195 τῶν
3368 5138 3543 5211 ἔργων
3584 5137 3743 5208 βασι-

2151 5238 2302 5302 λείας
2352 5241 2655 5311 κρατήσει·
2703 5241 2785 5293 ὅτι
2831 5237 3039 5306 Μωσῆς
3083 5234 3222 5305 πρὸς
3270 5229 3602 5306 στρατηγίαν
3643 5232 3745 5284 καὶ

2152 5328 2475 5400 νομοθεσίαν
2507 5328 2814 5401 ἐπιτήδειος
2847 5327 3134 5397 φυήσεται·
3166 5324 3249 5376 ὃτι
3277 5324 3306 5375 6
3339 5318 3543 5390 Ἰησοῦς
3586 5317 3616 5369 6
3640 5315 3741 5369 τοῦ

2152 5422 2311 5493 Ναυῆ
2354 5420 2630 5493 πολεμίων
2670 5420 2996 5492 χειρώσεται
3040 5415 3295 5487 τρόπαια,
3340 5412 3434 5466 καὶ
3477 5406 3743 5462 δουλώσει

2155 5512 2526 5578 Γαϐαωνίτας,
2554 5513 2636 5567 ὅτι
2681 5512 2845 5565 Δαϐὶδ
2873 5511 3161 5582 πρόμαχον
3193 5503 3523 5574 ἀλλοφύλων,
3568 5500 3742 5554 κατά-

2158 5622 2398 5677 φρακτον
2441 5604 2706 5677 κνημῖδας
2741 5604 2838 5659 καὶ
2864 5602 3099 5675 κορύνην
3128 5595 3448 5670 γιγαντικὴν
3489 5591 3741 5663 περικεί-

2161 5713 2343 5768 μενον,
2364 5697 2567 5753 ἀσπίδα
2593 5698 2688 5752 καὶ
2712 5695 2840 5768 δόρυ
2870 5697 3084 5767 ἔχοντα,
3112 5692 3209 5748 καὶ
3235 5690 3356 5745 ὅλον
3376 5685 3742 5757 σιδηράμφιον

2154 5790 2506 5863 ὑπάρχοντα,
2560 5793 2659 5865 μιᾷ
2709 5788 3060 5861 σφενδονήσει
3104 5785 3256 5842 λίθου
3293 5784 3372 5847 εἰς
3399 5780 3501 5852 γῆν
3528 5779 3738 5855 καταρι
