4000 6400
275 392 406 453 1921

275 513 447 588 paea,
489 512 585 566 καὶ
619 514 756 585 μετὰ
795 486 1334 589 βραχὺ-βασιλεύσει,
1369 523 1462 575 καὶ
1496 522 1667 577 πολλὰ
1717 525 1844 596 περὶ

272 603 439 662 αὐτοῦ
466 607 848 676 προφητεύσει.
883 610 1313 681 Προεγίνωσκεν,
1345 614 1678 679 ἀποστόλων,
1713 632 1842 685 προ-

1639 405 1985 466 DlALOGUS
2058 410 2146 467 ΙΙΙ.

3373 420 3397 474 1
3407 420 3513 476 023

1948 537 2164 597 pturus,
2198 536 2252 584 et
2278 529 2330 583 in
2366 532 2679 588 servitutem
2713 534 3031 589 redacturus
3060 542 3204 589 esset
3238 533 3514 591 Gabaoni-

1948 628 2065 685 tas;
2110 621 2257 689 quod
2306 620 2536 681 Davides
2574 633 3035 696 propugnatorem
3085 625 3513 694 alienigenarum

275 697 484 769 φητῶν,
519 696 832 770 μαρτύρων,
862 701 1215 767 διδασκάλων,
1258 704 1354 758 καὶ
1375 704 1483 758 τῶν
1512 706 1714 759 λοιπῶν
1746 707 1845 777 τῆς

1962 718 2213 764 irmatum
2239 711 2536 779 tibialibus,
2567 724 2621 770 et
2649 715 2797 784 galea
2823 715 3071 784 gigantea
3097 713 3513 779 circumdatum,

286 790 613 861 Ἐκκλησίας
647 789 707 855 ἐξ
741 793 945 846 ἐκείνου
978 794 1290 863 βλαστάνειν
1329 795 1512 851 θίασον
1535 812 1550 828 ⁸
1596 798 1689 850 καὶ
1724 813 1847 850 συν-

272 880 460 934 ελόντα
483 879 667 949 φάναι,
696 882 796 934 οὐκ
819 882 923 936 ἔδει
950 887 1013 955 τῇ
1047 884 1138 937 τοῦ
1171 886 1287 949 ἑνὸς
1315 885 1537 957 εὐηθείᾳ
1560 887 1654 941 καὶ
1671 889 1845 958 τροπῇ

273 971 439 1023 πᾶσιν
479 968 901 1042 άποκλεισθῆναι
952 974 1014 1027 τὸ
1064 977 1294 1041 στάδιον,
1334 978 1429 1029 καὶ
1466 978 1591 1040 τοὺς
1631 976 1848 1045 ἀγῶνας

276 1060 590 1131 σϐεσθῆναι,
622 1062 717 1116 καὶ
742 1064 840 1134 τὴν
859 1066 1111 1137 ἀνδρείαν
1135 1068 1422 1138 κρυϐῆναι,
1440 1069 1534 1122 καὶ
1566 1070 1753 1138 ἀργεῖν
1780 1068 1848 1122 τὰ

276 1152 506 1210 ἔπαθλα.

1944 809 2160 855 scutum
2196 811 2250 855 et
2282 803 2495 858 hastam
2545 806 2853 867 habentem,
2899 814 3072 858 totum
3119 804 3359 873 undique
3403 802 3515 856 fer-

1944 906 2121 957 reum,
2150 893 2301 962 jactu
2338 895 2532 964 lapidis
2562 897 2724 949 unico
2762 910 2829 949 ex
2865 893 3031 949 funda
3078 895 3130 947 in
3164 902 3362 947 terram
3391 907 3517 960 pro-

1952 995 2246 1049 Straturus,
2281 996 2335 1041 et
2364 989 2525 1057 paulo
2549 996 2672 1058 post
2700 997 3044 1057 regnaturus,
3074 994 3128 1039 et
3161 984 3331 1038 multa
3361 983 3426 1035 de
3459 995 3520 1036 se

1950 1074 2348 1131 vaticinaturus
2377 1086 2542 1131 esset.
2585 1075 3088 1145 Praecognoscebat,
3126 1072 3518 1143 apostolorum.

1951 1161 2366 1229 prophetarum,
2406 1172 2731 1234 martyrum,
2764 1164 3050 1218 doctorum
3091 1171 3523 1228 caeterorumque

276 1248 343 1302 ad
367 1247 667 1304 Ecclesiam
722 1252 1110 1321 pertinentium
1148 1268 1212 1309 ex
1260 1255 1353 1309 illo
1405 1256 1838 1324 germinaturum
1881 1267 2102 1308 sacrum
2145 1264 2380 1322 coetum;
2430 1267 2503 1323 et,
2561 1265 2621 1311 ut
2658 1256 2893 1311 breviter
2931 1255 3113 1309 omnia
3150 1254 3349 1319 dicam,
3393 1266 3504 1306 non

278 1341 565 1409 oportebat
600 1350 820 1411 propter
860 1343 1024 1399 unius
1070 1345 1341 1415 ignaviam
1388 1354 1443 1399 et
1486 1343 1846 1400 defectionem
1895 1343 2153 1401 omnibus
2184 1346 2363 1401 claudi
2405 1346 2668 1412 stadium,
2708 1355 2762 1401 et
2792 1346 2999 1401 aboleri
3030 1344 3352 1408 certamina,
3378 1342 3509 1399 forti
3531 1378 3555 1410 ν

278 1432 633 1505 tudinemque
657 1437 939 1503 occultari,
964 1448 1015 1492 et
1038 1439 1283 1493 victoriae
1307 1454 1525 1494 cessare
1551 1440 1793 1510 praemia.

822 1529 1069 1582 ΠΕΥΣιΣ
1108 1531 1297 1597 Ρκεῖι.

349 1617 474 1681 Πῶς
505 1617 678 1687 λέγων
697 1621 726 1672 ὁ
745 1619 954 1690 Σωτὴρ,
991 1622 1071 1674 ὅτι
1099 1621 1324 1690 Ὥσπερ
1356 1624 1389 1675 ὁ
1414 1620 1616 1690 Πατὴρ
1639 1620 1851 1690 ἐγείρει

278 1708 421 1774 τοὺς
442 1708 697 1777 νεκροὺς
734 1711 831 1763 καὶ
858 1708 1137 1776 ζωοποιεῖ,
1174 1712 1362 1777 οὕτως
1399 1712 1495 1765 καὶ
1522 1714 1555 1766 ὁ
1592 1711 1723 1776 Υἱὸς
1746 1710 1853 1775 οὓς

281 1800 441 1854 θέλει
487 1798 768 1865 ζωοποιεῖ,
821 1801 990 1855 ἐλθὼν
1038 1803 1130 1855 ἐπὶ
1169 1803 1418 1874 Λαζάρου
1465 1805 1565 1856 οὐκ
1601 1802 1853 1871 αὐθεντίᾳ

282 1889 488 1961 ἐγείρει
538 1890 719 1955 αὐτὸν,
766 1891 902 1945 ἀλλὰ
930 1892 1236 1961 παρακαλεῖ
1262 1893 1354 1948 τὸν
1386 1894 1625 1965 Πατέρα,
1655 1892 1851 1960 λέγων,

283 1981 494 2049 Πάτερ,
537 1980 801 2045 δόξασόν
838 1998 953 2037 σου
983 1982 1092 2037 τὸν
1128 1985 1268 2037 Υίόν
1293 2000 1308 2015 ’
1354 1984 1447 2038 καὶ
1479 1981 1652 2047 οὕτως
1690 1983 1857 2051 φωνεῖ

286 2071 351 2123 ἐκ
377 2069 582 2140 νεκρῶν
618 2072 708 2124 τὸν
738 2072 1017 2143 Λάζαρόν;

893 2163 1246 2230 Ἀπόκρισις.

354 2251 518 2305 Οὐδὲν
572 2252 774 2306 τούτων
821 2254 921 2322 τῆς
979 2255 1229 2320 ἐξουσίας
1278 2253 1311 2324 ἢ
1362 2253 1652 2317 αὐθεντίας
1695 2251 1857 2306 αὑτὸν

282 2343 614 2415 ἀφαιρεῖται.
650 2343 785 2414 Φησὶ
822 2347 950 2415 γὰρ,
989 2345 1092 2399 Διὰ
1135 2345 1241 2398 τὸν
1266 2343 1616 2413 παρεστῶτα
1646 2344 1854 2414 ὄχλον,

282 2431 451 2487 εἷπον
491 2434 593 2487 ἵνα
628 2430 1021 2487 πιστεύσωσί.
1073 2434 1136 2485 Τί
1184 2434 1229 2486 δ’
1264 2434 1459 2502 ἐπάγει
1507 2432 1683 2501 αὖθις,
1727 2435 1860 2488 Ἵνα

286 2524 384 2578 καὶ
414 2528 448 2579 ό
488 2526 617 2590 Υἱός
649 2539 766 2577 σου
791 2524 1024 2593 δοξάσῃ
1072 2540 1181 2589 σε;
1216 2521 1343 2596 Ἆρ’
1375 2522 1467 2579 οὖν
1509 2526 1665 2596 δόξης
1711 2526 1859 2598 παρὰ

282 2614 379 2669 τοῦ
406 2615 536 2668 Υίοῦ
565 2615 876 2686 προσδεῖται
906 2618 933 2670 ὁ
966 2618 1191 2689 Πατήρ;
1220 2618 1504 2687 Οὐδαμῶς,
1536 2618 1651 2671 ἀλλ’
1680 2618 1861 2683 ἐδόξα-

286 2725 376 2761 σεν
404 2708 432 2759 ὁ
463 2709 651 2778 Πατὴρ
680 2708 770 2760 τὸν
825 2709 973 2771 Υἰὸν,
1016 2709 1107 2760 καὶ
1138 2711 1166 2760 ὁ
1195 2710 1322 2773 Υἱὸς
1347 2711 1437 2763 τὸν
1470 2710 1689 2781 Πατέρα
1708 2726 1722 2741 ⁸
1756 2727 1858 2779 φα-

283 2799 565 2869 νεροῦντες
596 2801 727 2879 ἡμῖν
753 2799 813 2851 τὸ
854 2798 1062 2852 ἑαυτῶν
1093 2800 1411 2871 όμόγνωμον
1441 2802 1535 2853 καὶ
1575 2800 1853 2871 ὁμόδοξον.

285 2892 411 2956 Πῶς
466 2891 523 2945 δὲ
562 2892 656 2944 καὶ
695 2891 788 2943 ἐπὶ
830 2890 937 2943 τῶν
990 2890 1248 2961 μειζόνων
1299 2892 1573 2946 αὐθεντῶν
1610 2893 1786 2965 πάντη
1832 2896 1860 2948 ὁ

286 2982 432 3046 Υἱὸς,
474 2982 568 3034 ἐπὶ
612 2982 721 3034 τῶν
758 2981 1052 3035 ἐλαττόνων
1092 2983 1193 3052 τῆς
1236 2986 1511 3056 πατρικῆς
1557 2985 1745 3051 δεῖται,
1785 2988 1862 3050 ὡς

286 3077 411 3147 φὴς,
439 3074 740 3147 ἐπιτροπῆς
772 3073 805 3144 ἦ
841 3074 1124 3145 βοηθείας;
1155 3074 1413 3140 Κολάζων
1438 3076 1548 3146 γὰρ
1572 3078 1667 3130 καὶ
1701 3079 1860 3149 εὐερ-

288 3163 479 3233 γετῶν,
512 3164 747 3235 οὐδαμοῦ
790 3164 881 3217 τὸν
926 3164 1146 3235 Πατέρα
1189 3166 1557 3219 ἐπικαλεῖται’
1597 3167 1774 3221 Δεῦτε
1805 3172 1860 3223 οἱ

287 3257 677 3327 εὐλογημένοι
731 3257 837 3312 τοῦ
888 3258 1121 3325 Πατρός
1160 3276 1309 3328 μου,
1364 3261 1859 3330 κληρονομήσατε

289 3350 403 3418 τὴν
446 3350 893 3421 ἡτοιμασμένην
936 3349 1081 3419 ὑμῖν
1104 3350 1433 3415 βασιλείαν
1464 3352 1583 3407 ἀπὸ
1615 3355 1861 3408 καταϐο-

287 3439 406 3509 λῆς
438 3440 690 3509 κόσμου.
723 3426 868 3510 Πρὸς
918 3438 1053 3493 δὲτὸ
1088 3439 1274 3511 ἕτερον
1316 3439 1499 3513 μέρος,
1529 3443 1862 3512 Πορεύεσθε

286 3533 387 3586 ἀπ’
414 3531 581 3601 ἐμοῦ,
615 3534 668 3586 oi
707 3531 1119 3601 κατηραμένοι,
1149 3534 1237 3597 εὶς
1267 3533 1331 3587 τὸ
1361 3534 1480 3602 πῦρ
1509 3534 1574 3588 τὸ
1600 3535 1857 3590 αἰώνιον.

290 3622 380 3691 Τῷ
431 3622 723 3691 παραλύτῳ
775 3624 960 3692 φησὶν,
1032 3625 1325 3692 Ἐγερθεὶς
1381 3619 1531 3694 ἆρόν
1580 3643 1696 3682 σου
1754 3629 1863 3683 τὸν

291 3712 641 3780 κράόὄατον,
684 3713 782 3765 καὶ
826 3713 1018 3781 ὕπαγε
1060 3716 1147 3778 εἰς
1185 3715 1294 3769 τὸν
1322 3713 1491 3770 οἶκόν
1519 3733 1656 3774 σου.
1713 3721 1862 3772 Ἐτέ-

296 3800 430 3875 ρωθι
459 3800 641 3863 πάλιν,
675 3800 776 3853 Σοὶ
821 3801 996 3869 λέγω,
1024 3803 1332 3867 νεανίσκε,
1361 3806 1629 3875 ἐγέρθητι
1671 3809 1741 3862 ἐκ
1768 3827 1863 3862 νε-

293 3890 473 3964 κρῶν.
516 3892 787 3955 Ὡσαύτως
805 3895 870 3964 τῇ
894 3892 1124 3963 θυγατρὶ
1158 3894 1253 3946 τοῦ
1291 3897 1737 3967 ἀρχισυναγώγου
1769 3899 1864 3953 θα-

294 3983 458 4058 νούσῃ
484 3984 636 4055 φησι,
684 3983 754 4038 Τὸ
779 3982 1083 4052 κοράσιον,
1117 3985 1445 4056 ἀνάστηθι*
1473 3988 1551 4058 τῷ
1587 3989 1644 4042 δὲ
1680 3990 1864 4061 λεπρῷ

293 4075 402 4128 ἀπὸ
443 4074 687 4144 κορυφῆς
742 4074 903 4146 μέχρι
946 4074 1121 4128 ποδῶν
1166 4076 1573 4150 καθηλκωμένῳ
1620 4080 1864 4146 ἐκτείνας

294 4166 392 4236 τὴν
452 4168 626 4235 χεῖρα,
663 4166 817 4234 φησὶ,
872 4166 1052 4229 Θέλω,
1098 4170 1522 4239 καθαρίσθητισ
1573 4174 1665 4226 καὶ
1711 4169 1864 4238 αὖθις

292 4257 355 4310 τὸ
382 4257 550 4319 πάθος
584 4255 904 4326 δραπετεύει
932 4256 1263 4325 φυγαδευθὲν
1301 4258 1377 4329 τῷ
1406 4259 1533 4332 θείῳ
1575 4261 1861 4334 θελήματι.

307 4350 479 4401 Ἐπιτι
488 4348 602 4418 μῶν
619 4348 675 4401 δέ
695 4365 848 4419 φησι,
872 4350 976 4405 Σοὶ
1001 4349 1174 4420 λέγω,
1198 4349 1278 4417 τῷ
1296 4355 1540 4423 πονηρῷ
1558 4355 1859 4425 δαιμονίῳ,

295 4439 505 4505 ἔξελθε
550 4441 652 4494 ἀπ’
706 4439 915 4494 αὐτοῦ.
965 4442 1331 4497 Καταστέλλει
1396 4446 1558 4500 πάλιν
1608 4449 1892 4519 ἐπιτιμίῳ·

296 4532 705 4604 κορυφουμένην
750 4531 851 4602 τὴν
899 4532 1163 4586 ἄϐυσσον·
1219 4537 1546 4610 αὐτάνδρους
1587 4540 1644 4592 δὲ
1681 4540 1865 4605 πόλεις

297 4624 657 4694 κατακρίνων,
683 4625 798 4693 μετ’
814 4624 1058 4689 ἐξουσίας
1079 4627 1258 4696 φησὶν,
1283 4630 1429 4682 Οὐαί
1449 4646 1566 4694 σοι,
1585 4631 1860 4700 Χωραζὶν,

299 4715 433 4766 οὺαί
466 4731 584 4778 σοι,
618 4716 945 4784 Βηθσαιδά,
977 4719 1077 4771 καὶ
1108 4718 1213 4779 σὺ.
1241 4723 1651 4792 Καπερναοὺμ,
1680 4726 1715 4793 ἡ
1753 4725 1863 4793 ἓως

300 4803 557 4869 οὐρανοῦ
589 4807 915 4871 ὑψωθεῖσα,
946 4807 1055 4873 ἕως
1085 4809 1231 4875 ᾅδου
1265 4814 1594 4881 καταϐήσῃ.
1618 4816 1727 4868 Καὶ
1764 4818 1863 4886 τὴν

300 4893 533 4949 παλαιὰν
561 4893 837 4963 καθαιρῶν
873 4895 1241 4969 Ἰερουσαλὴμ,
1268 4904 1449 4971 φησιν,
1473 4906 1555 4957 Οὐ
1574 4905 1660 4973 μὴ
1683 4908 1861 4979 μείνῃ

299 4989 469 5054 λίθος
498 4987 595 5041 ἐπὶ
631 4988 805 5041 λίθον
830 4986 921 5040 ἐπ’
947 4990 1120 5056 αὐτῇ,
1151 4992 1287 5063 ὅπερ
1314 4995 1599 5065 γενόμενον
1627 4999 1861 5071 ὁρῶμεν.

300 5079 426 5143 Πῶς
452 5074 544 5134 οῦν
571 5079 663 5131 ἐπὶ
684 5076 888 5132 τούτων
917 5077 1023 5132 τῶν
1067 5081 1326 5150 μειζόνων
1351 5086 1596 5155 μηδαμοῦ
1625 5089 1716 5142 τὸν
1748 5092 1863 5144 Πα-

300 5171 434 5241 τέρα
494 5169 975 5241 ἐπικαλεσάμενος,
1026 5170 1059 5239 ἢ
1109 5172 1207 5243 τῆς
1254 5174 1378 5243 παρ’
1433 5178 1639 5232 ἐκείνου
1684 5182 1867 5252 ἰσχύος

301 5262 571 5332 δεόμενος,
612 5262 717 5316 ὑπὸ
741 5264 848 5316 τῶν
881 5263 1177 5318 ἐλαττόνων
1211 5266 1476 5338 πατρόθεν
1507 5269 1605 5333 τὰς
1646 5273 1867 5344 εὐεργε-

304 5354 425 5417 σίας
457 5354 827 5425 δανειζόμενος
856 5356 979 5418 τιὺς
1012 5357 1320 5427 κάμνοντας
1356 5359 1604 5425 ἀκέεται;
1653 5365 1867 5433 Ἀπαγε

302 5440 417 5509 οῦν,
450 5445 764 5512 ἀξιάγαστε,
795 5447 892 5516 τῆς
922 5448 1176 5517 τοιαύτης
1213 5450 1343 5521 περὶ
1373 5451 1605 5520 Χριστοῦ
1640 5454 1864 5519 ἐννοίας.

303 5535 379 5589 Οὐ
413 5536 521 5607 γὰρ
550 5536 670 5590 καθ’
704 5537 992 5609 ὑστέρησιν
1025 5540 1311 5606 αὐθεντίας
1348 5542 1381 5614 ἢ
1429 5544 1617 5617 ῥώμης
1664 5546 1723 5601 ἔν
1758 5565 1867 5602 τισι

2342 1524 2543 1579 INTER
2555 1523 2854 1580 BOGATIO
2891 1522 3123 1577 CXXVI.

2028 1616 2130 1683 Qui
2165 1616 2221 1669 fit
2250 1623 2311 1669 ut
2341 1631 2464 1669 cum
2497 1614 2643 1669 dicat
2689 1613 2967 1677 Servator,
3010 1612 3154 1682 quod
3189 1611 3526 1681 quemadmo-

1958 1708 2081 1761 dum
2103 1708 2267 1762 Pater
2290 1707 2486 1761 excitat
2531 1715 2762 1759 mortuos
2792 1717 2841 1760 et
2873 1706 3123 1775 viviﬁcat,
3161 1705 3235 1757 sic
3257 1714 3304 1758 et
3347 1701 3522 1757 Filius

1957 1816 2088 1869 quos
2116 1799 2222 1852 vult
2255 1799 2483 1867 viviﬁcat
2507 1799 2587 1864 ";
2624 1798 2688 1851 ad
2722 1797 2986 1852 Lazarum
3018 1797 3264 1862 veniens,
3294 1810 3403 1849 non
3432 1812 3527 1850 ex-

1959 1894 2088 1949 citet
2116 1893 2294 1961 ipsum
2328 1898 2594 1962 potestate
2628 1891 2872 1959 propria,
2914 1890 3009 1943 sed
3043 1889 3257 1943 invocet
3284 1886 3523 1950 Patrem,

1959 1986 2182 2041 dicens:
2224 1985 2401 2049 Pater,
2442 1982 2686 2053 gloriﬁca
2719 1980 2923 2035 Filium
2956 1988 3103 2034 tuum
3123 1980 3189 2044 ”,
3221 1980 3405 2050 sicque
3440 1995 3527 2034 re-

1960 2087 2113 2133 vocet
2141 2093 2207 2131 ex
2241 2075 2475 2129 mortuis
2504 2074 2768 2128 Lazarum
2791 2073 2814 2126 ‘i

2583 2164 2890 2232 Responsio.

2027 2257 2170 2312 Nihil
2201 2259 2397 2311 horum
2429 2256 2535 2326 ipsi
2565 2255 2865 2325 quidquam
2896 2252 3181 2322 potestatis
3222 2250 3302 2305 vel
3339 2260 3531 2305 aucto-

1957 2352 2133 2407 ritatis
2173 2350 2384 2405 adimit.
2425 2348 2608 2419 lnquit
2633 2348 2781 2403 enim
2819 2365 2833 2401 :
2867 2345 3093 2415 PrOpter
3123 2354 3386 2398 astantem
3421 2352 3533 2397 tur-i

1959 2446 2078 2498 bam
2127 2444 2264 2506 dixi,
2299 2451 2357 2495 ut
2390 2442 2606 2495 credant
2636 2440 2702 2493 “.
2733 2438 2875 2505 Quid
2903 2454 3029 2492 vero
3062 2452 3255 2490 rursus
3304 2434 3535 2504 subjunv

1959 2533 2059 2604 git,
2096 2532 2162 2586 Ut
2186 2542 2236 2587 et
2267 2532 2440 2586 Filius
2474 2542 2521 2585 te
2571 2530 2871 2601 glori/Scel?
2902 2526 3158 2597 Nunquid
3195 2528 3358 2597 igitur
3394 2525 3534 2578 indi-

1959 2632 2048 2693 get
2077 2623 2272 2692 gloria,
2316 2636 2479 2691 quam
2525 2630 2895 2688 consequatur
2939 2633 2969 2671 a
3005 2618 3161 2681 Filio,
3200 2616 3398 2670 Pater?
3427 2613 3536 2669 Ne-

1959 2729 2255 2784 quaquam.
2291 2712 2397 2766 Sed
2441 2710 2764 2781 gloriﬁcavit
2810 2708 2967 2762 Pater
2995 2708 3215 2768 Filium,
3266 2716 3322 2761 et
3364 2706 3537 2762 Filius

1961 2804 2198 2868 Patrem,
2244 2802 2662 2857 manifestantes
2710 2800 2872 2855 nobis
2922 2814 3082 2854 suum
3118 2814 3447 2854 consensum
3483 2807 3539 2853 et

1959 2899 2326 2968 aequalitatem
2363 2895 2567 2966 gloriae.
2616 2892 2904 2959 Quomodo
2950 2907 3077 2947 vero
3130 2891 3185 2945 in
3238 2891 3538 2961 majoribus

1958 3006 2187 3060 prorsus
2234 2987 2559 3042 auctoritate
2614 2999 2713 3039 sua
2748 2983 2958 3037 faciens
3010 2983 3190 3038 omnia
3238 2981 3431 3048 Filius,
3481 2983 3538 3035 in

1961 3082 2268 3137 minoribus
2296 3087 2522 3147 paterna
2562 3075 2788 3146 indiget,
2828 3084 2890 3130 ut
2917 3074 3023 3138 ais,
3060 3074 3424 3144 permissione
3452 3072 3541 3126 vel

1963 3174 2209 3229 auxilio?
2231 3172 2474 3227 Puniens
2501 3170 2646 3223 enim
2678 3176 2733 3222 et
2764 3166 3112 3222 benefaciens
3140 3181 3408 3234 nusquam
3435 3164 3541 3219 Pa-

1966 3277 2106 3323 trem
2132 3260 2374 3320 invocat.
2422 3260 2579 3327 Nam,
2629 3258 2825 3322 Venite,
2864 3258 3060 3328 inquit,
3114 3257 3370 3311 benedicti
3426 3256 3539 3309 Pa-

1964 3361 2063 3415 tris
2093 3357 2214 3425 mei,
2243 3355 2503 3425 possidete
2532 3359 2780 3421 paratum
2806 3348 2951 3405 vobis
2983 3365 3199 3419 regnum
3229 3347 3350 3401 inde
3377 3362 3541 3417 usque

1963 3452 2027 3507 ab
2059 3452 2223 3523 jactis
2265 3449 2624 3520 fundamentis
2662 3447 2848 3501 mundi
2873 3445 2941 3500 “.
2973 3444 3055 3499 Ad
3091 3445 3320 3498 alteram
3355 3452 3540 3497 autem

1962 3555 2198 3617 partem,
2229 3542 2494 3598 Discedite
2524 3557 2557 3595 a
2604 3557 2706 3609 me,
2737 3539 3030 3603 maledicti,
3074 3537 3126 3590 in
3169 3537 3340 3606 ignem
3385 3543 3542 3588 cetera

1962 3654 2090 3692 num
2109 3635 2174 3689 “.
2219 3633 2301 3689 Ad
2338 3633 2696 3703 paralyticum
2746 3631 2960 3700 inquit;
3009 3626 3195 3696 Surge,
3241 3624 3363 3678 tolle
3392 3635 3541 3677 tuum

1964 3728 2300 3798 grabbatum,
2330 3734 2378 3778 et
2413 3724 2500 3778 abi
2522 3725 2579 3777 in
2609 3725 2824 3777 domum
2860 3732 3005 3776 tuam
3030 3719 3096 3771 ⁸⁷.
3127 3716 3270 3770 Alibi
3301 3729 3493 3769 rursus
3521 3733 3536 3769 :

1968 3816 2087 3872 Tibi
2109 3818 2247 3883 dico,
2290 3816 2611 3880 adolescens,
2645 3830 2798 3884 surge
2822 3828 2887 3866 ea:
2920 3811 3144 3864 mortuis
3167 3809 3233 3860 ³⁸⁸.
3271 3806 3540 3861 Similiter

1965 3917 2018 3963 et
2041 3906 2165 3961 tiliaI.
2188 3905 2454 3975 principis
2484 3919 2774 3974 synagoga:
2797 3900 3068 3957 defunctae
3090 3900 3301 3969 inquit:
3325 3896 3535 3959 Puella,

1964 4013 2118 4067 surge
2139 3996 2204 4049 ⁷⁸⁸.
2229 3994 2469 4065 Leproso
2491 4005 2674 4048 autem
2695 4009 2726 4047 a
2751 3993 2955 4047 vertice
2979 3992 3044 4046 ad
3071 3991 3231 4061 pedes
3256 4004 3430 4058 usque
3453 3988 3537 4042 ul-

1965 4090 2182 4144 ceribus
2211 4089 2389 4160 pleno,
2423 4094 2643 4141 extenta
2672 4098 2859 4149 manu,
2900 4083 3052 4148 Volo,
3077 4083 3273 4152 inquit,
3309 4080 3536 4136 mundus

1964 4191 2073 4236 esto
2095 4182 2142 4213 ⁸⁰
2179 4200 2193 4235 :
2221 4180 2310 4235 ubi
2340 4178 2546 4234 recedit
2584 4177 2832 4241 morbus,
2862 4176 3044 4231 divina
3075 4175 3351 4229 voluntate
3382 4171 3537 4241 fuga-

1965 4281 2070 4329 tus.
2101 4271 2239 4327 Cum
2270 4271 2639 4341 increpatione
2668 4272 2794 4324 item
2822 4268 3002 4337 inquit
3031 4286 3044 4320 :
3077 4265 3192 4320 Tibi
3217 4266 3358 4330 dico,
3395 4265 3533 4318 malo

1965 4364 2213 4429 damoni,
2255 4364 2339 4418 exi
2389 4363 2451 4415 ab
2494 4362 2637 4416 eo“.
2678 4359 2910 4415 Cohibet
2951 4357 3115 4413 etiam
3162 4356 3534 4425 increpatione

1966 4457 2227 4512 tumidam
2255 4457 2533 4526 abyssum.
2560 4453 2772 4508 Etcum
2794 4453 2926 4507 viris
2950 4452 3115 4506 urbes
3138 4451 3532 4513 condemnans,

1967 4560 2090 4601 cum
2130 4553 2395 4616 potestate
2430 4546 2606 4614 inquit
2635 4562 2650 4598 :
2686 4542 2775 4598 Va:
2813 4543 2930 4609 tibi,
2981 4542 3267 4607 Chorazin,
3310 4559 3385 4596 va:
3416 4541 3532 4608 tibi,

1968 4638 2296 4701 Bethsaida;
2345 4647 2393 4691 et
2440 4646 2517 4705 tu,
2571 4635 2928 4707 Capernaum,
2971 4651 3089 4706 qua:
3127 4651 3179 4689 es
3229 4634 3287 4687 in
3346 4631 3534 4687 caelum

1967 4747 2130 4802 usque
2176 4729 2436 4796 excitata,
2492 4745 2654 4799 usque
2707 4729 2775 4781 ad
2810 4728 3005 4797 inferos
3043 4726 3319 4781 descendes
3344 4726 3408 4778 ⁵⁸.
3468 4723 3536 4776 Et

1966 4829 2205 4876 veterem
2230 4820 2421 4875 tollens
2439 4819 2892 4890 Hierosolymam,
2921 4819 3095 4887 inquit
3120 4837 3132 4871 :
3156 4815 3281 4869 Non
3303 4817 3533 4870 manebit

1967 4913 2023 4966 in
2039 4928 2100 4965 ea
2123 4910 2260 4980 lapis
2287 4927 2442 4979 super
2462 4910 2636 4979 lapide
2653 4911 2719 4963 ⁸³.
2754 4909 2810 4963 ld
2835 4913 2979 4979 quod
3009 4908 3208 4963 factum
3235 4909 3530 4963 cernimus.

1968 5004 2251 5071 Quomodo
2278 5003 2443 5073 igitur
2483 5003 2535 5055 in
2580 5003 2881 5071 majoribus
2916 5001 3037 5055 istis
3071 5016 3339 5069 nusquam
3376 5000 3533 5054 invo-

1969 5106 2090 5151 cato
2120 5094 2297 5158 Patre,
2349 5105 2439 5147 aut
2492 5094 2739 5163 indigens
2786 5094 2853 5148 ab
2889 5094 3007 5162 ipso
3055 5094 3267 5148 collatis
3294 5092 3528 5159 viribus,

1968 5189 2023 5241 in
2065 5187 2366 5241 minoribus
2412 5201 2442 5239 a
2485 5183 2646 5239 Patre
2694 5185 2952 5239 beneficia
2993 5185 3152 5254 quasi
3196 5194 3389 5238 mutuo
3428 5200 3527 5239 su-

1972 5294 2146 5340 mens,
2180 5276 2424 5333 medetur
2456 5260 2865 5330 laborantibus?
2900 5277 3057 5330 Absit
3087 5277 3251 5344 igitur
3280 5277 3467 5347 procul
3495 5290 3527 5329 a

1970 5376 2044 5430 te,
2108 5383 2141 5421 ο
2192 5365 2625 5436 praeclarissime,
2676 5365 2800 5419 talis
2842 5364 2908 5418 de
2958 5364 3174 5420 Christo
3228 5366 3525 5435 cogitatio!

1971 5456 2090 5512 Non
2121 5446 2265 5511 enim
2297 5456 2593 5511 secundum
2627 5453 2900 5509 defectum
2942 5457 3283 5511 auctoritatis
3316 5465 3411 5510 aut
3438 5469 3532 5521 ro-

1972 5551 2123 5606 boris
2176 5550 2231 5604 in
2281 5548 2605 5620 quibusdam
2652 5547 2786 5603 locis
2835 5547 3047 5603 Patrem
3083 5548 3398 5618 alloquitur,
3436 5546 3534 5603 sed

374 5694 420 5726 "
461 5693 618 5749 Joan.
657 5712 710 5755 v,
750 5695 840 5750 21.
914 5696 959 5727 ⁸³
995 5695 1151 5751 Joan.
1186 5715 1263 5763 ιιι,
1300 5700 1390 5757 All.
1465 5703 1510 5735 δε
1546 5702 1703 5759 Joan.
1744 5721 1821 5772 τι,

305 5762 352 5796 ιι
394 5764 502 5796 Iun
565 5783 632 5796 ιν..
700 5766 762 5796 ιι
862 5766 907 5796 ιιι
947 5768 1057 5796 ...Δ
1120 5784 1214 5796 ...η
1282 5772 1312 5796 Ε
1411 5774 1455 5796 im
1499 5774 1657 5796 n-.n.
1728 5792 1822 5796 ---η

2107 5703 2294 5796 Mani;
2492 5705 2579 5761 M-
2622 5703 2705 5796 .:°
2745 5705 2988 5796 ίιιιιιιμο
3063 5704 3107 5736 ⁸⁷
3146 5702 3446 5796 recte
3475 5703 3530 5759 θ·

392 5764 658 5844 λεια-χιι,
686 5766 792 5844 ’με
862 5766 907 5799 ⁸⁹
945 5768 1079 5840 Luc.
1109 5784 1238 5844 χιιι,
1280 5772 1332 5825 5.
1411 5774 1455 5805 ⁸ο
1498 5774 1686 5831 Matth.
1727 5764 1846 5844 vni,

1980 5775 2148 5831 Marc.
2176 5778 2340 5844 1,41;
2382 5764 2512 5832 Luc.
2543 5774 2706 5842 v,15.
2778 5777 2824 5810 ³¹
2865 5776 3029 5831 Marc.
3067 5788 3107 5840 I,
3147 5774 3235 5828 25.
3310 5774 3359 5806 ⁸³
3395 5764 3529 5831 Luc.

278 5820 480 5900 {1,15,
524 5820 731 5911 15.7,!”
771 5835 902 5893 Luc.
946 5820 1061 5904 'xix,
1096 5820 1182 5893 44.
