4000 6416
442 377 581 433 1025

438 493 644 564 ubique
674 492 723 551 is
750 493 802 551 ei
837 497 1154 568 propositus
1179 514 1379 573 scopas
1409 511 1515 570 est,
1552 513 1612 559 ut
1635 505 1704 562 ad
1738 506 2013 563 humilita-

439 597 547 640 tem
573 600 676 642 nos
705 587 964 654 instruat,
995 599 1050 646 et
1071 595 1338 664 superbiae
1362 593 1560 651 fastum
1592 596 1753 652 nobis
1781 598 2019 655 adimat:

439 689 610 750 utque
633 680 794 737 nobis
811 683 965 738 nullo
984 686 1144 740 modo
1162 689 1567 758 permittamus,
1591 697 1650 744 ut
1672 706 1795 760 qua:
1815 691 2024 761 agenda

389 787 394 792 '
440 781 589 839 sunt,
646 782 772 830 ante
822 776 998 846 ipsius
1027 777 1254 834 ductum
1304 782 1649 847 inchoemus,
1700 784 1796 838 sed
1843 785 2026 840 omnis

441 872 551 916 tam
590 867 865 922 sermonis
894 883 1058 938 quam
1093 872 1328 928 actionis
1355 875 1424 930 ab
1457 874 1578 944 ipso
1607 875 1906 945 primordia
1941 891 2029 932 ca-

439 970 677 1024 piamus.

825 1046 1343 1107 INTERROGATIO
1383 1052 1642 1110 CXXVII.

512 1138 803 1204 Quomodo
838 1157 966 1196 vero
997 1143 1131 1198 dicit
1152 1145 1470 1215 Apostolus,
1501 1147 1682 1217 ipsum
1715 1146 1862 1203 Patri
1896 1149 2030 1205 sub-

445 1230 764 1300 jiciendum,
817 1244 877 1288 ut
937 1235 1135 1305 majori
1189 1239 1478 1295 videlicet?
1522 1239 1658 1296 Nam
1712 1243 1802 1314 qui
1830 1243 2028 1309 omnia,

446 1325 644 1392 inquit,
693 1327 912 1396 subjecit
961 1331 1031 1395 ei,
1079 1340 1203 1385 tunc
1230 1341 1279 1385 et
1307 1333 1419 1402 ipse
1467 1335 1780 1404 subjiciatur
1811 1336 1914 1400 illi,
1941 1337 2032 1406 qui

445 1419 547 1487 ipsi
577 1422 755 1474 omnia
788 1422 1009 1490 subjecit
1034 1421 1102 1476 ⁸⁸.
1130 1422 1420 1490 Quomodo
1451 1426 1618 1497 igitur
1644 1436 1822 1497 potest
1849 1443 2034 1497 aequa-

445 1511 511 1565 lis
553 1527 677 1566 esse
710 1511 883 1580 Patri,
925 1529 1050 1569 cum
1097 1525 1316 1572 constet
1354 1519 1622 1574 minorem
1675 1518 1872 1591 subjici
1915 1535 2035 1575 ma-

445 1600 591 1672 jori?

1083 1693 1395 1764 Responsio.

515 1782 613 1837 Ille
654 1782 774 1854 ipse
819 1785 978 1841 nobis
1027 1787 1268 1842 eximius
1315 1798 1370 1843 et
1392 1789 1616 1845 divinus
1647 1807 1828 1862 praeco
1872 1791 2037 1862 inspi-

446 1873 674 1930 ciendus
708 1883 813 1940 est,
850 1877 947 1947 qui
992 1877 1097 1932 hoc
1126 1877 1246 1934 loco
1284 1881 1461 1952 magis
1489 1883 1784 1938 carnaliter
1813 1883 2036 1938 disserit

447 1963 515 2018 ad
552 1964 820 2031 rudiores,
843 1983 944 2022 nec
977 1969 1158 2024 adhuc
1201 1970 1399 2025 anima:
1426 1972 1681 2028 sensibus
1709 1973 2036 2029 exercitatos

448 2057 516 2109 ad
559 2056 1006 2126 dijudicationem
1043 2061 1430 2118 sublimiorum
1478 2065 1872 2118 doctrinarum.
1904 2064 2026 2131 Qui-

447 2165 650 2219 cunque
679 2151 736 2203 in
767 2149 1042 2206 Christum
1075 2155 1336 2224 baptizati
1361 2157 1512 2223 estis,
1537 2157 1735 2228 inquit,
1765 2156 2038 2213 Christum

447 2243 700 2298 ieduistis
721 2243 791 2296 ⁸⁵.
830 2243 1042 2311 Quibus
1081 2248 1137 2301 in
1174 2249 1356 2304 verbis
1387 2250 1824 2306 ecclesiasticum
1877 2252 2040 2306 intel-

450 2334 569 2404 ligit
597 2347 824 2401 emtum,
853 2340 947 2409 qui
975 2339 1254 2396 Christum
1285 2352 1482 2413 gestat.
1505 2341 1642 2398 Cum
1674 2356 1853 2398 autem
1880 2345 2039 2400 modo

449 2427 814 2496 subjiciantur
843 2431 892 2485 ei
917 2447 1013 2501 per
1040 2432 1202 2488 ﬁdem
1241 2444 1452 2505 gentes,
1496 2437 1741 2491 nondum
1771 2437 2037 2508 integram

449 2531 573 2575 esse
601 2520 997 2590 subjectionem
1031 2523 1289 2582 Ecclesiae
1322 2528 1564 2596 gentium
1599 2529 1857 2584 admittit.
1898 2527 2040 2584 Nec-

451 2610 581 2665 dum
613 2613 756 2667 enim
796 2615 1084 2684 plenitudo
1127 2620 1372 2688 gentium
1410 2620 1659 2691 ingressa
1693 2631 1797 2686 est,
1830 2630 1889 2675 ut
1927 2622 2043 2691 ipse

451 2703 532 2757 ait
590 2701 891 2772 Apostolus
915 2708 962 2739 "
996 2723 1010 2760 :
1049 2710 1142 2764 sed
1174 2710 1422 2780 quatidie
1467 2720 1692 2766 sanctus
1727 2711 1818 2766 ille
1864 2722 2044 2768 cmtus

454 2796 776 2852 accessione
832 2799 1174 2855 credentium
1224 2802 1622 2871 subjectionem
1669 2804 1885 2875 recipit,
1933 2819 2041 2858 non

455 2889 616 2943 aliter
661 2906 727 2946 ac
761 2892 807 2946 si
849 2891 1107 2948 Christus
1137 2895 1256 2965 ipse
1305 2896 1553 2966 recipiat.
1590 2895 1822 2962 Quando
1862 2907 2044 2952 autem

455 2979 741 3050 plenitudo
771 2984 1012 3053 gentium
1047 2984 1293 3056 ingressa
1321 2986 1507 3054 luerit,
1543 2997 1596 3043 et
1626 2989 1930 3044 absolutam
1963 2989 2047 3044 in-

456 3081 779 3144 tegramque
802 3075 1201 3145 subjectionem
1235 3079 1490 3133 habuerit
1524 3077 1789 3145 Ecclesia,
1823 3097 1944 3151 qua:
1963 3090 2048 3137 est

458 3163 710 3221 Christus
733 3167 1037 3221 secundum
1067 3183 1314 3233 carnem,
1339 3177 1470 3225 tunc
1493 3178 1548 3224 et
1573 3170 1688 3240 ipse
1715 3178 1862 3225 totus
1886 3187 2044 3226 exer-

459 3256 604 3311 citus
668 3258 991 3328 subjicietur
1039 3261 1118 3327 ei,
1181 3261 1273 3330 qui
1330 3261 1566 3331 subjecit
1616 3262 1721 3332 ipsi
1761 3263 2044 3334 (nimirum

457 3347 678 3403 Christo
710 3349 1013 3404 secundum
1063 3350 1310 3423 carnem)
1377 3353 1582 3407 omnia.
1615 3353 1800 3424 Itaque
1827 3370 1926 3424 per
1962 3355 2050 3408 di-

459 3450 608 3496 ctum
647 3441 752 3495 hoc
777 3442 922 3510 quod
970 3442 1193 3512 scripsit
1237 3443 1301 3497 ad
1353 3444 1625 3510 rudiores,
1672 3461 1780 3500 non
1828 3461 2047 3501 omnem

460 3532 664 3587 revelat
709 3531 883 3601 ipsius
909 3532 1114 3588 Christi
1164 3535 1398 3604 propriae
1433 3536 1717 3607 potestatis
1748 3538 2050 3592 auctorita-

461 3633 571 3680 tem
611 3633 666 3680 et
691 3624 1058 3689 divinitatem,
1103 3642 1227 3697 quae
1275 3627 1408 3682 nihil
1454 3629 1564 3699 agit
1597 3639 1786 3685 contra
1815 3629 2048 3686 Patrem.

462 3717 692 3786 Quando
746 3735 876 3775 vero
932 3720 1076 3790 apud
1135 3736 1234 3776 eos
1286 3721 1510 3778 disserit
1552 3723 1649 3793 qui
1698 3722 2052 3793 perfectiores

463 3822 594 3868 sunt
631 3813 1014 3886 intelligentia,
1047 3815 1207 3884 quasi
1239 3814 1554 3871 solidiorem
1579 3816 1874 3887 quemdam
1907 3831 2051 3887 prae-

463 3915 548 3961 ter
592 3906 828 3962 lacteum
864 3915 917 3963 et
968 3909 1232 3978 puerilem
1268 3908 1482 3976 cibum,
1512 3923 1624 3980 quo
1665 3910 1929 3964 lactentes
1968 3910 2053 3963 in-

462 3998 643 4073 i'antes
689 4000 962 4066 cibantur,
1009 4002 1274 4071 apponit;
1307 4010 1363 4056 et
1400 4017 1431 4057 a
1477 4002 1643 4058 rebus
1688 4001 2052 4057 divinioribus

467 4091 873 4148 institutionem
905 4101 1227 4161 contexens,
1276 4094 1540 4164 paulatim
1573 4094 1767 4149 adimit
1807 4093 2055 4148 auctori-

464 4185 594 4241 tatis
640 4185 1038 4255 potestatisque
1075 4184 1280 4241 Christi
1321 4185 1648 4250 velamenta,
1697 4195 1751 4239 et
1789 4185 2050 4256 aequalem

465 4279 659 4345 gloria,
683 4279 950 4349 aequalem
976 4279 1243 4349 potentia,
1273 4279 1620 4348 liberumque
1643 4293 1870 4347 prorsus
1899 4294 1962 4334 ex
1995 4293 2056 4334 se

466 4375 636 4430 Deum
658 4389 782 4429 esse
811 4374 991 4444 ipsum
1021 4373 1384 4436 demonstrat,
1417 4373 1723 4428 luculenter
1749 4372 1998 4426 clamans
2022 4389 2035 4424 :

466 4467 850 4534 Ezspectamus
882 4462 1086 4517 Filium
1118 4465 1233 4532 ejus
1271 4480 1298 4517 e
1325 4464 1491 4529 caelis,
1525 4464 1615 4533 qui
1649 4463 2054 4532 transformabit

467 4576 656 4628 corpus
685 4558 1005 4612 humilitatis
1047 4566 1264 4622 nostrae,
1308 4566 1365 4610 ut
1406 4557 1504 4626 ﬁat
1537 4556 1806 4623 conforme
1847 4556 2054 4624 corpori

467 4651 652 4721 gloria:
689 4665 821 4712 sum,
875 4665 968 4717 per
996 4649 1283 4718 efﬁcaciam
1315 4650 1592 4717 potestatis
1622 4652 1758 4718 ejus,
1795 4657 1852 4702 ut
1891 4650 2055 4720 possit

467 4752 518 4796 et
545 4741 656 4810 ipse
684 4739 944 4809 subjicere
969 4739 1072 4792 sibi
1100 4739 1278 4793 omnia
1297 4739 1364 4792 ⁵⁷.
1401 4737 1461 4792 ΕΙ
1495 4740 1624 4794 alibi
1653 4741 1830 4810 inquit
1857 4758 1870 4794 :
1908 4739 2052 4807 Quo-

470 4835 620 4889 niam
647 4834 787 4889 Deus
813 4845 928 4889 erat
961 4835 1018 4888 in
1045 4833 1279 4898 Christo,
1316 4833 1569 4887 mundum
1599 4833 1702 4888 sibi
1738 4835 1842 4904 ipsi
1875 4850 2058 4888 recon-

469 4928 662 4982 cilians
683 4928 752 4981 ⁸⁸.
789 4924 929 4981 Ecce
977 4925 1245 4980 ambobus
1296 4925 1419 4981 istis
1461 4926 1514 4980 in
1564 4926 1721 4990 locis,
1757 4927 1902 4997 quod
1950 4925 2055 4982 sibi

470 5019 575 5089 ipsi
628 5019 903 5090 subjiciat,
964 5018 1255 5074 indicatur.
1313 5017 1612 5090 Segregato
1664 5018 1827 5088 igitur
1861 5027 2057 5074 temet-

471 5113 650 5182 ipsum
683 5129 712 5166 a
744 5112 836 5166 tali
868 5113 1164 5178 dementia,
1196 5127 1323 5168 cum
1356 5123 1528 5168 semet
1559 5112 1798 5167 declaret
1827 5112 2060 5182 Aposto-

473 5205 583 5269 lus,
616 5219 716 5259 nec
750 5205 933 5260 omnia
986 5205 1166 5260 tradat
1197 5206 1387 5261 eodem
1427 5205 1655 5275 scripto,
1705 5205 1800 5261 sed
1832 5219 1930 5274 pro
1976 5219 2059 5259 ra-

478 5295 625 5350 tione
653 5295 1090 5366 uniuscujusque
1113 5297 1339 5364 scribat,
1376 5304 1432 5352 et
1461 5296 1622 5365 quasi
1648 5311 1813 5352 manu
1843 5295 1908 5350 ad
1935 5310 2059 5366 per-

474 5385 762 5442 fectionem
792 5387 973 5442 ducat.

843 5459 1364 5536 INTERROGATIO
1405 5477 1684 5534 cxxvnt.

545 5571 684 5628 Cum
726 5573 889 5643 igitur
936 5571 1080 5628 Deus
1121 5577 1192 5629 sit
1218 5573 1472 5630 Christus
1520 5583 1574 5627 et
1623 5573 1848 5643 :eqttalis
1882 5571 2051 5642 Patri,

477 5681 576 5720 cur
610 5666 697 5721 hic
726 5667 840 5735 ipse
866 5665 1162 5735 Apostolus
1196 5665 1412 5720 Patrem
1453 5664 1673 5733 quidem
1709 5666 1900 5722 scribit
1932 5682 2055 5721 esse

479 5755 672 5819 Deum,
720 5755 918 5812 Filium
963 5771 1148 5812 autem
1200 5755 1530 5810 Dominum?
1571 5755 1682 5812 Nec
1710 5773 1904 5828 parum
1948 5759 2055 5812 huc

1521 383 1577 438 S.
1627 384 1924 441 CAESARI]
1985 385 2313 446 GBEGOBII
2355 388 2655 446 FRATRIS

3571 398 3594 450 i
3605 395 3737 453 024-

2124 509 2312 572 τόποις
2345 508 2426 578 τῷ
2442 510 2616 581 Πατρὶ
2642 503 3091 582 προσδιαλέγεται
3109 525 3126 542 ο
3157 509 3292 564 ἀλλὰ
3331 511 3534 576 σκοπὸς
3560 512 3732 583 αὐτῷ

2126 604 2302 674 πάντη
2329 605 2398 657 τὰ
2424 605 2918 677 ταπεινοφροσύνης
2956 605 3242 660 παιδεῦσαι
3272 609 3439 676 ἡμᾶς,
3477 609 3576 661 καὶ
3611 610 3731 679 τὴν

2126 699 2435 770 κορὺφωσιν
2483 699 2581 770 τῆς
2614 699 2990 769 ὑπερηφανίας
3035 700 3332 772 ἀ-ποτρίψαι
3379 700 3558 772 ἡμῶν,
3616 702 3732 756 καὶ

2132 789 2398 860 μηδαμῶς
2449 790 2664 851 ἑαυτοῖς
2711 789 3028 860 ἐπιτρέπειν
3064 792 3132 843 τὰ
3175 791 3422 862 πρακτέα
3469 791 3581 864 πρὸ
3613 795 3731 863 τῆς

2127 880 2292 935 αὑτοῦ
2325 880 2701 952 καθηγήσεως,
2767 881 2905 934 ἀλλὰ
2941 881 3141 946 παντὸς
3178 881 3336 951 λόγου
3367 883 3460 937 καὶ
3494 883 3730 956 δράμα-

2127 988 2220 1037 τος
2249 971 2411 1026 αὑτὸν
2447 970 2717 1024 ποιεῖσθαι
2746 969 3055 1040 προοίμιον.

2685 1062 2936 1115 ΠΕΥΣΙΣ
2973 1062 3144 1114 ΡΚΖ’.

2202 1155 2314 1210 Καὶ
2361 1154 2477 1219 πῶς
2510 1156 2539 1208 6
2584 1154 2905 1218 Ἀπόστολος
2949 1153 3390 1226 ὑποταγήσεσθαι
3433 1154 3602 1207 αὑτὸν
3643 1154 3737 1224 τῷ

2132 1248 2311 1318 Πατρ)⁸
2347 1246 2517 1315 λέγει,
2549 1245 2789 1317 δηλονότι
2827 1244 2904 1308 ὡς
2951 1243 3194 1315 μείζονι;
3225 1244 3411 1297 Ὅταν
3447 1243 3580 1314 γὰρ,
3616 1261 3738 1313 φη-

2134 1341 2239 1404 σὶν,
2291 1337 2564 1408 ὑποταγῇ
2617 1336 2778 1404 αὺτῷ
2832 1336 2903 1392 τὰ
2945 1337 3161 1403 πάντα,
3207 1335 3338 1389 τότε
3386 1334 3490 1388 καὶ
3533 1336 3740 1402 αὑτίς

2133 1427 2580 1497 ὑποταγήσεται
2623 1426 2704 1492 τῷ
2753 1426 3123 1491 ὑποτάξαντι
3161 1425 3322 1490 αὐτῷ
3377 1427 3448 1479 τὰ
3497 1424 3729 1480 πάντα.

2134 1518 2261 1581 Πῶς
2293 1514 2386 1571 οὖν
2418 1517 2640 1571 δύναται
2671 1518 2854 1587 ὅμοιος
2894 1517 3167 1588 ὑπάρχειν
3192 1516 3269 1587 τῷ
3310 1516 3520 1588 Πατρί;
3561 1517 3729 1588 δῆλον

2136 1611 2264 1681 γὰρ,
2295 1611 2378 1664 ὅτι
2404 1609 2646 1663 ἐλάσσων
2671 1608 2749 1679 τῷ
2785 1609 2994 1679 μείζονι
3025 1609 3409 1662 ὑποτάσσεται.

2753 1701 3120 1769 Ἀπόκρισις.

2208 1794 2380 1848 Αὑτὸν
2420 1796 2626 1849 ἐκεῖνον
2652 1792 2840 1866 ἀθρεῖν
2867 1793 2948 1846 δεῖ
2973 1792 3063 1846 τὸν
3111 1792 3312 1863 ὑψηλὸν
3344 1793 3533 1864 ίεροκή
3545 1811 3712 1864 ρυκει.⁸

2138 1886 2372 1940 ἐνταῦθα
2403 1887 2503 1955 μὲν
2546 1886 2985 1958 σαρκωδέστερον
3015 1885 3393 1956 διαλεγόμενον
3438 1885 3579 1957 πρὸς
3603 1885 3729 1948 τοὺς

2139 1980 2526 2052 νηπιωτέρους,
2572 1982 2666 2034 καὶ
2696 1982 2864 2050 μήπω
2895 1982 3379 2050 γεγυμνασμένους
3415 1979 3484 2034 τὰ
3517 1979 3734 2050 ψυχικά

2140 2070 2468 2144 αἰσθητήρια
2520 2072 2656 2144 πρὸς
2696 2072 2966 2144 διάκρισιν
3020 2071 3364 2144 ὑψηλοτέρων
3417 2072 3732 2142 δογμάτων.

2143 2161 2318 2219 Ὅσοι
2365 2165 2475 2237 γὰρ
2526 2168 2613 2232 είς
2661 2166 2922 2234 Χριστὸν
2951 2167 3369 2233 ἐϐαπτίσθητε,
3403 2166 3559 2238 φησὶ,
3589 2169 3736 2234 Χρι-

2141 2255 2296 2310 στὸν
2333 2257 2704 2312 ἐνεδύσασθε
2722 2274 2736 2288 '
2794 2259 2990 2322 οἵτινες
3022 2261 3050 2312 6
3079 2259 3533 2328 ἑκκλησιαστικὸς
3559 2259 3736 2330 ὑπάρ-

2142 2367 2228 2420 χει
2260 2349 2446 2421 ὅμιλος
2491 2349 2725 2422 Χριστὸν
2757 2351 2963 2422 φορῶν.
3012 2351 3128 2405 Νὖν
3173 2353 3230 2405 δὲ
3268 2351 3736 2422 ὑποτασσομένων

2143 2440 2292 2512 αὐτῷ
2323 2443 2380 2495 ἑν
2417 2443 2484 2512 τῇ
2517 2441 2697 2494 πίστει
2727 2441 2918 2505 ἐθνῶν,
2949 2436 3059 2494 οἷον
3094 2442 3152 2496 οὑ
3198 2442 3432 2513 παντελῆ
3465 2441 3565 2513 τὴν
3601 2443 3733 2496 ὑπο-

2143 2532 2316 2602 ταγὴν
2357 2531 2467 2584 τῶν
2505 2530 2673 2584 ἐθνῶν
2706 2531 2998 2602 δεξάμενος
3033 2533 3133 2603 τῆς
3178 2532 3522 2600 Ἐκκλησίας.
3565 2531 3732 2586 Οὔπω

2144 2624 2255 2696 γὰρ
2287 2625 2347 2677 τὸ
2378 2625 2651 2696 πλήρωμα
2670 2624 2780 2678 τῶν
2814 2625 2984 2678 ἐθνῶν
3019 2625 3254 2696 εἰσῆλθε,
3291 2625 3472 2688 καθώς
3500 2642 3670 2695 φησιν
3706 2628 3734 2678 ὁ

2158 2713 2481 2780 Ἀπόστολος
2513 2718 2695 2780 αὑτός.
2757 2717 2898 2771 Ἀλλ’
2947 2719 3184 2788 ἑκάστης
3225 2717 3434 2790 ἡμέρας
3475 2720 3504 2772 6
3546 2718 3732 2782 θίασος

2146 2809 2214 2878 τῇ
2263 2808 2547 2880 προσθήκῃ
2581 2808 2690 2861 τῶν
2721 2809 3088 2864 πιστευόντων
3134 2810 3234 2880 τὴν
3270 2809 3544 2881 ὑποταγὴν
3575 2808 3734 2878 δέχε-

2147 2913 2260 2958 ται,
2303 2896 2507 2950 ὡσανεὶ
2528 2898 2762 2968 Χριστὸς
2801 2900 2829 2951 6
2851 2897 3156 2970 δεχόμενος.
3201 2899 3371 2952 Ὅταν
3400 2898 3454 2952 δὲ
3493 2898 3550 2951 τὸ
3575 2898 3732 2968 ττλὴ-

2153 3002 2312 3057 ρωμα
2352 2987 2459 3039 τῶν
2490 2987 2659 3041 ἑθνῶν
2703 2987 2940 3058 εἰσέλθῃ,
2973 2990 3067 3042 καὶ
3100 2989 3343 3060 παντελῆ
3387 2988 3470 3041 καὶ
3513 2987 3724 3040 ἀνυπό-

2149 3079 2365 3135 λειπτον
2393 3083 2544 3152 σχοίη
2575 3081 2673 3152 τὴν
2707 3082 2988 3153 ὑποταγὴν
3021 3083 3055 3152 ἡ
3097 3082 3412 3152 Ἐκκλησία,
3447 3081 3558 3150 ἣτις
3595 3080 3718 3132 ἐστὶ

2151 3175 2387 3245 Χριστὸς
2439 3175 2581 3228 κατὰ
2631 3175 2829 3246 σάρκα,
2879 3175 2998 3227 τότε
3047 3174 3142 3228 καὶ
3197 3174 3336 3244 αὑτὴ
3383 3172 3729 3242 πανστρατιᾷ

2155 3267 2559 3338 ὑποταγήσεται
2614 3266 2692 3338 τῷ
2763 3265 3090 3332 ὑποτάξαντι
3141 3267 3278 3338 αὐτῇ
3307 3266 3528 3335 (ὡσανεὶ
3586 3265 3740 3336 αὑτῷ

2151 3358 2372 3430 Χριστῷ
2413 3359 2553 3412 κατὰ
2590 3359 2788 3431 σάρκα)
2823 3360 2892 3413 τα
2938 3359 3134 3413 πάντα.
3169 3358 3259 3429 Τῷ
3288 3353 3378 3412 οὖν
3419 3357 3562 3427 πρὸς
3612 3357 3740 3421 τοὺς

2152 3453 2520 3523 νηπιωτέρους
2549 3453 2858 3523 γράμματι,
2893 3453 2953 3506 οὑ
2986 3453 3168 3506 πᾶσαν
3199 3450 3531 3505 ἑκκαλὺπτει
3573 3450 3736 3504 αὑτοῦ

2152 3546 2390 3616 Χριστοῦ
2419 3544 2514 3617 τὴν
2546 3545 2830 3599 αὑθεντίαν
2856 3546 2951 3598 καὶ
2989 3545 3235 3617 θεότητα,
3256 3543 3348 3597 τοῦ
3384 3542 3461 3614 μὴ
3491 3541 3729 3596 ἀντίθεον

2153 3636 2316 3689 αὑτὸν
2343 3635 2590 3707 οἰηθῆναι
2610 3634 2643 3706 ἢ
2665 3635 3097 3705 ἀντιπράττοντα
3124 3634 3202 3705 τῷ
3226 3635 3423 3705 Πατρί.
3469 3633 3734 3705 Ὀπηνίκα

2153 3729 2212 3782 δὲ
2244 3727 2382 3800 πρὸς
2420 3725 2785 3797 τελειοτέρους
2823 3725 2919 3798 τὴν
2970 3725 3222 3798 αἴσθησιν
3253 3724 3584 3794 διαλέγεται,
3626 3719 3738 3778 οἷον

2155 3822 2518 3894 στερροτέραν
2564 3817 2715 3889 παρὰ
2744 3818 2843 3884 τὴν
2873 3817 3195 3888 ⁴γαλακτώδη
3242 3816 3335 3870 καὶ
3379 3815 3580 3887 νηπίαν
3615 3831 3742 3886 τρο-

2155 3914 2260 3986 φὴν
2290 3912 2621 3985 παρατίθησι
2651 3913 2776 3979 ,τοῖς
2825 3911 3135 3970 ὑποτίτθοις
3168 3909 3276 3964 ἀπὸ
3308 3908 3416 3964 τῶν
3447 3908 3740 3979 θειοτέρων

2152 4007 2255 4077 τὴν
2305 4005 2610 4076 καθήγησιν
2654 4001 3037 4074 ἐριθοὺμενος,
3088 4002 3274 4074 ἡρέμα
3322 4001 3592 4055 συνέλκων
3635 4000 3742 4070 τῆς

2155 4097 2440 4160 αὑθεντίας
2479 4094 2715 4169 Χριστοῦ
2747 4095 2818 4148 τὰ
2863 4094 3363 4166 παραπετάσματα,
3398 4095 3487 4148 καὶ
3514 4089 3744 4162 ίσοκλεῆ

2153 4207 2214 4243 τε
2235 4190 2326 4243 καὶ
2351 4187 2618 4258 ἰσοσθενῆ,
2645 4185 2987 4250 αὐτεξούσιον
3014 4187 3178 4240 αὑτὸν
3208 4185 3340 4240 Θεὸν
3369 4183 3740 4250 ἀποδείκνυσι,

2155 4282 2447 4355 διαρρήδην
2480 4279 2638 4351 βοῶν,
2698 4277 3088 4348 Ἄναμένομεν
3119 4279 3226 4332 τὸν
3273 4278 3410 4332 Υὶὸν
3447 4275 3631 4330 αὑτοῦ
3668 4277 3741 4329 ἐκ

2156 4376 2276 4429 τῶν
2309 4370 2601 4443 οὐρανῶν,
2646 4371 2714 4438 ὃς
2749 4373 3264 4442 μετασχηματίσει
3317 4371 3381 4425 τὸ
3413 4369 3583 4439 σῶμα
3631 4367 3740 4437 τῆς

2157 4462 2570 4528 ταπεινώσεως
2607 4463 2798 4532 ἡμῶν,
2834 4465 2922 4530 εὶς
2949 4461 3017 4516 τὸ
3069 4462 3343 4530 γενέσθαι
3387 4462 3738 4530 σύμμορφον

2133 4555 2241 4622 ’τῷ
2265 4557 2490 4626 σώματι
2528 4555 2640 4624 τῆς
2665 4555 2853 4625 δόξης
2882 4555 3088 4620 αὑτοῦ,
3123 4555 3274 4608 κατὰ
3295 4553 3410 4620 τὴν
3437 4551 3734 4622 ἐνέργειαν

2160 4650 2268 4704 τοῦ
2311 4648 2570 4718 κράτους
2614 4649 2824 4714 αὑτοῦ,
2888 4648 2995 4702 τοῦ
3051 4647 3346 4703 δύνασθαι
3402 4647 3594 4701 αὐτὸν
3635 4645 3726 4698 καὶ

2160 4741 2456 4808 ὑποτάξαι
2504 4740 2696 4807 ἐαυτῷ
2737 4741 2812 4796 τὰ
2863 4740 3079 4797 πάντα.
3125 4741 3233 4794 Καὶ
3275 4739 3500 4811 ἑτέρωθί
3536 4755 3732 4810 φησιν·

2174 4835 2272 4902 Ὡς
2315 4834 2404 4889 ὅτι
2450 4837 2485 4888 ό
2537 4833 2682 4901 Θεὸς
2733 4828 2814 4904 ἦν
2859 4833 2929 4886 ἐν
2976 4831 3231 4902 Χριστῷ,
3291 4833 3523 4901 κόσμον
3547 4827 3741 4896 ἐαυτῷ

2160 4926 2627 4983 καταλλάσσων.
2683 4925 2811 4978 Ἰδοὺ
2856 4925 3022 4997 ἄμφω
3059 4927 3169 4988 τοῖς
3214 4924 3434 4995 χωρίοις
3469 4923 3528 4976 τὸ
3561 4921 3741 4993 ἑαυτῷ

2161 5021 2484 5076 ὑποτάττειν
2515 5019 2818 5092 πρόκειται.
2847 5013 3012 5090 Εἷργε
3053 5012 3146 5071 οὖν
3190 5017 3385 5070 σαυτὸν
3411 5016 3511 5087 τῆς
3549 5015 3743 5084 νηπιό-

2159 5130 2342 5183 τητος,
2388 5111 2578 5165 ἑαυτὸν
2617 5109 3011 5182 ἑρμηνεύοντος
3045 5109 3137 5163 τοῦ
3180 5107 3523 5174 Ἀποστόλου,
3563 5107 3624 5160 οὑ
3663 5105 3740 5178 τῷ

2161 5207 2261 5275 ἴσῳ
2288 5205 2344 5258 δὲ
2365 5205 2652 5276 γράμματι
2679 5205 2856 5259 πάντα
2881 5200 3314 5267 ἑκπαιδεὺοντος,
3344 5199 3480 5254 ἀλλὰ
3509 5202 3744 5271 προσφό-

2164 5315 2273 5369 ρως
2330 5297 2548 5368 ἑκάστῳ
2606 5294 3047 5362 ἑπιστέλλοντος,
3104 5294 3200 5348 καὶ
3249 5293 3412 5346 οἱονεὶ
3471 5307 3742 5364 χειραγωρ

2160 5389 2384 5459 γοῦντος
2409 5389 2547 5460 πρὸς
2573 5387 2867 5441 τελείωσιν.

2703 5481 2955 5536 ΠΕΥΣΙΣ
3005 5476 3190 5533 PKH'.

2234 5574 2296 5626 Εἰ
2325 5568 2416 5626 οὖν
2443 5573 2574 5637 Θεὸς
2598 5573 2627 5626 6
2667 5574 2921 5645 Χριστὸς,
2961 5573 3055 5626 καὶ
3086 5571 3200 5636 ἴσος
3226 5572 3305 5642 τῷ
3337 5570 3529 5640 Πατρὶ,
3568 5567 3656 5620 διὰ
3682 5569 3742 5622 τί

2162 5662 2323 5725 αὐτὸς
2359 5657 2511 5728 οὗτος
2559 5664 2587 5715 ὁ
2646 5663 2987 5727 Ἀπόστολος,
3020 5661 3111 5716 τὸν
3155 5663 3254 5733 μὲν
3285 5660 3503 5732 Πατέρα
3539 5657 3741 5728 γράφει

2162 5755 2314 5819 Θεὸν,
2364 5755 2455 5808 τὸν
2497 5755 2552 5807 δὲ
2572 5754 2696 5810 Υἰὸν
2730 5755 2967 5828 Κύριον;
3014 5755 3088 5808 Οὐ
3131 5753 3344 5826 μικρῶς
3378 5752 3435 5806 δέ
3476 5768 3564 5822 μοι
3611 5764 3739 5803 συνο

553 5892 602 5924 ⁸⁵
634 5891 656 5945 ι
692 5893 817 5948 Cor.
859 5910 948 5961 xv,
985 5895 1076 5959 27,
1117 5894 1208 5949 9.8.
1288 5895 1331 5928 ⁵⁸
1369 5893 1546 5952 Galat.
1588 5911 1671 5963 ltl,
1711 5896 1801 5951 27.
1879 5895 1924 5929 ⁸⁵
1963 5895 2043 5950 R0

2166 5910 2242 5962 xi,
2279 5892 2369 5949 εδ.
2445 5893 2490 5924 υτ
2533 5878 2762 5964 Philipp.
2808 5907 2892 5962 ιη,
2928 5891 3021 5960 20,
3060 5891 3150 5948 et.
3225 5892 3271 5926 ιε
3309 5891 3348 5946 n
3387 5890 3516 5945 Cor.
3555 5904 3606 5954 ν,
3638 5885 3726 5964 ιθ,
