4000 6402
261 360 412 420 ιοεδ

273 471 488 551 ητορῶν
537 470 717 542 φαίνει
766 469 960 541 λέγων,
1003 469 1135 525 Ὅτι
1189 468 1336 536 Θεὸς
1379 465 1459 542 ἦν
1504 467 1571 526 ἐν
1598 468 1852 539 Χριστῷ.

1644 350 1996 410 ‘DIALOGUS
2022 353 2118 409 111.

3401 354 3541 412 ίῦΞθ

1960 472 2099 529 mihi
2147 470 2329 528 facere
2376 471 2611 537 videtur,
2662 469 2806 540 quod
2855 470 3031 541 Inquit
3062 489 3075 526 :
3101 469 3367 537 Quoniam
3402 436 3543 527 Deus

268 567 505 637 κόσμον
529 562 720 629 ἐαυτῷ
749 561 1193 619 καταλλάσσων
1209 578 1227 595 ο
1260 561 1359 633 οὐχ
1397 563 1426 616 6
1450 561 1703 634 Χριστὸς,
1738 560 1854 616 ἀλλ’

1975 576 2071 619 rrat
2101 564 2158 619 in
2188 563 2423 628 Christo,
2454 564 2714 620 mundum
2758 562 3114 619 reconcilians
3142 562 3268 619 sibi.
3299 562 3419 619 Non
3456 562 3545 619 ia-

277 663 307 716 6
325 656 555 715 ὲνοικῶν
586 654 740 728 αὑτῷ
769 655 921 721 Θεός.

892 748 1252 819 Ἀπόκρισις.

343 842 536 913 Πάσης
578 840 880 914 ὑπέρτερον
923 840 1209 912 δυνάμεως
1236 841 1330 895 καὶ
1376 838 1717 912 κυριότητος,
1752 838 1856 891 ισο-

276 934 407 1007 κλεῆ
438 935 568 988 ὄντα
590 932 669 1005 τῷ
708 933 829 1005 Θεῷ
852 933 949 988 καὶ
1004 934 1182 1005 Πατρῑ
1216 932 1391 1003 ἐγωγέ
1418 949 1559 1004 φημι
1599 930 1692 985 τὸν
1726 927 1860 984 Θεὸν

277 1026 531 1099 Χριστόν.
585 1026 719 1081 Οὐδὲ
759 1025 869 1099 γὰρ
906 1026 967 1079 τὸ
1012 1024 1215 1097 Κύριον
1259 1023 1509 1097 είρῆσθαι
1547 1022 1708 1076 αὑτὸν
1749 1020 1861 1075 ὑπὸ

274 1118 371 1173 τοῦ
399 1118 605 1190 ὑψηλοῦ
639 1118 986 1185 Ἀποστόλου,
1014 1120 1332 1191 ἀφαιρεῖται
1362 1117 1526 1172 αὑτὸν
1544 1117 1646 1186 τῆς
1673 1114 1863 1185 θεότη-

276 1228 386 1276 τος.
422 1212 544 1267 Οὐδ’
570 1207 638 1266 αὖ
669 1211 831 1266 πάλιν
859 1212 920 1266 τὸ
950 1214 1116 1279 Θεὸς,
1153 1213 1210 1266 ἐν
1230 1209 1451 1285 Χριστῷ
1485 1207 1862 1278 ὲνοικούμενον

277 1305 438 1358 αὑτὸν
464 1303 733 1358 δείκνυσιν
753 1321 768 1333 ·
804 1303 880 1368 ὥς
910 1321 974 1374 γε
1013 1305 1073 1370 ἐξ
1106 1304 1270 1357 αὑτοῦ
1295 1303 1485 1357 τούτου
1511 1302 1607 1355 καὶ
1632 1300 1727 1354 τοῦ
1754 1298 1862 1371 πρὸ

280 1394 445 1451 αὑτοῦ
503 1393 712 1465 ὑψηλοῦ
778 1394 1003 1449 Ἡσαΐου
1049 1394 1438 1467 παιδευόμεθα.
1501 1395 1560 1449 ’0
1616 1392 1713 1465 μὲν
1753 1389 1864 1463 γὰρ

279 1484 446 1538 πάλαι
491 1482 854 1556 προφητεύων
893 1486 1023 1558 περὶ
1065 1484 1303 1557 Χριστοῦ
1336 1501 1490 1556 φησι,
1523 1484 1637 1537 Καὶ
1665 1483 1720 1536 οι
1757 1484 1864 1535 Σε-

287 1576 440 1646 δωῒμ
469 1575 688 1643 ἄνδρες
710 1577 938 1645 ὑψηλοὶ
956 1577 1054 1630 ἐπὶ
1081 1576 1157 1631 σὲ
1182 1576 1592 1643 διαϐήσονται,
1619 1571 1720 1627 καὶ
1748 1569 1865 1625 σοῦ

266 1667 525 1724 -ἕσονται
571 1665 802 1734 δοῦλοι,
837 1668 935 1721 καὶ
977 1669 1170 1723 ὀπίσω
1202 1686 1319 1723 σου
1351 1666 1865 1735 ἀκολουθήσουσι,

280 1758 589 1829 δεδεμένοι
615 1758 1010 1829 χειροπέδαις,
1044 1760 1134 1814 ὅτι
1156 1760 1227 1815 ἐν
1262 1760 1361 1814 σοὶ
1388 1760 1531 1826 Θεός
1564 1759 1715 1812 ἐστι.
1758 1755 1869 1809 Καὶ

282 1851 523 1923 όναιρῶν
567 1851 666 1923 τὴν
695 1852 838 1906 κατὰ
874 1852 933 1907 σὲ
971 1853 1265 1926 ἐνοίκησιν,
1300 1848 1454 1917 αὖθις
1500 1851 1719 1921 ἐπάγει,
1750 1848 1862 1904 Καὶ

287 1945 432 2012 Θεὸς
460 1947 571 2000 οὐκ
598 1946 730 2001 ἐστι
759 1947 928 2017 πλὴν
964 1948 1082 2003 σοῦ
1099 1965 1112 1977 ’
1146 1947 1228 2002 σὺ
1255 1946 1368 2019 γὰρ
1411 1945 1469 2003 ei
1498 1945 1642 2013 Θεὸς
1674 1943 1864 2016 ἡμῶν,

286 2037 389 2092 καὶ
408 2041 520 2093 οὐκ
542 2040 805 2111 ᾔδειμεν,
835 2045 868 2096 ό
896 2041 1041 2110 Θεὸς
1068 2041 1176 2096 τοῦ
1215 2040 1463 2111 Ἰσραὴλ
1492 2037 1712 2108 σωτήρ.
1756 2036 1868 2090 Καὶ

292 2132 447 2186 πάλιν
478 2134 507 2186 6
538 2133 700 2197 αὑτὸς
731 2134 1021 2207 προφήτης
1064 2132 1364 2205 ἤδει·ὲτῶν
1406 2148 1561 2204 φησι,
1621 2127 1869 2184 Παιδίον

283 2222 575 2298 ἐγεννήθη
602 2224 768 2295 ἡμῖν,
792 2227 891 2281 καὶ
920 2225 1189 2280 καλεῖται
1210 2225 1276 2279 τὸ
1302 2225 1407 2280 ὅνο
1451 2243 1489 2280 α
1514 2224 1700 2280 αὐτοῦ
1724 2221 1868 2291 Θεὸς

286 2316 561 2369 ισγυοὸς.
595 2315 1026 2369 ἐξουσιαστιῆι.
1079 2315 1137 2369 '0
1176 2317 1234 2369 δὲ
1265 2243 1467 2369 divulge
1498 2316 1595 2369 τὴν
1632 2316 1868 2369 διάνοιαν

286 2316 561 2384 ἰσχυρὸς,
595 2315 1026 2384 ἐξουσιαστής.
1079 2315 1137 2371 '0
1176 2317 1234 2370 δὲ
1265 2315 1467 2387 ὑψηλὸς
1498 2316 1595 2389 τὴν
1632 2316 1870 2370 διάνοιαν

285 2406 499 2471 Παῦλός
536 2425 694 2481 φησι,
744 2408 1000 2476 Χριστὸς
1031 2408 1117 2463 ὢν
1146 2409 1247 2463 ἐπὶ
1288 2408 1530 2463 πάντων
1564 2409 1728 2476 Θεὸς,
1767 2410 1869 2463 εὐι-

284 2500 544 2571 λογητὸς
582 2503 671 2568 εις
705 2500 846 2567 τοὺς
889 2498 1131 2568 αἰῶνας,
1171 2501 1352 2572 ἀμήν.
1400 2501 1474 2556 Τὸ
1511 2501 1588 2566 δὲ,
1634 2503 1868 2571 Κύριος,

289 2589 616 2663 ίεροψάλτης
653 2591 896 2646 δείκνυσι
938 2592 1125 2658 Δαθὶδ,
1182 2594 1258 2665 μὴ
1304 2592 1409 2658 ἔξω
1455 2594 1722 2665 ὑπάρχειν
1771 2593 1872 2664 τῆς

286 2681 557 2755 θεότητος.
608 2684 720 2756 Τὴν
761 2683 871 2755 γάρ
915 2683 1235 2757 θεανδρικὴν
1262 2683 1357 2739 τοῦ
1402 2683 1537 2738 Θεοῦ
1578 2685 1671 2738 καὶ
1696 2683 1871 2752 Λόγου

286 2772 553 2845 ενσαρκον
583 2774 928 2845 ἐπιφοίτησιν
975 2774 1341 2846 προμελῳδῶν
1378 2791 1562 2844 φησιν,
1597 2775 1871 2842 Εὐλογη-

281 2864 467 2936 μένος
498 2869 531 2920 ό
565 2865 890 2935 ἐρχόμενος
917 2865 987 2920 ἐν
1025 2866 1271 2935 ὀνόματι
1302 2866 1547 2935 Κυρίου,
1583 2863 1727 2930 Θεὸς
1753 2864 1873 2918 Κύ-

282 2970 433 3023 ριος,
502 2953 601 3009 καὶ
656 2953 960 3023 ὲπέφανεν
990 2953 1156 3025 ἡμῖν.
1199 2956 1383 3027 Πάντη
1437 2954 1494 3008 δὲ
1542 2957 1608 3027 τῇ
1661 2954 1874 3026 Παλαιᾷ

288 3049 475 3118 Πυκτῇ
513 3046 606 3099 τὸν
650 3046 872 3112 Πατέρα
918 3044 1124 3116 Κύριον
1169 3047 1218 3099 οί
1268 3045 1547 3099 θεσπέσιοι
1593 3043 1873 3117 προφῆταί

290 3155 489 3210 φασιν·
544 3139 773 3202 Ἡσαΐας
833 3137 932 3209 μὲν
982 3137 1205 3208 ὑψηλὸς,
1253 3137 1397 3192 Τάδε
1446 3135 1607 3207 λέγει
1657 3138 1874 3205 Κύριος

284 3231 552 3286 Σαϐαὼθ.
606 3230 879 3303 Ἱερεμίας
911 3229 969 3283 δὲ
995 3231 1023 3284 6
1067 3230 1468 3298 πολυκίνδυνος,
1527 3228 1672 3284 Τάδε
1710 3228 1874 3299 λέγει

290 3325 505 3393 Κύριος
532 3321 978 3392 παντοκράτωρ.
1027 3322 1285 3395 Ἰεζεκιὴλ
1317 3322 1374 3376 δὲ
1412 3323 1440 3374 6
1464 3321 1571 3375 τῶν
1593 3320 1876 3393 Χερουϐὶμ

292 3416 596 3489 ἐξηγητὴς,
656 3414 806 3469 Τάδε
850 3413 1013 3486 λέγει
1054 3416 1267 3485 Κύριος
1329 3414 1597 3471 Ἀδωνατ.
1651 3412 1873 3487 Κύριος,

288 3509 490 3582 ὁμοίως
509 3509 603 3562 uati.
632 3507 829 3580 Δανιὴλ
854 3508 949 3561 καὶ
978 3508 1027 3561 οἱ
1056 3506 1232 3561 λοιποὶ
1260 3511 1369 3562 τῶν
1395 3506 1708 3582 προφητῶν.
1743 3507 1875 3561 Οὐδὲ

288 3601 399 3671 γὰρ
420 3599 633 3661 Παῦλος
660 3600 904 3668 φάσκων,
944 3595 1052 3666 Εἷς
1084 3600 1228 3666 Θεὸς
1261 3603 1294 3654 ό
1314 3600 1541 3670 Πατὴρ,
1572 3599 1677 3665 ἐξω
1714 3600 1877 3655 αὐτὸν

290 3687 390 3758 τῆς
421 3687 741 3758 κυριότητος
774 3687 1009 3758 τίθησιν,
1048 3688 1082 3757 ἢ
1119 3688 1282 3743 πάλιν
1318 3687 1511 3758 λέγων,
1543 3682 1631 3754 εἷς
1660 3690 1876 3756 Κύριος

307 3776 549 3845 Ἰησοῦς
567 3776 845 3844 Χριστὸς,
870 3776 974 3841 ἔξω
994 3776 1155 3831 αὐτὸν
1182 3777 1285 3848 τῆς
1314 3780 1565 3849 θεότητος
1582 3779 1872 3836 δείκνυσιν.

294 3868 417 3922 Οὐδ’
430 3863 496 3922 αὖ
517 3867 677 3922 πάλιν
706 3868 983 3940 θεηγορῶν
1007 3868 1036 3920 6
1052 3868 1199 3935 Υἱὸς,
1229 3868 1359 3925 Ἐπὶ
1382 3869 1457 3940 τῇ
1485 3869 1670 3938 πέτρᾳ
1687 3873 1875 3941 ταύτῃ

293 3959 669 4030 οἰκοδομήσω
705 3977 825 4030 μου
872 3958 987 4029 τὴν
1050 3960 1449 4030 Ἐκκλησίαν,
1501 3962 1727 4035 ἄμοιρον
1778 3963 1876 4033 τῆς

307 4052 634 4124 Ἐκκλησίας
671 4052 764 4106 τὸν
796 4052 1020 4124 Πατέρα
1059 4052 1353 4111 δείκνυσιν.
1406 4054 1611 4109 Πάντα
1656 4055 1767 4130 γὰρ
1804 4055 1879 4111 τὰ

293 4145 427 4215 ἐμὰ,
456 4144 615 4217 φησὶ,
646 4144 730 4199 σά
762 4145 917 4210 ἐστι,
949 4144 1153 4217 Πάτερ,
1183 4147 1282 4201 καὶ
1310 4146 1382 4201 τὰ
1407 4146 1491 4202 σὰ
1528 4146 1659 4218 ἐμά.
1692 4149 1878 4222 Πάντη

293 4235 352 4289 δὲ
383 4238 452 4308 τῇ
486 4234 607 4307 θείᾳ
646 4237 831 4307 Πυκτῇ
876 4235 940 4289 τὸ
984 4237 1128 4305 Θεὸς
1172 4239 1264 4293 καὶ
1300 4239 1362 4293 τὸ
1404 4240 1613 4310 Κύριος
1648 4241 1874 4314 ἥνωται.

296 4326 557 4382 Ταυτὼνυ
565 4344 664 4399 μον
689 4327 745 4381 δὲ
784 4329 880 4383 καὶ
899 4330 1215 4396 ταυτόδοξον
1244 4332 1510 4405 ὑπάρχειν
1537 4333 1633 4388 καὶ
1651 4334 1713 4387 τὸ
1732 4333 1878 4389 θεῖον

294 4420 391 4473 καὶ
436 4420 705 4489 πανάγιον
751 4418 1012 4492 Πνεῦμα,
1062 4423 1155 4477 καὶ
1197 4423 1292 4479 τοῦ
1341 4424 1488 4496 ίεροῦ
1550 4426 1875 4481 Ἀποστόλου

296 4511 666 4584 παιδευόμεθα
730 4513 1170 4581 ἐπιστέλλοντοςο
1249 4516 1312 4571 '0
1372 4519 1481 4594 γάρ
1540 4519 1759 4588 Κύριος
1806 4519 1876 4574 τὸ

294 4604 534 4675 πνεῦμά
585 4605 737 4660 ἐστι.
771 4606 897 4672 Τοῖς
940 4602 1033 4663 οὖν
1079 4607 1386 4676 όξυωποῦσι
1419 4610 1548 4683 περὶ
1587 4610 1686 4683 τὴν
1722 4611 1874 4666 θείαν

294 4694 543 4764 Γραφὴν,
581 4697 645 4749 οὐ
698 4696 840 4762 δόξει
908 4699 1039 4753 ποτὲ
1087 4699 1377 4771 διαφωνεῖν
1432 4702 1467 4775 ἢ
1513 4701 1872 4774 διαμάχεσθαι

307 4783 468 4856 αὑτῇ,
507 4785 602 4840 νῦν
666 4787 767 4857 μὲν
811 4789 882 4842 τὰ
941 4789 1210 4863 θειότερα,
1246 4793 1342 4848 νῦν
1369 4794 1427 4847 δὲ
1468 4793 1563 4866 τὴν
1607 4796 1876 4863 συγκατά-

298 4875 460 4930 6ασιν
517 4876 856 4948 κηρύττουσα
918 4882 1054 4951 πρὸς
1120 4885 1219 4955 τὴν
1284 4885 1522 4940 διάνοιαν
1562 4887 1655 4940 τοῦ
1733 4888 1874 4963 ὑπη-

296 4967 426 5021 κόου
459 4967 840 5041 άρμοττομένη
860 4983 875 4997 '
911 4971 1073 5024 οἱονεὶ
1112 4973 1422 5042 φιλότεκνος
1451 4978 1633 5050 μήτηρ
1684 4981 1877 5035 καταλσ

296 5056 476 5130 λήλως
536 5060 664 5123 τοὺς
748 5059 942 5125 παῖδας
1000 5062 1373 5133 ἐκτρέφουσα,
1444 5070 1572 5133 τοὺς
1616 5071 1716 5142 μὲν
1789 5074 1870 5128 ἔτι

297 5151 542 5216 ἁπαλοὺς
567 5151 678 5207 τῶν
717 5152 1041 5221 ὑποτίτθων,
1071 5156 1232 5209 οἱονεὶ
1251 5158 1391 5227 γάλα
1416 5161 1727 5230 ποτίζουσα,
1750 5169 1877 5234 τοὺς

296 5239 356 5294 δὲ
399 5243 825 5317 ἐκφοιτήσαντας
874 5246 977 5317 τῆς
1016 5250 1216 5319 νηπίας
1259 5255 1663 5322 καταστάσεως,
1704 5259 1875 5332 λαχά-

298 5346 412 5424 νοις
437 5332 870 5407 ὑπεκτρέφουσα,
888 5341 1004 5404 τοῖς
1036 5340 1094 5395 δὲ
1124 5342 1475 5419 τελειοτέροις
1501 5347 1665 5421 ἄρτον
1709 5353 1875 5424 κομί-

301 5421 491 5488 ζουσα.
534 5425 681 5496 Πρὸς
717 5427 827 5500 γὰρ
848 5430 1191 5505 ἀμφοτέρους
1225 5439 1389 5508 φησὶν
1412 5442 1440 5494 6
1466 5440 1672 5514 ὑψηλὸς
1714 5421 1877 5500 Ἀπό-

304 5514 510 5586 στολος,
534 5517 707 5575 Γάλα
736 5518 893 5592 ὑμᾶς
918 5523 1188 5595 ἐπότισα,
1221 5530 1320 5585 καὶ
1357 5532 1430 5587 οὐ
1454 5533 1684 5606 βρῷμα,
1714 5539 1880 5595 οὔπω

1957 658 2136 714 ciebat
2167 658 2275 714 hoc
2315 656 2595 724 Christus,
2644 656 2737 712 sed
2772 656 3091 711 inhabitans
3125 655 3180 709 in
3213 654 3337 725 ipso
3370 654 3541 714 Deus.

2597 748 2904 820 Responsio.

2030 840 2301 913 Equidem
2346 842 2435 898 aio
2468 841 2750 898 Christum
2799 856 2918 896 esse
2944 839 3114 895 Deum
3160 853 3325 909 supra
3357 853 3548 894 omnes

1959 946 2262 1007 potestates
2286 945 2341 991 et
2362 935 2701 1000 dominatus,
2739 934 3000 1005 azqualem
3026 933 3199 1004 gloria
3226 924 3337 988 Deo
3362 941 3417 987 et
3447 931 3549 986 Pa-

1964 1029 2054 1083 tri.
2081 1026 2270 1099 Neque
2299 1028 2444 1082 enim
2477 1035 2765 1098 propterea
2792 1026 2936 1097 quod
2971 1023 3239 1081 Dominus
3267 1039 3299 1079 a
3328 1023 3550 1080 sublimi

1963 1122 2139 1176 dictus
2170 1122 2240 1175 sit
2280 1120 2567 1191 Apostolo,
2599 1118 2859 1174 divinitas
2904 1118 3007 1187 ipsi
3047 1117 3326 1172 adimitur.
3362 1114 3553 1187 Neque

1962 1213 2091 1268 item
2124 1211 2866 1281 alterumillud,Deus,aDeo
2884 1209 3245 1280 fuisseipsum
3275 1198 3565 1263 inhabita—'

1964 1312 2078 1359 tum
2106 1302 2311 1359 indicat
2347 1319 2361 1356 :
2392 1300 2855 1373 quemadmodum
2882 1315 2980 1371 per
3013 1300 3161 1355 hunc
3193 1299 3371 1369 ipsum
3399 1300 3551 1369 Apo-

1965 1394 2190 1458 stolum,
2238 1403 2403 1464 prout
2446 1409 2514 1448 ex
2545 1395 2651 1448 hoc
2699 1392 2841 1462 ipso,
2880 1400 2933 1446 et
2980 1406 3077 1461 per
3122 1400 3280 1445 aetate
3313 1391 3552 1460 priorem

1966 1487 2087 1558 ipso
2118 1487 2410 1543 sublimem
2442 1485 2641 1541 Isaiam
2692 1485 2971 1540 docemur.
3016 1480 3152 1537 Nam
3203 1481 3294 1537 hic
3320 1484 3448 1537 olim
3484 1483 3555 1538 de

1966 1579 2185 1635 Christo
2214 1579 2537 1644 vaticinans,
2565 1577 2775 1648 inquit:
2798 1574 2869 1629 Et
2896 1576 2997 1630 viri
3024 1573 3237 1630 Seboim
3267 1574 3449 1628 eximii
3481 1574 3552 1628 ad

1970 1681 2017 1725 te
2046 1669 2368 1733 transibunt,
2396 1678 2446 1723 et
2480 1677 2633 1724 erunt
2670 1669 2805 1723 servi
2836 1669 2937 1735 tui,
2966 1676 3017 1721 et
3042 1675 3158 1737 post
3192 1674 3239 1720 te
3269 1674 3555 1735 sequentur

1969 1766 2130 1821 uincti
2175 1765 2422 1830 manicis,
2463 1763 2715 1834 quoniam
2745 1763 2800 1817 in
2833 1771 2881 1816 te
2924 1760 3064 1815 Deus
3100 1769 3176 1814 est
3202 1758 3271 1811 δ’.
3303 1756 3556 1813 Tollens~

1969 1871 2075 1927 que
2117 1870 2237 1910 eam
2272 1854 2341 1910 de
2384 1869 2492 1925 qua
2539 1865 2595 1910 tu
2643 1854 2778 1909 dicis
2823 1852 3302 1917 inhabitationem,
3354 1863 3551 1903 rursus

1969 1946 2251 2018 subiungit
2278 1965 2293 2004 :
2322 1945 2392 2000 Et
2437 1963 2543 2001 non
2570 1955 2649 2001 est
2690 1944 2834 2000 Deus
2874 1953 3068 2016 praeter
3115 1953 3164 1997 te
3188 1958 3207 1996 :
3239 1953 3296 1997 tu
3334 1942 3474 1997 enim
3500 1956 3555 1996 es

1968 2038 2112 2093 Deus
2169 2050 2367 2104 noster,
2422 2050 2469 2094 et
2520 2037 2904 2105 nesciebamus,
2953 2036 3096 2091 Deus
3144 2034 3319 2091 Israel
3373 2033 3555 2090 salua-

1971 2141 2056 2185 tor
2076 2130 2137 2184 ‘°.
2177 2130 2244 2185 Et
2274 2146 2471 2187 rursus
2493 2131 2637 2187 idem
2667 2140 2821 2188 vates
2855 2141 3101 2186 ante.....
3136 2144 3314 2185 annos
3339 2126 3553 2198 inquit:

1970 2224 2115 2280 Puer
2162 2235 2320 2280 natus
2354 2234 2430 2280 est
2479 2225 2630 2280 nobis
2662 2233 2713 2279 et
2748 2224 2920 2295 ﬁlius,
2963 2234 3013 2277 et
3048 2220 3323 2278 vocabitur
3368 2235 3556 2274 nomen

1970 2315 2085 2386 ejus
2151 2315 2293 2372 Deus
2359 2317 2554 2385 fortis,
2605 2315 2928 2370 Dominator
2950 2316 3018 2368 δι.
3081 2311 3316 2367 Sublimi
3370 2319 3558 2367 autem

1970 2416 2153 2464 mente
2198 2408 2460 2480 praeditus
2519 2406 2724 2463 Paulus
2768 2407 2967 2477 inquit,
3025 2402 3272 2459 Christus
3334 2404 3426 2474 qui
3476 2409 3557 2457 est

1972 2515 2129 2571 super
2171 2500 2351 2554 omnia
2400 2499 2537 2554 Deus
2578 2497 2879 2552 benedictus
2926 2496 2980 2549 in
3033 2494 3254 2561 sazcula,
3307 2496 3471 2547 Amen
3488 2492 3557 2545 ".

1971 2588 2106 2644 Illud
2148 2600 2327 2645 autem
2356 2591 2500 2662 quod
2535 2588 2803 2644 Dominus
2837 2587 3058 2652 dicitur,
3101 2585 3310 2641 Psaltes
3342 2584 3561 2639 divinus

1974 2681 2204 2739 Davides
2225 2683 2485 2747 ostendit,
2533 2697 2644 2736 non
2680 2689 2833 2735 extra
2882 2679 3224 2734 divinitatem
3253 2691 3404 2742 esse;
3432 2689 3561 2729 nam

1974 2773 2254 2843 conjuncti
2282 2788 2408 2828 cum
2444 2771 2558 2828 Deo
2594 2772 2861 2835 hominis,
2894 2769 2988 2825 Dei
3029 2779 3084 2826 et
3108 2766 3274 2823 Verbi
3310 2767 3364 2821 in
3397 2778 3564 2821 carne

1974 2864 2273 2921 adventum
2316 2866 2370 2920 in
2413 2866 2529 2920 suis
2583 2863 2885 2934 praedicens
2924 2862 3288 2923 carminibus,
3336 2858 3559 2929 inquit:

1974 2955 2290 3013 Benedictus
2315 2958 2405 3027 qui
2436 2957 2573 3011 venit
2609 2958 2663 3010 in
2694 2956 2907 3015 nomine
2939 2953 3175 3017 Domini,
3208 2951 3350 3006 Deus
3374 2950 3565 3004 Domi-

1976 3065 2098 3115 nus,
2149 3058 2201 3105 et
2247 3050 2499 3120 apparuit
2545 3048 2696 3103 nobis
2717 3046 2783 3101 ⁸³.
2845 3044 3049 3116 Utique
3091 3054 3273 3100 autem
3312 3044 3368 3099 in
3417 3042 3566 3098 Scri-

1977 3151 2143 3212 ptura
2163 3142 2349 3198 Veteri
2376 3140 2596 3196 Patrem
2620 3138 2913 3194 Dominum
2951 3139 3230 3209 prophetae
3263 3137 3431 3191 divini
3467 3152 3566 3190 vo-

1978 3239 2129 3286 cant.
2161 3231 2353 3287 Esaias
2385 3231 2605 3301 quidem
2641 3230 2732 3285 ille
2759 3228 2991 3284 eximius
3022 3242 3147 3282 cum
3176 3227 3286 3281 ait:
3319 3225 3449 3281 ch
3476 3226 3567 3279 di-

1977 3325 2052 3378 cit
2080 3323 2340 3378 Dominus
2367 3324 2591 3377 sabaoth
2614 3320 2682 3376 “.
2712 3319 3019 3375 Hieremias
3052 3332 3183 3374 vero
3215 3317 3387 3372 multa
3437 3332 3565 3388 per-

1975 3432 2195 3488 pessus,
2214 3415 2345 3475 Htec
2367 3417 2495 3471 dicit
2526 3415 2781 3470 Dominus
2804 3416 3132 3483 omnipotens
3150 3411 3218 3465 ”.
3245 3410 3567 3467 Ezechielus

1977 3523 2162 3569 autem
2208 3521 2497 3568 enarrator
2550 3509 2642 3565 ille
2691 3507 3021 3565 cherubim:
3122 3503 3253 3559 Haec
3303 3504 3434 3558 dicit
3464 3502 3571 3558 Do-

1978 3609 2156 3662 minus
2197 3604 2495 3660 Adonai".
2553 3602 2818 3658 Similiter
2864 3611 2919 3655 et
2961 3598 3245 3664 Danielus,
3296 3608 3351 3654 et
3382 3599 3566 3654 επιειί

1979 3709 2152 3755 vates.
2196 3698 2384 3768 Neque
2428 3696 2572 3751 enim
2604 3694 2811 3751 Paulus
2855 3710 2981 3751 cum
3036 3691 3237 3762 inquit,
3295 3688 3439 3744 Unus
3487 3696 3569 3743 est

1980 3787 2121 3843 Deus
2167 3785 2334 3841 Pater
2356 3788 2422 3854 ⁵⁷,
2474 3787 2653 3856 ipsum
2701 3797 2857 3841 extra
2900 3782 3334 3839 dominationem
3389 3779 3566 3849 ponit,

1978 3876 2066 3933 vel
2097 3877 2216 3932 vice
2268 3891 2446 3941 versa,
2474 3891 2598 3932 cum
2645 3876 2859 3946 inquit:
2899 3873 3046 3929 Unus
3102 3871 3359 3924 Dominus
3408 3867 3568 3923 Jesus

1981 3968 2228 4025 Christus
2248 3968 2315 4036 “,
2348 3968 2528 4039 ipsum
2559 3976 2713 4023 extra
2739 3966 3080 4023 divinitatem
3113 3977 3236 4018 esse
3276 3960 3565 4032 signiﬁcat.

1978 4062 2170 4133 Neque
2215 4062 2346 4117 item
2402 4076 2526 4116 cum
2583 4059 2701 4129 ipse
2746 4058 2919 4114 Filius
2973 4052 3570 4124 concionatur:Super

1980 4157 2116 4210 hanc
2140 4163 2341 4226 petram
2366 4154 2646 4222 tediﬁcabo
2676 4151 2971 4206 Ecclesiam
3002 4165 3171 4204 meam
3191 4149 3261 4213 ",
3286 4156 3567 4218 expertem

1980 4247 2240 4304 Ecclesiae
2286 4245 2504 4302 Patrem
2547 4244 2827 4301 ostendit:
2859 4242 3053 4299 Omnia
3100 4243 3248 4297 enim
3299 4257 3436 4304 mea,
3482 4239 3572 4293 in-

1983 4339 2124 4412 quit,
2153 4347 2246 4392 tua
2278 4346 2423 4403 sunt,
2454 4336 2639 4401 Pater,
2678 4343 2727 4391 et
2761 4346 2852 4389 tua
2886 4350 3002 4388 mea
3047 4342 3169 4387 sunt
3192 4333 3260 4386 ⁷⁸.
3296 4329 3567 4386 Nimirum

1984 4432 2190 4502 ubique
2217 4431 2390 4487 sacris
2422 4432 2477 4485 in
2513 4427 2734 4485 Litteris
2761 4428 2878 4483 hzec
2909 4427 3021 4483 duo
3051 4426 3338 4493 vocabula,
3368 4440 3570 4495 nempe

1985 4524 2129 4579 Deus
2162 4532 2217 4579 et
2246 4522 2506 4577 Dominus
2526 4519 2713 4591 juncta
2744 4527 2893 4576 sunt.
2932 4519 3193 4589 Ejusdem
3223 4531 3352 4572 vero
3396 4517 3574 4571 nomi-

1983 4621 2070 4676 nis
2092 4617 2339 4689 ejusdem
2375 4616 2563 4688 gloriae
2595 4623 2652 4670 et
2674 4614 2922 4670 divinum
2957 4623 3119 4683 atque
3150 4618 3568 4667 sacrosanctum

1985 4704 2253 4777 Spiritum
2302 4718 2429 4761 esse
2481 4717 2551 4758 ex
2610 4703 2735 4757 divo
2787 4701 3054 4758 discimus
3096 4700 3382 4771 Apostolo,
3432 4699 3575 4755 scri-

1984 4799 2148 4854 bente
2189 4797 2244 4851 in
2277 4796 2395 4855 hate
2439 4796 2605 4851 verba
2637 4813 2651 4851 :
2684 4795 2946 4850 Dominus
2987 4794 3208 4864 spiritus
3260 4804 3336 4847 est
3359 4791 3424 4845 ".
3458 4789 3573 4845 lllis

1983 4890 2156 4962 igitur
2200 4889 2298 4959 qui
2360 4887 2562 4942 divinis
2622 4887 2679 4941 in
2736 4884 2958 4943 Litteris
3011 4884 3355 4958 perspicaces
3407 4890 3572 4948 sunt,

1983 4998 2270 5054 nunquam
2323 4995 2404 5037 eae
2434 4980 2767 5035 videbuntur
2803 4995 2835 5034 a
2885 4994 2945 5036 se
2985 4977 3298 5044 dissentire,
3347 4974 3431 5029 vel
3466 4972 3574 5029 sibi

1981 5088 2327 5145 repugnare;
2361 5085 2486 5125 cum
2523 5084 2672 5124 nunc
2698 5068 2920 5138 quidem
2959 5066 3249 5131 diviniora,
3287 5079 3435 5119 nunc
3472 5078 3573 5118 au-

1982 5176 2090 5223 tem
2151 5164 2451 5219 humiliora
2495 5161 2887 5232 prmdicantes,
2943 5158 3212 5215 auditoris
3270 5152 3572 5211 intellectui

1986 5274 2109 5316 sese
2147 5255 2591 5323 accommodant,
2634 5254 2804 5310 veluti
2850 5252 3148 5308 liberorum
3207 5248 3337 5304 facit
3380 5262 3572 5303 amans

1988 5364 2183 5418 mater,
2240 5350 2599 5407 conveniente
2644 5346 2883 5419 quadam
2935 5345 3151 5399 ratione
3194 5342 3400 5397 liberos
3438 5339 3573 5394 edu-

1989 5459 2143 5513 cans,
2190 5457 2316 5515 qua:
2348 5440 2485 5496 alios
2526 5439 2747 5511 quidem
2794 5436 2976 5492 adhuc
3020 5446 3256 5499 teneros,
3303 5433 3452 5488 velut
3484 5429 3573 5483 in-

1989 5537 2169 5594 fantes
2210 5537 2358 5592 lacte
2404 5541 2589 5604 potat;
2640 5544 2736 5587 eos
2775 5543 2910 5585 vero
2940 5529 3036 5600 qui
3080 5524 3324 5584 infantiae
3369 5529 3569 5579 statum

373 5717 421 5753 ³⁸
460 5719 564 5779 lsa.
600 5721 835 5790 sum“.
894 5726 941 5758 “
980 5728 1113 5783 ibicl.
1138 5727 1227 5782 l5.
1300 5729 1343 5761 "
1385 5728 1487 5787 lsa.
1529 5746 1605 5790 ts.
1646 5736 1699 5791 6.
1776 5740 1821 5771 ”
1858 5738 1870 5793 Ι

304 5788 352 5822 ⁸³
389 5789 592 5845 Jerem.
633 5809 808 5845 xxxii.
843 5795 911 5845 14
1086 5796 1247 5845 LXX-
1324 5799 1374 5831 η
1412 5792 1607 5845 Ειρριιζ
1646 5823 1720 5845 ν..
1776 5808 1847 5845 ea

1975 5754 2015 5795 ι.
2057 5754 2133 5801 ts,
2172 5737 2225 5793 5.
2301 5735 2352 5769 ⁸³
2377 5734 2523 5791 Psal.
2549 5749 2719 5802 cxvn,
2743 5734 2836 5793 27.
2910 5733 2959 5767 “
2985 5735 3094 5790 lsa.
3121 5746 3173 5798 v,
3200 5728 3235 5785 9
3262 5741 3375 5785 sec.
3405 5723 3576 5784 LXX.

1975 5830 1977 5841 ν
2021 5807 2160 5845 nn:
2264 5809 2307 5843 tr
2350 5806 2371 5845 ι
2411 5807 2516 5845 ηις.-
2576 5822 2669 5845 ν...
2736 5806 2770 5845 o
2867 5805 2915 5840 ss
2951 5803 3084 5845 tum-
3163 5801 3210 5836 υ
3253 5798 3574 5845 Matth-xn-

419 5807 592 5878 ‘E‘im;
633 5809 808 5859 κικιιι
843 5795 1255 5878 κεκυρτΧὲ
1324 5799 1374 5831 ’⁸
1412 5795 1609 5878 Eze_c_h.
1645 5823 1743 5878 ιιι,
1776 5808 1848 5866 ss
1886 5795 2188 5869 sec.Lx'x.
2264 5809 2307 5843 ιτ
2350 5806 2372 5861 ι
2411 5807 2535 5865 Co'r.
2576 5795 2792 5874 ungo.
2867 5805 2915 5840 ι·
2951 5803 3085 5863 ibid.
3160 5795 3210 5836 δ’
3250 5798 3574 5867 ιιειιιωνι,

307 5858 398 5918 18.
471 5864 518 5898 ¹⁶
554 5862 710 5924 Joan.
751 5858 883 5938 xvn,
913 5858 999 5925 10.
1076 5869 1122 5946 ῗί
1157 5870 1178 5947 i
1214 5868 1343 5926 Cor.
1384 5885 1469 5941 ιιι,
1499 5872 1587 5947 t7.
