4000 6424
1536 344 1593 401 S.
1635 341 1934 400 CAESAR"
1968 339 2298 398 GREGORII
2337 337 2634 394 FRATRIS
3567 331 3723 391 1028

2130 462 2240 529 γὰρ
2267 458 2592 526 ἠδύνασθε·
2621 456 2756 510 ἀλλ’
2797 454 2941 510 οὐδὲ
2968 455 3056 510 ἔτι
3088 454 3204 509 νῦν
3230 454 3517 509 δύνασθε.
3559 455 3723 526 Πρὸς

456 352 590 406 1027

447 462 652 534 egressi
689 472 837 528 sunt,
870 463 1109 518 oleribus
1135 464 1326 529 nutrit,
1361 461 1886 532 periectiorihusquc
1923 475 2022 530 pa-

447 571 576 611 nem
611 556 875 626 porrigit;
911 572 1036 609 nam
1072 556 1141 609 ad
1169 565 1429 624 utrosque
1459 555 1637 625 inquit
1670 555 1904 609 eximius
1936 552 2022 608 ille

2130 550 2184 603 δὲ
2216 548 2432 619 ἐτέρους
2470 546 2905 612 ἀποτεινόμενος,
2951 547 3012 599 '0
3043 545 3110 599 δὲ
3140 544 3433 610 ἀσθενῶν,
3464 546 3721 615 λάχανα

446 650 742 720 Apostolus
785 648 989 703 :Lacte
1034 651 1212 718 potavi
1268 666 1395 711 ros.
1439 667 1541 702 non
1586 650 1703 703 cibo
1728 665 1746 713 ;
1792 648 2022 701 nondum

2130 640 2335 706 ἐσθίει,
2370 640 2535 710 φησί·
2578 639 2645 692 τὰ
2681 639 2860 708 μέσως
2902 638 3190 708 νοημάτων
3233 638 3447 707 ἔχοντα,
3484 638 3559 708 μὴ
3595 632 3721 701 οἶός

444 742 583 795 enim
615 742 711 794 hoc
741 743 874 794 vesci
907 746 1186 808 poteratis,
1220 743 1325 796 ima
1367 758 1428 796 ne
1465 759 1604 795 nunc
1631 741 1843 812 quidem
1877 750 2023 809 pote—

444 836 545 889 stis
564 835 633 887 τ’.
672 835 748 887 Ad
778 836 912 889 alios
947 845 1125 888 autem
1159 851 1465 889 sermonem
1491 835 1769 905 dirigens:
1802 833 1909 899 Qui
1939 832 2022 885 in-

447 926 634 995 ﬁrmus
672 935 769 989 est,
804 927 1031 980 oleribus
1074 928 1387 993 vescitur”,
1441 928 1651 997 inquit;
1703 943 1823 996 qua:
1859 925 2025 980 veluti

2127 750 2187 786 τε
2238 732 2311 785 ῶν
2353 732 2501 803 ἄρτῳ
2545 730 2841 800 τρέφεσθαι
2891 732 3032 785 κατὰ
3069 731 3195 793 τοὺς
3237 730 3338 801 ῆδη
3381 733 3448 801 τῇ
3485 729 3719 800 παιδείᾳ

2131 822 2389 884 τελείους,
2437 820 2526 874 διὰ
2570 821 2630 875 τὸ
2665 819 2868 873 ἁπλοῦν
2903 820 2986 873 ἔτι
3011 822 3111 891 τῆς
3139 820 3376 883 διανοίας
3409 821 3506 874 καὶ
3531 821 3716 892 ἀστή·-

2133 934 2338 990 ρικτον.

447 1020 626 1072 media
669 1020 928 1088 quatiam,
969 1021 1116 1090 quod
1164 1021 1359 1074 attinet
1406 1020 1786 1091 cogitationes,
1823 1020 2039 1073 ratione
2094 1011 2284 1067 aﬁecta
2318 1015 2465 1065 sunt,
2512 1021 2634 1060 cum
2676 1006 2801 1060 talis
2844 1020 2984 1075 pane
3025 1005 3170 1059 vesci
3224 1014 3475 1074 nequeat,
3509 1020 3720 1075 quem-

448 1112 737 1167 admodum
769 1114 801 1167 ii
827 1115 919 1184 qui
940 1115 1047 1179 jatn
1076 1116 1299 1184 perfecti
1332 1127 1458 1171 sunt
1494 1115 1854 1179 institutione,
1884 1128 2021 1183 prop

2132 1115 2381 1159 tenerum
2410 1108 2464 1155 et
2491 1100 2765 1153 inlirtnum
2792 1100 2969 1153 adhuc
2996 1098 3346 1152 intellectum.

835 1228 1357 1285 INTERROGATIO
1394 1231 1631 1286 CXXIX.

516 1318 802 1385 Quomodo
829 1338 957 1377 vero
993 1323 1240 1377 terminis
1291 1325 1586 1393 sultjiciens
1616 1323 1908 1393 Apostolus
1936 1338 2022 1377 re-

447 1427 609 1480 gnum
640 1412 863 1477 Christi,
902 1416 1112 1481 scribit,
1140 1414 1355 1484 Oportet
1385 1417 1556 1483 ipsum
1593 1431 1810 1485 regnare
1835 1430 2021 1484 usque-

442 1502 569 1585 dum
600 1506 835 1571 posuerit
874 1507 1117 1560 inimicos
1152 1509 1268 1576 ejus
1291 1508 1386 1561 sub
1419 1508 1574 1577 pedes
1607 1509 1723 1577 ejus
1754 1508 1836 1561 "?
1866 1507 2019 1573 Quod

445 1592 666 1660 quidem
718 1595 883 1664 aliqui
936 1596 1297 1665 interpretati,
1333 1596 1692 1663 tradiderunt,
1720 1596 1864 1668 quod
1900 1605 2022 1666 post

443 1682 613 1752 hujus
671 1687 860 1739 mundi
924 1686 1108 1752 ﬁnem,
1170 1696 1530 1756 prastereunte
1585 1703 1754 1758 regno
1794 1687 2017 1752 Christi,

441 1774 675 1846 ipsoque
710 1777 761 1830 in
793 1773 1012 1831 Patrem
1059 1778 1342 1845 redeunte,
1389 1779 1607 1836 futurus
1644 1781 1715 1835 sit
1759 1782 1938 1834 omnia
1963 1783 2018 1834 in

443 1866 688 1922 omnibus
713 1866 877 1935 Deus,
912 1868 1053 1923 sicut
1086 1868 1260 1939 inquit
1295 1870 1587 1939 Apostolus
1612 1872 1679 1926 ⁷⁸.

1076 2052 1387 2123 Responsio.

512 2143 641 2200 illos
671 2144 806 2199 mihi
847 2143 1061 2200 videtur
1103 2144 1391 2215 deplorare
1437 2141 1740 2199 Hieremias
1783 2142 1969 2198 dicens
2005 2160 2021 2197 :

442 2240 577 2306 Quis
605 2239 756 2293 dabit
778 2255 970 2309 aquam
990 2240 1153 2308 capiti
1197 2254 1330 2304 meo,
1374 2246 1427 2292 et
1467 2237 1635 2292 oculis
1660 2238 1788 2291 meis
1822 2237 2023 2305 fontem

439 2328 825 2400 lacrymarum,
862 2337 916 2383 et
961 2329 1145 2399 lugebo
1189 2339 1337 2383 nocte
1378 2338 1428 2383 et
1474 2329 1559 2383 die
1597 2328 1896 2383 vulneratos
1929 2343 2024 2395 po-

437 2421 555 2491 puli
586 2422 687 2476 mei
726 2419 819 2473 "Y
860 2420 953 2490 qui
1006 2421 1324 2475 clauserunt
1366 2435 1553 2484 aures,
1617 2420 1817 2474 nullam
1854 2419 2023 2473 divini

440 2512 714 2567 sermonis
763 2512 1032 2566 rationem
1080 2513 1363 2580 habentes,
1409 2512 1503 2582 qui
1547 2520 1736 2582 aperte
1775 2512 2020 2568 clamat:

441 2601 621 2657 Filius
678 2615 852 2659 manet
878 2605 932 2658 in
955 2613 1207 2658 azternum
1237 2605 1304 2658 "".
1339 2604 1731 2659 AdversaLitur
1766 2603 1845 2658 eis
1870 2618 2025 2657 acer—

442 2696 547 2750 bus
587 2696 872 2751 dementiae
918 2697 1187 2752 rel‘utator
1232 2697 1510 2763 Danielus,
1548 2698 1630 2752 vir
1669 2697 2024 2767 exoptatissi-

440 2805 589 2856 mus,
620 2789 807 2845 dicens
840 2808 854 2844 :
891 2788 1302 2859 Contemplabar
1336 2792 1391 2843 in
1416 2792 1612 2844 visione
1647 2799 1929 2855 nocturna,
1971 2803 2022 2845 et

442 2897 559 2935 ecce
589 2882 642 2934 in
675 2880 897 2934 nubibus
920 2883 1034 2935 caeli
1059 2881 1192 2935 velut
1225 2879 1403 2936 Filius
1431 2883 1661 2936 hominis
1690 2885 1923 2938 veniebat
1954 2885 2019 2939 ⁷⁸.

444 2971 511 3027 Ει
538 2973 700 3043 paulo
731 2983 851 3042 post
886 2974 1060 3043 inquit
1090 2993 1102 3028 :
1136 2974 1384 3028 Potestas
1417 2975 1532 3044 ejus
1557 2985 1788 3044 potestas
1824 2984 2024 3031 a’terna

437 3077 543 3130 est,
574 3083 691 3136 qum
726 3083 828 3119 non
872 3066 1186 3136 prazteribit,
1217 3077 1267 3121 et
1294 3070 1507 3137 regnum
1556 3069 1669 3139 ejus
1711 3086 1815 3123 non
1858 3071 2024 3123 inter-

442 3157 541 3211 ibit
567 3158 633 3212 τ’.
682 3158 944 3213 Similiter
985 3166 1039 3213 et
1069 3158 1301 3214 Davides
1346 3160 1658 3215 divinorum
1706 3169 1897 3217 auctor
1930 3161 2020 3216 ille

442 3251 749 3305 Catminum
798 3270 811 3305 :
872 3251 1113 3305 Thronus
1168 3261 1309 3318 tuus,
1374 3269 1403 3305 ο
1460 3252 1620 3317 Deus,
1671 3254 1726 3307 in
1766 3252 2022 3307 sa'rulum

442 3346 676 3401 swculi:
725 3346 873 3414 virga
922 3347 1280 3412 rectitudinis,
1335 3348 1482 3417 rirga
1535 3350 1682 3417 regni
1725 3351 1801 3401 tui
1840 3348 1907 3400 3°.
1958 3344 2025 3402 Et

440 3449 567 3508 post
598 3439 700 3491 alia
734 3456 747 3488 :
782 3437 857 3489 Ab
884 3438 1039 3490 initio
1075 3448 1153 3500 tu,
1200 3438 1441 3504 Domine,
1467 3448 1661 3491 terram
1690 3438 1951 3506 fundasti,
1973 3444 2024 3491 et

446 3546 603 3598 opera
642 3546 896 3582 manuum
931 3539 1143 3583 tuarum
1168 3541 1289 3583 sunt
1317 3530 1452 3584 caeli.
1492 3528 1607 3595 Ipsi
1632 3531 1939 3595 interibunt,
1968 3539 2024 3582 tu

447 3632 623 3675 autem
664 3638 961 3690 permanes,
1013 3633 1062 3676 et
1113 3639 1166 3676 es
1203 3623 1365 3687 idem,
1420 3631 1470 3675 et
1519 3623 1646 3675 anni
1699 3623 1774 3675 tui
1805 3639 1908 3675 non
1934 3621 2026 3676 de-

444 3717 623 3788 ﬁcient
654 3719 721 3770 ει.
759 3715 890 3783 Quae.
924 3717 991 3771 de
1041 3715 1272 3771 Domino
1317 3731 1597 3785 exponens
1641 3715 1893 3771 sublimis
1936 3715 2026 3771 ille

446 3810 801 3881 intelligentia
836 3807 1060 3874 Paulus,
1093 3810 1269 3878 ipsum
1300 3808 1502 3877 ubique
1530 3809 1719 3864 scribit
1753 3809 2023 3879 Opiﬁcem,

445 3911 500 3957 et
535 3917 739 3971 regem,
781 3909 835 3956 et
880 3899 1049 3956 Deum
1085 3910 1211 3956 ante
1242 3901 1442 3959 saecula
1468 3911 1522 3955 et
1553 3902 1606 3955 in
1637 3902 1855 3957 srecula.
1880 3901 2027 3957 Prte-

444 4004 591 4050 tcrea
627 3994 805 4051 Moses
850 3993 944 4048 Dei
981 4003 1252 4064 spectator
1287 4003 1342 4050 et
1385 3994 1660 4065 legislator
1699 3996 1917 4051 divinus
1969 3996 2026 4049 in

446 4088 553 4143 [ine
593 4086 807 4142 Cantici
855 4086 1039 4142 Maria:
1090 4088 1280 4143 scribit
1330 4105 1342 4141 :
1399 4087 1653 4141 Dominus
1701 4104 1924 4154 regnans
1968 4087 2028 4141 in

447 4179 698 4235 swculum
731 4189 780 4235 et
807 4179 1058 4235 stt-culum
1086 4181 1153 4235 δ’.
1200 4178 1479 4235 Christum
1511 4181 1746 4250 denique
1769 4182 1881 4251 jam
1915 4179 2025 4235 Do-

445 4277 652 4332 minum
681 4294 803 4333 esse
840 4280 1178 4347 prolitemur.
1228 4276 1306 4331 Ne
1358 4277 1522 4348 igitur
1565 4292 1630 4330 ex
1671 4290 1736 4330 eo
1762 4276 1905 4345 quod
1939 4275 2027 4331 hic

445 4368 691 4423 dicitur:
731 4367 1033 4439 Usquedum
1078 4380 1133 4422 et
1184 4385 1477 4443 usquequo,
1521 4367 1814 4435 aliquando
1863 4365 2022 4420 ﬁnem

446 4460 761 4516 habiturum
793 4477 1018 4531 regnum
1064 4461 1263 4516 Christi
1304 4472 1597 4529 nugentur,
1645 4458 1788 4513 male
1817 4459 2021 4513 intelli-

447 4562 636 4623 gentes
659 4568 781 4621 quae
804 4554 939 4608 bene
967 4563 1096 4607 sunt
1124 4553 1287 4606 dicta.
1317 4550 1454 4604 Nam
1499 4566 1567 4604 ex
1615 4551 1732 4619 ipsa
1775 4550 2020 4620 Apostoli

444 4661 580 4701 voce
619 4646 964 4714 redarguitur
1004 4645 1245 4714 ipsorum
1292 4644 1525 4698 vanitas.
1588 4642 1838 4713 Regnavit
1873 4643 2021 4698 enim

447 4753 588 4791 mors
619 4739 683 4790 ab
705 4735 909 4789 Adamo
932 4734 1002 4788 ad
1028 4733 1229 4789 Mosem
1253 4750 1438 4803 usque,
1467 4733 1644 4803 inquit
1664 4733 1729 4788 ⁸³.
1761 4731 1899 4787 Num
1924 4734 2022 4804 igi-

448 4838 539 4885 tur
568 4830 635 4884 ad
670 4829 821 4883 illum
852 4844 1024 4898 usque
1065 4836 1280 4882 tantum
1314 4826 1577 4896 regnavit,
1610 4834 1704 4881 aut
1728 4827 1891 4880 etiam
1924 4827 2023 4880 ul—

446 4922 568 4976 tra?
591 4919 861 4975 Nimirum
892 4920 945 4973 in
973 4917 1176 4973 multas
1206 4918 1296 4971 illa
1327 4917 1704 4986 generationes
1735 4916 2021 4986 imperium

447 5027 606 5066 suum
637 5010 924 5065 extendit:
960 5023 1124 5078 quam
1165 5006 1402 5077 denique
1448 5022 1664 5060 omnem
1699 5006 2023 5061 rationalem

446 5112 660 5159 nitatem
692 5102 1094 5171 pet-vadentem,
1126 5100 1378 5155 Christus
1413 5100 1629 5163 evertit,
1662 5101 1925 5155 adversus
1958 5098 2023 5152 il-

448 5195 556 5249 iatn
591 5196 787 5248 rubore
826 5193 1084 5248 mortales
1112 5192 1479 5254 circumdatis,
1523 5192 1639 5261 ipse
1682 5192 1845 5245 morti
1871 5203 2020 5243 mors

451 5291 649 5345 factus.
683 5288 748 5342 Et
773 5289 899 5359 quia
947 5288 1015 5342 de
1050 5287 1197 5342 Mose
1246 5284 1534 5356 magniﬁce
1582 5283 1891 5339 sentiebant
1918 5280 2021 5336 Ju-

446 5383 570 5445 daei,
597 5397 705 5452 prae
730 5382 821 5435 illo
843 5389 1069 5435 casteros
1086 5385 1519 5440 contemnentes,
1541 5377 1831 5445 ipsumque
1857 5368 2018 5427 deum

442 5490 563 5529 esse
592 5481 864 5544 putantes,
898 5472 1041 5542 quod
1074 5486 1141 5525 ne
1176 5470 1488 5540 sepulcrum
1532 5466 1754 5537 quidem
1783 5464 1903 5534 ejus
1930 5464 2017 5517 in-

441 5568 691 5621 Venialul‘
735 5580 910 5636 usque
958 5566 1015 5620 in
1056 5563 1379 5620 bodiemum
1414 5561 1581 5625 diem,
1624 5556 1879 5629 quodque
1908 5571 2018 5611 una

2688 1215 2937 1269 ΠΕΥΣΙΣ
2974 1214 3146 1268 ΡΚΘ’.

2198 1312 2308 1366 Kal
2343 1309 2461 1372 πῶς
2492 1309 2639 1378 ὅροις
2689 1306 2978 1359 ὑποϐαλὼν
3008 1307 3036 1357 ὁ
3087 1304 3406 1369 Ἀπόστολος
3431 1306 3533 1377 τὴν
3568 1307 3719 1378 Χρι-

2130 1404 2255 1458 στοῦ
2291 1400 2587 1474 βασιλείαν,
2617 1400 2841 1470 γράφει,
2874 1398 2975 1452 Δεῖ
3001 1399 3111 1472 γὰρ
3133 1396 3320 1450 αὐτὸν
3343 1397 3719 1461 βασιλεύειν

2126 1498 2303 1566 ἄχρις
2348 1491 2416 1551 οὗ
2470 1495 2546 1548 ἂν
2586 1492 2660 1562 θῇ
2702 1493 2845 1558 τοὺς
2886 1492 3136 1561 ἐχθροὺς
3186 1491 3372 1547 αὑτοῦ
3410 1492 3528 1547 ὑπὸ
3563 1494 3715 1561 τοὺς

2127 1588 2317 1654 πόδας
2347 1587 2576 1651 αηὺτοῦ;
2616 1587 2795 1656 Ὅπερ
2833 1586 2881 1638 οἱ
2927 1584 3364 1656 ὲρμηνεύσαντες
3406 1584 3702 1652 ἐξέδωκαν,

2127 1688 2208 1740 ὅτι
2259 1684 2398 1755 μετὰ
2430 1683 2489 1736 τὸ
2523 1682 2674 1746 τέλος
2704 1681 2798 1735 τοῦ
2831 1682 3039 1752 κόσμου
3073 1681 3263 1734 τούτου
3299 1682 3701 1754 περαιουμένης

2125 1783 2225 1851 τῆς
2280 1779 2555 1851 βασιλείας
2609 1777 2869 1851 Χριστοῦ,
2906 1777 3069 1832 αὑτοῦ
3111 1777 3169 1831 δὲ
3215 1779 3291 1841 είς
3342 1779 3433 1831 τὸν
3483 1779 3693 1848 Πατέρα

2124 1872 2469 1934 ἀναλύοντος,
2497 1871 2649 1923 ἔσται
2691 1866 2766 1922 τὰ
2777 1862 2974 1919 πάντα
2986 1868 3057 1922 ἐν
3068 1864 3257 1923 πᾶσιν
3275 1869 3305 1921 ὸ
3321 1872 3492 1941 Θεὸς,
3524 1868 3702 1933 καθὼς

2123 1964 2270 2033 λέγει
2300 1966 2328 2017 ὁ
2371 1964 2427 2016 ’Δ
2436 1962 2713 2025 πόστολος.

2726 2054 3093 2122 Ἀπόκρισις,

2208 2149 2479 2213 Ἐκείνους
2519 2148 2667 2202 δοκεί
2718 2165 2808 2219 μοι
2847 2149 3117 2219 Ἱερεμίας
3158 2146 3562 2218 ἀποδυρόμενος
3608 2148 3714 2217 φά-

2126 2257 2299 2306 σκειν,
2342 2240 2436 2307 Τίς
2468 2239 2649 2293 δώσει
2682 2238 2757 2307 τῇ
2808 2236 3046 2307 κεφαλῇ
3064 2254 3185 2307 μου
3231 2235 3410 2305 ὕδωρ,
3447 2238 3545 2291 καὶ
3582 2238 3713 2303 τοῖς

2125 2334 2451 2404 ὀφθαλμοῖς
2478 2351 2597 2404 μου
2637 2331 2842 2401 πηγὴν
2885 2329 3194 2398 δακρύων,
3229 2329 3327 2382 καὶ
3363 2331 3712 2400 κλαύσομαι

2124 2427 2350 2496 ἡμέρας
2383 2426 2480 2481 καὶ
2507 2423 2729 2490 νυκτὸς
2754 2422 2895 2489 τοὺς
2926 2418 3552 2491 τετραυματισμένους
3600 2422 3712 2477 τοῦ

2122 2520 2277 2573 λαοῦ
2301 2536 2421 2589 μου
2449 2534 2468 2583 ;
2505 2520 2631 2583 τοὺς
2672 2517 2953 2588 μύσαντας
2981 2516 3050 2569 τὰ
3082 2509 3217 2580 ὦτα,
3257 2516 3351 2569 καὶ
3382 2514 3589 2587 μηδένα
3619 2516 3712 2570 λό-

2123 2626 2219 2680 γον
2247 2612 2347 2681 τῆς
2380 2608 2674 2678 θεηγορίας
2721 2607 3099 2677 ποιουμένους,
3133 2605 3434 2676 διαρρήδην
3469 2605 3707 2677 βιιὼσης,

2135 2702 2200 2754 '0
2247 2701 2380 2765 Υἱός
2420 2701 2590 2771 μένει
2625 2702 2714 2766 εἰς
2759 2699 2863 2752 τὸν
2896 2697 3102 2752 αἰῶνα.
3157 2698 3712 2769 Ἀντικαταστήσεται

2124 2796 2308 2857 αὐτοῖς
2341 2794 2534 2864 πικρὸς
2556 2794 2654 2864 τῆς
2691 2790 2978 2865 παροινίας
3018 2792 3242 2861 ἔλεγχος
3271 2790 3470 2863 Δανιὴλ
3501 2793 3530 2845 ὁ
3561 2792 3707 2864 ἀνὴρ

2122 2887 2231 2941 τῶν
2288 2886 2613 2956 ἐπιθυμιῶν,
2667 2887 2911 2955 φάσκων,
2974 2882 3298 2953 Ἐθεώρουν
3338 2884 3408 2937 ἐν
3459 2883 3708 2953 ὁράματι

2123 2980 2234 3049 τῆς
2289 2978 2547 3044 νυκτὸς,
2609 2977 2706 3031 καὶ
2766 2977 2890 3031 ἰδοὺ
2953 2977 3049 3030 ἐπὶ
3106 2974 3225 3029 τῶν
3271 2974 3533 3046 νεφελῶν
3586 2977 3702 3032 τοῦ

2126 3071 2388 3141 οὐρανοῦ
2463 3072 2543 3136 ὠς
2599 3069 2733 3136 Υἱός
2798 3067 3117 3137 ἀνθρώπου
3193 3070 3522 3139 ἐρχόμενος.
3580 3068 3695 3122 Καὶ

2131 3165 2269 3236 μετὰ
2316 3163 2523 3237 βραχέα
2567 3163 2752 3232 φησιν,
2813 3162 2882 3217 Ἠ
2925 3162 3180 3226 ἐξουσία
3207 3161 3405 3215 ἀὑτοῦ
3453 3159 3708 3226 ἐξουσία

2126 3257 2384 3325 αἰώνιος,
2426 3258 2555 3326 ἥτις
2602 3258 2677 3311 οὺ
2713 3258 3170 3323 παρελεύσεται,
3211 3256 3308 3309 καὶ
3337 3256 3373 3323 ἡ
3416 3256 3719 3319 ,βασιλεία

2125 3350 2313 3405 αὑτοῦ
2363 3352 2435 3404 οὺ
2488 3347 2983 3419 διαφθαρήσεται.
3052 3347 3287 3418 Ὁμοίως
3331 3346 3493 3398 Δαϐὶδ
3533 3349 3565 3399 ὁ
3604 3347 3719 3400 τῶν

2131 3440 2292 3494 Θείων
2328 3440 2584 3511 μελῳδὸς,
2645 3442 2707 3494 '0
2740 3442 2952 3509 θρόνος
3005 3455 3144 3503 σου,
3192 3442 3225 3493 ὀ
3274 3436 3441 3505 Θεὸς,
3474 3441 3563 3502 είς
3611 3439 3719 3493 τὸν

2126 3530 2312 3585 αἰῶνα
2363 3531 2469 3585 τοῦ
2502 3530 2715 3598 αἰῶνος
2739 3576 2752 3597 ,
2778 3530 3001 3600 ῥάϐδος
3052 3532 3372 3597 εὐθύτητος
3416 3531 3457 3598 ἡ
3485 3530 3711 3599 ῥάϐδος

2125 3621 2238 3690 τῆς
2254 3622 2578 3687 βασιλείας
2602 3640 2739 3675 σου.
2766 3622 2874 3675 Καὶ
2903 3622 3018 3692 μεθ’
3045 3623 3223 3692 ἕτερα·
3257 3619 3581 3692 Καταρχὰς
3610 3624 3713 3689 σὺ,

2126 3716 2323 3783 Κύριε,
2351 3713 2464 3783 τὴν
2483 3713 2601 3783 γῆν
2625 3715 3047 3783 ἐθεμελίωσας,
3071 3715 3168 3768 καὶ
3190 3714 3333 3784 ἔργα
3355 3713 3476 3767 τῶν
3500 3715 3720 3784 χειρῶν

2127 3821 2243 3861 σου
2270 3806 2431 3861 εἰσὶν
2464 3809 2518 3860 οι
2553 3809 2819 3875 οὐρανοί’
2873 3807 3043 3861 αὐτοὶ
3087 3807 3478 3870 ἀπολοῦνται,
3526 3807 3611 3861 σὺ
3649 3807 3722 3861 δὲ

2136 3898 2456 3969 διαμένεις,
2501 3901 2598 3954 καὶ
2644 3904 2676 3954 ὀ
2723 3900 2930 3964 αὐτὸς,
2988 3899 3089 3953 καὶ
3141 3899 3213 3953 τὰ
3262 3899 3364 3967 ἐτη
3425 3916 3543 3954 σου
3601 3901 3722 3954 οὐκ

2127 3993 2548 4062 ἐκλείψουσιν.
2616 3993 2797 4064 ’Λπερ
2855 3995 2935 4057 είς
2984 3994 3076 4046 τὸν
3123 3992 3327 4064 Κύριον
3384 3991 3719 4064 ἑρμηνεύων

2137 4085 2349 4149 Παῦλος
2395 4087 2423 4139 ὀ
2456 4085 2660 4157 ὑψηλὸς
2706 4085 2802 4156 τὴν
2842 4084 3104 4151 διάνοιαν,
3150 4086 3326 4157 πάντη
3380 4083 3722 4138 ἐπιστέλλων

2128 4175 2481 4248 δημιουργὸν,
2519 4178 2616 4229 καὶ
2662 4175 2889 4246 βασιλέα
2926 4177 3019 4229 καὶ
3053 4175 3185 4228 Θεὸν
3218 4176 3324 4247 πρὸ
3365 4174 3572 4229 αἰώνων
3608 4175 3721 4229 καὶ

2128 4270 2215 4321 ἐπ’
2245 4268 2438 4323 αἰῶνα.
2472 4270 2583 4322 Καὶ
2615 4269 2693 4321 ἔτι
2732 4268 2906 4322 ταῦτα
2936 4269 2991 4321 δὲ
3033 4269 3239 4339 Μωσῆς
3288 4270 3316 4322 ὁ
3361 4269 3590 4336 θεόπτης
3613 4278 3720 4323 και

2129 4360 2273 4424 θεῖος
2304 4360 2596 4432 νομοθέτης
2622 4363 2679 4414 ὲν
2713 4360 2791 4431 τῷ
2816 4360 2961 4413 τέλει
2991 4360 3093 4431 τῆς
3126 4361 3275 4432 ᾠδῆς
3317 4360 3536 4431 Μαρίας
3569 4361 3717 4432 γρά-

2129 4470 2240 4523 φει,
2273 4454 2489 4522 Κύριος
2505 4453 2857 4517 βασιλεύων
2900 4452 3017 4509 τῶν
3048 4453 3280 4507 αἰώνων
3310 4455 3407 4508 καὶ
3434 4454 3538 4507 ἐπ’
3579 4453 3715 4509 aldt-

2125 4561 2270 4600 νων.
2310 4546 2422 4600 Καὶ
2452 4546 2555 4614 ἔτι,
2589 4546 2795 4617 Κύριος
2822 4546 2878 4603 δὲ
2905 4549 2932 4601 ὀ
2969 4547 3226 4618 Χριστὸς,
3268 4547 3363 4600 καὶ
3393 4548 3523 4619 παρ’
3553 4547 3710 4619 ἡμῶν

2127 4637 2228 4709 ἤδη
2264 4638 2627 4710 ὁμολογεῖται.
2670 4641 2762 4710 Μὴ
2805 4636 2896 4693 οῦν
2934 4642 2999 4694 ὲκ
3048 4640 3143 4694 τοῦ
3194 4640 3368 4710 ἄχρις
3416 4635 3513 4704 οὗ,
3559 4641 3700 4702 τέλος

2127 4728 2269 4793 ἕξειν
2298 4730 2427 4783 ποτὲ
2460 4730 2560 4801 τὴν
2593 4729 2828 4801 Χριστοῦ
2871 4730 3173 4801 βασιλείαν,
3228 4730 3567 4802 ληρείτωσαν
3608 4747 3709 4783 κα-

2127 4822 2241 4885 κῶς
2264 4822 2512 4885 νοοῦντες
2538 4823 2605 4875 τὰ
2636 4823 2817 4887 καλῶς
2845 4823 3190 4892 πεφασμένα.
3232 4823 3327 4875 Ἐκ
3358 4822 3464 4895 γὰρ
3491 4823 3591 4890 τῆς
3613 4823 3714 4875 αὐ-

2122 4913 2224 4984 τῆς
2275 4913 2370 4967 τοῦ
2433 4902 2757 4967 Ἀποστόλου
2813 4915 2998 4986 φωνῆς
3045 4914 3385 4985 διελέγχεται
3439 4914 3621 4967 αὐτῶν
3675 4916 3713 4985 ἡ

2121 5005 2508 5061 είκαιοϐουλία.
2576 5006 2974 5060 Ἐϐασίλευσε
3026 5005 3137 5077 γὰρ
3189 5007 3221 5059 ὀ
3283 5005 3537 5070 θάνατος
3588 5005 3712 5059 ἀπὸ

2134 5094 2317 5165 Ἀδὰμ
2366 5095 2548 5166 μέχρι
2603 5098 2885 5163 Μωσέως,
2942 5096 3125 5166 φησίν.
3181 5091 3309 5168 Ἆρ’
3363 5092 3455 5149 οὖν
3513 5095 3713 5167 μέχρις

2129 5189 2340 5241 ἐκείνου
2395 5189 2767 5255 ἐϐασίλευσεν,
2813 5189 2847 5260 ἢ
2896 5191 2991 5243 καὶ
3030 5188 3327 5255 ὲπέκεινα;
3360 5191 3454 5253 Εἰς
3508 5188 3715 5253 πολλὰς

2129 5280 2326 5349 γενεὰς
2361 5282 2609 5343 ἐκτείνας
2657 5281 2723 5333 τὸ
2764 5282 3000 5353 κράτος’
3055 5280 3114 5335 ὃν
3153 5280 3242 5334 διὰ
3278 5281 3451 5351 πάσης
3481 5280 3714 5352 λογικῆς

2129 5372 2343 5444 ἡλικίας
2371 5373 2562 5426 οέοντα
2589 5373 2827 5444 Χριστὸς
2862 5371 3187 5426 ὑπεσκέλισε
3206 5415 3220 5438 ,
3249 5374 3312 5429 τὸ
3334 5371 3455 5427 κατ’
3497 5371 3713 5424 ἐκείνου

2127 5466 2328 5538 κράτος
2361 5466 2588 5539 βροτοὺς
2640 5468 2949 5538 ἁναδήσας,
2985 5466 3147 5529 αὐτὸς
3192 5464 3272 5536 τῷ
3311 5464 3523 5533 Θανάτῳ
3552 5466 3715 5533 γενό-

2130 5575 2288 5629 μενος
2323 5559 2583 5621 θάνατος·
2618 5559 2746 5621 τοὺς
2770 5558 2915 5629 μέγα
2942 5574 2995 5611 τι
3033 5558 3126 5610 ἐπὶ
3151 5558 3344 5612 Μωσεῖ
3373 5552 3714 5627 φρονοῦντας

420 5776 428 5785 .
510 5728 604 5780 "l
647 5728 772 5781 Cor.
810 5745 892 5793 ιιι,
922 5728 976 5783 2.
1054 5728 1099 5759 ⁷⁸
1138 5726 1296 5780 Rom.
1351 5738 1465 5791 xlv,
1506 5721 1597 5793 2._
1636 5722 1688 5793 ’ἢ
1718 5719 1736 5774 l
1765 5719 1893 5775 Cor.
1936 5733 2022 5793 δι’,

2130 5717 2159 5793 i,
2211 5717 2281 5793 ξ’
2318 5716 2455 5793 ibid.
2481 5715 2599 5793 '28_._
2634 5715 2700 5793 ff
2736 5714 2959 5793 Jerem;
2982 5731 3069 5793 ιι,
3101 5716 3154 5772 1.
3220 5712 3442 5793 ":lpan.
3471 5709 3707 5793 Vll_l.”3§.

444 5796 489 5827 "'
531 5797 663 5849 Dan.
718 5813 814 5860 vn,
857 5789 943 5854 l3.
1046 5797 1093 5829 ⁷⁸
1133 5798 1262 5855 ibid.
1302 5795 1391 5849 Η.
1451 5789 1537 5825 ⁷⁸⁸
1571 5790 1713 5847 Psal.
1761 5805 1907 5856 ιιιν,
1953 5789 2005 5845 7.

440 5861 488 5897 ⁸³
524 5866 680 5922 lium.
712 5883 765 5934 ν,
806 5867 891 5921 14.

2114 5788 2160 5819 ⁸¹
2209 5786 2351 5845 Psal.
2412 5803 2484 5855 Cl,
2530 5785 2727 5846 26-28.
2778 5860 2787 5863 _
2832 5788 2877 5820 ⁸³
2917 5778 3093 5846 Exod.
3143 5802 3235 5853 xv,
3276 5784 3345 5842 l8
3384 5797 3496 5841 sec.
3535 5778 3710 5839 LXX.
