4000 6412
470 325 603 382 i031

881 438 1400 499 INTERROGATIO
1430 440 1647 499 CXXX.

556 550 724 619 Atqui
750 550 799 604 si
824 554 975 611 Patri
993 555 1222 626 aequalis
1252 565 1358 624 est,
1384 556 1661 628 quomodo
1685 556 1869 628 inquit
1905 557 2047 627 ipse.

472 638 629 696 Nihil
657 653 827 712 potest
854 643 1036 702 Filius
1082 649 1260 715 facere
1308 666 1343 703 a
1390 658 1550 705 semet
1594 651 1732 721 ipso,
1775 649 1879 704 nisi
1919 647 2061 717 quod

472 731 663 788 viderit
694 736 977 803 facientem
1001 735 1220 793 Patrem
1236 739 1284 772 "
1304 738 1331 793 ἲ

1114 846 1433 920 Responsio.

546 958 806 1029 Ejusdem
842 960 1134 1019 dementiae
1173 972 1279 1029 est,
1327 964 1397 1018 ad
1454 964 1603 1019 hunc
1654 964 1876 1020 modum
1932 981 2064 1038 erga

476 1050 572 1107 Dei
622 1051 823 1107 Filium
890 1055 1236 1126 unigenitum
1296 1056 1553 1112 aﬂ‘ectum
1616 1072 1759 1114 esse.
1793 1056 2068 1129 Sequetur

476 1143 625 1198 enim
693 1144 919 1199 omnino
968 1145 1245 1216 duplicem
1307 1146 1655 1203 statuendam
1716 1164 1842 1203 esse
1906 1163 2065 1204 crea-

479 1233 711 1299 tionem;
745 1235 907 1288 aliam
936 1234 1156 1305 quidem
1187 1234 1367 1291 Patris
1404 1236 1520 1308 jam
1552 1236 1873 1308 perfectam,
1902 1238 2065 1293 aliam

476 1340 606 1381 vero
634 1316 758 1379 Fifli
799 1343 923 1397 qua:
962 1329 1146 1383 adhuc
1179 1328 1519 1399 perficiatur,
1550 1340 1604 1384 et
1631 1331 1897 1399 paulatim
1940 1344 2068 1401 pro-

473 1417 777 1491 grediatur,
812 1434 878 1474 ac
932 1419 1001 1474 ad
1049 1420 1415 1476 imitationem
1487 1422 1788 1478 creationis
1828 1431 2069 1493 paterna

476 1512 700 1566 condat.
734 1509 1042 1568 Ostendant
1068 1513 1236 1585 igitur
1261 1514 1422 1569 nobis
1459 1514 1680 1569 Arianae
1716 1515 1947 1570 insaniae
1974 1530 2065 1570 se-

476 1611 718 1658 ctatores
743 1604 883 1659 duos
915 1605 1063 1660 soles
1092 1614 1145 1659 ct
1175 1605 1314 1660 duas
1338 1606 1489 1661 faces
1517 1606 1760 1672 lunares,
1787 1616 1842 1661 et
1871 1607 2074 1661 discer-

474 1684 610 1749 nant
641 1695 803 1752 nobis
829 1696 1060 1767 quinam
1096 1696 1178 1753 sol
1206 1694 1388 1763 Patris
1412 1700 1507 1762 sit,
1540 1707 1637 1752 aut
1666 1699 1763 1769 qui
1792 1698 1865 1754 sit
1901 1697 2026 1753 Filii
2051 1715 2068 1765 ;

473 1803 598 1859 quae
638 1790 710 1843 sit
739 1790 873 1843 luna
898 1788 1103 1855 Patris,
1132 1807 1269 1860 .quae
1308 1788 1457 1845 Filii.
1495 1789 1764 1845 Similiter
1802 1801 1984 1846 autem
2015 1803 2071 1849 et

474 1882 543 1936 de
576 1891 720 1935 terra
751 1891 807 1937 et
833 1882 974 1936 mari
1018 1882 1215 1938 merito
1266 1883 1559 1954 qumsiero.
1602 1880 1890 1949 Quomodo
1936 1882 2065 1938 item

473 1986 604 2027 vera
634 1972 781 2028 dicet
805 1972 952 2029 (ilius
988 1973 1080 2029 ille
1131 1974 1365 2030 tonitrui
1404 1972 1669 2042 Joannes,
1725 1974 1820 2047 qui
1867 1975 2068 2031 doctri-

490 2079 618 2118 nam
647 2064 715 2120 de
744 2062 926 2121 Verbo
959 2064 1249 2121 incarnato
1278 2081 1344 2120 ex
1369 2066 1545 2137 ipsius
1571 2066 1696 2122 sinu
1724 2082 1822 2139 per
1852 2066 2068 2123 deriva-

472 2152 681 2208 tionem
711 2153 919 2219 hausit,
955 2164 1012 2209 et
1046 2154 1205 2224 quasi
1242 2153 1467 2210 divinus
1494 2155 1639 2211 calix
1687 2155 1950 2227 impletus
1995 2171 2068 2212 ex

472 2245 700 2315 perenni
757 2244 930 2312 fonte,
994 2244 1220 2302 verbum
1271 2247 1430 2310 illud,
1488 2246 1686 2303 Omnia
1739 2265 1834 2319 per
1891 2249 2066 2321 ipsum

475 2343 622 2414 facta
660 2352 784 2398 sunt
812 2342 883 2409 ’⁸,
940 2348 996 2397 in
1051 2358 1273 2398 omnem
1337 2344 1440 2398 soli
1494 2344 1799 2415 subjectum
1862 2357 2066 2404 terram

474 2437 638 2508 pluit,
688 2436 851 2508 quasi
913 2438 1099 2492 dicere
1158 2436 1321 2492 vellet
1373 2437 1442 2491 ad
1515 2438 1733 2491 nullum
1784 2438 2067 2508 exemplar

477 2536 572 2583 aut
601 2530 967 2586 simulacrum
987 2530 1381 2600 respicientem
1402 2527 1604 2584 Filium
1632 2533 1821 2585 omnia
1849 2528 2067 2587 facere?

475 2620 548 2674 At
571 2636 756 2692 quem,
780 2623 1034 2690 obsecro,
1065 2621 1314 2677 Filium?
1343 2619 1451 2688 Qui
1480 2630 1684 2678 nostra:
1708 2631 1921 2676 natura:
1946 2624 2069 2677 uni-

476 2721 569 2768 tus
600 2724 685 2769 est
713 2717 770 2769 in
801 2725 959 2770 utero
985 2724 1263 2785 perpetua:
1288 2714 1525 2784 virginis
1556 2714 1762 2778 Maria,
1815 2715 2067 2785 adeoque

485 2794 805 2877 unigenitus
836 2807 929 2861 ille
974 2805 1068 2861 Dei
1097 2804 1273 2861 Filius
1302 2806 1506 2861 missus
1552 2820 1580 2859 a
1628 2804 1812 2872 Patre,
1839 2808 1935 2877 qui
1966 2824 2066 2860 na-

477 2907 737 2956 sceretur
757 2914 788 2953 e
826 2898 1079 2964 muliere,
1116 2898 1585 2969 quemadmodum
1610 2898 1830 2955 divinus
1853 2900 1942 2955 ille
1964 2904 2069 2955 do-

480 3003 570 3050 cet
597 2992 919 3063 Apostolus.
954 2990 1057 3049 Ubi
1090 2993 1280 3065 igitur,
1310 3001 1407 3047 aut
1436 2992 1661 3063 quando
1702 3003 2071 3065 conspexerat

478 3087 701 3144 Patrem
740 3089 1199 3155 incarnatum,et
1254 3098 1470 3153 natum,
1514 3096 1570 3143 et
1616 3087 1969 3153 cruciﬁxum,
2017 3095 2073 3144 et

477 3182 776 3254 sepultum,
810 3188 866 3236 et
890 3196 958 3237 ex
993 3188 1171 3236 morte
1195 3180 1610 3245 resuscitatum,
1646 3188 1706 3234 ut
1736 3179 1852 3235 haec
1891 3178 2070 3251 ipsius

477 3276 729 3347 exemplo
764 3274 997 3346 ageret?
1024 3272 1127 3330 Ubi
1161 3289 1293 3330 vero
1314 3275 1543 3331 Patrem
1589 3274 1845 3339 audiens,
1881 3273 2072 3330 consi~

478 3369 690 3423 tniliter
725 3368 944 3437 inquit:
970 3366 1301 3422 Potestatem
1331 3367 1497 3421 habeo
1547 3367 1773 3437 ponendi
1836 3368 2074 3422 animam

480 3476 675 3523 meam,
696 3468 745 3512 et
778 3474 966 3511 rursus
993 3458 1239 3512 sumendi
1277 3472 1396 3511 eam
1412 3456 1456 3487 "
1489 3456 1514 3510 ‘l
1538 3455 1693 3524 Item,
1719 3455 1863 3522 Quia
1891 3457 2073 3513 nullus

480 3552 670 3605 adimit
689 3567 806 3604 eam
835 3548 984 3613 mihi,
1012 3549 1103 3603 sed
1131 3566 1223 3621 ego
1260 3565 1397 3619 pono
1450 3565 1570 3602 eam
1615 3564 1681 3603 ea:
1722 3566 1800 3604 me
1844 3552 1958 3622 ipso
1983 3550 2077 3605 "‘P

481 3643 586 3702 Ubi
618 3660 744 3699 vero
781 3643 994 3699 Patrem
1031 3644 1322 3714 conspexit
1344 3642 1605 3713 jumento‘
1645 3652 1889 3712 vectum,
1919 3655 1976 3700 et
2006 3645 2075 3700 ad

482 3740 629 3797 illius
684 3740 1046 3796 imitationem
1105 3737 1551 3810 Hierosolymam
1618 3737 1776 3793 asino
1829 3738 2075 3795 insidens

482 3834 674 3887 venit?
704 3831 773 3887 Ut
832 3830 1151 3888 summatim
1196 3829 1404 3893 dicam,
1456 3829 1526 3885 ad
1574 3831 1716 3885 nihil
1767 3831 2073 3902 respiciens

481 3924 675 3995 Filius,
704 3941 767 3979 ea
799 3940 922 3996 quae
950 3923 1096 3980 dicta
1151 3932 1282 3979 sunt
1327 3922 1510 3979 facere
1550 3923 1749 3980 solitus
1798 3922 1922 3980 fuit.
1975 3922 2078 3980 Ne-

482 4033 590 4089 que
616 4018 763 4071 enitn
788 4016 1060 4069 AJamum
1094 4013 1365 4079 formans,
1424 4024 1479 4067 et
1537 4029 1606 4069 ex
1641 4014 1734 4070 illo
1768 4014 1935 4070 Evam
1984 4013 2073 4070 fa-

482 4115 654 4177 ciens,
698 4112 866 4166 alium
916 4112 1230 4183 quempiam
1271 4111 1507 4167 rationis
1540 4111 1891 4183 participem,
1952 4126 2075 4166 ma-

484 4207 700 4262 sculum
734 4215 830 4260 aut
880 4203 1177 4272 feminam,
1216 4219 1247 4260 a
1281 4203 1443 4261 Patre
1496 4205 1657 4261 condi
1712 4204 1952 4271 viderat,
2005 4206 2075 4261 ad

482 4313 646 4369 quem
678 4312 840 4353 suum
878 4295 1214 4363 fabricaret;
1259 4297 1353 4349 sed
1388 4310 1515 4350 cum
1561 4304 1708 4351 esset
1746 4295 1933 4366 cpifex
1978 4311 2077 4367 per

483 4409 564 4455 se,
618 4394 862 4461 adeoque
908 4391 1225 4446 liberrimus
1273 4390 1647 4445 universitatis
1698 4391 1864 4462 hujus
1903 4390 2073 4457 Deus,

483 4493 613 4539 ante
641 4483 1079 4538 incarnationem
1112 4493 1168 4538 et
1196 4492 1323 4552 post
1347 4483 1498 4537 illam
1534 4482 1701 4549 idem,
1736 4483 1830 4553 qui
1863 4493 1918 4538 et
1937 4485 2077 4541 velle

482 4579 665 4634 facere
680 4578 865 4633 omnia
899 4585 1129 4646 poterat,
1161 4592 1228 4631 ne
1253 4576 1433 4647 ipsum
1460 4575 1553 4630 Dei
1578 4577 1951 4633 adversarium
1975 4577 2070 4635 Pa-

481 4671 654 4725 trisve
692 4683 1074 4739 oppressorem
1117 4668 1543 4742 arbitrarentur,
1594 4667 1685 4737 qui
1726 4684 1856 4742 erga
1888 4670 2068 4742 ipsum

484 4759 803 4825 excutiunt,
848 4759 1032 4829 inquit
1092 4777 1107 4815 :
1160 4740 1315 4813 Nihil
1359 4768 1530 4829 potest
1582 4761 1756 4829 facere
1800 4740 1986 4818 Filius
2039 4781 2075 4820 α

480 4873 540 4912 se
594 4857 729 4926 ipso,
774 4856 876 4908 nisi
905 4854 1044 4926 quod
1072 4853 1211 4908 videt
1240 4852 1459 4908 Patrem
1485 4854 1764 4926 facientem
1782 4858 1846 4910 θ’.
1896 4856 2075 4913 Simul

480 4955 539 5001 et
574 4946 642 5000 de
682 4959 871 4999 amore
904 4942 1220 5014 parentibus
1263 4944 1444 4999 debito
1493 4959 1593 4999 nos
1626 4946 2070 5003 commonefacit.

887 5034 1407 5092 INTERROGATIO
1432 5035 1668 5091 CXXXI.
1696 5064 1707 5073 ο

556 5128 842 5195 Quomodo
872 5136 1053 5182 autem
1079 5125 1284 5183 Jacobo
1319 5138 1372 5184 et
1408 5127 1626 5194 Joanni,
1666 5128 1910 5187 Zebetlmi
1944 5130 2071 5189 filiis

484 5240 805 5282 conse.sum
834 5238 957 5277 cum
999 5222 1116 5291 ipso
1160 5223 1487 5293 petentibus,
1541 5223 1749 5294 inquit:
1801 5222 1993 5280 Sedere
2038 5242 2071 5280 a

488 5317 677 5369 dextra
697 5324 743 5369 et
776 5330 807 5366 a
835 5314 1074 5379 sinistra,
1125 5330 1229 5368 non
1254 5326 1329 5368 est
1365 5330 1536 5369 meum
1565 5315 1715 5383 dare,
1761 5318 1852 5371 sed
1878 5316 2067 5387 quibus

487 5416 735 5479 paratum
762 5416 839 5459 est
862 5404 1075 5461 aPatre
1100 5406 1284 5460 meo‘?
1313 5405 1495 5473 Quare
1521 5422 1629 5462 non
1658 5418 1919 5479 tanquam
1950 5423 2070 5479 pro-

487 5503 601 5574 pria
620 5500 881 5573 praeditus
898 5500 1237 5567 auctoritate,
1272 5500 1441 5554 dixit:
1470 5499 1680 5566 Quibus
1700 5501 1918 5571 paravi;
1951 5511 2069 5564 aut.

493 5592 703 5659 Quibus
721 5593 966 5662 voluero;
1026 5592 1122 5649 sed
1167 5593 1233 5648 ad
1275 5589 1491 5647 Patrem
1537 5592 1688 5661 ipsos
1729 5594 1973 5664 relegat?
2011 5592 2070 5651 id

488 5696 669 5743 autem
700 5702 809 5744 non
846 5696 932 5744 est
955 5685 1189 5755 alicujus
1222 5684 1391 5740 libere
1414 5686 1640 5757 agentis.

1516 328 1575 384 S.
1616 327 1922 386 CESARII
1958 324 2291 383 (ΞΜ-’380811
2334 326 2638 383 FRATRIS

3619 325 3775 386 1053

2764 439 3009 494 ΠΕΥΣῙΣ
3046 441 3170 493 PA'.

2239 556 2349 610 Kal
2370 557 2420 609 εί
2445 553 2540 609 τοῦ
2588 556 2804 628 Πατρὸς
2830 551 2949 620 ἶσος
2969 595 2985 618 ,
3016 555 3134 621 πῶς
3169 555 3332 619 αὐτὸς
3353 554 3530 625 λέγει,
3561 553 3773 611 οὐδὲν

2163 647 2415 703 δύναται
2437 651 2472 703 ό
2506 646 2638 714 mc
2657 647 2852 702 ποιεῖν
2870 649 2971 718 ἀφ’
2993 647 3233 715 ἑαυτοῦ,
3257 648 3363 704 ἐὰν
3382 648 3531 718 μήτι
3543 648 3769 721 ,βλέπῃ

2164 739 2271 795 τὸν
2290 739 2526 809 Πατέρα
2554 740 2843 795 ποιοῦντα
2862 756 2881 804 ;

2783 852 3153 921 Ἀπόκρισις.

2237 962 2428 1035 Πάσης
2438 964 2625 1028 ἀνοίας
2636 964 2697 1017 τὺ
2716 964 2888 1028 οὕτως
2913 964 3042 1036 περὶ
3051 964 3144 1020 τὸν
3154 964 3287 1019 Θεοῦ
3305 966 3477 1019 Παῑδα
3492 968 3768 1041 μονογενῆ

2166 1056 2299 1112 Θεὸν
2322 1055 2889 1126 διακεῖσθαι.Ἕψεται
2909 1057 3017 1128 γὰρ
3038 1056 3206 1123 ὅντως
3225 1058 3405 1130 διττὴν
3421 1059 3637 1114 οἴεσθαι
3659 1062 3771 1114 πᾶ-

2169 1165 2269 1202 σαν
2287 1148 2389 1220 τὴν
2416 1148 2614 1212 κτίσιν,
2634 1149 2734 1220 τὴν
2757 1148 2854 1218 μὲν
2872 1146 2961 1201 τοῦ
2993 1146 3200 1215 Πατρὸς
3214 1146 3310 1219 ἤδη
3323 1149 3763 1224 ἀπηρτισμένην,

2166 1240 2267 1313 τὴν
2283 1240 2339 1295 δὲ
2361 1240 2456 1295 τοῦ
2476 1240 2605 1295 Υίοῦ
2630 1241 2711 1295 ἔτι
2741 1241 3052 1314 δρωμένην,
3069 1240 3165 1294 καὶ⁵
3183 1238 3326 1293 κατὰ
3349 1239 3517 1311 μέρος
3537 1241 3764 1308 cicaro-

2172 1331 2365 1403 μένην,
2397 1330 2539 1385 κατὰ
2583 1332 2818 1403 μίμησιν
2854 1331 2954 1403 τῆς
3000 1329 3262 1402 πατρῴας
3288 1331 3761 1402 τεκταινομένην.

2168 1422 2513 1488 Δειξάτωσαν
2549 1425 2729 1479 τοίνυν
2776 1424 2908 1496 ἡμῖν
2950 1424 3001 1477 οἱ
3037 1423 3138 1493 τῆς
3186 1421 3399 1493 ’Δρείου
3434 1423 3637 1494 μανίας
3668 1423 3768 1477 δύο
3875 1454 3890 1476 ο

2170 1515 2357 1587 ἡλίους
2384 1516 2482 1571 καὶ
2526 1514 2621 1569 δύο
2656 1515 2927 1586 φαίνακας
2952 1554 2969 1580 ,
2998 1514 3095 1567 καὶ
3138 1514 3580 1586 διακρινάτωσαν
3621 1517 3763 1586 ἡμῖν

2171 1611 2326 1674 ποῖος
2350 1611 2381 1663 6
2418 1608 2512 1663 τοῦ
2557 1607 2772 1680 Πατρὸς
2791 1649 2805 1674 ,
2832 1608 2918 1672 τίς
2945 1606 2992 1661 δ’
3021 1609 3051 1660 6
3081 1605 3177 1661 τοῦ
3223 1605 3354 1660 Υίοῦ
3379 1624 3392 1638 ·
3427 1608 3526 1661 καὶ
3553 1608 3685 1661 ποία
3716 1610 3752 1679 ή

2171 1700 2269 1756 τοῦ
2303 1701 2517 1773 Πατρὸς
2554 1702 2735 1773 μήνη,
2764 1700 2851 1765 τίς
2880 1699 2938 1753 δὲ
2972 1700 3006 1770 ἡ
3041 1697 3137 1752 τοῦ
3173 1699 3392 1762 Παιδὸς.
3439 1699 3751 1770 Ὀμοίωςδὲ

2178 1795 2273 1851 καὶ
2307 1796 2438 1866 περὶ⁵
2468 1793 2571 1865 τῆς
2599 1793 2799 1866 χέρσου
2825 1793 2920 1847 καὶ
2960 1791 3064 1863 τῆς
3092 1790 3369 1863 θαλάσσης
3396 1791 3623 1855 εἰκότως
3647 1792 3744 1863 ζη-

2172 1890 2344 1960 τήσω.
2392 1886 2517 1952 Πῶς
2561 1885 2620 1940 δὲ
2671 1886 2763 1941 καὶ
2807 1883 3101 1958 ἀληθεύσει
3141 1884 3170 1937 6
3220 1885 3320 1955 τῆς
3365 1883 3600 1955 βροντῆς
3646 1883 3759 1948 υἱὸς

2184 1979 2456 2049 Ἰωάννης,
2487 1979 2516 2032 6
2548 1978 2640 2031 τὸν
2683 1976 2840 2046 λόγον
2883 1977 3014 2048 περὶ
3049 1975 3144 2030 τοῦ
3177 1977 3351 2045 Λόγου
3381 1974 3760 2050 σαρκωθέντος

2171 2075 2238 2147 τῇ
2277 2073 2394 2126 ἐκεῖ
2427 2073 2493 2126 ἐκ
2534 2070 2647 2125 τῶν
2680 2070 2897 2124 κόλπων
2947 2067 3115 2124 αὐτοῦ
3168 2068 3506 2140 μετακλήσει
3545 2069 3763 2141 αρυσά-

2177 2182 2358 2238 μενος,
2392 2164 2489 2218 καὶ
2513 2162 2677 2217 οἱονεὶ
2700 2160 2844 2225 θεῖος
2881 2160 3095 2234 κρατὴρ
3127 2160 3235 2215 ἀπὸ
3279 2161 3490 2234 κρήνης
3532 2161 3762 2216 ἀεννάου

2176 2254 2506 2327 πληρωθεὶς,
2534 2252 2628 2307 καὶ
2654 2251 2737 2318 τὺ,
2762 2249 2968 2306 Πάντα
2991 2249 3065 2305 δι’
3093 2250 3281 2306 αὐτοῦ
3301 2250 3562 2321 ἐγένετο,
3598 2251 3764 2323 ego,»

2174 2341 2370 2414 ὁρίσας
2417 2344 2483 2413 τῇ
2532 2341 2623 2411 ὑφ’
2670 2340 2845 2411 ήλίῳ’
2892 2339 2969 2405 ὡς
3017 2340 3156 2413 πρὸς
3203 2340 3407 2413 μηδένα
3447 2341 3762 2413 ἀρχέτυπόν

2173 2452 2295 2490 τινα
2332 2435 2366 2505 ἢ
2418 2433 2771 2506 παράδειγμα
2802 2432 3015 2506 ὁρῶντα
3058 2433 3149 2488 τὸν
3189 2433 3318 2488 Υίὸν
3370 2434 3552 2489 πάντα
3583 2435 3757 2509 δρᾷνς

2177 2526 2274 2590 Τις
2324 2504 2382 2581 δὲ
2418 2504 2564 2598 ἄρας
2619 2525 2676 2579 '0
2726 2527 2792 2597 τῇ
2830 2504 3078 2598 ἡμετέρᾳ
3111 2524 3272 2595 φύσει
3324 2524 3547 2590 ἐνωθεὶς
3589 2504 3759 2600 aha
3822 2504 3833 2518 ’

2176 2618 2335 2689 νηδύϊ
2361 2616 2463 2687 τῆς
2491 2616 2820 2681 ’Δείπαιδος,
2847 2618 2881 2688 ἢ
2905 2619 3122 2682 πάντως
3143 2620 3172 2673 ὁ
3201 2618 3493 2690 μονογενὴς
3517 2619 3611 2673 τοῦ
3628 2620 3759 2675 Θεοῦ

2178 2710 2353 2779 Παῖς,
2389 2710 2719 2774 ἀποσταλεὶς
2766 2710 2872 2763 ὑπὸ
2910 2710 3005 2764 τοῦ
3046 2710 3259 2782 Πατρδς
3292 2712 3621 2783 γεννηθῆναι
3654 2713 3760 2767 ὑπὸ

2178 2800 2434 2871 γυναικὸς
2454 2842 2470 2867 ,
2500 2799 2683 2860 καθὼς
2714 2803 2744 2855 6
2772 2800 2916 2864 θεῖος
2962 2800 3209 2855 παιδεύει
3263 2802 3595 2866 Ἀπόστολος.
3643 2803 3759 2858 Ποῦ

2176 2888 2271 2947 οὖν
2308 2892 2342 2964 ἢ
2376 2892 2509 2946 πότε
2556 2892 2806 2965 ἀθρήσας
2849 2892 2940 2947 τὸν
2992 2894 3213 2966 Πατέρα
3266 2895 3602 2967 σαρκωθέντα
3657 2897 3757 2950 καὶ

2175 2984 2455 3055 τεχθέντα,
2496 2984 2591 3037 καὶ
2638 2984 3042 3055 σταυρωθέντα,
3076 2986 3173 3041 καί⁵
3202 2988 3450 3057 ταφέντα,
3478 2988 3568 3040 καὶ
3602 2988 3750 3042 ἀνα-

2180 3076 2382 3131 στάντα
2401 3077 2523 3131 κατ’
2554 3078 2739 3137 ἐκεῖνα
2762 3077 3125 3148 διεπράξατο;
3158 3078 3271 3134 Ποῦ
3314 3079 3375 3134 δὲ
3392 3080 3471 3133 τοῦ
3490 3079 3746 3151 Γεννήτο-

2180 3186 2273 3242 po;
2321 3170 2528 3224 ἐπαΐων
2582 3169 2983 3242 παραπλησίως
3029 3172 3232 3245 φησὶν,
3282 3171 3593 3238 Ἕξουσίαν
3634 3172 3758 3243 ἔχω

2177 3258 2366 3313 θεῖναι
2387 3259 2502 3329 τὴν
2534 3260 2749 3331 ψυχήν
2770 3279 2915 3333 μου,
2956 3263 3056 3318 καὶ
3093 3263 3286 3319 πάλιν
3303 3264 3511 3319 λαϐεῖν
3531 3263 3765 3332 αὐτὴν;

2175 3358 2271 3409 καὶ
2302 3355 2386 3409 ὅτι
2424 3355 2634 3424 Οὐδεὶς
2674 3357 2829 3426 αἴρει
2869 3357 3066 3429 αὐτὴν
3110 3360 3212 3415 ἀπ’
3252 3359 3421 3431 ἐμοῦ,
3462 3360 3617 3415 ἀλλ’
3651 3359 3767 3430 ἐγὼ

2174 3450 2373 3519 τίθημι
2416 3450 2615 3519 αὐτὴν
2666 3450 2767 3521 ἀφ’
2822 3451 3083 3518 ἑαυτοῦ,
3133 3452 3245 3508 Ποῦ
3290 3452 3346 3507 δὲ
3394 3453 3487 3506 τὸν
3539 3453 3760 3525 Πατέρα

2174 3540 2425 3613 ἀθρήσας
2473 3544 2755 3617 ὑποζυγίῳ
2792 3546 3184 3618 ὲποχούμενον,
3220 3546 3341 3600 κατ’
3390 3546 3633 3611 ἐκεῖνον,
3677 3546 3751 3608 είς

2186 3634 2547 3709 Ἰερουσαλὴμ
2595 3638 2703 3710 ὄνῳ
2732 3638 3097 3712 καθεξόμενος
3132 3636 3270 3712 ἧκες
3307 3640 3416 3693 Καὶ
3458 3640 3751 3711 ωλλήὸδην

2175 3731 2371 3795 εἰπεῖν,
2407 3730 2543 3804 πρὸς
2574 3731 2727 3786 οὐδὲν
2760 3732 2984 3803 ἀφορῶν
3017 3735 3067 3794 6:
3088 3733 3216 3798 Υἱὸς
3261 3731 3329 3786 τά
3366 3730 3603 3804 ρηθέντα
3632 3731 3762 3802 δρᾷν

2175 3821 2391 3879 εἴωθεν.
2418 3822 2557 3878 Οὔτε
2583 3824 2692 3896 γὰρ
2717 3825 2809 3880 τὸν
2850 3826 3022 3899 Ἀδὰμ
3046 3826 3321 3892 πλάττων,
3348 3828 3444 3880 καὶ
3464 3825 3526 3891 ἐξ
3546 3825 3761 3878 ἐκείνου

2175 3914 2274 3988 τὴν
2300 3914 2445 3971 Εὔαν
2474 3916 2848 3990 δημιουργῶν,
2886 3917 3074 3991 ἕτερον
3105 3919 3324 3989 λογικὸν
3355 3917 3521 3990 ἄρσεν
3546 3916 3581 3989 ἦ
3626 3916 3762 3988 θῆλυ

2178 4009 2285 4063 ὑπὸ
2309 4009 2404 4063 τοῦ
2435 4009 2651 4083 Πατρὸς
2678 4010 2901 4081 γεγονὸς
2924 4010 3091 4082 ἑώρα,
3124 4013 3263 4085 πρὸς
3287 4013 3461 4065 ἐκεῖνο
3478 4008 3540 4062 τὸ
3558 4010 3766 4062 οἰκεῖον

2174 4101 2795 4174 άποτεχνούμενοςάλῖ
2826 4103 3091 4183 αὐθέντης
3109 4105 3371 4177 ὑπάρχων
3398 4101 3763 4174 δημιουργὸς,

2176 4199 2272 4254 καὶ
2315 4197 2662 4264 αύτεξούσιος
2706 4198 2816 4253 τῶν
2863 4197 3002 4252 ὅλων
3030 4198 3194 4263 Θεὸς,
3243 4199 3351 4270 πρὸ
3390 4194 3765 4269 σαρκώσεως,

2176 4297 2273 4350 καὶ
2309 4294 2427 4367 μετ’
2473 4294 2693 4365 ἐκείνην
2743 4294 2773 4347 6
2818 4293 2983 4357 αὐτὸς
3033 4292 3361 4366 βουληθῆναι
3401 4292 3580 4347 πάντα
3617 4290 3763 4363 δρᾷν

2174 4382 2289 4451 οἷός
2317 4403 2379 4439 τε
2406 4384 2501 4440 ὧν.
2534 4387 2655 4441 Ἵνα
2684 4381 2780 4440 οὖν
2827 4388 2903 4459 μὴ
2934 4386 3178 4441 ἀντίθεον
3210 4386 3372 4440 αὐτὸν
3402 4386 3436 4459 ἢ
3485 4385 3755 4458 πατρολύ-

2179 4497 2288 4553 μαν
2326 4479 2584 4553 οιηοῶσιν
2611 4485 2661 4537 οἱ
2699 4482 2837 4556 πρὸς
2869 4480 3034 4535 αὑτὸν
3063 4480 3466 4551 άμὸλύττοντες
3489 4519 3504 4544 ,
3559 4479 3750 4551 φησίν·

2171 4571 2366 4628 Οὐδὲν
2409 4572 2660 4629 δύναται
2707 4578 2741 4629 ὁ
2791 4572 2926 4641 Υἱὸς
2954 4570 3149 4627 ποιεῖν
3187 4573 3289 4642 ἀφ’
3335 4570 3557 4626 ἑαυτοῦ
3583 4614 3599 4638 ,
3647 4571 3750 4626 ἐὰν

2172 4663 2321 4736 μήτι
2350 4665 2559 4735 βλέπῃ
2612 4666 2720 4720 τὸν
2761 4667 2995 4736 Πατέρα
3026 4665 3340 4721 ποιοῦνταο
3383 4666 3503 4737 ἅμα
3543 4666 3604 4721 δὲ
3651 4665 3743 4721 καὶ

2178 4758 2573 4832 φιλοπατορίαν
2606 4761 2754 4833 ἡμᾶς
2791 4760 3083 4817 παιδεύων.

2737 5045 2987 5099 ΠΕΥΣῘΣ
3021 5044 3189 5101 PAA'.

2244 5136 2359 5192 Καὶ
2384 5135 2502 5200 πῶς
2536 5134 2779 5208 Ἰακώϐῳ
2805 5138 2900 5192 καὶ
2931 5138 3155 5213 ζιωάννῃ
3180 5139 3294 5201 τοῖς
3308 5138 3447 5202 υἱοῖς
3470 5136 3760 5194 Ζεσεδαίου

2175 5226 2574 5301 συγκαθεδρίαν
2604 5226 2821 5283 αίτοῦσί
2851 5245 2984 5300 φησι
3008 5271 3023 5295 ,
3060 5229 3132 5285 Τὸ
3160 5229 3405 5283 καθίσαι
3434 5228 3502 5283 ἐκ
3536 5227 3759 5292 δεξιῶν

2168 5336 2290 5390 μου
2324 5320 2424 5375 καί
2475 5318 2548 5386 ἐξ
2584 5321 2927 5391 εὐωνύμων,
2971 5324 3084 5377 οὐκ
3110 5321 3288 5377 ἐστιν
3312 5319 3461 5391 ἐμὸν
3503 5319 3756 5387 δοῦναι,

2174 5409 2314 5466 ἀλλ’
2348 5405 2439 5477 οἷς
2476 5411 2835 5481 ἡτοίμασται
2865 5411 2987 5467 ὑπὸ
3013 5411 3121 5467 τοῦ
3163 5412 3395 5481 Πατρός
3421 5429 3561 5481 μου.
3602 5412 3758 5467 Διατί

2179 5502 2257 5574 μὴ
2284 5501 2361 5567 ὡς
2384 5502 2649 5573 αὐθέντης
2686 5498 2861 5572 εἷπεν,
2894 5499 2990 5568 Οἷς
3010 5504 3357 5576 ἡτοίμασα,ἢ
3386 5499 3482 5570 Οἷς
3506 5504 3757 5576 θελήσως

2177 5593 2293 5648 ἀλλ’
2340 5594 2432 5648 ἐπὶ
2466 5594 2561 5650 τὸν
2590 5595 2814 5669 Πατέρα
2850 5596 3048 5663 αὐτοὺς
3068 5597 3464 5669 άπεπέμψατος
3495 5597 3668 5653 Τοῦτο
3704 5594 3765 5650 δὲ

2177 5684 2280 5738 οὐκ
2307 5683 2456 5739 ἔστιν
2489 5683 2869 5752 αὑτεξουσίου.

569 5855 616 5889 ⁸⁸
647 5854 806 5913 Joan.
847 5875 898 5924 v,
939 5859 1031 5916 i9.
1103 5858 1152 5893 "
1187 5856 1346 5915 Joan.
1387 5874 1428 5926 I,
1467 5858 1521 5916 '5.
1582 5859 1641 5933 _"
1678 5857 1839 5917 Joan.
1875 5877 1931 5928 ι,
1986 5859 2070 5919 18.

2178 5859 2355 5936 {ibim
2499 5859 2745 5939 Joan._v,
2779 5862 2868 5922 l9.
2914 5863 2957 5947 _f
2986 5863 3181 5923 Matth.
3215 5878 3308 5935 xx,
3332 5860 3436 5939 23..
