4000 6398
307 337 466 394 ιοδδ

935 458 1291 526 Ἀπόκρισις.-

391 549 510 620 οὑχ
555 547 631 612 ὼς
677 547 752 620 μὴ
797 544 911 612 οἷός
953 566 1013 602 τε
1056 550 1380 622 παρασχεῖν,
1437 545 1736 609 ἀπείπατο,
1792 545 1906 599 ἀλλ’

319 638 536 709 εὐλόγῳ
573 638 680 692 τινί
713 639 985 708 ἀποφάσει
1025 638 1380 694 καταστέλλει
1422 637 1604 692 αὐτῶν
1632 639 1731 708 τὴν
1760 637 1910 706 οἰδη-

320 746 436 795 etv,
472 730 568 783 καὶ
604 731 704 800 τὴν
729 733 873 786 κατά
902 731 1011 784 τῶν
1057 731 1444 803 συμφοιτητῶν
1473 729 1812 801 κορύφωσιν,
1839 731 1911 784 δι’

316 823 550 876 ἐκείνων
581 826 676 877 καί¹
702 826 829 888 τοὺς
857 825 1076 888 λοιποὺς
1105 825 1477 896 σωφρονίζων,
1505 825 1602 878 καὶ
1635 825 1726 877 τὸν
1762 823 1906 894 σμύο

317 932 490 985 χοντα
521 917 704 978 αὑτοῖς
732 918 930 970 ἄτοπον
955 917 1133 987 ἔρωτα
1169 917 1278 970 τῶν
1307 917 1590 990 πρωτείων
1624 915 1907 988 μαραίνων

317 1006 402 1076 τῷ
425 1007 710 1078 πληκτικῷ
732 1009 830 1078 τῆς
845 1010 1192 1078 ἀποφάσεως.
1210 1009 1285 1062 Οὐ
1313 1009 1421 1080 γάρ
1448 1026 1632 1080 φησιν,
1659 1010 1741 1062 ὅτι
1760 1009 1909 1079 Παρ-

318 1099 438 1170 ἐχει
461 1103 591 1171 ὑμῖν
620 1101 836 1165 πάντως
859 1105 888 1156 ό
909 1103 1118 1174 Πατὴρ,
1143 1103 1279 1166 ἀλλ’,
1308 1098 1410 1168 οἶς
1432 1101 1790 1170 ἡτοίμασται
1814 1118 1911 1154 πο-

316 1191 528 1249 νοῦσιν.
572 1193 886 1247 ὑπονύττων
915 1196 1112 1258 αὑτοὺς
1141 1194 1275 1264 πρὸς
1306 1195 1508 1266 ἀρετὴν
1530 1195 1626 1247 καὶ
1656 1193 1906 1264 ἀνδρίαν·

315 1283 544 1356 πρῶτον
599 1285 696 1356 τὴν
740 1285 950 1341 εὔνοιαν
1002 1287 1396 1353 ἐπιδείξασθαι,
1454 1287 1547 1341 καλ⁴
1587 1286 1726 1358 πρὸς
1780 1286 1908 1348 τοὺς

313 1374 542 1441 ἀγῶνας
571 1375 965 1441 ἀποδύσασθαι,
996 1379 1090 1431 καὶ
1121 1377 1220 1450 τὴν
1251 1378 1390 1449 ὑπὲρ
1416 1376 1580 1432 αὑτοῦ
1610 1377 1714 1440 ἕως
1741 1376 1907 1430 θανά-

314 1478 421 1516 του
464 1461 716 1517 ἔνστασιν
765 1467 860 1518 καί⁵
905 1466 1207 1536 ἀναίρεσιν.
1253 1465 1422 1520 Οὔπω
1463 1466 1594 1537 γάρ,
1636 1468 1792 1536 φησί,
1839 1465 1909 1518 τά

319 1559 436 1630 ἑμά
463 1558 792 1630 ἐκηρύξατε,
833 1563 928 1614 καὶ
959 1561 1079 1624 πῶς
1104 1561 1204 1626 τάς
1230 1562 1414 1631 φωνὰς
1443 1561 1736 1632 κηρύττειν
1763 1561 1908 1632 ἰμεί-

321 1647 509 1720 ρεσθε,
533 1648 744 1702 οὐδέπω
777 1649 1130 1721 ραπισθέντες
1160 1651 1301 1722 ὑπὲρ
1330 1650 1464 1722 ἑμοῦ
1491 1667 1504 1714 ;
1543 1650 1908 1704 Ἀποδύσασθε

317 1740 504 1793 τοίνυν
550 1739 690 1811 πρὸς
737 1742 866 1804 τοὺς
895 1741 1112 1809 ἀγῶνας
1141 1743 1198 1795 ἑν
1226 1741 1306 1812 τῷ
1351 1741 1580 1812 σταδίῳ,
1613 1742 1908 1795 κατέλθετε

319 1831 422 1884 ἐπὶ
448 1832 509 1884 τὸ
543 1831 798 1902 σκάμμα,
844 1833 1278 1904 αὑτομολήσατε,
1315 1833 1608 1905 ἀχείρωτοι
1651 1833 1871 1902 μείνατε
1893 1873 1908 1897 ,

321 1922 424 1977 καὶ
450 1923 566 1992 ἀμα
587 1922 668 1994 τῷ
689 1922 917 1995 λυθῆναι
937 1923 1031 1978 τοῦ
1066 1925 1334 1994 παρόντος
1355 1924 1552 1989 αἰῶνος
1579 1924 1641 1978 τὸ
1660 1925 1907 1997 θέατρον,

325 2013 441 2082 ἑγὼ
497 2015 625 2085 ὑμῖν
669 2014 879 2069 ἔπαθλα
918 2017 1044 2080 τοῦς
1087 2015 1312 2087 θρόνους
1351 2012 1510 2080 αὖθις
1553 2017 1866 2088 παρέχομαι
1893 2059 1908 2082 ,

324 2103 426 2159 νῦν
458 2105 504 2158 δ’
543 2106 687 2177 ὑμᾶς
717 2106 944 2170 εἰκότως
987 2107 1354 2180 ἀποσείομαι·
1395 2109 1492 2161 τοῦ
1536 2109 1755 2178 Πατρός
1806 2109 1910 2178 φά-

323 2213 550 2262 σκοντος
586 2200 817 2264 ἐκείνοις
847 2199 1158 2270 δωρεῖσθαι.
1195 2202 1271 2254 Οὑ
1314 2200 1424 2272 γὰρ
1456 2201 1658 2272 ἑτέρως
1696 2197 1808 2254 οἷόν
1852 2219 1912 2255 τε

321 2289 484 2360 ὑμῶν
514 2291 616 2361 τὴν
642 2291 856 2362 μητέρα
882 2291 978 2343 καὶ
1005 2292 1151 2360 ὑμᾶς
1174 2292 1524 2361 διοχλούντας
1553 2293 1908 2365 ἀποκρούσαο

322 2382 474 2436 σθαι.
515 2383 587 2435 Ἢ
631 2382 773 2434 κατά
821 2383 947 2445 τοὺς
980 2384 1288 2453 παρασχεῖν
1330 2400 1383 2436 τι
1415 2383 1522 2454 πρὸ
1563 2383 1758 2454 καιροῦ
1796 2387 1910 2448 τοῖς

320 2474 538 2527 αἰτοῦσι
575 2473 649 2545 μὴ
686 2473 1064 2544 βουλομένους,
1100 2474 1216 2529 ἀλλ’
1249 2475 1422 2546 ἑτέρῳ
1454 2475 1560 2530 τινί
1588 2475 1687 2547 τὴν
1720 2477 1912 2530 αὐθεν-

320 2565 449 2615 τίαν
480 2563 750 2632 ὑπάρχειν
782 2564 1332 2634 προσωπευομένους,
1369 2565 1568 2635 μήπως
1599 2565 1910 2636 κομισάμε-

321 2671 429 2718 νοι,
467 2654 827 2726 ρᾳθυμότεροι
863 2655 1004 2725 πρὸς
1046 2656 1147 2725 τὴν
1181 2654 1395 2709 εῦνοιαν
1425 2657 1522 2727 καὶ
1555 2657 1781 2728 ἀνδρίαν
1809 2657 1907 2727 γέ-

320 2764 548 2812 νωνται,
583 2746 912 2818 ἀρκούμενοι
941 2746 1019 2817 τῷ
1051 2747 1279 2813 δοθέντι,
1329 2749 1528 2818 μηκέτι
1571 2752 1754 2802 πονεῖν
1786 2749 1910 2820 βου-

319 2842 560 2912 λόμενοι.
581 2838 738 2893 Οῦτω
758 2839 866 2910 γὰρ
885 2840 980 2893 καὶ
1004 2841 1054 2893 οἰ
1081 2842 1173 2894 ἐπὶ
1200 2841 1302 2911 γῆς
1326 2841 1702 2911 βασιλεύοντες
1734 2847 1908 2898 ποιεῖν

321 2930 574 2992 εἰώθασι,
605 2928 929 3000 προεδρείας
957 2930 991 3000 ἢ
1027 2934 1363 3000 στρατηγίας
1390 2929 1543 3001 παρά
1565 2949 1728 2985 τινων
1761 2933 1908 2987 ἑκλι-

321 3021 690 3094 παρούμενοι·
721 3020 903 3093 κύριοι
943 3021 1043 3091 μὲν
1069 3021 1164 3075 τοῦ
1193 3022 1375 3075 δοῦναι
1411 3023 1768 3094 ὑπάρχοντες,
1800 3026 1908 3094 πρὸ

323 3109 522 3184 καιροῦ
542 3111 693 3180 δὲμὴ
728 3109 1062 3181 βουλόμενοι,
1088 3111 1276 3183 ἕτερος
1308 3112 1496 3184 ἑτέρου
1527 3113 1624 3184 τὴν
1657 3115 1908 3178 ἐξουσίαν

325 3203 733 3278 ἀποτιθέμενοι,
762 3207 828 3275 τῇ
859 3204 1166 3276 καραδοκίᾳ
1193 3206 1289 3274 τῆς
1326 3207 1598 3277 ὑπεροχῆς
1621 3209 1748 3271 τοὺς
1808 3210 1914 3263 ἰκέ-

324 3317 427 3364 τας
448 3299 588 3370 ὑπὲρ
609 3299 708 3368 τῆς
739 3295 1014 3366 βασιλείας
1043 3296 1422 3367 διεγείροντες,
1452 3299 1546 3350 καὶ
1579 3298 1910 3369 ἁμιλλᾶσθαι

325 3392 528 3456 αὐτοὺς
572 3388 860 3461 ἀλλήλοις,
905 3388 999 3440 καὶ
1054 3390 1290 3459 σφριγᾷν
1343 3388 1438 3442 καὶ
1491 3389 1909 3462 παραθήγεσθαι

326 3481 471 3537 κατά
499 3481 607 3534 τῶν
624 3479 899 3548 πολεμίων
924 3477 1452 3549 παρασκευάζοντες.
1491 3481 1726 3553 Ἑτέρως
1747 3500 1806 3536 τε
1829 3483 1907 3537 δέ·

327 3573 452 3626 ista!
503 3571 721 3623 ἐδόκουν
744 3568 904 3622 αὑτὺν
926 3567 1023 3638 τὴν
1049 3569 1142 3622 ἐπὶ
1158 3570 1260 3638 γῆς
1278 3570 1613 3641 πρόσκαιρον
1635 3570 1911 3641 βασιλείαν

330 3659 656 3730 βασιλεύειν,
697 3660 861 3728 φησὶν
901 3660 1105 3723 αὑτοῖς,
1135 3663 1258 3712 Οὺκ
1281 3661 1482 3714 cloare
1511 3663 1569 3715 τί
1605 3665 1866 3718 αἰτεῖσθε
1893 3682 1907 3696 ⁸

328 3751 567 3815 ὡσανεὶ,
627 3749 932 3818 Ἐκνήψατε
956 3787 970 3810 ,
1009 3741 1054 3800 ὦ
1096 3750 1350 3818 φοιτηταί
1394 3768 1528 3820 μου,
1571 3753 1808 3824 ἀνάϐητε
1842 3758 1909 3826 τῇ

328 3839 540 3910 διανοίᾳ
567 3839 623 3891 ἑν
640 3840 706 3908 τῇ
734 3839 838 3907 ἑμῇ
872 3836 1137 3907 βασιλείᾳ,
1175 3837 1250 3908 μὴ
1282 3840 1408 3910 περί
1435 3839 1504 3892 τὰ
1522 3843 1911 3913 παριπτάμενα

327 3928 485 4001 δίκην
521 3926 839 3998 νυκτερινοῦ
871 3927 1156 3997 φάσματος
1177 3968 1191 3990 ,
1243 3932 1320 3999 μὴ
1347 3930 1476 3998 περὶ
1500 3930 1568 3983 τὰ
1596 3932 1912 4003 χαμαίζηλα

327 4016 430 4092 ἦτε
458 4019 788 4091 γεγηθότεςο
828 4020 1037 4089 μήποτε
1076 4021 1170 4072 καὶ
1199 4019 1351 4089 παρά
1398 4021 1492 4074 τοῦ
1543 4023 1757 4094 Πατρός
1808 4043 1910 4096 μου

328 4113 620 4183 ἀκούσητε,
633 4113 745 4166 Οὑκ
757 4111 902 4165 ἐστιν
917 4111 1049 4182 ἐμὸν
1063 4111 1245 4167 δοῦναι
1256 4113 1463 4178 ἁπλῶς,
1476 4115 1589 4167 ἀλλ’
1607 4117 1735 4186 ὑμῖν
1751 4117 1914 4171 ἀπαι-

327 4206 488 4276 τῆσαι
517 4205 612 4275 τὴν
634 4203 741 4259 τῶν
759 4203 984 4272 ἀγώνων
1009 4206 1102 4258 καὶ
1129 4203 1365 4276 ἱδρώτων
1390 4206 1731 4277 ἀντάμειψιν.
1746 4211 1914 4278 Ἀγα-

336 4313 434 4365 μαι
452 4295 562 4366 γάρ
594 4295 832 4364 ὀφείλειν
857 4295 985 4366 ὑμῖν
1013 4296 1246 4360 εὐνοίας,
1278 4296 1310 4366 ἦ
1338 4298 1589 4366 ἐγκαλεῖν
1616 4300 1910 4372 ῥᾳθυμίας.

332 4389 446 4442 Οὑκ
489 4387 636 4440 ἐστιν
669 4387 802 4459 ἐμὸν
844 4386 1050 4452 δοῦναι,
1094 4387 1206 4441 ἀλλ’
1253 4390 1372 4442 οὑδὲ
1406 4389 1498 4442 τοῦ
1550 4391 1763 4462 Πατρός
1805 4411 1912 4464 μου

330 4481 518 4544 ἀπλῶς
555 4481 669 4543 τοῖς
701 4477 964 4545 αἰτοῦσιν,
1007 4479 1129 4532 ἐπεὶ
1160 4478 1226 4533 ἂν
1270 4483 1451 4548 φονεῖς
1483 4483 1574 4535 καὶ
1605 4485 1784 4552 μοιχοὶ
1817 4487 1911 4540 καὶ

335 4572 443 4634 πᾶς
494 4569 769 4642 μοχθηρὸς
816 4571 908 4624 καὶ
952 4571 1249 4635 ἀκόλαστος
1305 4573 1582 4637 αἰτοῦντες
1642 4575 1733 4643 μοὶ
1783 4594 1914 4645 συγ-

332 4661 666 4714 καθίσονται.
697 4662 809 4714 Οὐκ
829 4661 974 4714 ἑστιν
996 4662 1285 4733 ἡμέτερον,
1311 4663 1404 4716 τοῦ
1434 4663 1615 4718 δοῦναι
1640 4665 1786 4736 εἰκῆ,
1821 4669 1915 4721 καὶ

334 4750 723 4818 παραχαράξαι
750 4749 813 4801 τὸ
837 4749 1068 4804 δίκαιον.
1117 4751 1498 4822 Δικαιοκρίτου
1537 4753 1647 4822 γὰρ
1679 4753 1742 4806 τὸ
1771 4757 1914 4826 πρὸς

333 4835 488 4902 ἀξίαν
515 4837 728 4906 ἑκάστῳ
753 4837 1064 4906 ἀπονέμειν,
1090 4841 1182 4892 καὶ
1214 4841 1287 4911 μὴ
1317 4843 1440 4903 τοὺς
1467 4841 1746 4912 ἰδροῦντας
1773 4861 1913 4916 παρο

335 4926 484 4988 ιδεῖν,
526 4925 620 4978 καὶ
649 4924 915 4996 ῥᾳθύμοις
951 4931 1270 4997 παρασχεῖν.
1297 4931 1360 4981 Εἰ
1381 4931 1558 4982 τοίνυν
1577 4929 1684 4982 τῶν
1705 4931 1910 5002 θρόνων

329 5018 515 5088 ὁρᾶτε,
545 5017 670 5082 τοῦς
696 5015 914 5086 ἀγῶνας
941 5016 1042 5069 οὑκ
1074 5017 1338 5084 ἀγνοεῖτε,
1375 5020 1512 5092 πρὸς
1537 5021 1629 5085 οὓς
1663 5023 1908 5092 ὀφείλετε

332 5109 704 5163 ἀποδύσασθαι
730 5125 745 5142 ο
792 5109 868 5180 μὴ
905 5107 982 5179 τῷ
1008 5109 1232 5180 τρίϐωνι
1271 5110 1364 5162 καὶ
1394 5113 1462 5182 τῇ
1489 5113 1672 5186 ὑπήνῃ
1715 5114 1812 5168 καὶ
1840 5117 1906 5187 τῇ

335 5199 606 5271 βακτηρίᾳ
657 5199 838 5271 μόνοις
869 5199 1349 5272 ἑναόρυνόμενοι,,
1382 5202 1516 5256 ἀλλά
1553 5207 1668 5268 τοῖς
1716 5205 1908 5269 πόνοις

331 5291 458 5353 τοὺς
492 5289 712 5362 θρόνους
755 5291 1137 5364 ἐξωνούμενοι,
1180 5292 1275 5346 καὶ
1318 5295 1380 5348 τό
1410 5296 1691 5366 κριτήριον
1730 5297 1909 5350 ἱλεού-

333 5399 505 5453 μενοι.

896 5565 1143 5619 ΠΕΥΣΙΣ
1180 5568 1348 5623 PAB'.

413 5654 526 5708 Καὶ
557 5654 605 5708 εἰ
637 5654 712 5718 ὠς
744 5657 772 5708 ό
799 5655 988 5726 Πατὴρ
1028 5656 1326 5728 δυνάμενος
1373 5661 1468 5714 καὶ
1497 5661 1843 5728 αὑτεξούσιος
1875 5666 1904 5718 ό

409 5793 430 5823 ⁸
465 5789 650 5846 Matth.
685 5807 776 5855 xx,
810 5790 908 5844 29..

491 5891 571 5950 PA
592 5905 771 5952 mou
797 5889 916 5948 Gn.
955 5882 1316 5946 XXXVIII.

1721 335 2073 400 DIALOGUS
2109 337 2194 394 Ill.

3469 337 3612 393 1034

2656 453 2958 516 Responsio.

2090 543 2208 599 Non
2259 545 2414 616 quasi
2464 547 2772 615 praestando
2799 561 2908 597 non
2939 552 3105 608 esset,
3149 544 3452 616 denegavit,
3511 544 3606 599 sed

2020 637 2268 706 prudenti
2313 637 2547 707 quodam
2601 643 2862 707 praetextu
2891 637 2958 690 ad
3006 636 3330 692 modestiam
3387 650 3610 694 revocat

2017 729 2260 798 ipsorum
2281 727 2478 784 fastum
2489 769 2502 792 ,
2515 738 2569 784 et
2582 730 2847 785 adversus
2865 729 3271 800 condiscipulos
3286 730 3607 786 elationem:

2018 837 2114 890 per
2139 823 2261 878 illos
2303 823 2464 877 etiam
2504 823 2744 894 reliquos
2787 823 3082 894 castigans,
3123 831 3179 878 et
3220 837 3513 878 accensum
3549 823 3605 876 in

2017 915 2150 983 ipsis
2185 915 2483 970 absurdum
2530 931 2774 971 amorem
2823 916 3096 985 primatus
3121 916 3479 985 exstinguens
3502 924 3610 969 ter-

2017 1023 2143 1062 rore
2172 1009 2570 1077 dencgatiunis.
2603 1008 2720 1064 Non
2746 1008 2891 1064 enim
2920 1008 3085 1064 dicit:
3118 1009 3356 1062 Omnino
3384 1008 3610 1080 largitur

2017 1099 2070 1153 id
2098 1102 2251 1156 vobis
2266 1101 2452 1168 Pater,
2486 1100 2798 1172 sed,quibu:
2823 1111 3073 1169 paratum
3101 1111 3177 1155 est
3203 1101 3608 1164 laborantibus,

2014 1193 2375 1246 exstimulans
2420 1192 2573 1262 ipsos
2613 1191 2678 1245 ad
2711 1194 2968 1245 virtutem
3001 1201 3055 1246 et
3087 1192 3490 1256 fortitudinem,
3548 1203 3610 1248 ut

2018 1283 2254 1352 primttm
2290 1282 2727 1338 benevolentiam
2769 1284 3238 1344 demonstrarent,
3297 1285 3362 1338 ad
3428 1295 3610 1338 certa-

2019 1375 2161 1429 mina
2189 1384 2362 1430 semet
2394 1375 2760 1444 aceingerent,
2793 1389 2892 1443 pro
2922 1375 3040 1444 ipso
3073 1375 3140 1428 atl
3175 1384 3407 1429 mortem
3435 1390 3610 1445 usque

2016 1476 2334 1522 constanter
2389 1476 2820 1536 perseverarent.
2878 1465 3136 1536 Nondum
3189 1467 3357 1533 enim,
3409 1469 3606 1539 inquit,

2016 1560 2138 1616 aliis
2167 1576 2287 1616 mea
2333 1560 2700 1630 praedicastis:
2744 1569 2798 1614 et
2839 1573 2950 1628 quo
2991 1559 3206 1614 tandem
3249 1570 3407 1629 pacto
3447 1577 3608 1617 voces

2019 1653 2348 1706 annuntiare
2403 1651 2752 1716 desideratis,
2801 1651 3048 1706 nondum
3095 1667 3195 1721 pro
3233 1668 3320 1706 me
3358 1654 3606 1723 colaphis

2013 1745 2178 1799 caesi?
2220 1743 2452 1799 Proinde
2496 1743 2824 1813 expedimini
2871 1743 2937 1798 ad
2969 1743 3271 1798 certamina
3305 1744 3359 1798 in
3400 1745 3601 1806 stadio,

2012 1834 2324 1892 descendite
2349 1836 2402 1890 in
2423 1835 2618 1890 theatri
2637 1850 2878 1897 caveam,
2903 1835 3112 1890 alacres
3141 1833 3394 1899 incedite,
3417 1834 3604 1889 invicti

2013 1936 2250 1994 manete,
2280 1936 2334 1981 et
2356 1927 2761 1996 quamprimum
2796 1925 3080 1995 praesentis
3109 1924 3296 1979 saeculi
3329 1923 3603 1978 theatrum

2013 2017 2251 2073 solutum
2287 2016 2472 2080 fuerit,
2523 2031 2627 2085 ego
2656 2031 2781 2070 mox
2830 2015 2985 2070 vobis
3033 2015 3124 2070 illa
3155 2015 3294 2070 solia
3341 2023 3602 2085 tanquam

2013 2115 2233 2182 prtemia
2262 2110 2582 2166 certaminis
2613 2110 2830 2182 largiar.
2867 2107 3027 2163 Nunc
3060 2117 3242 2162 autem
3272 2122 3368 2164 vos
3401 2109 3603 2160 merito

2015 2201 2222 2272 rejicio.
2268 2201 2551 2256 Dabuntur
2583 2201 2650 2255 iis
2686 2201 2890 2270 quibus
2931 2198 3091 2254 Pater
3115 2199 3362 2268 jusserit.
3413 2197 3604 2267 Neque

2012 2295 2156 2348 enim
2185 2293 2293 2347 alio
2339 2293 2502 2348 modo
2532 2302 2712 2347 vestra
2737 2303 2912 2346 mater
2944 2299 2998 2345 et
3026 2305 3122 2344 vos
3144 2305 3268 2345 cum
3305 2291 3404 2344 hac
3425 2299 3604 2344 vestra

2015 2383 2265 2438 molestia
2319 2383 2503 2452 repelli
2546 2382 2796 2452 potestis.
2848 2381 2956 2435 Aut
2998 2381 3108 2450 agit
3147 2395 3214 2435 eo
3249 2380 3434 2443 modo,
3490 2394 3603 2449 quo

2013 2475 2190 2530 solent
2220 2475 2312 2544 qui
2335 2474 2540 2544 aliquid
2564 2482 2689 2528 ante
2717 2481 2931 2542 tempus
2965 2481 3224 2542 praestare
3254 2473 3471 2538 nolunt,
3504 2472 3602 2526 sed

2011 2566 2103 2621 alii
2131 2567 2292 2621 alicui
2322 2570 2606 2635 potestatis
2630 2565 3012 2619 auctoritatem
3055 2579 3183 2619 esse
3211 2563 3494 2624 simulant,
3534 2577 3604 2616 ne

2011 2655 2231 2726 quando
2263 2655 2586 2724 receperint,
2615 2654 2899 2724 segniores
2933 2654 3000 2708 ad
3035 2654 3371 2709 alacritatem
3401 2665 3453 2708 et
3488 2653 3604 2710 Ior-

2013 2748 2298 2801 titudinem
2351 2746 2502 2811 ﬁant,
2549 2745 2794 2799 contenti
2820 2759 2887 2798 eo
2919 2745 3065 2814 quod
3111 2746 3300 2800 datum
3333 2755 3436 2812 est,
3491 2763 3602 2802 non

2011 2839 2246 2910 amplius
2269 2839 2520 2893 laborare
2555 2837 2819 2893 volentes.
2859 2836 2953 2893 Sic
2983 2839 3129 2894 enim
3156 2848 3210 2892 et
3234 2838 3325 2909 qui
3364 2839 3417 2893 in
3445 2841 3605 2896 terris

2017 2942 2267 3001 regnant,
2296 2929 2475 2986 facere
2503 2946 2860 2994 consuevere,
2903 2930 3124 2999 quando
3156 2931 3226 2984 ab
3271 2931 3404 3000 ipsis
3433 2932 3602 3002 aliqui

2018 3022 2310 3092 dignitates
2337 3021 2629 3090 praesidum
2661 3029 2716 3074 et
2746 3019 2942 3082 cilicia,
2980 3021 3058 3076 vel
3096 3021 3319 3089 imperia
3361 3023 3438 3076 rei
3463 3023 3605 3077 mili-

2019 3112 2155 3167 taris
2185 3111 2499 3181 eﬂlagitant,
2537 3112 2662 3166 licet
2704 3128 2868 3182 penes
2897 3114 3046 3182 ipsos
3081 3114 3175 3176 sit,
3232 3122 3359 3168 ante
3388 3123 3603 3184 tempus

2021 3211 2201 3256 tamen
2234 3201 2368 3255 dare
2415 3202 2685 3265 nolentes,
2721 3203 2861 3256 alius
2906 3203 2973 3257 ad
3015 3203 3182 3256 alium
3217 3201 3267 3256 id
3318 3202 3604 3271 potestatis

2020 3292 2284 3350 referunt.
2300 3293 2708 3362 exspectatione
2725 3293 3003 3364 dignitatis
3019 3293 3302 3348 ministros
3318 3309 3417 3362 pro
3435 3309 3604 3362 regno

2017 3385 2341 3450 excitantes,
2396 3392 2564 3454 utque
2625 3385 2770 3438 inter
2819 3399 2879 3440 se
2929 3394 3156 3449 certent,
3217 3395 3270 3440 et
3327 3385 3606 3446 enitantur

2017 3475 2260 3529 acriores
2286 3478 2546 3530 adversus
2573 3475 2757 3533 hostes
2779 3475 3025 3544 ﬁeri,eos
3057 3484 3451 3546 praeparantes.
3508 3473 3605 3530 Vel

2017 3563 2183 3617 etiam
2213 3563 2319 3617 alia
2352 3563 2583 3631 ratione,
2627 3561 2752 3633 quia
2783 3565 3046 3632 putabant
3090 3564 3267 3633 ipsum
3305 3563 3603 3632 temporale

2019 3673 2246 3728 regnum
2281 3658 2332 3712 in
2353 3666 2494 3712 terra
2523 3657 3057 3722 administraturum,
3088 3657 3164 3710 ait
3194 3655 3330 3709 illis:
3372 3654 3604 3708 Nescitis

2017 3747 2144 3816 quid
2178 3749 2426 3816 petitis”:
2474 3747 2635 3816 quasi
2681 3748 2830 3802 dicat
2871 3765 2884 3801 :
2929 3746 3210 3816 Evigilate,
3259 3759 3464 3814 quaeso,
3519 3744 3604 3798 di-

2020 3838 2213 3906 scipnli
2235 3839 2363 3901 mei,
2384 3838 2660 3893 ascendite
2689 3847 2872 3892 mente
2901 3837 2953 3891 itt
2987 3852 3167 3890 meum
3203 3851 3463 3904 regnum;
3492 3850 3602 3888 non

2019 3929 2184 3984 exiis
2229 3944 2360 3998 quae.
2384 3929 2558 3983 instar
2605 3929 2858 3984 nocturni
2888 3928 3084 3997 spectri
3140 3928 3601 3993 circumvolitant,

2021 4033 2199 4087 neque
2219 4020 2284 4072 de
2325 4019 2576 4074 sordibus
2616 4018 2766 4072 ltumi
2807 4018 3114 4088 iacentibus
3145 4019 3477 4088 voluptatem
3511 4034 3595 4074 ca-

2022 4113 2151 4181 pite,
2190 4126 2256 4165 ne
2288 4111 2508 4180 quando
2534 4128 2562 4164 a
2594 4109 2753 4166 Patre
2777 4126 2995 4181 quoque
3033 4126 3155 4165 meo
3180 4111 3451 4166 audiatis:
3481 4110 3600 4165 Non

2020 4211 2103 4258 est
2141 4219 2322 4257 meum
2371 4202 2690 4270 simpliciter
2729 4203 2881 4269 dare,
2940 4203 3032 4257 sed
3085 4219 3115 4256 a
3155 4204 3310 4258 vobis
3358 4205 3600 4259 vicissim

2014 4294 2229 4363 exigere
2272 4293 2632 4348 certaminum
2677 4304 2728 4348 et
2779 4296 3041 4349 sudorum
3076 4299 3598 4364 compensationem.

2016 4385 2157 4440 Malo
2200 4385 2344 4440 enim
2385 4385 2539 4440 vobis
2575 4385 2777 4441 debere
2806 4394 3024 4456 propter
3057 4387 3372 4442 benevolam
3399 4389 3600 4442 alacri-

2016 4486 2203 4540 tatem,
2237 4492 2402 4546 quam
2444 4491 2705 4531 accusare
2746 4478 3075 4532 socordiam.
3138 4476 3257 4532 Non
3289 4489 3373 4534 est
3417 4496 3598 4534 meum

2015 4569 2167 4631 dare,
2218 4577 2274 4621 at
2316 4582 2494 4636 neque
2520 4565 2700 4621 Patris
2727 4567 2835 4621 mei
2885 4567 3206 4638 simpliciter
3254 4571 3594 4640 petentibus:

2016 4660 2281 4728 siquidem
2313 4659 2611 4722 occisores,
2645 4668 2699 4713 et
2731 4659 2984 4726 adulteri,
3012 4669 3066 4714 et
3087 4661 3266 4731 quivis
3297 4661 3598 4732 ﬂagitiosus

2015 4761 2068 4807 et
2125 4754 2516 4821 intemperans,
2563 4751 2607 4806 si
2645 4758 2850 4820 petant,
2905 4768 3117 4808 mecum
3149 4754 3352 4808 sessuri
3391 4769 3595 4808 essent.

2015 4845 2131 4902 Non
2167 4854 2252 4900 est
2297 4853 2542 4899 nostrum
2583 4843 2714 4899 dare
2743 4852 2966 4911 temere,
3017 4855 3071 4898 et
3116 4845 3417 4915 depravare
3450 4849 3595 4917 quod

2012 4939 2220 5008 justum
2262 4945 2365 4990 est.
2421 4931 2564 4989 Justi
2593 4934 2738 4988 enim
2769 4934 2973 5003 judicis
3017 4944 3101 4990 est
3150 4937 3447 5006 unicuique
3498 4953 3599 5007 pro

2014 5028 2277 5098 dignitate
2303 5025 2480 5080 meriti
2514 5025 2772 5092 tribuere,
2803 5042 2911 5082 non
2945 5028 3214 5099 negligere
3261 5029 3594 5094 laborantes,

2015 5135 2080 5174 ac
2111 5119 2322 5190 ignavis
2344 5118 2546 5189 aliquid
2567 5119 2771 5190 largiri.
2797 5119 3034 5176 Proinde
3060 5121 3107 5176 si
3135 5122 3363 5178 thronos
3379 5124 3596 5185 amatis.

2015 5213 2181 5267 nolite
2204 5211 2454 5281 ignorare
2470 5213 2790 5275 certamina,
2811 5213 2876 5268 ad
2896 5229 3019 5284 qua:
3035 5216 3368 5283 capessenda
3391 5216 3598 5271 debetis

2019 5302 2283 5372 expediri.
2313 5299 2500 5372 Neque
2525 5301 2687 5371 pallio
2719 5311 2952 5370 tantum,
2993 5312 3048 5358 et
3073 5304 3260 5369 barba,
3296 5306 3598 5375 baculoque

2019 5393 2274 5449 convenit
2295 5409 2392 5449 vos
2422 5394 2649 5450 delicate
2667 5393 2910 5465 gloriari,
2946 5396 3041 5452 sed
3071 5397 3598 5456 laboribustltronos

2020 5485 2289 5552 redimite,
2319 5486 2696 5556 judiciumque
2725 5485 2956 5556 placate.
3175 5483 3178 5486 ’

2406 5573 2922 5632 INTERROGATIO
2942 5575 3204 5632 CXXXII.

2085 5666 2240 5732 Quod
2273 5667 2316 5724 si
2347 5667 2569 5738 perinde
2613 5685 2676 5724 ac
2700 5669 2881 5737 l‘ater,
2926 5681 3117 5741 potens
3148 5679 3203 5726 et
3240 5672 3326 5725 sui
3346 5682 3493 5738 λιιι-ιε
3515 5679 3602 5725 est

3237 5904 3319 5964 ω
