4000 6420
407 320 434 372 AI
448 319 556 372 035

411 435 603 500 Filius,
639 434 915 504 quomodo
954 443 1186 489 terret-ur
1214 451 1396 503 cruce,
1454 438 1780 510 Patremque
1824 451 1996 511 rogat,

408 529 630 584 dicens:
672 527 859 592 Pater,
896 527 943 580 si
982 529 1101 596 ﬁeri
1138 538 1329 597 potest,
1370 541 1609 584 transeat
1648 548 1681 584 a
1721 547 1803 586 me
1835 549 2000 602 pocu-

406 620 518 672 lum
547 615 1005 692 lioc'?Nimirum
1038 633 1150 673 non
1181 619 1300 689 ejus
1340 633 1424 676 est
1451 624 1544 692 qui
1571 638 1673 676 suo
1701 633 1826 693 agat
1851 625 1998 694 jure,

406 727 582 780 neque
616 719 931 779 spontaneaa
967 710 1279 773 voluntatis,
1321 713 1388 766 ad
1425 714 1591 768 alium
1615 714 1911 785 confugere
1945 717 2000 770 in

407 803 857 868 necessitatibus,
909 816 974 856 ac
1009 802 1158 856 velut
1203 803 1487 874 indigum,
1545 806 1692 861 illius
1731 807 1996 862 auxilium

405 895 714 964 implorare.
1300 961 1305 967 .

1045 983 1355 1054 Responsio.

481 1077 665 1132 Letale
697 1077 891 1132 vulnus
928 1087 982 1131 et
1035 1078 1166 1132 hinc
1207 1077 1378 1153 inﬂigi
1433 1078 1616 1136 divina
1681 1100 1844 1140 manu
1890 1087 1997 1145 illis

406 1187 542 1225 vana
578 1182 758 1226 mente
786 1173 1028 1242 praeditis
1058 1183 1216 1241 puto,
1257 1189 1384 1229 cum
1417 1177 1665 1246 ejusdem
1710 1186 1998 1250 potestatis

403 1266 568 1320 etiam
603 1282 748 1321 nunc
782 1282 906 1321 eum
932 1265 1095 1321 Patre
1133 1265 1332 1322 Filium
1383 1284 1506 1326 esse
1559 1272 1992 1333 demonstratum

401 1361 498 1422 sit,
529 1373 629 1412 nec
669 1359 967 1429 quidquam
1022 1373 1251 1427 prorsus
1295 1359 1418 1429 ejus
1468 1366 1782 1420 auctoritati
1826 1369 1992 1423 adimi

400 1466 496 1515 per
523 1465 618 1506 eas
644 1466 805 1506 voces
831 1466 953 1520 qua:
989 1451 1058 1505 ab
1088 1451 1208 1520 ipso
1256 1467 1353 1521 per
1381 1452 1787 1512 simulationem
1831 1459 1990 1516 editae

395 1552 548 1598 sunt.
588 1543 1044 1612 Quandoquidem
1082 1543 1229 1597 enim
1259 1560 1404 1614 aegre
1434 1548 1801 1617 recipiebatur
1827 1553 1993 1608 unitas

398 1651 524 1691 eum
564 1634 674 1690 Deo
706 1633 1063 1688 humanitatis
1104 1633 1276 1702 ipsius
1321 1635 1611 1703 adventus,
1647 1647 1866 1709 propter
1905 1641 1989 1695 ni-

401 1730 566 1782 miam
596 1725 957 1781 humilitatem
1006 1733 1062 1780 et
1090 1741 1217 1796 erga
1253 1725 1503 1782 homines
1553 1729 1986 1788 benevolentiam

397 1824 562 1878 ﬁdem
589 1837 877 1892 superans.
909 1821 1251 1891 propositum
1282 1821 1360 1876 illi
1395 1821 1500 1877 fuit
1543 1839 1653 1878 non
1689 1825 1990 1883 divinitatis

401 1915 644 1986 potentia
705 1914 1032 1984 propulsare
1090 1914 1390 1984 malignum
1425 1916 1752 1981 daemonem,
1813 1934 1991 1990 neque

398 2007 686 2077 principali
717 2015 990 2077 potestate
1017 2014 1263 2061 evertere
1287 2007 1462 2075 ipsius
1487 2008 1683 2074 aciem,
1714 2010 1810 2065 sed
1835 2025 1991 2065 man-

398 2099 695 2156 suetudine
718 2098 908 2170 potius
935 2107 989 2153 et
1017 2098 1279 2152 diuturna
1317 2100 1578 2168 patientia
1620 2103 1990 2159 condemnare

399 2191 777 2249 adversarium
813 2191 1174 2245 reluctantem
1204 2206 1220 2257 ;
1255 2204 1382 2244 nam
1412 2191 1459 2247 si
1509 2192 1752 2249 venisset
1784 2210 1988 2250 usurus

396 2290 672 2354 potestate
707 2281 967 2346 naturali,
995 2279 1129 2334 nihil
1158 2280 1526 2336 admiratione
1555 2281 1780 2354 dignum
1807 2283 1988 2340 facere

399 2376 552 2430 visus
592 2372 808 2434 fuisset.
847 2373 892 2429 si
937 2373 1204 2429 adversus
1236 2374 1492 2444 angelum
1527 2375 1856 2431 defectorem
1887 2376 1987 2431 de-

395 2474 664 2522 certasset
691 2464 836 2520 Deus
861 2483 875 2519 :
917 2465 1028 2520 imo
1056 2465 1338 2521 diversum
1365 2467 1550 2536 potius
1587 2467 1905 2536 accidisset,
1933 2478 1987 2524 et

396 2559 452 2614 in
481 2559 850 2630 arrogantiam
879 2557 1169 2631 extulisset
1205 2558 1518 2623 diabolum,
1548 2561 1706 2630 quasi
1742 2559 1854 2614 Deo
1887 2576 1986 2630 par

396 2650 596 2706 fuisset
637 2650 1010 2706 adversarius.
1073 2648 1270 2704 Merito
1317 2649 1489 2721 igitur
1547 2650 1788 2706 humana
1825 2661 1985 2708 utens

396 2741 726 2804 humilitate,
759 2741 1015 2810 deprimit
1047 2740 1223 2808 ipsius
1261 2741 1581 2806 elationem,
1639 2753 1696 2798 et
1738 2745 1986 2801 victoriae

394 2842 666 2902 trOpaeum
697 2829 859 2884 nobis
889 2829 1090 2883 asserit
1116 2847 1128 2883 :
1162 2845 1289 2884 nam
1324 2829 1395 2894 si,
1427 2846 1552 2885 eum
1591 2832 1660 2887 ab
1705 2833 1863 2888 initio
1894 2850 1984 2889 se-

395 2925 597 2979 ductus
629 2920 796 2976 fuerit
849 2919 1047 2984 homo,
1101 2934 1210 2973 non
1263 2936 1360 2990 per
1393 2921 1632 2990 aliquem
1670 2923 1764 2993 qui
1815 2924 1983 2979 homo

393 3029 517 3070 esse
551 3011 848 3073 videretur,
903 3007 1119 3063 tametsi
1153 3023 1212 3062 re
1261 3010 1374 3078 ipsa
1411 3007 1557 3064 Deus
1603 3008 1760 3076 foret,
1792 3021 1980 3081 captus

392 3115 538 3162 esset
573 3105 688 3174 ipse
708 3101 952 3157 vicissim
991 3099 1197 3170 praedo,
1249 3101 1574 3168 praeclarum
1608 3102 1710 3158 hoc
1762 3103 1978 3158 facinus

391 3204 638 3256 humano
661 3199 847 3270 generi
882 3196 1148 3251 tributum
1181 3209 1292 3249 non
1321 3193 1538 3250 fuisset.
1573 3193 1734 3250 Nunc
1761 3210 1887 3250 eum
1921 3195 1974 3249 in

389 3302 587 3349 natura
613 3301 722 3346 tam
763 3290 946 3346 divina
977 3302 1140 3360 quam
1175 3287 1417 3342 humana
1446 3287 1652 3342 factum
1681 3288 1815 3363 illud
1846 3287 1980 3342 Ver-

392 3388 520 3441 bum
555 3385 621 3437 ad
670 3397 774 3437 nos
833 3381 1063 3442 venerit,
1117 3388 1172 3435 et
1207 3379 1261 3432 in
1319 3377 1496 3434 forma
1559 3379 1702 3449 capti
1764 3380 1976 3435 hostem

1513 321 1573 374 S.
1618 321 1916 377 CA‘ZSAli-Il
1955 323 2283 380 GKEGORH
2325 325 2629 383 FRATRIS

3559 334 3701 389 1036

2108 444 2256 508 Υἱὸς,
2282 446 2398 509 πῶς
2429 446 2675 514 φοϐεῖται
2702 446 2792 500 τὸν
2825 449 3078 520 σταυρὸν,
3107 453 3202 506 καὶ
3237 453 3418 506 δέεται
3448 451 3546 505 τοῦ
3579 453 3699 504 II:-

2102 535 2266 605 τρὸς.
2325 535 2500 604 λέγων
2533 553 2547 567 ο
2583 536 2799 604 Πάτερ,
2849 541 2903 592 εἰ
2952 539 3234 605 δυνατὸν,
3285 544 3351 598 τὸ
3403 542 3700 613 ποτήριον
3716 553 3736 608 ξ

2116 625 2294 680 τοῦτο
2322 628 2664 693 παρελθέτω
2679 629 2778 682 ἀπ’
2807 629 2955 698 ἐμοῦ
2971 647 2991 693 ;
3008 631 3178 686 Τοῦτο
3201 634 3258 688 δὲ
3281 636 3381 688 οὐκ
3400 616 3696 697 αὖθεντίας
3731 661 3733 663 ι

2103 714 2256 767 ἐστὶν
2313 716 2434 769 οὐδὲ
2466 718 2867 790 έκουσιότητος,
2920 721 2984 774 τὸ
3014 724 3152 795 πρὸς
3186 725 3372 797 ἕτερον
3407 727 3693 797 καταφεύ-

2102 821 2225 869 γειν
2253 805 2313 859 ὲν
2338 811 2461 872 ταῖς
2489 809 2776 878 ἀνάγκαις,
2819 813 2915 866 καὶ
2947 813 3044 885 τῆς
3077 816 3287 870 ἐκείνου
3317 817 3528 872 δεῖσθαι
3562 818 3693 888 ﬁan-

2102 895 2270 962 θείας.

2715 993 3070 1062 Ἀπόκρισις.
3111 981 3114 984 ’

2171 1076 2408 1149 Καιρίαν
2427 1073 2590 1149 οἶμαι·
2605 1079 2821 1154 πληγὴν
2846 1085 2959 1146 τοῖς
2981 1084 3344 1156 ματαιόφροσι
3381 1085 3474 1139 καὶ
3502 1085 3694 1139 ἐντεῦ-

2098 1166 2189 1220 θεν
2223 1170 2523 1239 ἐπάγεσθαι
2557 1171 2662 1224 ὑπὸ
2692 1172 2791 1243 τῆς
2831 1172 2983 1239 θείας
3007 1175 3208 1246 χειρὸς,
3241 1176 3547 1240 ίσοσθενοῦς
3595 1177 3695 1230 καὶ

2097 1259 2193 1313 νῦν
2221 1262 2360 1332 πρὸς
2391 1263 2482 1317 τὸν
2509 1266 2812 1336 Γεννήτορα
2849 1265 3256 1337 δεικνυομένου,
3292 1269 3385 1322 καὶ
3417 1269 3697 1339 μηδεμιᾶς

2097 1352 2364 1424 ὑπάρχειν
2401 1355 2686 1420 αὑθεντίας
2708 1357 2988 1429 ἀναίρεσιν
3022 1360 3086 1412 ὲκ
3109 1360 3218 1412 τῶν
3246 1360 3366 1414 καθ’
3399 1361 3692 1432 ὑπόκρισιν

2094 1447 2396 1516 γινομένων
2441 1448 2607 1502 αὑτοῦ
2648 1448 2861 1516 φωνῶν.
2909 1451 3062 1504 Ἐπεὶ
3095 1451 3203 1521 γὰρ
3247 1451 3688 1523 δυσπαράδεκτος

2091 1533 2159 1608 ἦν
2182 1541 2212 1610 ή
2237 1538 2530 1614 θεανδρικὴ
2562 1542 2726 1596 αὑτοῦ
2759 1544 3126 1614 ἐπιφοίτησις,
3163 1545 3438 1617 ὑπερϐολῇ
3469 1549 3688 1618 μετριόο

2093 1649 2255 1704 τητος
2301 1635 2396 1687 καὶ
2445 1635 2854 1707 φιλανθρωπίας
2911 1636 3288 1709 ἀπιστουμένῃ
3318 1655 3330 1666 ο
3376 1639 3576 1703 σκοπὸς
3615 1636 3683 1711 ἦν

2091 1724 2244 1794 αὐτῷ
2274 1725 2335 1778 οὐ
2385 1725 2544 1796 ῥώμῃ
2581 1725 2858 1797 θειότητος
2903 1726 3215 1796 ἀμύνασθαι
3259 1729 3351 1782 τὸν
3383 1729 3678 1800 ἀλάστορα,

2092 1815 2192 1867 οὐκ
2241 1814 2663 1880 ὲξουσιαστικῶς
2718 1815 2970 1869 καθελεῖν
3023 1817 3188 1870 αὑτοῦ
3239 1819 3342 1889 τὴν
3383 1819 3679 1888 φάλαγγαο

2092 1905 2363 1977 πραότητι
2407 1905 2463 1958 δὲ
2519 1907 2720 1977 μᾶλλον
2771 1907 2866 1961 καὶ
2921 1907 3277 1980 μακροθυμίᾳ
3333 1913 3685 1982 κατακρίνειν

2090 1997 2183 2050 τὸν
2239 1997 2552 2052 ἀντίπαλον.
2587 1999 2650 2052 Εἰ
2679 1999 2789 2068 γὰρ
2821 2001 2887 2070 τῇ
2945 2004 3148 2072 φυσικῇ
3198 2001 3343 2072 ἰσχύϊ
3397 2003 3687 2073 χρώμενος

2089 2082 2260 2160 ἧκεν,
2297 2089 2475 2154 ἔδοξεν
2534 2090 2602 2143 ἂν
2644 2091 2811 2162 μηδὲν
2857 2091 3293 2162 άξιοθαύμαστον
3345 2094 3512 2165 δρᾷν,
3549 2095 3690 2160 Θεὸς

2090 2181 2229 2250 πρὸς
2266 2181 2498 2250 ἄγγελον
2544 2183 2860 2254 ἀποστάτην
2890 2183 3314 2256 ἀγωνιζόμενος.
3351 2188 3423 2241 Τὸ
3446 2189 3490 2242 δ’
3521 2191 3686 2243 ὲναν-

2086 2273 2220 2338 τίον,
2248 2274 2454 2345 ἐπῆρεν
2485 2273 2552 2328 ἂν
2585 2274 2787 2346 μᾶλλον
2810 2275 2902 2329 τὸν
2920 2275 3168 2332 διάϐολον
3188 2280 3267 2342 είς
3294 2280 3571 2343 ἀπόνοιαν,
3605 2282 3688 2345 ὡς

2088 2367 2496 2438 ἀνταγωνιστὴν
2546 2367 2666 2438 Θεῷ
2712 2357 3140 2438 γινωσκόμενον.
3196 2372 3434 2436 Εἰκότως
3485 2371 3580 2428 οὖν
3609 2379 3682 2446 τῇ

2090 2457 2298 2528 βροτῶν
2333 2456 2614 2530 χρώμενος
2649 2459 2898 2531 εὐτελείᾳ
2923 2459 3177 2534 καθαιρεί
3209 2463 3375 2518 αὐτοῦ
3403 2465 3464 2518 τὸ
3505 2467 3686 2539 φρύα-

2087 2568 2226 2621 γμα,
2263 2551 2359 2604 καὶ
2402 2552 2501 2622 τῆς
2546 2551 2700 2623 νίκης
2733 2551 2796 2604 τὸ
2830 2553 3094 2624 τρόπαιον
3132 2556 3264 2626 ἡμῖν
3293 2561 3588 2628 περιποιεῖ.
3615 2561 3681 2612 Ei

2085 2645 2196 2712 γὰρ
2239 2642 2528 2714 ἀνθρώπου
2565 2645 2689 2696 κατ’
2713 2644 2893 2715 ἀρχὰς
2925 2645 3284 2718 ὑπαχθέντος,
3325 2649 3400 2720 μὴ
3451 2649 3538 2703 διὰ
3583 2650 3680 2704 τοῦ

2085 2733 2251 2786 αὑτοῦ
2273 2733 2576 2804 ὁρωμένου,
2607 2735 2743 2798 Θεοῦ
2770 2736 2828 2789 δὲ
2855 2737 3170 2808 νοουμένου,
3201 2739 3466 2813 ἐχειρώθη
3488 2745 3516 2796 ὀ
3543 2761 3674 2815 mp-

2086 2825 2294 2895 οήσας,
2340 2824 2518 2890 ἔδοξεν
2561 2827 2628 2880 ἂν
2679 2827 3095 2900 ἀλλοτριοῦσθαι
3139 2831 3300 2902 ἡμῶν
3345 2832 3438 2886 τοῦ
3486 2836 3679 2903 γένους

2085 2918 2146 2970 τὸ
2179 2917 2528 2988 κατόρθωμα.
2575 2919 2878 2992 Θεανδρικῇ
2927 2921 2986 2975 δὲ
3030 2922 3191 2991 φύσει
3237 2926 3267 2978 6
3315 2925 3464 2994 ἅγιος
3501 2928 3674 2995 Λόγος

2089 3010 2473 3080 ὲπιφοιτήσας,
2495 3012 2591 3065 καὶ
2618 3000 2739 3082 ἅψει
2767 3013 2862 3067 τοῦ
2887 3013 3105 3078 ἁλόντος
3131 3016 3376 3086 ἡττήσας
3399 3018 3480 3070 τὸν
3506 3017 3664 3071 πολέ-

2091 3117 2247 3172 μιον,
2293 3101 2355 3156 τὸ
2389 3103 2509 3156 κατ’
2543 3103 2754 3156 ἐκείνου
2809 3105 3011 3177 κράτος
3038 3109 3193 3178 ἡμῖν,
3234 3109 3330 3162 ἆτε
3378 3108 3498 3173 Θεὸς
3524 3126 3672 3182 παρ-

2087 3194 2607 3267 έσχετο,θεηγορῶν,
2639 3197 2795 3252 Ἰδοὺ
2827 3199 3056 3256 δέδωκα
3090 3202 3234 3272 ὑμῖν
3256 3203 3540 3269 ἐξουσίαν
3565 3222 3680 3258 πα-

2087 3286 2215 3341 τεῖν
2253 3288 2456 3342 ἐπάνω
2499 3288 2694 3358 ὄφεων
2721 3295 2820 3344 καὶ
2851 3294 3180 3362 σκορπίων,
3218 3295 3316 3350 καὶ
3337 3297 3434 3350 ἐπὶ
3467 3296 3686 3352 πᾶσαν

2087 3378 2204 3448 τὴν
2227 3378 2487 3450 δύναμιν
2516 3381 2625 3436 τοῦ
2653 3382 2892 3451 ἐχθροῦ.

391 3483 571 3552 ipsum
608 3479 813 3548 ceperit
843 3489 860 3529 ι
887 3486 1153 3544 tanquam
1184 3473 1329 3530 Deus
1362 3475 1656 3543 imperium
1711 3475 1874 3530 nobis
1927 3476 1982 3529 in
2021 3474 2198 3545 ipsum
2230 3475 2400 3542 dedit,
2433 3476 2697 3533 divinitus
2749 3479 2840 3534 illa
2895 3480 3060 3536 verba
3085 3484 3487 3551 pronuntians:
3545 3486 3682 3543 Ecce

389 3577 514 3633 dedi
553 3576 693 3632 vobis
742 3581 1058 3643 potestatem
1109 3569 1354 3624 calcandi
1389 3586 1546 3640 super
1590 3581 1852 3640 serpentes
1885 3582 1934 3626 et
1965 3573 2287 3641 scorpiones,
2314 3581 2365 3626 et
2387 3589 2545 3642 super
2565 3589 2772 3628 omnem
2791 3584 3102 3645 potestatem
3141 3578 3344 3632 inimici
3360 3579 3402 3634 ⁸.

767 3682 1286 3741 INTERROGATIO
1313 3683 1598 3740 CXXXIII.

461 3783 713 3850 Quislest
741 3780 931 3852 igitur,
966 3777 1060 3848 qui
1089 3775 1387 3832 cruciﬁxus
1441 3785 1546 3841 est,
1601 3777 1713 3831 imo
1749 3777 1842 3847 qui
1881 3777 1978 3832 de-

389 3884 667 3948 precatur,
704 3879 759 3926 et
791 3869 1014 3940 inquit:
1051 3866 1237 3936 Pater,
1269 3869 1316 3922 si
1351 3867 1472 3937 ﬁeri
1503 3875 1703 3939 potest,
1741 3877 1978 3922 transeat

385 3985 425 4023 α
465 3983 542 4021 me
556 3963 813 4035 poculum
840 3964 938 4015 hoc
957 3960 1016 4015 '?
1945 3967 1956 3978 ’

1023 4051 1329 4121 Responsio.

460 4151 573 4206 Nec
607 4148 771 4215 Deus,
809 4161 912 4202 nec
933 4146 1101 4200 homo
1131 4159 1405 4199 seorsum.
1433 4142 1622 4200 Nudus
1641 4146 1789 4200 enim
1813 4145 1978 4200 homo

386 4259 492 4300 nos
540 4255 761 4298 servare
793 4252 902 4293 non
941 4236 1232 4307 potuisset,
1268 4235 1410 4292 Deus
1473 4251 1603 4290 vero
1653 4237 1833 4290 nudus
1866 4235 1976 4305 pati

387 4331 595 4402 nequit.
630 4326 1029 4395 Quamdbrem-
1054 4324 1184 4380 fecit
1239 4317 1344 4379 hec
1393 4339 1544 4379 unus
1581 4339 1646 4378 ex
1683 4325 1974 4389 ambobus,

388 4439 487 4496 per
515 4433 847 4478 concursum
875 4425 930 4472 et
958 4417 1217 4471 unionem
1255 4424 1579 4468 naturarum
1621 4429 1688 4468 ex
1713 4423 1973 4484 perpetua

389 4513 616 4586 Virgine.
641 4522 804 4567 natus
828 4509 917 4564 ille
937 4505 1310 4562 Homo-Deus.
1332 4506 1424 4573 qui
1452 4504 1811 4559 nihilominus
1828 4505 1974 4574 quod

389 4615 529 4672 erat,
567 4601 822 4660 servavit.
853 4599 997 4654 Idem
1029 4597 1194 4660 Deus,
1241 4597 1382 4650 idem
1436 4595 1626 4659 homo,
1659 4603 1854 4648 neutra
1887 4610 1976 4650 se-

389 4707 579 4770 parata
620 4702 838 4758 natura,
868 4704 1090 4746 crucem
1156 4685 1499 4742 conscendit.
1563 4685 1801 4755 Ideoque
1838 4685 1976 4743 alias

386 4789 609 4860 quidem
642 4786 855 4852 divino,
891 4783 1029 4837 alias
1058 4795 1190 4835 vero
1220 4779 1464 4832 humano
1484 4792 1653 4843 more
1700 4777 1931 4848 loquens
1955 4817 1971 4844 ,

383 4875 788 4934 convenienter
801 4887 860 4926 se
883 4867 1119 4940 tempori
1146 4867 1544 4922 accommodat.
1572 4865 1731 4920 Nunc
1753 4867 1975 4937 quidem

392 4970 550 5026 hoste
579 4982 638 5022 se
687 4965 986 5021 extollente
1047 4975 1146 5031 per
1177 4961 1340 5015 verba
1395 4969 1450 5014 et
1488 4961 1643 5031 signa
1692 4959 1860 5015 Deum
1917 4975 1977 5017 se

393 5055 658 5126 subjectis
687 5054 956 5116 declarat,
1002 5065 1199 5104 rursus
1249 5065 1376 5105 vero
1410 5050 1530 5121 ipso
1581 5050 1876 5106 accedente
1921 5061 1977 5107 et

391 5147 656 5205 attentius
711 5142 1063 5212 inspiciente,
1127 5156 1256 5195 num
1293 5157 1418 5197 vere
1477 5141 1622 5198 Deus
1678 5153 1846 5206 esset,
1880 5144 1972 5213 qui

392 5241 739 5311 aliquatenus
772 5249 896 5291 esse
929 5232 1244 5304 apparebat,
1280 5243 1526 5288 et........
1561 5235 1628 5288 ad
1662 5234 1972 5288 certamina

389 5341 445 5389 et
474 5319 697 5392 luctam‘,
729 5341 928 5381 rursus
959 5325 1208 5380 mortalia
1259 5340 1373 5396 pra:
1437 5341 1496 5382 se
1549 5323 1676 5390 fert,
1729 5341 1798 5380 ne
1830 5326 1976 5382 forte

389 5434 765 5494 expavescens
797 5418 1150 5472 adversarius
1185 5416 1458 5487 refugeret
1501 5431 1672 5487 usque
1723 5417 1789 5471 ad
1843 5432 1972 5472 cru-

391 5533 507 5576 cem
571 5522 625 5571 et
679 5521 909 5568 mortem
972 5513 1151 5583 ipsum
1206 5513 1566 5581 'oppugnare:
1615 5511 1668 5563 in
1725 5524 1836 5579 quo
1866 5525 1974 5566 uno

388 5619 504 5662 tota
531 5603 826 5660 Homo-Dei
861 5603 1089 5658 victoria
1127 5602 1230 5656 sita
1269 5609 1407 5655 erat.

2649 3692 2901 3746 ΠΕΥΣῙΣ
2941 3693 3111 3755 ΡΛΡ.

2158 3782 2254 3848 Τίς
2280 3778 2374 3837 οὖν
2399 3785 2542 3837 ἐστιν
2561 3785 2590 3838 6
2614 3783 3041 3855 σταυρούμενος,
3073 3784 3273 3856 μᾶλλον
3298 3786 3354 3841 δὲ
3374 3791 3681 3860 παραιτού-

2088 3889 2268 3944 μενος,
2307 3874 2400 3927 καὶ
2431 3874 2624 3942 λέγων,
2662 3871 2875 3942 Πάτερ,
2917 3876 2972 3928 sl
3009 3873 3304 3944 δυνατὸν,
3333 3881 3680 3947 παρελθέτω

2083 3963 2186 4019 ἀπ’
2209 3964 2357 4036 ἐμοῦ
2392 3965 2459 4019 τὸ
2502 3965 2791 4031 ποτήριον
2831 3965 3047 4030 τοῦτο;

2711 4057 3074 4126 Ἀπόκρισις.

2156 4147 2458 4221 Οὑθὲτερος
2491 4147 2612 4202 καθ’
2637 4149 2850 4204 ἑαυτόν.
2897 4148 3097 4220 Βροτὸς
3136 4149 3246 4223 γὰρ
3287 4152 3440 4222 ψιλὸς
3476 4151 3678 4219 σώζειν

2078 4239 2176 4310 οὐχ
2221 4234 2333 4304 οἷός
2360 4257 2421 4294 τε
2449 4255 2462 4268 ·
2497 4240 2632 4304 Θεὸς
2677 4241 2734 4294 δὲ
2766 4242 2969 4312 γυμνὸς
3019 4242 3248 4312 πάσχειν
3292 4245 3354 4298 οὺ
3404 4245 3669 4314 πέφυκεν.

2092 4329 2230 4382 Ἀλλ’
2259 4324 2340 4394 εἷς
2388 4329 2449 4396 ἐξ
2477 4333 2681 4402 ἀμφοῖν
2710 4335 2776 4404 τῇ
2811 4335 3014 4406 συνόδῳ
3063 4336 3156 4389 καὶ
3187 4335 3378 4391 ὲνὼσει
3424 4338 3530 4392 τῶν
3563 4339 3671 4409 φύ-

2082 4437 2240 4486 σεων,
2283 4424 2310 4475 6
2347 4422 2411 4476 ὲκ
2436 4424 2534 4493 τῆς
2567 4425 2870 4488 Ἀείπαιδος
2901 4427 3114 4497 τεχθεὶς
3149 4427 3422 4501 θέανδρος,
3452 4430 3666 4502 ἀλὼὃηα

2079 4522 2170 4566 τον
2197 4513 2364 4586 αὐτὴν
2398 4515 2755 4588 διατηρήσας,
2783 4520 2811 4572 6
2838 4519 3000 4584 αὐτὸς
3025 4520 3178 4585 Θεὸς,
3213 4523 3242 4574 6
3267 4523 3428 4588 αὐτὸς
3455 4523 3665 4596 βροτὸς,

2079 4601 2194 4657 οὔθ’
2225 4605 2418 4676 ἑτέρας
2467 4605 2862 4679 άποκριθείσης
2910 4608 3124 4678 φύσεως
3149 4611 3241 4665 τὸν
3278 4613 3511 4684 σταυρὸν
3535 4615 3664 4667 ἀνα·

2084 4693 2385 4758 ϐαίνοντος.
2406 4695 2497 4748 Διὸ
2521 4697 2599 4768 πὴ
2624 4697 2725 4767 μὲν
2747 4697 2925 4762 θείως,
2952 4700 3027 4771 πὴ
3050 4700 3106 4753 δὲ
3142 4701 3498 4772 ἀνθρωπίνως
3527 4706 3668 4776 φρά-

2073 4786 2184 4851 ζων
2236 4787 2587 4858 καταλλήλως
2636 4785 2718 4858 τῷ
2769 4789 2949 4860 καιρῷ
2995 4791 3350 4862 ἁρμόττεται.
3399 4795 3516 4848 Νῦν
3568 4797 3668 4867 μὲν

2072 4877 2167 4932 τοῦ
2198 4877 2392 4948 ἐχθροῦ
2431 4878 2922 4950 μετεωριζομένου,
2958 4881 3046 4935 διὰ
3071 4882 3177 4936 τῶν
3222 4885 3395 4954 λόγων
3428 4888 3520 4940 καὶ
3566 4905 3669 4960 ση-

2077 4965 2246 5036 μείων
2295 4965 2428 5020 Θεὸν
2468 4966 2662 5020 ἒαυτὸν
2707 4967 3060 5022 ἀποδείκνυσι
3112 4973 3249 5042 πρὸς
3285 4973 3346 5025 τὸ
3385 4975 3623 5045 ὑπήκοον
3649 4994 3661 5005 ·

2074 5057 2237 5110 πάλιν
2275 5057 2333 5110 δὲ
2373 5057 2540 5111 αὐτοῦ
2595 5060 3006 5127 ὲπιφοιτοῦντος
3041 5063 3136 5116 καὶ
3181 5064 3582 5130 ἐνατενίζοντος
3617 5069 3665 5120 εί

2073 5147 2289 5218 άληθῶς
2314 5147 2450 5212 Θεὸς
2473 5149 2706 5219 ὑπάρχει
2736 5151 2764 5203 6
2795 5151 3112 5222 ὑποφαίνων
3139 5154 3234 5206 καὶ
3255 5195 3268 5208 .
3295 5197 3306 5207 .
3329 5194 3340 5206 .
3366 5195 3379 5208 .
3405 5193 3419 5206 .
3440 5194 3453 5208 .
3479 5197 3490 5209 .
3525 5158 3666 5226 πρὸς

2071 5241 2199 5303 τοὺς
2237 5240 2456 5308 ἀγῶνας
2496 5240 2593 5294 καὶ
2620 5241 2682 5294 τὸ
2708 5243 2960 5314 σκάμμα,
2985 5240 3144 5307 αὖθις
3185 5244 3253 5296 τὰ
3293 5245 3499 5317 βροτῶν
3527 5248 3668 5301 ὑπο-

2073 5332 2356 5403 κρίνεται,
2397 5334 2593 5404 μήπως
2632 5334 2842 5404 πτήξας
2887 5336 2914 5388 6
2963 5335 3030 5388 δι’
3075 5338 3325 5400 ἐναντίας
3380 5338 3670 5413 ἀποδράσῃ

2078 5423 2240 5494 μέχρι
2280 5423 2513 5495 σταυροῦ
2550 5423 2643 5476 καὶ
2693 5423 2926 5479 θανάτου
2969 5427 3445 5494 καταγωνίσασθαι
3476 5445 3490 5460 ο
3529 5423 3660 5500 ἑνῷ

2074 5512 2136 5566 τὸ
2173 5515 2280 5566 πᾶν
2311 5513 2410 5584 τῆς
2445 5511 2773 5583 θεανδρικῆς
2802 5513 2959 5586 νίκης
2988 5516 3212 5588 ἤρτητο.

462 5783 489 5816 ³
515 5755 705 5840 Matth.
735 5803 883 5851 xxvi,
915 5788 1003 5851 59,
1080 5788 1100 5817 ‘
1133 5786 1261 5840 Luc.
1301 5802 1352 5846 χ,
1378 5787 1461 5840 19.
1543 5788 1562 5818 ⁵
1595 5783 1786 5841 Matth.
1827 5800 1974 5851 xxvn,
2013 5786 2098 5841 59.
