4000 6430
307 406 448 465 ίθόΊ

878 517 1127 573 ΠΕΥΣῙΣ
1164 518 1251 571 PA
1260 515 1330 569 A'.

380 632 494 686 Καὶ
529 630 675 686 διατί
711 630 882 687 ἐλθὼν
922 632 996 703 μὴ
1038 635 1103 692 ἐκ
1149 628 1244 683 τοῦ
1293 623 1530 699 φανεροῦ
1574 620 1894 692 ἐσταυρώθη

311 722 535 795 θαρῤῶν
566 724 651 793 -τῇ
693 722 887 776 ἐαυτοῦ
925 721 1071 793 ἰσχύϊ
1108 739 1121 752 ο
1151 719 1286 774 ἀλλὰ
1331 717 1463 773 ποτέ
1504 715 1606 786 μὲν
1661 710 1899 782 πτωχὸς,

313 815 445 868 ποτέ
471 814 528 867 δὲ
573 814 796 885 φαιδρὸς
846 813 1147 884 διαγίνεται
1170 828 1185 878 ;
1210 811 1299 865 διά
1327 808 1505 888 τίκα).
1537 805 1743 859 δειλίαν
1766 804 1903 856 ὑπο-

313 903 563 976 κρίνεται
585 904 719 968 Θεδς
752 902 829 958 ῶν
866 920 883 972 ;

927 1016 1292 1085 Ἀπόκρισις.

381 1129 536 1185 Ἐπεὶ
555 1129 662 1183 οὐδ’
713 1128 908 1201 ἐχθρὸς
936 1127 1189 1201 φανερῶς
1208 1129 1321 1190 τοῖς
1344 1126 1720 1198 προπάτορσιν
1744 1121 1905 1195 ἡμῶν
1935 1092 1938 1094 Ὺ

314 1224 372 1276 ἐν
406 1221 722 1294 παραδείσῳ
750 1221 1008 1291 ἔψαυσεν,
1041 1221 1166 1274 ἐπεὶ
1200 1219 1267 1274 ἂν
1287 1216 1624 1289 ἐφυλάξαντο
1653 1215 1754 1288 τὴν
1780 1215 1907 1269 ὑπο-

317 1314 529 1387 σπορὰν
556 1313 652 1368 καὶ
700 1313 791 1367 τὸν
823 1312 1035 1367 ὄλισθον
1063 1329 1076 1344 ·
1108 1311 1203 1366 νῦν
1222 1310 1299 1393 ιδὲ
1344 1308 1579 1380 κρύπτει
1610 1308 1709 1378 μὲν
1742 1308 1800 1360 ἐν
1829 1304 1907 1377 τῷ

316 1405 438 1471 δφει
470 1404 569 1476 τὴν
591 1403 773 1474 φύσιν,
802 1403 1027 1466 ἐνωθεὶς
1060 1399 1230 1472 αὑτῷ,
1265 1401 1359 1455 καί
1386 1416 1520 1471 φησι
1549 1402 1615 1470 τῇ
1645 1397 1903 1469 ταλαίνῃ*

318 1488 401 1568 ’ᾟ
412 1495 465 1548 δ’
487 1495 565 1549 ἂν
585 1493 776 1564 ἡμέρᾳ
794 1492 1059 1563 φάγεσθε
1089 1492 1196 1547 τοῦ
1228 1491 1744 1562 ἀπηγορευμένον,
1768 1490 1908 1543 ἐσε-

318 1592 429 1644 σθε
474 1588 556 1656 ὡς
609 1588 753 1643 θεοί.
800 1584 906 1640 Kal.
945 1584 1221 1639 συνελόντι
1249 1583 1449 1655 φάναι,
1488 1582 1576 1637 διὰ
1619 1582 1730 1636 τῶν
1759 1581 1908 1653 ἑξῆς,

317 1679 551 1752 δολερῶς
595 1679 694 1749 τῆς
730 1677 1009 1748 μακαρίας
1052 1677 1253 1740 αὐτοὺς
1299 1675 1558 1746 ἀπήγαγε
1592 1673 1758 1745 ζωῆς·
1789 1673 1913 1744 Ῥή-

323 1789 458 1843 μασι
485 1772 669 1825 τοίνυν
695 1770 933 1842 δολεροῖς
959 1771 1268 1840 ἀπατήσας,
1302 1769 1511 1839 ῥήμασι
1542 1767 1744 1829 θεῖκοῖς
1767 1768 1912 1833 ἡπα-

320 1867 460 1936 τήθη
487 1866 515 1917 6
539 1864 770 1929 δείλαιος
811 1862 1025 1935 ἐχθρός.
1062 1861 1138 1915 Οὑ
1182 1860 1366 1915 τοίνυν
1405 1861 1524 1914 ἐκεῖ
1567 1860 1691 1929 ὄφις
1723 1858 1916 1928 ψιλὸς,

322 1956 445 2011 οὑδὲ
476 1955 720 2018 διάϐολος
767 1954 996 2026 γυμνὸς,
1043 1953 1167 2007 οὐδὲ
1211 1950 1449 2006 ἐνταῦθα
1501 1950 1694 2022 βροτὸς
1736 1949 1916 2020 ψιλὸς,

323 2048 445 2102 οὐδὲ
477 2048 609 2111 Θεὸς
646 2047 876 2118 γυμνός.
912 2046 1033 2099 Οὐδ’
1074 2040 1141 2099 αὖ
1182 2044 1347 2100 πάλιν
1396 2043 1570 2114 δειλιᾷ
1592 2084 1610 2108 ,
1639 2040 1775 2095 ἀλλὰ
1819 2058 1917 2095 σα-

327 2141 443 2214 φῶς
474 2138 589 2192 λύει
622 2138 717 2192 τοῦ
760 2137 948 2209 μωροῦ
978 2137 1041 2191 τὺ
1089 2137 1350 2207 σόφισμα.
1390 2133 1583 2205 Ἀθρει
1627 2132 1693 2203 δὴ
1726 2126 1819 2185 οὖν
1857 2133 1920 2186 τὸ

324 2231 646 2301 αὐθαίρετον
672 2230 766 2283 καὶ
794 2228 1078 2301 ῥωμαλέον
1101 2228 1202 2297 τῆς
1227 2225 1350 2281 καθ’
1368 2226 1659 2296 ὑπόκρισιν
1690 2221 1914 2287 δειλίας.

325 2323 492 2376 ’ὐταν
523 2321 675 2393 αὑτῷ
699 2321 932 2392 ἐπῆλθον
957 2322 1008 2373 οἱ
1036 2318 1404 2391 συλλήπτορες
1438 2316 1706 2382 Ἰουδαῖοι,
1729 2315 1921 2388 πηρώ-

326 2432 426 2480 σας
466 2414 666 2478 αὐτοὺς
696 2413 864 2484 φησί·
897 2412 1037 2466 Τίνα
1074 2409 1330 2479 ζητεῖτε;
1358 2408 1480 2463 Τῶν
1517 2408 1575 2462 δὲ
1618 2408 1920 2480 εἰρηκότων

336 2507 549 2579 Ἰησοῦν
578 2507 791 2577 ζητεῖν,
815 2500 972 2569 αὖθις
1007 2503 1246 2557 δείκνυσι
1277 2501 1338 2556 τὸ
1379 2501 1652 2565 ἑκούσιον,
1690 2496 1783 2555 καὶ
1816 2518 1920 2571 φη-

328 2601 413 2653 σὶν
440 2601 641 2663 αὑτοῖς,
684 2597 841 2653 Ἰδοὺ
870 2596 1003 2666 -ἐτώ
1031 2599 1171 2666 ειμι,
1209 2596 1305 2650 καὶ
1344 2595 1538 2649 θᾶττον
1570 2595 1764 2647 ἕπεται
1807 2595 1922 2657 τοῖς

328 2692 572 2763 ζητοῦσι.
614 2692 712 2756 Τίς
747 2685 840 2745 οὖν
894 2687 1082 2762 εἶργεν
1116 2689 1281 2744 αὑτὸν
1320 2689 1612 2759 διαπτῆναι
1660 2688 1789 2751 τοὺς
1819 2685 1922 2755 γῦ-

330 2801 472 2850 παςς
495 2783 580 2846 τίς
612 2781 851 2836 ἐκώλυεν
882 2780 1205 2851 ἐκφοιτῆσαι
1244 2780 1355 2835 τῶν
1393 2779 1784 2851 πηρωθέντων,
1818 2782 1924 2849 φά-

329 2892 551 2939 σκοντα,
595 2873 924 2939 Ἐξουσίαν
962 2874 1083 2943 ἔχω
1130 2873 1320 2929 θεῖναι
1369 2871 1488 2941 τὴν
1539 2869 1756 2940 ψυχήν
1777 2889 1921 2941 μου,

326 2967 427 3022 καὶ
454 2964 645 3019 πάλιν
671 2964 880 3019 λαϐεῖν
904 2964 1134 3031 atterite;
1164 2963 1289 3028 Πῶς
1331 2963 1389 3018 δὲ
1434 2963 1528 3017 καὶ
1558 2963 1750 3035 Πέτρῳ
1783 2962 1924 3033 πλη-

328 3058 535 3121 κτικῶς
565 3058 954 3129 ἐπιτιμήσαντι
982 3056 1131 3128 αὑτῷ
1157 3056 1604 3127 ἀποκαλούμενος
1627 3058 1720 3110 τδν
1759 3072 1924 3110 σταυ-

334 3152 426 3223 ρὸν
482 3149 632 3220 αὑτῷ
682 3148 1103 3221 ἀπευχόμενονς
1152 3149 1294 3220 Φησὶ
1346 3148 1457 3218 γὰρ
1503 3146 1583 3218 τῷ
1630 3146 1924 3217 ἀγαπητῷ,

332 3242 564 3310 ’Ὕπαγε
587 3243 779 3296 ὀπίσω
787 3259 933 3311 μου,
949 3237 1209 3302 Σατανᾶ,
1226 3239 1318 3293 ὅτι
1345 3242 1417 3293 οὺ
1447 3239 1690 3309 φρονεῖς
1718 3237 1793 3292 τὰ
1819 3238 1927 3292 τοῦ

334 3333 505 3397 Θεοῦ,
533 3332 695 3388 ἀλλὰ
730 3333 804 3387 τὰ
832 3330 950 3385 τῶν
980 3331 1325 3400 ἀνθρώπων.
1363 3327 1598 3394 Ὧσανεὶ,
1629 3328 1809 3384 Ἕπου
1838 3346 1926 3399 μοι

332 3428 427 3479 καὶ
475 3426 550 3498 μὴ
606 3423 862 3497 προπήδα
913 3424 1129 3492 ἀγνοῶν
1185 3424 1285 3495 τὴν
1324 3422 1676 3492 οἰκονομίαν,
1713 3422 1809 3476 καὶ
1856 3422 1926 3492 τῇ

331 3518 453 3588 ὕψει
484 3518 603 3583 ,τῆς
633 3517 836 3587 σαρκὸς
879 3515 1308 3589 περικλώμενος.
1341 3515 1467 3580 Πῶς
1491 3514 1601 3586 γὰρ
1630 3513 1796 3569 δείσω
1833 3512 1932 3568 θά-

332 3627 492 3664 νατον
536 3611 570 3680 ἡ
621 3608 889 3671 ἀθάνατος
939 3609 1094 3678 Coiﬁ;
1135 3608 1261 3671 Πῶς
1318 3607 1492 3670 πάθος
1546 3606 1859 3677 άπεύξομαι
1901 3606 1931 3659 6

333 3700 507 3770 λυτὴρ
543 3699 651 3752 τῶν
688 3699 909 3764 παθῶν;
929 3702 959 3753 6
983 3700 1098 3770 ἀφῇ
1130 3698 1314 3769 χειρὸς
1342 3699 1577 3768 τυφλοὺς
1613 3699 1929 3769 ίασάμενος,

335 3793 365 3844 δ
401 3793 606 3864 ῥήματι
655 3788 799 3860 ψιλῷ
844 3788 1218 3860 παρειμένους
1271 3788 1568 3855 σθενώσας,
1600 3791 1694 3844 καὶ
1741 3790 1932 3860 φέρειν

334 3885 464 3946 τοὺς
500 3882 769 3952 φέροντας
814 3880 1119 3951 σκίμποδας
1165 3881 1418 3951 ποιήσας,
1452 3881 1482 3933 6
1508 3881 1718 3951 κρήνας
1760 3879 1931 3949 αἱμά-

338 3992 447 4030 των
502 3973 833 4045 κρασπέδοις
869 3970 1108 4044 ξηράνας
1133 4012 1148 4038 ,
1184 3973 1279 4026 καὶ
1333 3971 1573 4043 λεπροὺς
1616 3971 1717 4042 τὴν
1748 3970 1934 4041 λώϐην

338 4067 617 4131 ἀποδύσας
643 4109 657 4132 ,
686 4069 716 4121 6
748 4065 1022 4136 λεγεῶνας
1074 4065 1354 4136 δαιμόνων
1394 4063 1780 4137 προστάγματι
1835 4080 1935 4133 φυ-

339 4160 646 4230 γαδεύσας,
680 4161 709 4215 6
750 4158 849 4231 τὴν
891 4157 1127 4213 ἄϐυσσον
1182 4157 1341 4229 δίκην
1384 4159 1584 4230 χέρσου
1623 4159 1875 4227 πατήσας
1913 4170 1930 4219 ;

341 4255 370 4305 6
406 4254 617 4324 σιωπᾷν
668 4251 840 4322 αὑτὴν
876 4250 973 4306 καὶ
1022 4248 1322 4322 φιμοῦσθαι
1359 4248 1779 4321 κορυφουμένην
1838 4248 1934 4301 καὶ

340 4344 720 4415 ἀραττομένην
741 4343 998 4414 ποιήσας,
1021 4342 1050 4395 6
1065 4344 1181 4405 τοῖς
1206 4340 1482 4412 πνεύμασι
1501 4339 1602 4411 τὴν
1626 4342 1784 4411 χεῖρα
1801 4340 1939 4411 πρὸς

340 4431 579 4502 ἠρεμίαν
626 4430 901 4494 ἐκτείνας,
930 4431 998 4483 δι’
1032 4422 1108 4483 ὧν
1134 4429 1233 4501 τὴν
1267 4430 1474 4502 οῐδησιν
1520 4431 1615 4483 καὶ
1649 4429 1742 4484 τὸν
1774 4430 1939 4485 σάλον

342 4524 641 4595 ὑπέμενον
668 4525 698 4578 6
737 4523 901 4578 πέντε
947 4523 1134 4595 ἄρτοις
1172 4522 1645 4593 πεντακισχιλίους
1665 4523 1748 4587 είς
1775 4524 1939 4594 κόρον

344 4611 774 4682 ἐστιασάμενος,
812 4610 908 4666 καὶ
961 4616 1075 4677 τοίς
1118 4610 1330 4665 ἐκεῖθεν
1384 4611 1659 4682 λειψάνοις
1708 4612 1938 4683 δεκαδύο

343 4701 643 4772 πληρώσας
689 4703 944 4773 κοφίνους
977 4719 991 4733 '
1022 4704 1052 4756 6
1089 4700 1343 4773 Λάζαρον
1379 4702 1758 4774 τετραήμερον
1800 4705 1933 4758 ὀδω-

343 4792 492 4856 δότα,
526 4794 663 4862 πρὸς
691 4795 1023 4859 παλινζωὴν
1044 4795 1111 4848 ἐκ
1139 4795 1315 4864 τάφου
1344 4793 1625 4866 ἀλὼϐητον
1654 4796 1930 4867 φωνήσας’

345 4887 376 4939 6
400 4883 508 4938 τῶν
531 4884 670 4937 ὅλων
691 4883 1024 4954 δημιουργὸς
1060 4883 1156 4936 καὶ
1179 4883 1332 4948 Θεὸς,
1367 4883 1481 4955 ζωὴ
1515 4885 1610 4939 καὶ
1636 4884 1934 4951 ἀνάστασις

346 4976 508 5041 αὑτὸς
543 4976 827 5046 ὑπάρχων.
877 4973 1272 5045 ’Υποκρίνομαι
1303 4975 1422 5040 δέος
1464 4974 1560 5029 καὶ
1603 4976 1936 5047 μετριότητα

346 5069 414 5139 τῇ
468 5064 750 5137 παραϐολῇ
788 5062 889 5134 τῆς
944 5062 1180 5135 σαρκὸς,
1211 5063 1474 5136 θηρεῦσαι
1524 5065 1615 5120 τὸν
1667 5065 1935 5139 δράκοντα

350 5157 695 5228 βουλόμενος,
727 5156 821 5212 τὸν
844 5155 937 5210 ὑπ’
964 5153 1101 5225 ἐμοῦ
1132 5155 1232 5227 μὲν
1265 5157 1693 5229 ἐμπαιζόμενον,
1726 5158 1938 5230 βροτοῖς

348 5246 407 5301 δέ
450 5248 792 5318 ἐμπαίζοντα
829 5247 1095 5304 διάϐολον.
1145 5247 1355 5312 ’Δλιεὺς
1387 5247 1497 5319 γὰρ
1530 5248 1792 5321 ὑπάρχων
1843 5251 1940 5305 καὶ

352 5335 649 5409 ἄγκιστρον
694 5340 931 5411 ἐμαυτὸν
965 5339 1185 5412 καθῆκα
1213 5342 1272 5395 ἐν
1308 5339 1389 5410 τῷ
1431 5338 1580 5411 βυθῷ
1608 5342 1761 5396 τοῦδε
1796 5342 1937 5414 βίου,

356 5427 712 5498 περιθέμενος
762 5429 1022 5500 σκώληκα
1068 5424 1170 5503 τὴν
1206 5431 1442 5486 ἁλοῦσαν
1480 5431 1686 5504 βροτῶν
1731 5435 1935 5506 σάρκα,

354 5518 515 5582 αὐτὸς
546 5519 636 5587 ὑφ’
671 5518 866 5574 ἐαυτοῦ
900 5521 1019 5574 κατ’
1063 5523 1304 5587 ἐκείνους
1331 5523 1617 5595 ἀτρέπτως
1646 5525 1942 5597 γενόμενος

366 5610 540 5684 Ἀδάμ
564 5627 578 5642 ·
607 5613 704 5667 καὶ
723 5613 799 5678 ὡς
829 5613 1014 5676 ἁλιεὺς
1041 5614 1136 5669 νῦν
1173 5616 1272 5686 μὲν
1308 5616 1621 5674 ὑποσαίνων
1649 5620 1745 5675 καὶ
1774 5621 1941 5691 ὑφέλ-

354 5720 464 5758 κων
496 5704 553 5756 ἐν
574 5703 653 5775 τῷ
679 5703 826 5775 βυθῷ
858 5703 1142 5775 δεδομένον
1169 5705 1232 5759 τὸ
1276 5707 1594 5777 ἄγκριστον,
1622 5709 1718 5765 νῦν
1745 5712 1790 5766 δ’
1810 5714 1943 5777 ἦρε-

1663 385 2017 449 DlALOGUS
2076 387 2161 445 Ill.

3454 385 3479 443 Ι
3488 383 3594 440 038

2368 506 2890 564 INTERROGATIO
2932 504 3222 562 CXXXIV.

2080 616 2148 673 Et
2178 634 2351 688 quare
2401 621 2630 677 veniens
2671 635 2779 675 non
2830 620 3120 676 manifeste
3152 617 3454 675 cruciﬁxus
3485 626 3595 683 est,

2010 712 2252 767 confisus
2289 726 2388 767 sua
2421 711 2597 782 ipsius
2629 711 2970 777 fortitudine,
3004 709 3101 766 sed
3136 709 3438 781 aliquando
3468 712 3596 780 qui-
3689 771 3694 776 ‘
3800 744 3807 750 ο

2009 804 2134 858 dem
2173 804 2352 876 inops,
2380 805 2676 876 aliquando
2703 822 2833 863 vero
2861 804 3184 875 splendidus
3235 803 3362 859 est?
3414 801 3599 868 Quare

2012 895 2141 951 item
2167 894 2520 952 formidinem
2551 914 2663 968 prae
2691 914 2751 955 se
2776 899 2904 964 fert,
2933 914 3058 954 cum
3094 898 3237 952 Deus
3267 896 3456 952 esset?

2657 1013 2964 1086 Responsio.

2083 1126 2354 1194 Quoniam
2398 1143 2574 1200 neque
2609 1129 2725 1198 ipse
2758 1127 3016 1184 inimicus
3047 1126 3340 1182 manifeste
3372 1126 3585 1194 primos

2014 1226 2278 1290 parentes
2310 1229 2533 1275 nostros
2581 1221 2637 1274 in
2671 1219 2931 1291 paradiso
2984 1233 3282 1289 aggressus
3340 1226 3463 1281 est,
3508 1216 3604 1287 qui

2014 1311 2352 1382 creteroquin
2392 1325 2424 1366 ι
2463 1312 2858 1382 depravatione
2893 1327 2960 1368 ac
2988 1312 3148 1383 lapsu
3173 1312 3277 1368 sibi
3299 1312 3602 1374 cavissent,

2016 1404 2111 1458 sed
2149 1403 2469 1458 occultabat
2495 1403 2549 1456 in
2585 1404 2862 1473 serpentis
2892 1404 3078 1474 specie
3134 1414 3291 1461 suam
3320 1413 3602 1466 naturam,

2017 1492 2097 1548 illi
2129 1493 2358 1562 unitus;
2391 1505 2445 1550 et
2474 1494 2693 1551 dicebat
2720 1495 2788 1550 ad
2826 1495 3084 1551 miseram
3120 1514 3134 1551 :
3174 1495 3497 1578 Quantaque
3519 1495 3608 1549 a‘ie

2019 1578 2357 1634 comederitis
2384 1580 2452 1634 de
2505 1583 2693 1637 arbore
2722 1584 2910 1644 uetita.
2949 1585 3101 1639 eritis
3161 1594 3416 1653 tanquam
3457 1585 3534 1640 dii
3561 1583 3606 1636 “.

2021 1669 2108 1735 Et,
2139 1679 2200 1725 ut
2232 1671 2473 1727 breviter
2501 1654 2685 1728 om/nia
2709 1674 2983 1745 proferam
3016 1690 3142 1744 qua;
3170 1676 3246 1731 ibi
3274 1685 3604 1746 sequuntur,

2020 1761 2213 1817 dolose
2245 1763 2396 1832 ipsos
2428 1764 2500 1819 ab
2530 1764 2621 1819 illa
2652 1765 2813 1821 beata
2837 1766 2948 1822 vita
2980 1767 3224 1828 seduxit,
3254 1769 3487 1837 proinde
3510 1771 3606 1839 qui

2020 1855 2203 1910 verbis
2237 1855 2446 1911 dolosis
2484 1856 2720 1927 decepit,
2777 1859 2957 1915 verbis
2982 1859 3184 1916 divinis
3216 1859 3478 1931 deceptus
3525 1871 3614 1917 est

2020 1944 2211 2001 infelix
2244 1946 2439 2002 hostis.
2472 1946 2590 2003 Non
2615 1949 2789 2019 igitur
2818 1950 2931 2006 illic
2974 1951 3158 2006 nudus
3187 1961 3308 2007 erat
3337 1967 3566 2023 serpens
3592 1994 3610 2018 ,

2021 2054 2201 2110 neque
2228 2040 2483 2107 diabolus
2512 2043 2737 2111 nudus;
2776 2058 2957 2114 neque
3012 2044 3105 2101 hic
3161 2045 3329 2101 homo
3383 2048 3565 2103 nudus
3592 2090 3609 2114 ,

2022 2145 2124 2186 nec
2154 2129 2299 2187 Deus
2327 2132 2527 2189 nudus.
2554 2131 2667 2189 Nec
2697 2134 2826 2189 item
2889 2134 3284 2194 formidolosus
3337 2151 3444 2207 eat,
3514 2143 3612 2195 sed

2022 2230 2213 2290 aperte
2251 2222 2406 2277 stulti
2450 2224 2637 2280 dolum
2679 2225 2930 2282 inutilem
2979 2228 3176 2284 reddit.
3213 2230 3350 2286 Vide
3377 2232 3612 2287 mihi'li-

2023 2312 2291 2370 bertatem
2322 2325 2378 2371 et
2401 2317 2575 2373 robur
2609 2319 2826 2376 timoris
2872 2335 3036 2392 quem
3089 2330 3202 2392 prae
3261 2338 3321 2380 se
3372 2324 3605 2389 ferebat,

2022 2421 2146 2461 cum
2178 2406 2361 2478 ipsum
2390 2410 2716 2468 invaderent
2766 2426 2894 2469 eum
2929 2416 3384 2486 comprehensuri
3412 2417 3609 2476 Ιυίιιρί.

2024 2494 2160 2551 Nam
2196 2489 2453 2556 Caecitate
2481 2516 2777 2572 percussos
2811 2503 3117 2577 interrogat
3146 2524 3160 2561 :
3192 2505 3360 2572 Quem
3409 2512 3612 2579 quaeri-

2028 2588 2097 2641 tis
2116 2589 2135 2620 ⁷
2161 2589 2185 2642 ?
2212 2588 2292 2644 Illi
2323 2606 2454 2647 vero
2482 2602 2777 2665 postquam
2812 2596 3085 2654 dixissent
3114 2614 3174 2655 se
3236 2598 3427 2656 Iesum
3458 2616 3614 2671 quae-

2025 2694 2170 2745 rere,
2212 2697 2408 2740 rursus
2448 2687 2691 2743 ostendit
2748 2688 2883 2759 ipsis
2936 2700 3300 2761 spontaneam
3361 2696 3618 2752 volunta-

2029 2782 2161 2838 tem,
2187 2785 2240 2831 et
2280 2777 2393 2833 ait:
2438 2777 2577 2835 Ecce
2613 2797 2707 2852 ego
2738 2783 2921 2838 sunt'.
2968 2787 3146 2855 Atque
3189 2786 3323 2842 conf
3353 2790 3478 2844 stim
3526 2806 3618 2846 se-

2028 2868 2218 2937 quitur
2251 2884 2312 2924 se
2337 2880 2671 2940 quaerentes.
2694 2872 2832 2940 Quis
2863 2875 3129 2947 impedire
3164 2880 3437 2948 potuisset
3475 2899 3621 2952 quo-

2030 2960 2216 3017 minus
2246 2962 2530 3020 celeritate
2565 2966 2821 3022 avolandi
2850 2979 3136 3039 superaret
3166 2973 3414 3031 vultures
3440 2974 3466 3031 ?
3493 2978 3622 3046 quis

2028 3049 2411 3121 prohibuisset
2437 3056 2738 3125 quominus
2769 3058 3042 3114 eludendo
3093 3076 3394 3121 exctecatos
3420 3069 3621 3123 evade-

2028 3151 2134 3208 ret,
2167 3145 2263 3215 qui
2297 3144 2365 3201 de
2421 3161 2481 3202 se
2518 3147 2744 3202 aiebat:
2801 3149 3130 3206 Potestatem
3176 3155 3341 3209 habeo
3395 3160 3622 3227 ponendi

2031 3233 2272 3287 animam
2303 3251 2495 3302 meam,
2521 3245 2573 3290 et
2603 3253 2791 3292 rursus
2828 3241 3073 3295 sumendi
3103 3259 3221 3297 eam
3243 3246 3305 3300 οἳ
3333 3245 3621 3313 Quomodo

2030 3339 2161 3381 vero
2208 3336 2262 3381 et
2290 3326 2455 3382 Petro
2504 3343 2565 3383 se
2615 3328 2931 3401 obiurganti
2994 3335 3061 3389 ad
3105 3335 3350 3393 animum
3400 3353 3623 3398 revocat

2030 3433 2253 3475 crucem
2283 3435 2314 3475 a
2350 3435 2410 3476 se
2436 3422 2663 3492 expeti?
2694 3422 2878 3495 lnquit
2905 3427 3052 3481 enim
3077 3430 3143 3483 ad
3171 3446 3297 3486 eum
3324 3436 3623 3506 caeteroqui

2031 3510 2291 3568 dilectum
2318 3525 2333 3565 :
2364 3512 2466 3567 Abi
2495 3524 2612 3583 post
2642 3531 2743 3585 me,
2783 3515 3010 3587 Satana,
3038 3524 3290 3592 quoniam
3318 3541 3424 3581 non
3474 3530 3620 3599 sapis

2030 3620 2095 3659 ea
2158 3621 2278 3676 quae
2345 3605 2448 3661 Dei
2501 3618 2624 3662 sunt
2660 3649 2676 3675 ,
2738 3610 2829 3665 sed
2884 3628 3002 3682 qua:
3048 3626 3182 3689 sunt
3255 3619 3525 3674 hominum
3555 3623 3622 3679 ⁸⁸.

2033 3693 2204 3761 Quasi
2271 3697 2462 3764 dicat,
2541 3696 2785 3770 Sequere
2843 3717 2973 3767 me,
3057 3713 3113 3759 ct
3179 3708 3286 3761 noli
3374 3710 3624 3777 resilire,

2033 3785 2293 3856 ignorans
2360 3790 2872 3861 dispensationem,
2948 3795 3133 3865 specie
3201 3798 3386 3855 carnis
3464 3802 3625 3858 dece-

2036 3887 2189 3948 ptus.
2219 3878 2510 3946 Quomodo
2539 3884 2686 3938 enim
2714 3885 3022 3941 formidabo
3055 3897 3309 3954 mortem,
3350 3893 3445 3962 qui
3497 3910 3625 3951 sum

2034 3968 2184 4024 aliud
2210 3969 2348 4024 nihil
2387 3985 2553 4040 quam
2587 3973 2699 4027 vita
2741 3972 3116 4030 immortalis?
3158 3976 3448 4045 Quomodo
3497 3999 3626 4054 pas-

2035 4060 2249 4117 sionem
2281 4061 2641 4132 deprecabor,
2682 4065 2774 4135 qui
2806 4081 2836 4120 a
2888 4068 3246 4137 passionibus
3300 4073 3495 4141 libero,
3526 4078 3626 4148 qui

2037 4160 2184 4207 tactu
2216 4166 2417 4208 manus
2447 4156 2640 4209 sanavi
2672 4171 2870 4224 caecos,
2896 4158 2991 4228 qui
3014 4161 3162 4216 nudo
3195 4163 3364 4219 verbo
3407 4164 3625 4223 firmavi

2037 4244 2411 4316 paralyticos,
2462 4254 2515 4301 et
2574 4246 2678 4303 feci
2734 4258 2797 4304 ut
2843 4249 3051 4307 ferrent
3106 4254 3372 4323 grabbata
3421 4259 3625 4328 quibus

2037 4341 2198 4390 antea
2231 4336 2608 4407 gestabantur,
2642 4341 2737 4411 qui
2770 4340 2949 4397 fontes
2999 4347 3329 4416 sanguinum
3393 4350 3626 4409 fimbriis

2038 4426 2262 4516 siccavi,
2287 4438 2343 4484 et
2376 4444 2408 4483 a
2439 4428 2674 4500 leprosis
2704 4433 2975 4488 maculam
3016 4437 3273 4507 abstersi,
3307 4443 3403 4511 qui
3451 4444 3627 4516 legio-

2036 4530 2138 4572 nes
2176 4515 2494 4572 daemonum
2555 4521 2815 4577 mandato
2871 4522 3079 4595 fugavi,
3134 4528 3394 4601 abyssum
3452 4515 3629 4591 instar

2039 4616 2201 4664 terrae
2226 4611 2462 4679 calcavi,
2491 4610 2781 4683 ipsamque
2814 4615 3080 4673 tumidam
3128 4628 3185 4676 et
3211 4621 3411 4680 elatam
3467 4626 3630 4683 silere

2042 4714 2109 4756 ac
2142 4699 2528 4758 obmutescere
2582 4703 2708 4771 feci,
2755 4706 2851 4777 qui
2904 4709 2974 4764 ad
3025 4719 3221 4769 ventos
3271 4730 3495 4773 manum
3527 4735 3630 4790 pro

2041 4791 2442 4862 tranquillitate
2476 4793 2718 4859 extendi,
2745 4810 2843 4865 per
2867 4812 3010 4868 quos
3043 4799 3209 4856 etiam
3248 4802 3450 4862 ﬂuctus
3498 4822 3629 4877 pro-

2043 4879 2348 4949 cellamque
2386 4882 2731 4940 sustinebam
2760 4888 2894 4957 ;qui
2924 4889 3171 4961 quinque
3197 4894 3432 4962 panibus
3459 4900 3630 4969 quin-

2044 4984 2153 5039 que
2176 4971 2349 5026 millia
2382 4971 2452 5027 ad
2484 4975 2794 5032 satietatem
2856 4979 3057 5049 cibavi,
3092 4994 3146 5038 et
3198 4984 3326 5043 inde
3379 4988 3628 5061 reliquiis

2044 5062 2274 5119 sublatis
2305 5064 2595 5121 duodecim
2622 5069 2891 5140 cophinos
2914 5072 3136 5144 implevi
3162 5093 3177 5144 ;
3213 5077 3306 5147 qui
3332 5078 3628 5148 Lazarum,

2045 5154 2240 5213 diebus
2264 5166 2501 5227 quatuor
2524 5158 2906 5229 fetentem,-ad
2939 5166 3380 5226 reviviscendum
3409 5188 3476 5228 ex
3513 5191 3632 5229 mo-

2046 5256 2310 5302 numento
2349 5249 2540 5304 vocavi
2594 5249 2869 5318 illaesum;
2903 5254 2999 5324 qui
3051 5257 3298 5314 omnium
3341 5262 3524 5332 opifex
3575 5272 3632 5320 et

2046 5338 2212 5404 Deus,
2248 5338 2354 5395 vita
2393 5349 2448 5395 et
2483 5344 2816 5398 resurrectio
2838 5360 2984 5403 sum.
3008 5345 3129 5403 Prae
3155 5358 3244 5405 me
3278 5350 3395 5408 fero
3422 5364 3627 5411 metum

2047 5440 2102 5485 et
2134 5430 2503 5486 humilitatem
2525 5471 2541 5499 ,
2570 5447 2667 5503 per
2690 5435 3144 5495 assimilationem
3191 5443 3375 5499 carnis
3412 5455 3632 5515 captare

2051 5527 2241 5581 volens
2271 5525 2591 5594 draconem,
2637 5537 2694 5585 et
2716 5543 2746 5584 a
2774 5544 2864 5585 me
2892 5531 3113 5602 quidem
3142 5533 3387 5602 illusum,
3421 5550 3632 5595 moria-

2051 5619 2196 5675 libus
2224 5631 2407 5676 autem
2466 5621 2784 5678 illudentem
2815 5623 3114 5681 diabolum.
3175 5625 3426 5684 Piscator
3481 5631 3630 5688 enim

2050 5726 2178 5768 cum
2214 5711 2342 5778 sim,
2375 5711 2542 5768 etiam
2574 5713 2822 5781 hamum,
2859 5730 3057 5788 nempe
3103 5720 3373 5790 meipsum
3433 5723 3627 5784 demisi

429 5880 453 5913 '
482 5882 618 5939 Gen.
654 5897 735 5947 ιιι,
791 5883 845 5938 5.
922 5881 1125 5941 ’Joan.
1151 5900 1308 5954 xvm,
1338 5886 1392 5941 4.
1468 5887 1492 5919 ⁸
1522 5887 1658 5946 ibid.
1703 5890 1758 5947 5.
1835 5893 1857 5925 ’
1883 5890 1925 5947 ,ιε

2033 5931 2045 5949 .
2089 5911 2144 5963 x,
2181 5895 2265 5951 18.
2348 5896 2390 5929 ¹⁰
2446 5896 2614 5955 Marc.
2657 5915 2775 5967 vm,
2827 5899 2921 5954 35.
