4000 6406
414 351 554 407 9039

409 476 464 527 in
494 471 828 544 profundum
870 474 1038 544 hujus
1079 475 1223 537 vitae,
1259 472 1634 528 circumdatus
1665 470 1831 527 veluti
1873 485 1995 524 ver-

409 578 517 627 me,
549 573 829 632 assumpta
862 563 1179 618 mortalium
1204 579 1390 627 carne,
1428 562 1544 632 ipse
1570 577 1668 630 per
1721 560 1993 628 meipsum

407 656 716 710 consimilis
753 656 928 724 ipsis,
979 655 1117 711 citra
1169 655 1528 710 mutationem
1585 661 1765 708 tamen
1815 651 1995 706 factus

408 744 676 800 Adamus.
714 745 780 799 Et
808 747 952 800 velut
1001 747 1262 816 piscator,
1314 762 1460 802 nunc
1513 747 1734 817 quidem
1797 745 1995 801 blande

407 837 637 892 demitto
662 847 716 892 et
748 838 1013 893 subtraho
1064 840 1118 894 in
1176 838 1451 910 profundo
1481 840 1668 894 datum
1725 839 1946 892 hamum
1975 855 1991 905 ;

407 944 555 983 nunc
591 944 720 983 vero
772 931 1018 999 quietum
1077 939 1259 998 teneo,
1312 933 1789 1002 appropinquante
1842 932 1994 1000 pisce

405 1019 684 1074 homicida
717 1037 880 1091 quem
937 1022 1194 1088 observo,
1239 1039 1309 1079 ne
1340 1039 1447 1094 qua
1482 1023 1704 1077 territus
1759 1023 1987 1078 resiliat.

405 1110 750 1182 Quapropter
780 1124 832 1168 et
852 1129 949 1184 per
975 1131 1195 1170 servum
1231 1130 1413 1169 meum
1440 1115 1697 1170 Davidem
1723 1114 1946 1185 inquam
1973 1134 1986 1170 :

405 1199 518 1270 Ego
545 1217 664 1254 vero
691 1218 806 1255 sum
841 1205 1052 1270 vermis,
1092 1216 1140 1259 et
1174 1219 1277 1258 non
1334 1205 1488 1258 homo
1517 1205 1582 1259 ¹¹.
1615 1205 1987 1272 Quemadmo-

404 1293 536 1348 dum
571 1293 720 1348 enim
755 1295 847 1350 ille
870 1311 935 1349 ex
964 1305 1106 1351 terra
1134 1297 1350 1367 absque
1385 1297 1568 1366 aliqua
1602 1297 1991 1366 conjunctione

404 1399 624 1438 carnem
660 1385 879 1454 accipit,
913 1395 968 1441 et
997 1385 1050 1439 in
1090 1385 1256 1440 vitam
1291 1385 1649 1456 producitur:
1686 1385 1992 1440 consimili-

404 1482 488 1528 ter
522 1481 574 1528 et
605 1489 708 1543 ego
735 1489 799 1529 ex
830 1491 894 1529 ea
927 1490 1051 1546 qua
1082 1490 1302 1546 semper
1331 1486 1416 1530 est
1443 1476 1599 1543 virgo
1647 1476 1856 1545 absque
1889 1476 1989 1530 ali-

403 1582 512 1636 qua
537 1568 925 1623 commistione
957 1578 1013 1622 et
1045 1568 1438 1638 conjunctione
1466 1568 1594 1632 viri,
1626 1568 1943 1624 incarnatus
1969 1610 1988 1636 ,

403 1660 730 1714 naturaliter
757 1659 937 1714 factus
967 1675 1091 1715 sum
1124 1659 1311 1719 homo.
1351 1674 1582 1715 manens
1637 1659 1802 1715 Deus.
1839 1659 1988 1726 Qua-

403 1758 624 1819 propter
661 1749 736 1804 ait
759 1751 927 1804 multa
960 1751 1202 1821 pericula
1243 1765 1537 1822 perpessus
1575 1751 1666 1806 ille
1696 1761 1847 1807 vates
1897 1749 1989 1804 Je-

403 1841 607 1896 remias
640 1881 656 1906 ,
712 1841 907 1896 videns
973 1843 1293 1912 prophetica
1345 1843 1555 1897 visione
1606 1841 1985 1912 decipiendum

402 1932 776 2001 deceptorem,
811 1941 866 1987 et
894 1934 1053 2003 quasi
1083 1933 1342 1989 deridens
1393 1934 1566 2004 ipsius
1622 1934 1898 1990 fremitum
1931 1942 1988 1988 et

401 2023 814 2095 arrogantiam,
877 2035 1003 2078 ante
1059 2040 1237 2081 annos
1295 2025 1621 2097 quingentos
1662 2035 1718 2080 et
1772 2025 1987 2095 longius

401 2113 596 2181 etiam,
629 2114 698 2169 de
731 2130 817 2168 me
843 2134 856 2170 :
889 2114 1066 2168 Homo
1099 2125 1198 2178 est,
1230 2126 1281 2170 et
1309 2117 1428 2187 quis
1459 2119 1724 2188 cognoscit
1750 2133 1867 2171 eum
1901 2115 1989 2170 “?

402 2202 559 2272 quasi
588 2202 756 2268 dicat,
802 2204 948 2276 quod
972 2205 1066 2274 qui
1101 2203 1242 2260 Deus
1269 2214 1372 2270 est,
1396 2221 1492 2276 per
1519 2207 1982 2277 dispensationem

399 2305 626 2365 propter
658 2311 760 2352 nos
791 2298 957 2351 homo
985 2297 1164 2353 factus
1187 2297 1281 2365 sit,
1316 2300 1592 2368 sapienter
1619 2298 1876 2352 deludere
1929 2297 1983 2350 in

400 2388 610 2443 malitia
647 2390 950 2460 sapientem
989 2391 1202 2456 volens,
1234 2391 1469 2461 impleas
1517 2391 1858 2460 prophetiam
1891 2405 1984 2460 ge-

1467 349 1524 404 S.
1567 346 1866 404 CAESARI!
1905 340 2238 404 GREGORII
2281 338 2580 394 FRATRIS

3547 344 3693 401 {NO

2105 483 2226 536 μον,
2242 463 2552 533 ἐγγίζοντος
2576 464 2670 517 τοῦ
2698 462 3272 535 σκοπουμένουίχθύος
3293 465 3690 536 ἀνθρωποκτό-

2100 573 2215 621 νου,
2247 558 2444 626 μήπως
2467 556 2650 619 δείσας
2679 556 3030 630 ἀποπηδήσῃ.
3062 556 3151 608 Διδ
3187 555 3281 610 καί
3312 574 3455 626 φημι
3480 557 3568 610 διὰ
3589 557 3687 610 τοῦ

2101 649 2286 712 παιδός
2335 665 2436 718 μου
2479 647 2662 708 Δαϐιδ,
2717 649 2872 717 Ἐγὼ
2904 648 2971 707 δέ
3016 651 3129 718 ειμι
3152 647 3400 715 σκώληξ
3441 649 3540 702 καὶ
3571 653 3689 701 οὐκ

2095 744 2425 812 ἅνθρωπος.
2454 744 2667 816 Ὥσπερ
2713 747 2823 816 γὰρ
2855 745 3064 807 ἐκεῖνος
3111 746 3176 797 ἐκ
3219 744 3322 814 τῆς
3362 744 3464 815 γῆς
3513 744 3686 814 χωρίς

2093 850 2240 897 τινος
2277 833 2604 904 συμπλοκῆς
2632 834 2929 906 σαρκοῦται
2981 835 3075 888 καὶ
3105 834 3471 903 ζωογονεῖται,
3506 852 3688 906 παρα-

2098 925 2346 997 πλησίως
2381 925 2536 996 κάγὼ
2563 930 2627 981 ἐκ
2655 927 3075 998 τῆςἈειπαιδος
3102 928 3272 999 χωρὶς
3307 927 3502 999 μίξεὼς
3537 945 3687 992 τινος

2093 1018 2189 1070 καὶ
2220 1018 2541 1090 συμπλοκῆς
2566 1018 2760 1090 ἀνδρὸς
2799 1021 3123 1091 σαρκωθεὶς,
3170 1019 3454 1089 αὐτοφυῶς
3479 1021 3686 1088 γέγονα

2095 1110 2286 1182 βροτὸς
2319 1112 2496 1182 μένων
2523 1111 2677 1176 Θεός.
2709 1111 2800 1166 Διό
2841 1131 3006 1184 φησιν
3049 1113 3318 1184 Ἱερεμίας
3343 1115 3370 1166 6
3394 1113 3501 1165 τῶν
3547 1129 3688 1184 προ-

2092 1203 2280 1273 φητῶν
2309 1204 2714 1270 πολυκίνδυνος,
2753 1205 2897 1277 ὁρῶν
2931 1205 3254 1278 προφητικῷ
3294 1205 3500 1277 ὄμματι
3545 1205 3688 1257 ἀπα-

2089 1296 2285 1351 τᾶσθαι
2315 1298 2533 1369 μέλλειν
2559 1299 2652 1352 τὸν
2680 1299 2993 1361 ἀπατεῶνα,
3032 1299 3194 1351 οἱονεὶ
3222 1297 3394 1366 γελῶν
3433 1295 3601 1350 αὑτοῦ
3622 1297 3686 1349 τδ

2090 1392 2360 1464 φρύαγμα
2389 1393 2484 1446 καὶ¹
2516 1393 2613 1465 τὴν
2636 1394 2822 1448 ἄνοιαν
2847 1435 2863 1458 ,
2896 1393 3004 1464 πρὸ
3036 1392 3405 1446 πεντακοσίων
3427 1390 3563 1443 ἐτῶν
3585 1391 3683 1442 καὶ

2087 1481 2220 1545 ἀνω,
2264 1483 2430 1552 φησὶν
2484 1483 2613 1554 περὶ
2659 1483 2826 1554 ἐμοῦ·
2864 1484 3201 1550 Ἄνθρωπός
3243 1480 3393 1542 ἐστι,
3432 1480 3532 1534 καὶ
3587 1481 3682 1546 τίς

2086 1571 2378 1642 γνώσεται
2408 1576 2626 1640 αὐτόν;
2652 1575 2728 1638 ὼς
2770 1576 2968 1643 εἰπεῖν,
2999 1576 3092 1629 ὅτι
3115 1574 3248 1638 Θεός
3281 1576 3450 1638 ἐστιν,
3477 1575 3682 1627 οἰκονο-

2092 1664 2267 1735 μικῶς
2297 1665 2366 1718 δι’
2399 1667 2548 1736 ἡμᾶς
2592 1666 2923 1737 γενόμενος,
2964 1664 3143 1735 σοφῶς
3184 1667 3434 1736 μωρᾶναι
3476 1665 3568 1718 τὸν
3622 1667 3679 1717 ἐν

2090 1755 2259 1826 κακίᾳ
2297 1754 2458 1822 σοφὸν
2497 1755 2929 1827 προαιρούμενος
2952 1797 2966 1819 ,
3007 1752 3232 1825 πληρῶν
3277 1751 3370 1806 τοῦ
3427 1751 3677 1820 γενναίου

2102 1842 2224 1895 Ἰὼϐ
2256 1843 2355 1912 τὴν
2377 1843 2736 1913 προφητείαν,
2778 1843 3114 1912 φάσκουσαν,
3150 1842 3351 1906 Ἀξεις
3377 1839 3679 1908 δράκοντα

2089 1933 2160 1987 ἐν
2189 1933 2510 2003 ἀγκίστρῳ.
2525 1936 2636 1988 Καὶ
2662 1934 2823 1988 πάλιν
2856 1935 2885 1986 6
2919 1933 3101 1999 αὐτὸς,
3149 1934 3252 1987 Ἐν
3280 1929 3359 1997 τῷ
3380 1932 3544 1997 τόπῳ
3565 1928 3680 1997 τῆς

2090 2026 2368 2080 ἀϐύσσου
2395 2025 2858 2094 περιεπάτησας,
2879 2026 2953 2080 τὰ
2981 2026 3342 2094 καταχθόνια
3368 2023 3678 2093 περιθέων,

2089 2115 2186 2169 καὶ
2241 2117 2370 2179 τοὺς
2429 2119 2546 2170 ἐκεῖ
2597 2117 2982 2186 αἰχμαλώτους
3037 2116 3357 2187 ἐλευθερῶν
3391 2117 3484 2168 καὶ
3514 2116 3692 2168 πάλιν,

2089 2210 2118 2261 6
2147 2208 2309 2272 αύτός
2336 2225 2521 2278 φησιν,
2566 2208 3008 2278 Ἁνοιγήσονται
3047 2206 3115 2260 δέ
3162 2224 3259 2262 σοι
3298 2209 3458 2277 φόϐῳ
3488 2208 3680 2260 πύλαι

2092 2299 2355 2353 θανάτου
2385 2317 2397 2330 ·
2449 2301 2713 2369 πυλωροὶ
2773 2299 2842 2354 δὲ
2889 2299 3039 2367 ᾅδου
3094 2299 3320 2365 [donec
3364 2298 3441 2352 σὲ
3494 2300 3680 2366 ἔπτη-

2094 2391 2227 2454 ξαν.

397 2483 581 2539 nerosi
609 2482 729 2538 Jobi
757 2485 988 2540 dicentis
1017 2505 1030 2541 :
1063 2485 1234 2540 Duces
1259 2486 1514 2540 dracones
1557 2482 1796 2540 homo”.
1828 2482 1972 2538 Idem
2037 2500 2233 2541 rursus
2292 2487 2402 2542 ait:
2439 2487 2667 2542 Semitas
2719 2489 2896 2558 abyssi
2957 2487 3356 2558 perambulasti,
3405 2486 3680 2540 subterra-

399 2591 496 2629 nea
524 2591 833 2644 percurrens
857 2577 922 2642 “,
959 2587 1011 2631 et
1042 2578 1151 2632 illic
1178 2586 1369 2648 captos
1407 2578 1668 2633 liberans.
1705 2574 1770 2628 Et
1799 2576 1995 2630 iterum
2027 2577 2170 2632 idem
2203 2578 2421 2650 inquit:
2483 2580 2801 2648 Aperientur
2833 2581 2925 2634 tibi
2976 2591 3173 2636 terrore
3225 2591 3390 2650 parte
3450 2581 3636 2632 mortis
3656 2595 3680 2634 :

401 2671 654 2735 ianitores
685 2670 879 2738 inferni
919 2680 967 2724 te
995 2672 1224 2724 uidentes
1254 2671 1630 2724 inhorruerunt
1652 2670 1716 2723 “‘.

779 2757 1299 2816 INTERROGATIO
1348 2759 1612 2816 CXXXV.

471 2846 612 2902 Num
650 2848 822 2919 igitur
873 2850 1158 2905 illusorem
1211 2851 1355 2906 dicis
1403 2852 1712 2918 Christum,
1754 2863 1810 2907 et
1840 2851 1987 2922 quod

399 2939 529 2995 dolo
558 2940 904 3010 superaverit
928 2941 1211 2996 diabolum
1234 2942 1258 2995 ?

1039 3033 1346 3101 Responsio.

470 3123 620 3180 Nihil
652 3124 706 3179 id
733 3132 932 3195 praeter
952 3124 1237 3181 decorum.
1263 3124 1546 3196 Siquidem
1593 3134 1646 3180 et
1688 3124 1805 3196 ipse
1829 3134 1986 3180 ante-

397 3233 565 3289 quam
603 3217 793 3273 unitus
820 3217 1032 3272 homini
1063 3217 1208 3274 Deus
1232 3228 1401 3284 esset,
1437 3227 1772 3286 conspectus
1801 3219 1872 3272 ab
1899 3218 1986 3271 in-

399 3320 640 3382 terprete
663 3325 847 3364 rerum
879 3310 1192 3365 divinarum
1225 3311 1399 3375 Mose,
1447 3311 1627 3381 inquit
1659 3327 1673 3363 :
1719 3309 1876 3366 Vides
1929 3311 1985 3364 in

398 3415 558 3470 quam
590 3401 772 3454 multis
798 3399 1056 3455 illuserim
1101 3401 1474 3472 ngyptit's"?
1517 3401 1780 3458 Similiter
1808 3402 1988 3456 illudit

405 3491 727 3547 incarnatus
756 3492 1056 3548 intellectili
1089 3491 1368 3548 Pharaoni
1424 3510 1550 3550 cum
1584 3505 1699 3550 toto
1741 3495 1984 3550 exercitu

400 3597 502 3637 stto
533 3581 989 3655 Egyptiacorum
1027 3586 1363 3650 daemonum,
1412 3586 1761 3642 invisibiliter
1796 3588 1985 3658 ﬂagel-

398 3678 513 3731 lato
545 3686 600 3732 et
635 3677 928 3734 submerso
963 3678 1106 3749 ipso,
1130 3694 1228 3749 per
1255 3678 1307 3733 id
1327 3680 1473 3750 quod
1501 3681 1699 3751 inquit,
1729 3679 1912 3743 Pater,
1940 3683 1986 3735 si

395 3768 514 3836 ﬁeri
549 3776 739 3836 potest,
782 3777 1018 3822 transeat
1054 3786 1087 3823 a
1122 3785 1204 3824 me
1239 3772 1485 3839 poculum
1511 3771 1688 3824 hoc".
1735 3769 1780 3826 0
1813 3784 1980 3841 pocu-

399 3861 512 3915 lum
545 3859 793 3916 diabolos
831 3862 1156 3926 vulnerans,
1182 3861 1464 3918 daemonas
1500 3862 1717 3932 fugans,
1760 3874 1985 3932 peccata

399 3952 691 4016 ventilans,
718 3963 1040 4022 peccatores
1071 3955 1327 4025 expians,
1376 3966 1634 4011 aeternam
1669 3955 1836 4010 vitam
1862 3969 1987 4024 ope-

400 4045 564 4098 rans!
615 4041 792 4098 Homo
836 4045 1002 4116 igitur
1066 4047 1247 4116 reipsa
1297 4045 1437 4102 Deus
1501 4045 1736 4101 Verbum
1781 4045 1982 4112 iactus,

399 4133 813 4189 immutabiliter
873 4135 1056 4190 omnia
1098 4151 1228 4191 cum
1269 4137 1496 4192 veritate
1531 4145 1859 4207 prosecutus
1897 4144 1986 4192 est

398 4223 663 4288 humana,
705 4233 918 4295 excepto
952 4227 1243 4294 peccato“.
1285 4225 1381 4284 Sic
1418 4238 1660 4298 tempore
1710 4228 1985 4298 passionis

393 4317 719 4387 deprecatur
747 4319 1028 4388 poculum,
1073 4334 1181 4373 non
1223 4329 1472 4375 metuens
1495 4320 1549 4374 id
1584 4319 1728 4388 quod
1755 4319 1868 4387 jam
1887 4333 1987 4372 an-

380 4416 486 4475 tea
513 4409 779 4474 voluerat,
834 4409 930 4463 sed
987 4425 1086 4463 nos
1126 4409 1429 4477 instruens,
1484 4411 1539 4463 in
1593 4409 1836 4473 pericula
1872 4425 1980 4463 non

314 4541 318 4545 .
398 4499 751 4554 insiliendum
782 4513 928 4562 esse,
963 4501 1056 4553 sed
1084 4500 1434 4556 adventantia
1458 4499 1676 4554 fortiter
1711 4515 1776 4554 ac
1809 4500 1982 4553 virili-

402 4599 484 4644 ter
510 4604 634 4644 esse
660 4588 1004 4657 excipienda.
1044 4589 1167 4644 Ideo
1192 4605 1410 4645 crucem
1447 4605 1542 4659 per
1571 4589 1980 4644 meditationem

400 4679 725 4731 aestimatam
785 4686 935 4731 certo
979 4679 1212 4734 consilio
1257 4678 1656 4748 deprecabatur
1717 4680 1978 4751 quidem;

401 4768 703 4822 exhibitam
747 4784 876 4823 vero
901 4784 1066 4840 super
1095 4771 1352 4826 humeros
1379 4780 1638 4840 tanquam
1670 4771 1843 4826 victor
1873 4771 1982 4826 tol-

403 4863 541 4924 lens,
593 4862 707 4918 ibat
740 4871 954 4931 sponte,
1007 4864 1062 4918 in
1093 4879 1158 4919 ea
1211 4865 1379 4921 clavis
1436 4865 1755 4936 aiiigendus.
1804 4865 1981 4920 Simul

390 4965 582 5008 autem
614 4954 872 5010 omnibus
902 4954 1208 5010 acclamare
1239 4957 1516 5017 convenit,
1564 4972 1686 5025 quze
1714 4975 1744 5010 ιι
1780 4956 1981 5012 Davids

399 5043 586 5096 divino
608 5042 893 5098 decantata
929 5053 1104 5099 sunt;
1148 5042 1321 5108 Quam
1351 5044 1504 5098 valde
1539 5045 1822 5114 magniﬁca
1859 5054 1982 5100 sunt

398 5148 558 5198 opera
596 5143 708 5198 tua,
750 5132 1012 5187 Domine!
1067 5135 1247 5190 omnia
1302 5139 1357 5191 in
1407 5138 1670 5206 sapientia
1721 5138 1891 5206 fecisti
1917 5137 1980 5190 ".

393 5222 672 5277 Similiter
702 5223 1096 5294 n'tagniloquus
1125 5234 1180 5280 et
1205 5227 1440 5283 eximius
1468 5227 1556 5281 ille
1580 5227 1877 5296 Apostolus
1909 5226 1986 5280 di-

397 5325 545 5370 serte
605 5315 846 5372 clamat:
900 5316 944 5373 0
995 5319 1408 5388 profunditatem
1438 5320 1742 5375 divitiarum
1784 5330 1833 5374 et
1889 5336 1984 5373 sa-

397 5408 614 5474 pientia:
640 5419 689 5462 et
723 5410 1034 5478 cognitionis
1063 5410 1159 5464 Dei
1183 5412 1202 5464 !
1231 5413 1400 5476 Quam
1424 5411 1789 5464 inscrutabilia
1833 5412 1989 5480 judi-

398 5502 482 5554 cia
523 5510 646 5555 sunt
685 5503 824 5569 ejus,
871 5511 921 5556 et
957 5503 1455 5572 impervestigabiles
1494 5504 1605 5570 ejus
1649 5503 1786 5556 vias!
1851 5502 1982 5567 Quis

396 5591 536 5643 enim
559 5595 794 5662 cognovit
818 5605 1042 5648 mentem
1083 5595 1294 5649 Domini
1321 5599 1346 5651 ε)
1401 5604 1493 5647 aut
1519 5595 1635 5664 quis
1660 5595 1762 5662 fuit
1787 5595 1837 5647 ei
1857 5611 1982 5647 con-

2653 2759 2902 2812 ΠΕΥΣΙΣ
2938 2759 3109 2812 ΡΛΕ’.

2164 2854 2228 2906 Τί
2259 2849 2352 2906 οὖν
2399 2852 2716 2923 ἐμπαίκτην
2762 2851 2944 2920 λέγεις
2989 2851 3082 2904 τὸν
3121 2849 3378 2921 Χριστὸν,
3407 2850 3497 2903 καὶ
3535 2849 3673 2921 δτὸἓῳ

2090 2944 2402 3016 ὴττήσαντα
2426 2944 2516 2998 τὸν
2549 2943 2795 2997 διάϐολον
2819 2960 2833 3007 ;

2704 3035 3060 3102 Ἀπόκρισις.

2161 3127 2326 3182 Οὐδὲν
2353 3126 2602 3192 ἀπεικός.
2625 3127 2736 3181 Καὶ
2767 3125 2877 3197 γὰρ
2911 3125 3074 3188 αὐτὸς
3107 3123 3214 3195 πρὸ
3237 3124 3336 3194 τῆς
3356 3121 3666 3193 θεανδρικῆς

2087 3216 2265 3288 ὅψεως
2316 3216 2504 3286 ὀφθεὶς
2558 3217 2637 3288 τῷ
2687 3217 2983 3289 ἱεροφάντῃ
3033 3216 3242 3278 Μωσεῖ,
3293 3215 3456 3286 φησιν
3497 3213 3671 3283 αὐτῷ,

2099 3307 2265 3376 Ὁρᾷς
2290 3309 2455 3363 πόσα
2478 3308 2814 3377 ὲμπέπαικα
2840 3309 2964 3373 τοῖς
2991 3308 3361 3376 Αἰγυπτίοις
3402 3303 3678 3366 Ὡσαύτως

2088 3399 2350 3470 ἐμπαίζει
2393 3399 2696 3470 σαρκωθεὶς
2740 3399 2830 3452 τὸν
2874 3399 3063 3468 νοητὸν
3096 3397 3295 3470 Φαραὼ
3335 3399 3679 3468 πανστρατιᾷ

2087 3490 2197 3544 τῶν
2227 3489 2395 3545 αὐτοῦ
2443 3491 2760 3558 Αἰγυπτίων
2797 3490 3092 3562 δαιμόνων,
3122 3490 3372 3560 ἀοράτως
3406 3489 3676 3560 μαστίξας

2088 3582 2184 3637 καὶ
2217 3581 2499 3645 ωντιῦσας
2519 3582 2704 3647 αὐτὸν,
2730 3582 2818 3636 διά
2844 3582 2937 3636 τοῦ
2968 3582 3220 3651 φάσκειν,
3257 3580 3469 3648 Πάτερ,
3494 3583 3550 3634 εὶ
3575 3581 3679 3634 δυο

2087 3673 2292 3738 κιττὸν,
2323 3672 2668 3741 παρελθέτω
2716 3673 2781 3727 τὸ
2829 3672 3119 3741 ποτήριον
3157 3671 3334 3726 τοῦτο
3374 3673 3477 3726 ἀπ’
3502 3671 3674 3741 ἐμοῦ.

2093 3766 2158 3818 Ὢ
2183 3767 2441 3837 ποτήριον
2469 3765 2720 3820 διαὸόλου
2753 3768 3078 3838 τρωτήριον,
3113 3765 3382 3835 δαιμόνων
3406 3763 3678 3834 φυγαδευ-

2085 3856 2298 3926 τήριον,
2332 3855 2619 3926 ἁμαρτιῶν
2665 3855 3046 3927 λικμητήριον,
3081 3854 3419 3926 ἁμαρτωλῶν
3462 3853 3678 3924 ἱλαστή-

2089 3961 2226 4016 ριον,
2271 3944 2416 4016 ζωῆς
2445 3945 2665 3998 αἰωνίου
2697 3946 3088 4017 ἐργαστήριονί
3129 3944 3448 4016 Ἀνθρωπος
3489 3947 3676 3996 τοίνυν

2088 4038 2230 4092 κατὰ
2270 4037 2527 4108 ἀλήθειαν
2560 4038 2588 4090 6
2631 4037 2764 4101 Θεὸς
2799 4038 2971 4105 Λόγος
3009 4037 3318 4106 γενόμενος,
3360 4035 3673 4107 ἀτρέπτως,

2088 4129 2268 4182 πάντα
2307 4129 2405 4183 σὺν
2434 4128 2663 4200 ἀληθείᾳ
2713 4129 2782 4182 τὰ
2831 4127 3038 4199 βροτῶν
3081 4123 3348 4199 διεξῆλθε,
3382 4129 3520 4200 πλὴν
3568 4127 3675 4198 τῆς

2087 4223 2305 4276 ἀνοσίου
2334 4222 2534 4286 κακίας
2559 4238 2572 4252 ο
2605 4221 2781 4285 οὕτως
2811 4223 2905 4274 καὶ
2933 4223 2991 4274 ἐν
3017 4220 3096 4291 τῷ
3122 4221 3218 4274 τοῦ
3258 4221 3462 4284 πάθους
3491 4220 3674 4291 καιρῷ

2088 4315 2437 4385 παραιτεῖται
2477 4312 2540 4364 τὸ
2572 4314 2852 4384 ποτήριον,
2879 4313 2940 4365 οὐ
2971 4309 3222 4373 δεδοικὼς
3261 4311 3397 4383 ὅπερ
3422 4310 3674 4364 ἐϐούλετο

2089 4405 2212 4476 ἤδη,
2237 4404 2374 4458 ἀλλά
2394 4404 2684 4470 παιδεύων,
2718 4406 2794 4475 μὴ
2819 4404 2928 4460 δεῖν
2953 4407 3066 4466 τοῖς
3089 4400 3352 4466 κινδύνοις
3378 4403 3669 4473 ἐπιπηδᾷν,

2093 4495 2418 4559 ἐπελθόντας
2447 4496 2504 4549 δὲ
2533 4495 2816 4567 καρτερῶς
2847 4495 2940 4548 καὶ
2969 4494 3232 4565 ἀνδρείως
3275 4492 3546 4562 δέχεσθαι.
3576 4493 3673 4545 Διδ

2091 4585 2465 4659 μελετώμενον
2528 4587 2627 4656 μὲν
2678 4585 2770 4638 τὸν
2827 4585 3060 4654 σταυρὸν
3114 4582 3470 4652 οἰκονομικῶς
3527 4598 3669 4652 παρ-

2085 4683 2288 4753 ῃτεῖτο,
2310 4676 2689 4749 ἀποφανθέντα
2711 4677 2768 4729 δέ
2783 4679 2870 4728 ἐπ’
2897 4675 3061 4746 ὤμων
3078 4675 3153 4738 ὼς
3176 4674 3468 4745 νικηφόρος
3489 4671 3670 4727 λαϐὼν

2084 4772 2398 4844 ηὐτομόλει,
2438 4770 2524 4824 ἐπ’
2571 4769 2718 4840 αὐτῷ
2769 4766 3133 4840 καθηλώσθαι
3181 4765 3517 4836 αὐθαιρέτως
3551 4781 3677 4832 φοι-

2086 4864 2218 4918 τῶν.
2263 4863 2552 4934 Ἀρμόττει
2581 4861 2639 4914 δέ
2668 4861 2832 4914 πᾶσιν
2851 4857 2986 4930 ὁμοῦ
3025 4857 3324 4928 ἀναῦοῆσαι
3347 4856 3415 4909 τὰ
3441 4855 3546 4908 ὑπὸ
3573 4854 3677 4907 τοῦ

2087 4956 2374 5010 θεσπεσίου
2403 4954 2569 5009 Δαϐὶδ
2601 4951 2984 5023 μελῳδούμενα
3002 4966 3016 4981 °
3063 4950 3159 5015 Ὠς
3188 4949 3565 5018 ἐμεψλύνθη
3593 4945 3673 4998 τὰ

2086 5048 2232 5117 ἔργα
2247 5061 2386 5112 σου,
2406 5045 2616 5113 Κύριεί
2644 5043 2841 5097 πάντα
2863 5042 2936 5096 ἐν
2953 5042 3140 5110 σοφίᾳ
3163 5040 3475 5107 ἐποίησας.
3507 5039 3670 5091 Ἀνα-

2087 5138 2280 5209 φωνῶν
2315 5140 2343 5191 6
2370 5136 2573 5208 ὑψηλὸς
2617 5133 2939 5196 ’Δπόστολος
2963 5131 3260 5203 διαρρήδην
3293 5130 3392 5202 βοᾷ
3411 5147 3423 5159 ·
3459 5126 3526 5184 Ὦ
3549 5129 3670 5194 βά-

2086 5235 2192 5296 θος
2223 5230 2492 5283 πλούτου
2519 5226 2616 5281 καὶ
2657 5225 2880 5293 σοφίας
2914 5220 3013 5276 καὶ
3038 5219 3316 5290 γνώσεως
3355 5221 3504 5274 Θεοῦ
3530 5238 3542 5252 ι
3586 5221 3662 5286 ὡς

2085 5321 2526 5389 ἀνεξερεύνητα
2561 5319 2634 5372 τὰ
2666 5318 2919 5384 κρίματα
2959 5312 3168 5376 αὐτοῦ,
3194 5313 3289 5366 καί
3327 5313 3677 5380 ἀνεξιχνία-

2086 5427 2218 5466 στοι
2250 5415 2309 5465 ai
2342 5412 2468 5466 ὁδοὶ
2501 5409 2739 5464 αὐτοῦί·
2758 5409 2852 5473 Τίς
2892 5405 3001 5476 γὰρ
3028 5405 3180 5474 ἔγνω
3225 5407 3379 5458 νοῦν
3402 5404 3666 5472 Κυρίους

2089 5505 2126 5571 ἢ
2173 5504 2267 5568 τίς
2311 5505 2662 5573 σύμϐουλος
2698 5498 2888 5553 αὑτοῦ
2931 5496 3202 5566 ἐγένετο;
3234 5497 3279 5549 ὣ
3314 5497 3416 5566 τῆς
3457 5498 3670 5559 ἀνοίας,

2083 5595 2138 5650 oi
2175 5596 2452 5650 θεσπέσιοι
2480 5593 2800 5665 ἀποροῦσιν,
2839 5591 2888 5644 οἱ
2915 5589 3170 5659 τυχόντες
3204 5588 3456 5656 ζητοῦσιν
3483 5607 3495 5620 ’
3535 5606 3668 5641 σιω-

473 5696 537 5764 f‘_
561 5693 710 5751 Psal.
752 5714 864 5760 ut,
902 5699 954 5752 7.
1035 5701 1077 5733 “
1109 5699 1220 5754 Jer.
1262 5717 1394 5764 xv",
1452 5701 1506 5759 9.
1561 5717 1672 5757 sec.
1709 5700 1870 5755 LXX.
1951 5703 1996 5734 ¹³
2052 5700 2155 5756 Job
2211 5717 2301 5762 χι..
2358 5701 2594 5754 920.scr.
2646 5681 2808 5752 LXX.
2889 5699 2932 5727 “
2971 5692 3076 5746 Job
3135 5710 3360 5753 xxxvnt.
3405 5693 3494 5764 16,
3551 5708 3668 5746 SPI‘.

400 5761 538 5815 LXX
550 5801 564 5816 .

405 5828 492 5883 ιδ.
573 5833 615 5863 ¹⁹
637 5833 781 5890 Psal.
812 5849 920 5898 scr,
953 5839 1006 5890 6.

644 5767 686 5837 _"
738 5766 841 5820 Job
907 5784 1138 5834 xxxviii,
1174 5771 1260 5833 l7,
1298 5787 1409 5824 sec.
1449 5770 1609 5825 LXX.
1692 5772 1734 5802 ¹⁶
1770 5772 1940 5826 Exod.
1978 5789 1986 5825 ε

2093 5777 2123 5836 Ξ,
2187 5769 2492 5828 sec.LXX.
2577 5770 2616 5801 "
2674 5769 2865 5822 Matth.
2931 5777 3081 5826 xxw,
3125 5765 3214 5818 99.
3295 5767 3338 5796 ⁸⁸

3399 5763 3534 5818 lieb.
3588 5778 3672 5830 IV.
