4000 6394
323 383 480 442 -ιοιι

347 494 544 549 redeem
576 488 757 544 τοίνυν
788 492 938 545 πᾶσα
979 489 1281 561 φιλονεικία
1314 489 1408 543 καὶ
1452 488 1729 561 λογισμῶν
1779 489 1933 559 κίνη-

346 601 434 648 σις
523 580 704 652 χαίρει
751 582 862 654 γὰρ
906 583 966 637 τὸ
1011 584 1169 636 Θείον
1217 581 1361 654 ἁπλῇ
1411 585 1479 654 τῇ
1527 583 1706 638 πίστει
1757 581 1933 654 τιμὼ-

351 690 532 748 μενον.

900 849 1150 903 ΠΕΥΣΙΣ
1189 850 1374 917 ΡΑςν.

421 943 645 998 Πάντων
673 942 852 1004 καλῶς
879 941 1359 1012 διευκρινηθέντων
1387 942 1539 1011 ἡμῖν,
1566 940 1801 1010 δεόμεθα
1831 939 1934 994 λοι-

351 1036 451 1089 πὸν
478 1035 546 1088 τὰ
573 1035 670 1104 τῆς
691 1033 970 1104 ἡμετέρας
999 1032 1214 1100 φύσεως
1252 1030 1464 1101 μαθεῖν.
1494 1032 1603 1084 Καὶ
1633 1033 1661 1084 ὁ
1699 1031 1797 1102 μὲν
1825 1035 1931 1084 Δα-

351 1127 437 1180 6¹ιδ
471 1125 760 1198 σμικρύνει
794 1125 889 1178 καὶ
917 1125 1178 1187 εὑτελίζει
1210 1124 1301 1176 τὸν
1339 1123 1642 1193 ἄνθρωπον,
1667 1123 1840 1192 λέγων
1874 1125 1932 1176 ὲν

351 1218 430 1289 τῷ
469 1218 647 1288 ἐγδιῧῳ
687 1216 886 1287 ψαλμῷ
910 1233 924 1246 ο
959 1217 1154 1282 Κύριε,
1190 1215 1249 1268 τί
1274 1216 1443 1268 ἐστιν
1483 1214 1812 1288 ἅνθρωπος,
1842 1215 1934 1269 ὅτι

343 1310 660 1379 μιμνήσκῃ
676 1309 862 1364 αὑτοῦ
888 1326 906 1374 ;
929 1310 1018 1363 Ἐν
1036 1309 1092 1361 δὲ
1104 1307 1182 1379 τῷ
1199 1307 1508 1379 τριακοστῷ
1526 1308 1694 1378 ὀγδόῳ
1710 1307 1930 1378 ψαλμῷ,

350 1399 523 1467 Πλὴν
579 1397 828 1467 μάταιος
882 1397 1003 1462 πᾶς
1047 1398 1374 1466 ἅνθρωπος.
1421 1397 1510 1450 Ἐν
1563 1397 1622 1450 δὲ
1675 1397 1754 1467 τῷ
1809 1403 1933 1467 ρμγ⁹

347 1489 569 1560 ψαλμῷ,
611 1491 802 1558 Κύριε,
832 1489 889 1541 τί
931 1489 1103 1544 ἐστιν
1120 1488 1450 1556 ἅνθρωπος,
1492 1488 1583 1541 ὅτι
1621 1489 1935 1557 ἐγνώσθης

348 1582 529 1649 αὐτῷ,
571 1584 609 1647 ἢ
640 1583 769 1648 υίὸς
788 1581 1123 1650 ἀνθρώπου,
1168 1581 1259 1635 ὅτι
1293 1581 1498 1651 λογίζῃ
1540 1584 1758 1645 αὐτόν;
1796 1583 1935 1636 Ἀν-

349 1679 581 1740 θρωπος
613 1674 955 1742 ματαιότητι
983 1673 1266 1741 ὡμοιώθη,
1303 1674 1486 1745 φησίν,
1527 1675 1585 1727 '0
1610 1674 1667 1728 δὲ
1696 1675 1810 1737 υίὸς
1839 1675 1936 1727 αὑ·-

350 1763 443 1818 τοῦ
473 1764 724 1835 Σολομὼν
770 1763 1061 1834 μεγαλύνει
1089 1763 1183 1818 τὸν
1215 1764 1524 1836 ἄνθρωπον,
1555 1765 1649 1818 καὶ
1682 1765 1932 1836 σεμνύνει

351 1856 556 1924 λέγων’
588 1857 748 1924 Μέγα
787 1857 1098 1925 ἄνθρωπος
1131 1856 1230 1909 καὶ
1259 1857 1471 1926 τίμιον.
1506 1858 1569 1910 Εἰ
1600 1854 1693 1910 οὖν
1724 1855 1803 1926 τῷ
1824 1873 1934 1908 πα-

351 1947 442 2016 τρὶ
475 1945 710 2016 ὑπάρχει
741 1945 1090 2016 ἀσύμφωνος,
1132 1946 1250 2010 πῶς
1280 1949 1331 2000 οἱ
1367 1944 1542 1999 λοιποὶ
1580 1948 1690 2000 τῶν
1722 1964 1935 2018 προφη-

353 2036 461 2090 τῶν
494 2040 944 2109 συμφωνήσουσιν
963 2054 978 2103 ;

974 2317 1028 2372 Ἀ
1039 2318 1337 2385 πόκρισις.

423 2409 589 2462 Οὐδὲν
606 2409 810 2462 τούτων
829 2403 940 2461 οἷόν
973 2426 1030 2462 τε
1061 2410 1233 2475 δεῖξαι
1255 2409 1562 2480 ἀσύμφωνα
1591 2410 1660 2465 τά
1688 2411 1797 2464 τῶν
1825 2411 1934 2465 Θεο-

352 2498 571 2565 φάντων
603 2499 842 2568 ῥήματα.
873 2497 1187 2567 φιλομαοῶς
1219 2498 1672 2569 ἀδολεσχούμενα,
1697 2501 1791 2552 καὶ
1830 2499 1935 2565 ἔξω

352 2591 584 2660 παχείας
607 2591 818 2661 διαίτης
852 2591 1130 2661 νηφόντως
1173 2590 1546 2662 Θεωρούμενα.
1581 2592 1786 2662 Πρᾶξις
1826 2592 1932 2664 γάρ

352 2682 583 2756 θεωρίας
615 2683 889 2746 ἐπίϐασις.
930 2682 989 2736 Ὀ
1028 2683 1124 2753 μὲν
1157 2683 1336 2735 τοίνυν
1374 2684 1473 2753 τὴν
1501 2682 1664 2750 φύσιν
1699 2683 1875 2753 ἡμῶν,
1905 2687 1928 2737 ι

349 2775 405 2828 δὲ
431 2775 530 2844 τὴν
551 2775 717 2846 τιμὴν
743 2775 1092 2845 παρίστησιν,
1119 2774 1184 2844 ῆν
1212 2774 1361 2845 παρά
1382 2773 1476 2826 τοῦ
1506 2774 1638 2827 Θεοῦ
1666 2775 1774 2828 τῶν
1799 2776 1936 2828 ὅλων

349 2867 673 2937 εἰλήφαμεν,
709 2866 860 2935 παρά
893 2869 1074 2918 πᾶσαν
1102 2864 1200 2936 τὴν
1229 2865 1405 2918 κτίσιν
1447 2850 1620 2928 θείαις
1658 2867 1817 2936 χερσὶ
1845 2884 1937 2934 γε-

349 2959 586 3028 νόμενοι.
655 2955 996 3020 Ἀναπτύξας
1053 2956 1115 3009 τὸ
1167 2956 1385 3026 πρῶτον
1449 2956 1692 3019 Μωσέως
1744 2956 1936 3027 τεῦχος

351 3051 590 3119 ἑκάτερα
633 3048 972 3120 παιδευθήσῃ
992 3062 1006 3078 °
1039 3049 1122 3100 ὅτι
1151 3047 1309 3100 ἔλαϐε
1351 3047 1478 3118 χοῦν
1506 3048 1614 3100 ἀπὸ
1649 3049 1746 3120 τῆς
1779 3049 1882 3120 γῆς
1908 3051 1958 3122 ὁ¹

349 3141 500 3204 Θεὸς,
527 3139 620 3192 καὶ
658 3138 858 3193 ἔπλασε
889 3139 981 3192 τὸν
1021 3137 1325 3209 ἄνθρωπον,
1369 3138 1462 3190 καὶ
1501 3139 1833 3210 ἐνεφύσησεν
1857 3143 1937 3205 είς

348 3231 412 3284 τὸ
461 3232 749 3301 πρόσωπον
795 3229 959 3284 αὑτοῦ
1013 3230 1181 3299 πνοὴν
1229 3227 1395 3299 ζωῆς.
1447 3229 1534 3282 Ἑν
1570 3230 1668 3300 τῷ,
1718 3234 1937 3286 Ἔλαὸἐ

350 3323 447 3376 καί
486 3323 740 3387 ἔπλασε,
784 3321 850 3374 τὰ
877 3321 976 3392 τῆς
1025 3321 1190 3391 τιμῆς
1223 3319 1583 3389 γινώσκεταιο
1633 3323 1719 3375 ἐπ’
1761 3324 1937 3377 οὐδενὶ

348 3413 458 3468 τῶν
495 3413 730 3467 κτιστῶν
762 3412 944 3484 ῥηθὲν,
979 3413 1116 3483 πλὴν
1157 3413 1248 3465 ἐπὶ
1287 3412 1450 3482 μόνου
1484 3412 1579 3465 τοῦ
1608 3413 1898 3484 ἀνθρώπου
1918 3434 1932 3447 ·

349 3508 408 3561 ἐν
437 3507 495 3560 δὲ
525 3506 604 3577 τῷ
640 3505 900 3578 ληφθέντι
933 3504 1016 3575 χοῖ
1047 3505 1155 3559 ἀπὸ
1183 3506 1284 3575 τῆς
1321 3504 1447 3576 γῆς.
1493 3505 1554 3559 τὸ
1586 3507 1803 3572 εὐτελὲς
1837 3509 1936 3580 τῆς

349 3597 566 3666 φύσεως
591 3598 748 3668 ἡμῶν
780 3597 1170 3667 παιδευόμεθα,
1196 3597 1278 3650 ὅτι
1306 3597 1379 3666 γῆ
1405 3596 1500 3650 καὶ
1532 3596 1662 3698 χοῦδ
1693 3599 1936 3671 ὑπάρχο-

351 3705 474 3756 μεν,
513 3688 582 3741 τὰ
615 3687 841 3756 μηδενὸς
867 3687 1012 3750 ἀξια,
1042 3688 1136 3738 καὶ
1163 3687 1469 3740 εὐδιάλυτα.

1744 374 2092 432 DIALOGUS
2130 375 2227 430 ιιι.

3486 365 3628 421 Καὶ

2034 489 2277 542 siliarius
2299 487 2390 540 ὀἳ
2420 485 2464 539 Ο
2493 484 2860 540 dementiam!
2894 482 3087 536 Sancti
3119 481 3389 547 haesitant,
3432 480 3622 549 vulga-

2039 595 2129 635 res
2155 589 2374 635 movent
2399 576 2763 648 quaestiones:
2802 571 3037 628 Proinde
3071 572 3407 627 conticescat
3438 572 3623 623 omnis

2033 671 2332 733 contentio,
2360 680 2415 726 et
2439 677 2620 724 motus
2651 666 3072 737 cogitationum.
3104 661 3320 718 Gaudet
3349 662 3494 715 enim
3527 661 3610 716 di-

2035 764 2223 817 vinum
2256 761 2389 818 illud
2427 761 2662 819 Numen.
2696 774 2756 814 se
2789 756 3026 826 simplici
3057 755 3162 810 ﬁde
3185 753 3467 810 honorari.

2403 848 2926 908 INTERROGATIO
2966 843 3256 903 CXXXVI.

2102 944 2560 1014 Quandoquidem
2595 945 2710 999 haec
2741 942 2925 996 omnia
2966 940 3227 1011 praeclare
3277 953 3340 993 ac
3386 935 3634 991 dilucide

2035 1038 2194 1094 nobis
2235 1038 2569 1108 explieuisti,
2605 1037 2752 1110 (ιιι,οά
2799 1035 3073 1104 reliquum
3122 1041 3228 1096 est,
3271 1030 3526 1099 cupimus
3559 1044 3590 1081 e

2034 1144 2157 1198 quae
2194 1129 2262 1183 ad
2312 1136 2559 1183 nostram
2617 1137 2870 1182 naturam
2921 1124 3218 1194 pertinent,
3261 1121 3496 1176 discere.
3545 1119 3626 1172 Ac

2036 1220 2266 1274 Davides
2302 1219 2522 1289 quidem
2563 1228 2826 1273 extenuat
2867 1233 2932 1271 ac
2979 1213 3264 1284 vilipendit
3319 1211 3622 1274 hominem,

2033 1312 2222 1366 dicens
2253 1312 2304 1364 iu
2336 1320 2530 1365 octavo
2582 1309 2792 1380 psalmo
2823 1328 2836 1364 :
2879 1306 3123 1370 Domine,
3173 1303 3298 1374 quid
3347 1313 3420 1356 εει
3447 1302 3624 1364 homo,

2033 1405 2170 1473 quod
2203 1419 2401 1455 memor
2423 1419 2475 1455 es
2513 1401 2736 1470 ejus“?
2788 1400 3008 1454 Psalmo
3042 1411 3172 1451 vero
3208 1395 3488 1448 tricesimo
3537 1406 3627 1445 oe-

2036 1505 2200 1548 tavo:
2267 1492 2634 1548 Verumtamen
2686 1493 2893 1546 vanitas
2938 1499 3015 1544 est
3057 1488 3226 1541 cuiuis
3275 1487 3426 1538 homo
3444 1485 3509 1538 ’³.
3559 1481 3627 1536 Et

2039 1587 2250 1656 psalmo
2317 1587 2616 1640 centesimo
2667 1584 3088 1654 quadragesimo
3134 1579 3297 1634 tertio
3333 1595 3347 1631 :
3381 1575 3621 1635 Domine.

2038 1679 2166 1748 quid
2203 1691 2280 1732 est
2327 1678 2504 1740 homo,
2545 1679 2684 1746 quod
2718 1676 2768 1729 ei
2803 1686 2956 1729 notus
3000 1675 3172 1743 factus
3217 1689 3291 1734 es,
3339 1678 3430 1722 aut
3478 1666 3626 1736 [ilius

2037 1769 2264 1822 hominis
2302 1770 2440 1838 quod
2469 1781 2679 1836 reputas
2700 1769 2862 1821 eum?
2885 1766 3058 1819 Homo
3088 1760 3517 1820 vanitatisimilis
3541 1761 3626 1828 {a-

2036 1873 2152 1916 ctus
2173 1870 2249 1916 est
2274 1902 2288 1928 ,
2310 1861 2561 1931 inquit".
2584 1859 2752 1914 Filius
2770 1869 2949 1914 autem
2964 1859 3085 1928 ejus
3102 1856 3385 1918 Salomon,
3415 1853 3625 1923 magni-

2036 1955 2136 2010 fice
2152 1954 2478 2024 depraedicat
2493 1965 2548 2008 et
2571 1953 2890 2008 cohonestet
2919 1950 3214 2010 hominem,
3235 1949 3424 2002 dicens
3452 1963 3468 2000 :
3501 1944 3626 2000 Ma-

2033 2060 2191 2114 gnum
2217 2043 2472 2113 quiddam
2500 2051 2549 2096 et
2577 2043 2865 2111 pretiosum
2898 2050 2975 2094 est
3011 2040 3247 2092 homo”.
3299 2035 3356 2090 Si
3390 2036 3554 2105 igitur
3595 2052 3626 2088 a

2035 2147 2190 2207 patre
2253 2138 2528 2201 dissentit,
2594 2138 2878 2207 quomodo
2935 2135 3284 2193 consentient
3344 2141 3495 2187 vates
3541 2146 3630 2186 re—

2037 2229 2206 2300 liqui?

2673 2319 2982 2390 Responsio.

2108 2411 2253 2468 Nihil
2288 2413 2483 2468 horum
2527 2413 2765 2484 probare
2810 2421 3012 2482 potest,
3063 2411 3206 2466 inter
3235 2424 3296 2464 se
3339 2408 3630 2463 dissonare

2023 2505 2323 2558 hominum
2369 2503 2720 2559 fatidicorum
2773 2503 2962 2568 verba,
3008 2501 3054 2558 si
3101 2501 3324 2571 quidem
3379 2497 3632 2553 studiose

2038 2598 2369 2661 examinata,
2393 2605 2446 2650 et
2477 2599 2658 2650 minus
2697 2595 2887 2666 pingui
2918 2593 3127 2663 judicio
3158 2590 3338 2648 sobrie
3372 2589 3627 2644 conside-

2039 2696 2158 2740 rata
2193 2684 2419 2739 fuerint.
2460 2684 2617 2740 Actio
2660 2685 2808 2739 enim
2850 2684 2918 2738 ad
2955 2681 3474 2751 contemplationem
3503 2677 3623 2748 qui-

2038 2779 2162 2832 dam
2196 2777 2344 2832 velut
2373 2792 2637 2832 ascensus
2664 2787 2766 2830 est.
2798 2775 3036 2830 Proinde
3078 2775 3218 2830 alius
3250 2773 3470 2842 quidem
3510 2787 3614 2825 na-

2038 2878 2216 2921 turam
2253 2875 2518 2931 nostram,
2552 2866 2692 2920 alius
2718 2880 2846 2919 vero
2887 2863 3210 2932 dignitatem
3255 2863 3628 2925 demonstrat,

2038 2973 2203 3028 quam
2238 2973 2267 3012 a
2305 2956 2415 3012 Deo
2451 2958 2835 3012 universorum
2875 2966 3127 3011 creatore
3169 2954 3486 3024 accepimus
3517 2967 3630 3021 prae

2039 3049 2188 3104 onmi
2233 3059 2512 3113 creatura,
2581 3048 2786 3103 divinis
2839 3048 3096 3102 manibus
3143 3045 3294 3100 facti.
3361 3044 3630 3099 Revoluto

2040 3144 2221 3212 primo
2251 3140 2527 3196 volumine
2561 3139 2752 3203 Mosis,
2779 3149 3074 3207 utrumque
3111 3139 3292 3193 disces
3327 3137 3510 3206 :quod
3537 3151 3631 3191 ac«

2041 3212 2249 3303 ce'perit
2279 3233 2558 3302 pulverem
2586 3233 2654 3287 de
2684 3243 2828 3286 terra
2873 3231 3037 3294 Deus,
3095 3244 3151 3286 et
3179 3229 3498 3285 formaverit
3531 3229 3632 3282 ho-

2042 3325 2798 3394 minem,etinspiraveritin
2839 3323 3036 3379 facient
3076 3323 3198 3394 ejus
3243 3322 3432 3377 ﬂatum
3481 3322 3626 3375 vitae.

2041 3415 2120 3471 Ex
2141 3432 2208 3472 eo
2239 3417 2386 3486 quod
2419 3416 2620 3471 dicitur
2650 3434 2663 3470 :
2696 3417 2908 3486 Accepit
2935 3425 2982 3470 et
3012 3415 3346 3484 formavit”,
3397 3429 3522 3481 quae
3559 3411 3627 3466 ad

2041 3513 2361 3582 dignitatem
2420 3510 2698 3580 pertinent
2748 3518 3180 3580 cognoscuntur,
3241 3521 3364 3560 cum
3411 3505 3518 3558 hoc
3563 3505 3636 3559 de

2045 3603 2193 3656 nulla
2254 3612 2636 3656 creaturarum
2687 3600 2893 3654 dictum
2951 3598 3042 3659 sit,
3106 3597 3210 3652 nisi
3265 3597 3333 3650 de
3365 3595 3484 3650 solo
3535 3594 3634 3648 ho~

2047 3695 2217 3747 mine.
2251 3693 2328 3747 Ex
2360 3709 2428 3749 eo
2459 3705 2662 3758 autem,
2719 3693 2868 3762 quod
2906 3699 3165 3760 acceptus
3213 3697 3300 3742 est
3347 3685 3527 3755 pulvis
3565 3685 3632 3739 de

351 3787 515 3842 terra,
565 3776 826 3830 vilitatem
875 3791 1076 3830 nosnrw
1118 3786 1326 3828 natura:
1367 3776 1653 3842 discimus,
1689 3779 1835 3846 quod
1881 3789 2026 3834 terra
2055 3793 2108 3838 et
2138 3783 2316 3853 pulvis
2369 3801 2586 3850 sumus,
2641 3801 2765 3852 quae
2825 3783 3030 3837 nullius
3088 3781 3351 3835 momenti
3385 3786 3533 3844 sunt,
3579 3783 3636 3831 et

350 3864 508 3922 facile
536 3866 832 3922 intereunt.

909 3977 1158 4031 ΠΕΥΣΙΣ
1189 3978 1358 4033 ΡΛΖ’.

421 4068 548 4133 Πῶς
580 4063 676 4122 οῦν
734 4068 875 4139 μέγα
931 4069 1025 4121 καὶ¹
1062 4068 1242 4138 τίμιον
1273 4067 1583 4138 ἄνθρωπος,
1624 4071 1672 4123 εἰ
1716 4072 1931 4144 εὐτελὴς

349 4161 586 4232 ὑπάρχει
625 4160 718 4213 καὶ
762 4159 1092 4226 εὑδιάλυτος,
1139 4159 1357 4230 μυρίοις
1397 4158 1595 4214 πάθεσι
1628 4164 1720 4216 καί¹
1763 4164 1936 4235 ἀνάγ⁸

350 4267 475 4315 καις
519 4251 873 4314 ὑποκείμενος
895 4267 910 4316 ;

962 4364 1324 4434 Ἀπόκρισις.

429 4457 592 4510 Ἀλλά
627 4457 738 4528 (90)
769 4458 907 4530 πρὸς
933 4457 1032 4530 τὴν
1063 4458 1225 4527 φύσιν
1256 4461 1436 4534 ἀφόρα
1466 4461 1658 4533 μόνην,
1695 4459 1934 4514 σύναπτε

347 4547 404 4602 δὲ
429 4548 601 4620 ταύτῃ
630 4549 724 4601 καὶ
752 4547 850 4618 τὴν
874 4549 1062 4618 τιμήν.
1093 4549 1136 4601 Τ
1139 4549 1167 4601 ὸ
1190 4549 1300 4622 γὰρ
1326 4551 1635 4605 εὐδιάλυτον
1669 4551 1762 4604 καὶ
1791 4549 1938 4603 ὠκύ-

352 4655 518 4709 μορον
549 4642 615 4710 τῇ
662 4639 822 4709 φύσει
862 4641 1157 4711 ἀπένεμον,
1203 4642 1340 4712 μετά
1381 4644 1480 4714 τὴν
1511 4643 1786 4714 ἐκτροπὴν
1837 4642 1939 4712 τῆς

351 4730 518 4782 πάλαι
562 4732 838 4801 μακαρίας
861 4734 920 4784 ἐν
955 4734 1270 4806 παραδείσῳ
1299 4735 1574 4806 διαγωγῆς
1599 4735 1732 4805 ἡμῖν
1762 4735 1940 4788 ἐπεισ-

352 4821 662 4891 φρήσαντα,
694 4822 785 4875 διά
817 4824 916 4893 τῆς
952 4826 1338 4895 παραϐάσεως.
1375 4826 1529 4880 Μετὰ
1557 4825 1665 4895 γὰρ
1700 4825 1799 4896 τὴν
1822 4827 1941 4880 ὀλε-

352 4913 509 4982 Θρίαν
540 4913 764 4985 ἐδωδὴν,
802 4915 900 4982 τῆς
933 4917 1261 4983 ἀποφάσεως
1304 4921 1332 4972 ὁ
1370 4919 1537 4980 τάλας
1568 4920 1774 4989 ἀκήκοε
1797 4935 1812 4948 ·
1846 4919 1940 4990 Γῆ

351 5001 423 5071 εἴ,
451 5008 548 5061 καὶ
583 5009 671 5072 εἰς
697 5005 814 5076 γῆν
839 5005 1172 5076 ἀπελεύσῃ,
1207 5009 1284 5079 τῷ
1313 5009 1492 5080 ἐχθρῷ
1527 5010 1726 5080 μᾶλλον
1753 5010 1786 5081 ἢ
1820 5010 1940 5082 Θεῷ

351 5099 691 5162 ὑπακούσας.

894 5209 1144 5263 ΠΕΥΣῙΣ
1180 5211 1355 5264 PAII'.

425 5299 491 5351 Τί
528 5299 680 5368 δηλοῖ
707 5301 736 5354 ὁ
786 5301 950 5353 Δαὸὶδ
995 5301 1172 5370 λέγων
1213 5302 1290 5374 τῷ
1323 5302 1442 5374 Θεῷ
1463 5320 1475 5333 ·
1504 5305 1573 5358 Ai
1604 5303 1798 5373 χεῖρές
1825 5321 1942 5360 σου

357 5389 654 5457 ἐποίησάν
679 5408 778 5459 με,
803 5393 899 5445 καὶ
927 5392 1210 5449 ἐπνὶασάν
1231 5413 1346 5464 pe;
1371 5392 1520 5468 Ἀρα
1551 5397 1736 5467 ἕτερόν
1761 5415 1812 5450 τι
1846 5414 1945 5466 ση-

361 5480 541 5549 μαίνει
572 5480 670 5551 τὴν
701 5481 918 5545 πλάσιν,
942 5487 1037 5537 καὶ
1059 5485 1187 5539 ἄλλο
1211 5487 1310 5558 τὴν
1339 5488 1587 5558 ποίησιν,
1628 5485 1723 5540 Ἐκ
1750 5488 1806 5542 δὲ
1825 5479 1949 5540 τούέ

429 5639 478 5671 ’⁸
518 5639 678 5694 Rmn.
719 5657 795 5700 ιιι.
826 5641 916 5703 55.
945 5643 1034 5696 δι.
1110 5643 1155 5674 ¹¹
1183 5641 1324 5698 Psal.
1352 5660 1470 5703 vm.
1503 5645 1552 5697 :‘i.

2403 3981 2926 4038 INTERROGATIO
2965 3978 3275 4036 CXXXVII.

2118 4074 2408 4142 Quomodo
2440 4075 2607 4143 igitur
2633 4089 2894 4144 magnum
2930 4082 2985 4128 et
3025 4073 3326 4142 pretiosum
3367 4069 3637 4140 quiddam

2041 4177 2126 4223 est
2156 4168 2343 4232 homo,
2373 4167 2418 4220 si
2460 4166 2584 4220 vilis
2622 4175 2707 4220 est
2739 4174 2794 4218 et
2825 4163 2986 4218 facile
3014 4162 3358 4227 dissolvitur,
3405 4160 3632 4217 inﬁnitis

2041 4255 2548 4326 perturbationibus
2578 4265 2633 4310 et
2653 4252 3075 4309 necessitatibus
3113 4250 3432 4305 obnoxius?

2700 4366 3005 4434 Responsio.

2118 4461 2256 4515 Cum
2293 4460 2360 4516 ad
2393 4471 2646 4515 naturam
2686 4459 2914 4528 respicis
2947 4457 3144 4520 solam,
3208 4453 3478 4524 coniunge
3505 4466 3631 4506 cum

2046 4551 2151 4607 hac
2203 4560 2257 4605 et
2309 4551 2660 4622 dignitatem.
2698 4547 2834 4604 Nam
2859 4549 3127 4602 vilitatem
3159 4555 3213 4602 et
3253 4547 3413 4599 breve
3454 4542 3627 4598 fatum

2046 4655 2258 4696 natura:
2302 4642 2391 4696 illa
2439 4641 2776 4707 tribuerunt,
2827 4655 2949 4710 qum
2997 4647 3120 4708 post
3157 4636 3635 4704 degenerationem

2049 4751 2080 4789 a
2118 4734 2350 4804 pristina
2381 4735 2651 4804 beataque
2683 4734 2737 4786 in
2772 4732 3030 4802 paradiso
3059 4730 3482 4786 conversatione
3531 4739 3634 4779 nos

2052 4825 2374 4879 invaserunt
2409 4840 2504 4894 per
2533 4825 3056 4893 transgressionem.
3111 4821 3251 4874 Nam
3304 4826 3427 4887 post
3479 4815 3628 4869 illam

2048 4915 2416 4985 perniciosam
2492 4913 2997 4977 manducationem,
3040 4913 3179 4964 hanc
3229 4922 3417 4961 vocem
3469 4905 3636 4958 miser

2045 5008 2134 5062 ille
2172 5008 2415 5062 audivit:
2452 5005 2619 5060 Terra
2662 5022 2741 5069 es,
2771 5013 2821 5060 et
2857 5006 2913 5057 in
2947 5012 3144 5057 terram
3201 5000 3398 5053 redibis
3421 4997 3490 5062 “,
3538 4996 3636 5050 oh-

2045 5102 2287 5156 edientia
2315 5100 2540 5154 inimico
2572 5100 2756 5168 potius
2788 5112 2952 5167 quam
2989 5096 3097 5149 Deo
3125 5092 3388 5163 prazstita.

2401 5206 2922 5265 INTERROGATIO
2953 5203 3285 5262 CXXXVIII.

2119 5302 2260 5369 Quid
2317 5302 2501 5356 innuit
2548 5300 2803 5364 Davides,
2843 5299 3035 5353 dicens
3077 5298 3144 5352 ad
3191 5297 3360 5349 Deum
3394 5311 3407 5346 τ
3441 5291 3635 5345 Manus

2048 5406 2155 5450 tua:
2178 5395 2412 5464 fecerunt
2451 5409 2532 5446 me
2561 5402 2610 5447 et
2636 5393 2999 5461 formaverunt
3045 5407 3126 5444 me
3165 5389 3254 5442 ’τί
3300 5386 3440 5440 Num
3486 5385 3632 5438 aliud

2051 5485 2324 5557 signiﬁcat
2381 5499 2476 5554 per
2513 5483 2918 5548 formationem,
2968 5491 3023 5537 et
3073 5482 3221 5535 aliud
3263 5494 3357 5549 per
3399 5475 3633 5530 faciendi

1634 5647 1678 5676 η
1713 5645 1853 5699 l’sal.
1894 5660 2124 5702 xxxviii.
2157 5646 2211 5697 6.
2294 5646 2340 5675 ’³
2370 5643 2514 5697 Psal.
2541 5656 2742 5706 cum,
2769 5641 2825 5707 5,
2854 5638 2909 5694 ι.
2991 5637 3037 5669 ⁸⁵
3070 5635 3230 5690 Prov.
3287 5650 3382 5697 xx,
3437 5632 3493 5696 6,
3517 5645 3634 5686 sec.

361 5705 522 5764 LXX.
603 5713 648 5742 ’⁸
697 5714 835 5768 Gen.
869 5727 930 5776 ιι,
987 5713 1039 5765 7.
1085 5713 1132 5742 ’⁸
1165 5713 1301 5768 Gen.
1342 5731 1423 5781 ιιι,
1458 5718 1545 5768 lt).
1621 5716 1663 5746 ’⁷
1707 5713 1852 5771 Psal.
1889 5733 1936 5769 Cl

2047 5731 2090 5776 ι,
2118 5716 2206 5771 75.

433 5873 548 5946 (90)
587 5871 791 5930 Ἀλλά.
830 5871 1056 5932 Videtur
1081 5873 1365 5950 legendum
1390 5875 1503 5930 ἀλλ’
1531 5876 1614 5931 οὐ.
1639 5875 1701 5932 Et
1725 5874 1953 5947 proinde
1987 5873 2335 5931 reformauda
2367 5871 2567 5930 versio.
