4000 6406
436 374 575 430 104⁸5

430 490 707 547 verbum?
736 488 814 545 Ex
839 504 908 545 eo
951 497 1133 544 autem
1181 488 1417 559 duplicis
1467 502 1592 545 esse
1647 497 1858 544 natura:
1919 504 2020 544 nos

429 581 884 654 intelligeremus.
911 579 1113 647 Quales
1144 579 1274 635 item
1310 595 1507 636 manus
1537 580 1783 638 dicendae
1813 590 1943 638 sunt
1964 580 2018 636 in

428 667 543 723 Deo
565 668 590 722 ?

1074 758 1378 830 Responsio.

459 889 479 916 ,
504 851 762 907 Faciendi
808 852 1034 907 verbum
1068 853 1137 908 de
1172 853 1354 907 anima
1403 852 1538 907 mihi
1574 852 1789 908 videtur
1827 853 2022 907 intelli-

429 943 667 1013 gendum
699 960 713 996 :
755 941 1103 998 formationis
1142 955 1345 1011 autem,
1379 944 1447 1000 de
1487 946 1776 1015 multiplici
1802 945 2021 1000 ﬁctione

430 1034 703 1104 corporis.
735 1034 931 1091 Manus
961 1051 1090 1090 vero
1120 1036 1211 1091 Dei
1236 1047 1291 1092 et
1329 1037 1527 1104 Patris,
1563 1037 1761 1093 Filium
1801 1047 1856 1093 et
1906 1037 2023 1108 Spi-

431 1128 599 1181 ritum
628 1127 772 1193 dico,
804 1130 871 1183 ad
896 1145 1037 1199 quos
1061 1131 1227 1186 etiam
1271 1133 1447 1202 inquit
1478 1152 1491 1187 :
1521 1131 1814 1187 Faciamus
1856 1132 2024 1187 homi-

430 1235 550 1273 ttem
579 1222 869 1274 secundum
894 1223 1175 1293 imaginem
1214 1233 1263 1278 et
1280 1224 1683 1278 similitudinem
1700 1235 1937 1279 nostram
1955 1224 2018 1278 ⁸⁸.

431 1309 800 1377 Quantumvis
852 1329 984 1369 vero
1054 1315 1203 1370 dicat
1257 1316 1512 1381 historia,
1557 1317 1705 1388 quod
1753 1318 2025 1388 acceperit

431 1398 580 1456 Deus
601 1401 879 1471 pulverem
915 1403 982 1458 de
1028 1411 1197 1469 terra,
1230 1402 1663 1477 formaveritque
1719 1407 2019 1472 hominem,

430 1497 616 1544 tamen
649 1505 715 1545 ex
751 1500 978 1562 aspectu
1026 1501 1081 1548 et
1114 1492 1358 1564 ipsarum
1394 1509 1580 1550 rerum
1616 1496 2024 1551 consuetudine

429 1576 725 1634 denotatur
751 1587 807 1635 et
829 1578 965 1636 illud
996 1580 1146 1651 quod
1176 1581 1280 1637 sub
1305 1582 1497 1639 oculos
1542 1598 1653 1638 non
1683 1584 1861 1651 cadit;
1894 1600 2021 1639 nam

429 1668 730 1727 voluntatis
769 1670 889 1727 haec
915 1672 1167 1741 operatio
1208 1686 1440 1741 prorsus
1463 1682 1570 1738 est,
1604 1688 1714 1728 non
1749 1688 2022 1729 manuum

431 1757 713 1816 formatio.
751 1759 1148 1817 Verumtamen
1177 1778 1441 1818 manuum
1492 1764 1808 1834 ﬁgmentum
1840 1765 1907 1819 ad
1933 1764 2019 1819 di-

430 1850 693 1922 gnitatem
725 1860 939 1908 naturae
965 1853 1178 1909 dictum
1209 1863 1313 1910 est.
1361 1853 1816 1927 Quandoquidem
1847 1865 1901 1911 et
1943 1856 2018 1921 id,

431 1943 583 2012 q'uod
614 1943 794 2001 factus
822 1945 890 2001 ad
919 1946 1211 2018 imaginem
1244 1946 1341 2004 Dei
1381 1948 1604 2013 dicitur,
1648 1964 1757 2004 non
1793 1949 1861 2005 ad
1900 1949 2022 2003 imi-

431 2039 697 2095 tationem
751 2046 964 2094 naturm
1031 2040 1236 2111 (neque
1275 2040 1423 2097 enim
1477 2041 1773 2113 quisquam
1837 2041 2023 2111 eloqui

433 2139 618 2198 queat,
671 2139 940 2200 quantum
995 2132 1069 2187 sit
1113 2131 1541 2203 discrepantiaa),
1603 2133 1699 2189 sed
1749 2132 1817 2189 ad
1865 2143 2025 2190 notas

432 2219 776 2290 principatus
796 2228 852 2275 et
881 2220 1156 2278 libertatis
1199 2221 1393 2277 referri
1422 2222 1609 2279 debet.

790 2307 1319 2366 INTERROGATIO
1377 2309 1668 2367 CXXXIX.

502 2401 647 2469 Quid
670 2402 874 2475 igitur?
924 2419 1058 2460 num
1090 2405 1336 2460 membra
1376 2404 1634 2460 attribuis
1670 2402 1894 2459 Numini
1946 2419 2027 2460 se-

426 2495 676 2549 cundum
731 2504 976 2551 nostram
1028 2497 1348 2568 imaginem,
1399 2510 1563 2551 aures
1612 2505 1667 2552 et
1716 2496 1940 2552 brachia
1969 2506 2026 2552 et

428 2598 600 2639 crura
627 2585 808 2656 ipsum
846 2585 1049 2642 habere
1092 2585 1459 2657 signiﬁcans?
1701 2576 1705 2581 ’

1070 2676 1385 2746 Responsio.

512 2767 803 2824 Paululum
839 2768 996 2824 initis
1031 2778 1434 2840 consequenter
1461 2778 1519 2825 et
1542 2770 1738 2826 ordine
1755 2783 2031 2841 exponen-

436 2857 524 2916 dis
561 2867 650 2915 est
691 2859 1123 2927 immorandum,
1163 2874 1234 2915 ne
1268 2847 1599 2917 confusione
1632 2859 1958 2931 quaestionis
1996 2874 2029 2915 a

438 2950 710 3006 sententia
748 2949 1089 3007 aberremus.
1115 2951 1195 3006 Ad
1221 2953 1481 3007 verticem
1502 2966 1634 3007 vero
1654 2952 1827 3007 nostri
1847 2962 2024 3016 ortus,

438 3056 536 3111 per
572 3041 844 3098 orationis
873 3042 1078 3097 scalam
1109 3050 1255 3098 recta
1285 3043 1742 3100 conscendamus.
1774 3043 2029 3114 Magnum

434 3146 487 3192 et
510 3136 802 3204 pretiosum
823 3136 1080 3206 quiddam
1105 3149 1182 3191 est
1202 3136 1357 3190 homo
1374 3138 1443 3199 ³⁸,
1461 3136 1557 3208 qui
1586 3146 1642 3192 et
1655 3137 1785 3192 olim
1811 3145 1867 3192 et
1884 3152 2031 3194 nunc

437 3246 507 3285 ex
559 3230 724 3287 rebus
770 3231 972 3286 vilibus
1027 3230 1190 3285 habet
1233 3239 1437 3286 ortum.
1474 3232 1613 3286 Cum
1658 3231 1806 3288 enim
1854 3208 2032 3302 possit

440 3321 584 3376 Deus
620 3336 687 3377 ex
715 3336 823 3378 aere
848 3322 935 3377 vel
976 3320 1122 3378 ferro
1152 3323 1239 3378 vel
1278 3322 1570 3379 adamante
1600 3324 1686 3378 vel
1732 3323 1914 3394 lapide
1946 3323 2029 3379 l'a-

440 3426 565 3466 cere
592 3410 893 3475 hominem,
932 3426 1001 3466 ex
1044 3412 1269 3483 pulvere
1300 3413 1485 3482 potius
1517 3413 1697 3483 ipsum
1744 3415 2032 3470 fabricavit

442 3502 598 3566 olim,
635 3501 801 3557 hodie
834 3517 965 3558 vero
994 3518 1060 3559 ex
1088 3505 1240 3559 tenui
1273 3520 1339 3560 ac
1366 3503 1517 3559 ﬂuxo
1550 3514 1925 3561 excremento.
1955 3505 2034 3562 D'e

443 3592 532 3648 liis
558 3591 853 3649 manifesta
879 3603 963 3651 est
998 3593 1575 3664 incomprehensibilis
1611 3605 1667 3650 et
1692 3596 2030 3652 intellectum

442 3699 715 3756 superans
735 3684 1028 3742 eiﬁcacitas
1059 3685 1341 3756 sapientiae
1372 3685 1568 3756 ipsius.
1596 3685 1786 3758 Neque
1806 3688 2036 3744 subsan-

442 3786 541 3833 net
578 3784 676 3833 aut
712 3776 960 3834 derideat
1003 3792 1093 3833 me
1126 3786 1322 3834 vestra:
1351 3778 1639 3834 eharitatis
1682 3793 1939 3844 acumen,
1984 3778 2033 3836 si

441 3870 739 3927 exactioris
771 3870 1103 3943 cognitionis
1130 3871 1305 3943 gratia
1333 3886 1607 3928 summam
1629 3872 1879 3928 oratione
1906 3872 2036 3927 atti-

445 3977 576 4034 gero
622 3963 969 4033 superﬁciem
1023 3964 1363 4021 naturalium
1410 3964 1803 4037 mysteriorum
1855 3964 2034 4021 nostri

443 4065 620 4111 ortus.
660 4055 849 4126 Neque
874 4056 1021 4112 enim
1049 4057 1233 4113 divina
1262 4058 1589 4130 dedignatur
1618 4058 1903 4129 Scriptura
1933 4059 2035 4114 ho-

443 4164 570 4206 rum
613 4148 955 4215 meminisse,
1003 4164 1129 4205 cum
1173 4150 1419 4221 loquitur
1449 4150 1519 4206 de
1559 4150 1669 4207 ﬁlio
1713 4147 1870 4205 Iudae
1906 4165 2032 4205 cum

446 4241 721 4298 Thamare
751 4240 1079 4298 dormiente.
1111 4240 1383 4298 Praeterea
1413 4243 1482 4299 de
1514 4243 1808 4300 mulierum
1838 4258 2037 4313 purga-

445 4334 713 4402 tionibus,
737 4335 806 4391 de
830 4335 1060 4391 seminis
1086 4334 1294 4391 ﬂuxum
1331 4336 1693 4406 patiente.....
1730 4335 2035 4401 sedentem,

356 4452 370 4473 ι
445 4431 516 4487 de
544 4445 747 4487 novam
789 4438 846 4486 et
875 4428 1165 4499 coniugem
1213 4437 1499 4500 purgante.
1547 4428 1653 4484 Sed
1701 4437 1758 4483 et
1799 4427 2037 4483 eximius

444 4518 748 4588 Apostolus
798 4516 1079 4572 masculos
1128 4517 1605 4586 corrumpentium
1658 4517 1929 4579 virorum,
1984 4527 2040 4573 et

445 4606 818 4661 masculorum
843 4620 996 4660 more
1021 4620 1143 4661 sese
1165 4606 1582 4676 depereuntium
1607 4607 1901 4662 mulierum
1925 4622 2032 4663 me-

447 4696 632 4762 minit,
665 4698 730 4754 ad
765 4696 1044 4755 Romanos
1083 4699 1333 4755 scribens
1363 4699 1430 4754 ⁸⁶.
1463 4697 1728 4770 Dejicitur
1762 4700 1947 4772 itaque
1979 4702 2033 4758 in

450 4788 711 4845 feminam
738 4806 768 4846 a
797 4805 946 4845 mare
976 4789 1176 4862 frigida
1205 4791 1456 4862 quaedam
1486 4792 1738 4850 humoris
1765 4794 2036 4864 ebullitio,

448 4898 624 4955 eaque
662 4886 950 4940 commista
990 4900 1115 4941 cum
1148 4883 1365 4954 obiecto
1408 4886 1640 4943 humore
1671 4888 1974 4961 sanguineo
2007 4905 2039 4946 a

449 4973 683 5028 muliere
709 4974 947 5041 reddito,
990 4976 1310 5047 coagulatur
1338 4991 1368 5031 a
1396 4975 1679 5048 frigidiore
1710 4979 1812 5034 viri
1845 4994 2039 5036 excre-

451 5074 662 5130 mento,
690 5066 1154 5134 quemadmodum
1182 5068 1362 5140 inquit
1396 5070 1815 5142 vituperationis
1844 5086 2041 5143 expers

450 5165 508 5213 et
537 5170 702 5211 verax
750 5156 848 5214 Dei
883 5160 1202 5215 testimonio
1243 5162 1548 5232 perhibitus
1582 5163 1673 5219 ille
1702 5162 1897 5231 Jobus,
1945 5166 2040 5235 qui

452 5250 507 5305 in
540 5248 625 5304 sui
662 5252 912 5321 corporis
948 5252 1171 5310 laesione
1209 5254 1275 5309 ad
1312 5253 1484 5311 Deum
1523 5255 1809 5327 loquitur:
1848 5255 2041 5312 Nonne

361 5381 365 5383 λ
452 5342 589 5396 sicut
625 5340 710 5396 lac
746 5359 827 5397 me
864 5344 1122 5411 mulsisti,
1164 5355 1215 5402 et
1260 5347 1399 5403 velut
1448 5364 1657 5403 caseum
1703 5347 2043 5420 eoagulasti?

394 5465 405 5489 ε
456 5432 602 5490 Pelle
624 5443 677 5490 et
698 5435 946 5491 carnibus
987 5438 1214 5493 induisti
1244 5456 1345 5506 me,
1375 5440 1582 5496 ossibus
1615 5450 1665 5494 et
1695 5442 1866 5495 nervis
1897 5457 2041 5496 com-

452 5526 645 5594 pedisti
682 5518 808 5583 me:
844 5530 1009 5583 vitam
1042 5537 1093 5584 et
1135 5530 1563 5586 misericordiam
1608 5531 1902 5601 apposuisti
1935 5532 2041 5585 mi-

454 5617 510 5671 hi
534 5617 577 5650 ³¹
598 5636 613 5684 ;
637 5626 889 5674 naturam
908 5610 1075 5676 simul
1093 5630 1148 5677 et
1165 5622 1414 5692 proprias
1437 5621 1581 5677 vires
1600 5622 1722 5692 ejus
1740 5622 2044 5694 propriam-

454 5723 561 5775 que
588 5717 913 5777 potestatem
939 5712 1347 5768 demonstrans.
1375 5710 1552 5767 Vitam
1580 5723 1763 5770 autem
1797 5724 1847 5769 et
1876 5716 2035 5780 miu-

1537 369 1595 427 S.
1621 370 1929 428 CAESARI!
1970 368 2302 428 GREGOBII
2332 366 2633 424 FRATRIS

3573 354 3699 412 1-0“

2121 504 2215 542 του
2266 488 2476 557 διφυεῖς
2506 484 2735 546 ἑαυτοὺς
2782 478 3033 552 νοοῦμεν.
3066 476 3246 541 Ποίας
3292 475 3354 530 δὲ
3389 475 3490 545 ἀρα
3532 475 3699 543 δεῖραι

2121 580 2230 652 χρὴ
2257 579 2438 648 λέγειν
2474 577 2569 632 ἐπὶ
2590 574 2764 642 Θεοῦ;

2742 750 3100 818 Ἀπόκρισις.

2194 849 2306 918 Τὴν
2337 846 2555 916 ποίησιν
2578 844 2673 898 ἐπὶ
2702 842 2804 913 τῆς
2831 841 3012 913 ψυχῆς
3039 857 3134 911 μοι
3160 837 3316 891 δοκεῖ
3342 831 3594 897 νοεῖσθαι,
3618 831 3703 902 τὴν

2120 942 2179 995 δὲ
2211 940 2407 994 πλάσιν
2437 939 2529 991 ἐπὶ
2570 938 2670 1009 τῆς
2715 934 3040 1007 σωματικῆς
3080 928 3492 992 πολυπλασίας.
3519 927 3704 995 Χεῖρας

2121 1030 2179 1084 δὲ
2205 1029 2301 1083 τοῦ
2351 1028 2488 1083 Θεοῦ
2530 1029 2624 1080 καὶ
2674 1024 2890 1097 Πατρὺς
2937 1023 3031 1077 τὸν
3078 1020 3217 1075 Υἱὺν
3248 1018 3350 1073 καὶ
3393 1017 3456 1070 τὸ
3500 1013 3707 1085 Πνεῦμα

2124 1137 2288 1191 φημι,
2321 1118 2458 1189 πρὸς
2509 1116 2605 1181 οὓς
2637 1116 2731 1170 καί
2785 1129 2953 1184 φησι⁸
3000 1109 3372 1180 Ποιήσωμεν
3415 1107 3707 1175 ἄνθρωπον

2123 1210 2253 1265 κατ’
2282 1210 2489 1264 εἰκόνα
2535 1206 2637 1262 καὶ
2687 1207 2976 1276 ὁμοίωσιν
3007 1201 3340 1273 ἡμετέραν.
3371 1199 3438 1253 Εἰ
3475 1197 3532 1251 δὲ
3570 1195 3706 1271 καὶή

2127 1304 2336 1373 ἱστορία
2383 1300 2572 1372 φησιν,
2598 1301 2683 1354 ὅτι
2712 1296 2894 1352 λαϐὼν
2926 1298 2956 1351 ὁ
2992 1293 3128 1358 Θεὸς
3164 1291 3302 1364 χοῦν
3331 1289 3443 1345 ἀπὸ
3469 1288 3566 1359 τῆς
3594 1286 3704 1356 γῆς,

2123 1393 2327 1447 ἔπλασε
2364 1395 2456 1447 τδν
2475 1393 2861 1467 ἄνθρωπον.τῆ
2887 1390 3069 1443 viciae:
3093 1386 3196 1442 καὶ
3214 1387 3282 1453 τῇ
3328 1377 3707 1467 συνηθείᾳντῶν

2124 1481 2467 1556 πραγμάτων
2485 1479 2546 1534 τὸ
2568 1466 2799 1550 ἀόρατον
2820 1477 2919 1548 τῆς
2939 1474 3233 1546 ἐνεργείας
3255 1469 3578 1545 παραδηλοῖ.
3599 1466 3706 1519 Bou—

2124 1577 2333 1647 λήσεως
2371 1572 2481 1644 γάρ
2509 1571 2760 1643 ὲνέργεια
2790 1570 2852 1623 το
2873 1569 3004 1631 πᾶν,
3045 1565 3173 1637 οὐχ)⁵
3211 1565 3272 1619 δὲ
3304 1562 3508 1635 χειρῶν
3535 1558 3704 1620 πλάσις

2122 1667 2185 1719 τὸ
2222 1664 2674 1736 κατασκεύασμα.
2718 1661 2865 1734 Πλὴν
2911 1659 3111 1733 χειρῶν
3152 1656 3413 1727 πλάσμα,
3450 1656 3531 1717 είς
3560 1651 3703 1721 τιμὴν

2125 1762 2226 1830 τῆς
2256 1757 2474 1827 φύσεως
2524 1750 2987 1827 προσηγόρευται.
3032 1751 3192 1806 Ἐπεὶ⁵
3246 1751 3346 1804 καὶ
3389 1746 3510 1803 κατ’
3543 1744 3703 1799 εἰκόνα

2124 1851 2261 1904 Θεοῦ
2289 1851 2391 1904 οὐκ
2428 1851 2507 1914 είς
2538 1849 2774 1920 μίμησιν
2824 1846 3041 1916 φύσεως
3079 1843 3230 1915 (οὐδὲ
3279 1841 3394 1912 γὰρ
3426 1838 3585 1907 φάναι
3608 1832 3701 1889 οἷόν

2125 1959 2185 1996 τε
2209 1942 2333 1995 ὅσον
2367 1941 2611 2012 ἀπᾴδει),
2659 1939 2775 1993 ἀλλ’
2812 1938 2894 2001 είς
2924 1935 3263 2009 χαρακτῆρα
3314 1930 3495 2004 ἀρχῆς
3528 1946 3584 1982 τε
3622 1925 3701 1980 καὶ

2127 2032 2591 2104 ἐλευθεριότητος.

2706 2320 2962 2387 ΠΕΥΣΙΣ
2984 2318 3159 2373 PAG’.

2197 2416 2265 2470 Ti
2292 2413 2422 2479 οὗνς
2462 2416 2834 2488 μελογραφεϊς
2863 2412 2925 2466 τὺ
2961 2411 3120 2465 Θεῖον
3152 2407 3298 2481 πρὸς
3322 2406 3422 2478 τὴν
3455 2402 3697 2475 ἡμετέραν

2125 2512 2309 2565 εἰκόνα
2349 2512 2445 2566 καὶ
2479 2510 2761 2582 ὁμοίωσιν,
2790 2502 2906 2562 ὦτα
2948 2507 3043 2560 καὶ
3074 2502 3379 2577 βραχίονας
3418 2501 3507 2553 καὶ
3554 2494 3693 2563 σκέλη

2130 2600 2276 2671 ἔχειν
2303 2600 2466 2655 αὐτὸν
2499 2599 2677 2672 δηλῶν
2695 2616 2710 2665 ;

2747 2690 3114 2756 Ἀπόκρισις.

2198 2784 2383 2856 Βραχὺ
2415 2786 2664 2855 ἐπισχεῖν
2693 2783 2824 2854 περὶ
2852 2781 3060 2836 τούτων
3091 2783 3276 2848 εἰκὸς,
3307 2775 3603 2833 ἀκολούθως
3620 2764 3696 2819 καὶ

2126 2879 2247 2932 κατ’
2282 2876 2413 2941 ἔπος
2446 2874 2818 2945 ἐκτιθεμένων
2839 2891 2852 2905 ·
2891 2874 3094 2945 μήπως
3124 2874 3204 2944 τῇ
3243 2870 3446 2940 ἀταξίᾳ
3477 2866 3562 2936 τῆς
3585 2856 3693 2911 πεύ-

2134 2984 2274 3031 σεως
2303 2964 2695 3037 διασφαλῶμεν
2721 2965 2824 3036 τῆς
2849 2963 3212 3034 ἀποφάσεως.
3265 2962 3391 3016 Ἐπὶ
3427 2960 3480 3012 δὲ
3513 2954 3594 3024 τὴν
3613 2962 3686 3000 κο·

2132 3058 2310 3133 ρυφὴν
2334 3058 2433 3129 τῆς
2469 3058 2621 3128 σφῶν
2645 3056 2916 3127 γενέσεως
2949 3056 3038 3110 διὰ
3075 3056 3187 3126 τῆς
3220 3055 3321 3110 τοῦ
3352 3054 3506 3122 λόγου
3530 3043 3685 3112 κλίμα·

2131 3170 2227 3217 κος
2275 3149 2764 3222 εὐθυπορήσωμεν.
2813 3148 2979 3216 Μέγα
3006 3148 3336 3217 ἅνθρωπος
3378 3146 3474 3199 καὶ
3513 3139 3687 3222 τίμιον,

2130 3248 2159 3300 ὁ
2185 3244 2352 3299 πάλαι
2384 3219 2496 3297 καὶὴ
2516 3219 2612 3296 νῦν
2648 3219 2712 3306 ἐξ
2740 3238 2973 3293 εὐτελῶν
3014 3238 3152 3310 ἔχων
3200 3242 3305 3313 τὴν
3352 3237 3571 3308 γένεσιν.
3593 3219 3693 3284 Οἷός

2130 3352 2189 3388 τε
2217 3335 2328 3405 γάρ
2353 3332 2428 3387 ὢν
2450 3334 2478 3386 ὁ
2502 3333 2635 3396 Θεὸς
2658 3333 2725 3385 ὲκ
2749 3328 2980 3402 χαλκοῦ,
3001 3330 3035 3402 ἢ
3060 3329 3184 3401 σιδὴ
3201 3348 3320 3401 ρου,
3342 3330 3375 3399 ἢ
3407 3325 3696 3394 ἀδάμαντος»

2132 3426 2340 3498 ἢλίθου
2383 3426 2581 3498 δράσαι
2614 3424 2826 3496 βροτὸν,
2861 3425 2928 3477 ἐκ
2979 3422 3107 3494 χοὸς
3152 3422 3367 3494 μᾶλλον
3414 3416 3567 3474 αὑτὸν
3595 3409 3697 3477 ἐδη-

2137 3516 2441 3590 μιούργησε
2488 3516 2678 3579 πάλαι,
2724 3516 2968 3587 τήμερον
2999 3514 3058 3568 δὲ
3096 3514 3156 3581 ἐξ
3215 3509 3581 3585 ἀμυδροτέρας
3624 3498 3699 3556 καὶ

2137 3609 2308 3683 ῥυτῆς
2351 3608 2719 3680 ἀποκρίσεως.
2764 3607 2861 3661 Ἐκ
2910 3606 3118 3661 τούτων
3148 3607 3317 3680 δῆλον
3355 3605 3414 3659 τὸ
3450 3595 3694 3663 ἀκατάλη-

2135 3718 2291 3766 πτον,
2319 3700 2415 3755 καὶ
2436 3701 2578 3771 ὑπὲρ
2607 3698 2815 3755 ἔννοιαν
2845 3699 2947 3770 τῆς
2976 3699 3292 3771 δραστικῆς
3320 3692 3484 3753 αὐτοῦ
3510 3687 3696 3756 σοφίας.

2146 3792 2312 3847 Ἀλλά
2348 3793 2423 3865 μὴ
2460 3791 2789 3864 χλευαζέτω,
2833 3790 2970 3863 μηδὲ
3006 3790 3230 3861 γελάτω
3277 3806 3345 3863 με
3390 3789 3423 3858 ἡ
3467 3784 3558 3853 τῆς
3589 3778 3700 3865 ὑμὲ·

2133 3886 2300 3958 τέρας
2325 3864 2549 3956 ἀγάπης
2587 3883 2864 3955 ἀγχίνοια,
2897 3880 3184 3952 ἀκριϐείας
3218 3882 3383 3955 χάριν
3423 3864 3699 3958 ἀκροθιῴ

2138 3956 2447 4049 ἀπτόμενον
2499 3976 2578 4046 τῷ
2625 3976 2772 4046 λόγῳ
2817 3975 2927 4029 τῶν
2968 3972 3218 4045 φυσικῶς
3282 3966 3583 4044 μυστηρίων
3613 3956 3698 4049 τῆξῖ

2134 4045 2415 4145 ἡμετερας
2440 4045 2728 4139 γενέσεως.
2746 4045 2893 4122 Οὔτε
2925 4066 3038 4137 γὰρ
3064 4068 3094 4136 ἡ
3132 4064 3258 4120 θεεα
3291 4060 3509 4126 ἀπαξιοῖ
3538 4045 3699 4125 Γραφὴ

2135 4144 2344 4217 τούτων
2380 4144 2694 4233 μεμνῆσθαι
2739 4159 2833 4213 ἐπὶ
2861 4156 2953 4212 τοῦ
3005 4157 3197 4221 παιδὸς
3238 4155 3411 4211 Ἰούδα
3439 4152 3502 4221 τῇ
3527 4144 3698 4233 Θάμρ

2139 4231 2617 4323 ωγκαθεῦδοντος.
2644 4250 2739 4306 καὶ
2767 4251 2861 4304 ἐπὶ
2883 4248 2992 4303 τῶν
3019 4248 3265 4320 νομικῶν
3291 4241 3592 4315 καθαρσίων
3617 4231 3697 4323 τόν

2137 4321 2416 4416 γονορρυἧ
2463 4382 2477 4395 .
2521 4382 2536 4396 .
2582 4382 2597 4398 .
2643 4383 2657 4397 .
2704 4382 2718 4397 .
2765 4382 2780 4398 .
2825 4382 2841 4399 .
2886 4383 2900 4397 .
2947 4378 2960 4393 .
3004 4383 3020 4397 .
3066 4380 3081 4395 .
3117 4339 3438 4412 καθημένην
3489 4329 3578 4387 καὶ
3618 4321 3699 4391 τὴν

2140 4437 2387 4507 νεόλοχον
2416 4435 2778 4509 καθαίρουσα.
2826 4435 2987 4489 Ἀλλά
3033 4434 3130 4488 καὶ
3161 4435 3190 4488 ὁ
3219 4431 3424 4505 ὑψηλὸς
3473 4420 3701 4517 ἈπόστΫ-

2141 4529 2254 4593 λος.
2284 4528 2834 4602 ἀρῤενοφθορούντων
2869 4527 3103 4600 ἀνδρῶν,
3135 4527 3229 4581 καὶ
3249 4520 3699 4600 ἀῤῥενομανουσων

2144 4620 2443 4690 γυναικῶν,
2484 4620 2780 4691 Ῥωμαίοις
2830 4618 3165 4673 ἐπιστέλλων
3215 4618 3507 4689 μέμνηταιθ
3539 4607 3700 4691 Καταῗ

2145 4688 2401 4767 ϐάλλεται
2426 4688 2611 4766 τοίνυν
2634 4711 2727 4764 ἐπὶ
2754 4710 2817 4764 τὸ
2845 4709 2980 4781 θῆλυ
3003 4710 3111 4765 ὑπὸ
3142 4688 3238 4765 τοῦ
3269 4711 3514 4781 ἄρρενος,
3542 4688 3699 4767 ψυχρά

2143 4820 2229 4868 τις
2248 4803 2552 4875 ἀπόδρασις
2577 4819 2592 4834 ο
2617 4802 2992 4874 ἀνακραθεῖσα
3020 4802 3077 4856 δὲ
3104 4801 3184 4874 τῷ
3212 4784 3699 4875 ἀντικαταόληοένῖι

2146 4895 2331 4968 λύθρῳ
2362 4874 2468 4950 ὺὲπδ
2490 4895 2585 4949 τοῦ
2614 4895 2860 4966 γυναίου,
2894 4896 3150 4969 τυροῦται
3195 4895 3301 4959 ὑπδ
3331 4892 3427 4962 τῆς
3457 4874 3698 4969 Ψυχροτέῖ

2148 4963 2384 5062 ρας-τοῦ
2431 4963 2636 5060 ἀνδρὸς*
2669 4963 3041 5061 ἀποκρίσεως,
3090 4988 3270 5051 καθώς
3311 4999 3472 5056 φησιν
3516 4978 3544 5030 ὁ
3570 4963 3701 5062 ’παρέι

2143 5058 2281 5133 Θεοῦ
2313 5058 2729 5152 ἀμεμπτοςθκαὶ
2762 5058 3016 5154 ἀληθινὸς
3058 5083 3325 5153 ὑπάρχειν
3362 5058 3700 5154 μαρτυρηθεὲτ

2156 5172 2298 5227 Ἰώδα
2345 5150 2513 5235 Οὗτος
2542 5174 2600 5227 ἐν
2626 5176 2693 5247 τῇ
2744 5150 2947 5248 τριῦσει
2992 5174 3086 5228 τοῦ
3123 5150 3374 5246 σώματος
3425 5164 3553 5234 πρὸς
3587 5150 3701 5208 θεὸν

2143 5265 2450 5335 διαλέγεται
2473 5283 2487 5295 ’
2543 5269 2666 5337 οὐχ
2700 5268 2781 5334 ὠς
2811 5267 2966 5339 γάλα
2998 5286 3075 5338 με
3109 5267 3394 5339 ἤμελξιις,
3425 5258 3700 5323 ἐτύρωσας

2143 5356 2212 5411 δέ
2238 5374 2315 5426 με
2367 5356 2473 5411 (aa
2509 5357 2688 5426 τυρῷ,
2732 5359 2919 5428 δέρμα
2954 5360 3056 5415 καὶ
3095 5359 3274 5429 κρέας
3303 5342 3587 5409 ἐνέδυσάς
3613 5349 3699 5406 μεν

2146 5448 2388 5516 ὀστέοις
2415 5449 2484 5503 δὲ
2505 5451 2602 5505 καὶ
2626 5452 2860 5520 νεύροις
2885 5452 3120 5523 ἐγείρας
3135 5471 3233 5521 με,
3267 5447 3416 5515 ζὶοὴν
3436 5439 3528 5495 καὶ
3548 5434 3700 5523 ἕλεος

2145 5539 2287 5592 ἔθου
2328 5515 2467 5607 παρ’
2494 5540 2629 5608 ἐμοί
2644 5558 2663 5605 ;
2690 5515 2789 5613 την
2824 5515 3151 5613 ερύσινῠᾶμα-
3171 5515 3265 5597 καὶ⁸
3296 5538 3355 5592 τὸ
3398 5515 3699 5613 αὐτοκρατξς

2148 5630 2320 5699 αὐτῆς
2350 5632 2445 5684 καὶ
2494 5629 2846 5696 αὐτεξούσιον
2893 5634 3195 5706 παριστῶν.
3233 5630 3402 5698 Ζωὴν
3448 5622 3521 5683 δὲ,
3561 5604 3694 5706 φησιν

2146 5720 2245 5773 καὶ
2274 5698 2452 5775 ἔλεον
2496 5722 2640 5777 ἔθου
2685 5724 2821 5793 παρ’
2851 5698 2988 5795 ἐμοί
3002 5743 3014 5757 ·
3055 5725 3276 5793 ὡσανεὶ,
3319 5720 3403 5775 Ἑν
3442 5708 3557 5783 ἐμοὶ
3590 5698 3694 5755 ἔθου

529 5858 575 5890 "
613 5857 745 5912 Gen.
787 5876 824 5925 I,
864 5862 954 5918 26.
996 5866 1040 5898 "
1077 5864 1240 5921 Prov.
1276 5884 1367 5933 xx,
1407 5868 1460 5931 6.
1496 5884 1609 5925 sec.
1647 5868 1809 5926 LXX.
1887 5870 1930 5902 ³ο
1965 5869 2029 5925 Ri

2161 5887 2199 5937 ι,
2231 5871 2323 5942 26,
2360 5873 2451 5929 ‘27.
2528 5875 2571 5908 ⁸¹
2604 5874 2707 5932 Job
2739 5892 2792 5941 κ,
2835 5878 3016 5933 ίθ-ΙΞ.
