4000 6398
329 438 472 493 1045

324 557 425 626 ζῇν
473 555 568 609 καὶ
614 557 782 611 ἐλεεῖν
817 559 1051 629 ἐμαυτὸν
1084 559 1174 614 διὰ
1206 561 1306 630 τῆς
1333 561 1582 627 ὑπακοῆς
1623 564 1718 617 καὶ
1748 565 1916 634 φυλα-

324 650 430 714 κῆς
456 648 566 701 τῶν
601 648 710 702 σῶν
743 650 1001 706 ἐντολῶν·
1033 652 1066 722 ἢ
1109 653 1351 724 ἀναιρεῖν
1382 653 1619 724 ἐμαυτὸν
1664 658 1728 727 τῇ
1773 674 1914 730 παρ-

324 741 483 810 ακοῇ,
519 741 616 793 καὶ
652 742 726 812 μὴ
786 741 1053 796 ἐλεεῖσθαι
1097 743 1324 808 είκότως
1371 746 1803 817 τιμωρούμενον.
1834 747 1912 819 τῷ

323 828 502 900 ἐχθρῷ
574 831 831 903 μᾶλλονῆ
860 832 938 902 τῷ
965 833 1302 904 Δημιουργῷ
1333 833 1912 909 προσθέμενον.”οπερ

323 923 352 973 ὀ
381 922 682 993 προπάτωρ
717 923 874 994 ἡμῶν
917 924 1122 996 δράσας
1169 927 1244 998 μὴ
1293 926 1464 980 ὲλεῶν
1500 927 1712 994 ἑαυτὸν,
1749 929 1913 982 οίονεὶ

327 1009 605 1078 φάσγανον
627 1012 726 1082 τὴν
757 1012 1006 1084 ὀλεθρίαν
1041 1014 1348 1085 συμϐουλὴν
1367 1016 1489 1070 καθ’
1512 1015 1708 1070 ἑαυτοῦ
1733 1035 1912 1088 παρα-

323 1099 638 1172 δεξάμενος,
666 1105 976 1176 ἀναιρεθεὶς
1004 1107 1190 1180 ἐκείνῃ
1219 1109 1312 1161 καὶ
1340 1107 1400 1173 ἐξ
1422 1109 1692 1164 ἀθανάτου
1719 1111 1913 1180 θνητὸς

323 1192 614 1264 γενόμενος
646 1195 838 1266 ᾤχετο.
866 1197 1230 1270 Συμμυόντων
1259 1200 1436 1254 τοίνυν
1465 1202 1686 1256 πάντων
1719 1202 1914 1273 αίσθη-

319 1283 528 1354 τηρίων
576 1285 671 1338 καὶ
723 1287 1030 1358 αἰσθήσεων
1073 1290 1240 1360 ἄμφω
1287 1291 1396 1344 τῶν
1429 1291 1763 1364 προσώπων,
1818 1294 1912 1346 καὶ

321 1376 485 1428 οἱονεὶ⁸
529 1377 983 1451 ἀνακιρναμένων
1019 1383 1112 1436 καὶ
1146 1384 1476 1455 φυραμένων
1515 1385 1768 1456 ἀλλήλοις
1801 1385 1910 1439 τῶν

325 1469 596 1539 σωμάτιον
629 1474 686 1524 ὲν
732 1475 798 1544 τῇ
851 1474 1017 1545 μίξει,
1055 1477 1350 1548 ἐκμαγεῖον
1398 1477 1492 1530 τοῦ
1536 1480 1832 1550 προσώπου
1877 1481 1909 1551 ἡ

324 1561 638 1633 ἀπόρρητος
662 1565 936 1638 καταϐολὴ
964 1568 1192 1637 γίνεται,
1215 1569 1243 1622 ὃ
1267 1569 1483 1641 πρῶτον
1507 1570 1658 1623 δοθὲν
1681 1570 1776 1624 καὶ
1799 1572 1912 1624 επι-

323 1653 688 1726 κρατέστερον
709 1658 930 1730 σπέρμα
952 1679 965 1690 ο
989 1659 1113 1714 ὅθεν
1128 1661 1379 1734 καὶπρὸς
1406 1663 1576 1733 ἀμίαν
1597 1663 1692 1716 καὶ
1718 1663 1914 1733 ὁμοίω-

326 1760 410 1796 σιν
435 1745 464 1797 ό
490 1747 778 1820 χαρακτὴρ
799 1749 1126 1805 ὲντυποῦται
1154 1753 1364 1805 ἐκείνου
1395 1755 1428 1824 ἢ
1469 1754 1693 1825 ταύτης.
1724 1754 1911 1818 Οὕτως

321 1831 416 1889 οὖν
449 1838 484 1908 ἡ
529 1838 625 1892 τοῦ
663 1840 892 1914 ἄρρενος
933 1844 1207 1917 καταϐολὴ
1238 1846 1425 1918 ψυχρά
1452 1863 1538 1910 τις
1586 1847 1908 1918 ὑπάρχουσα

322 1927 419 1979 καὶ
451 1929 746 2003 ὀστοειδὴς,
776 1935 858 1997 εἰς
902 1934 1104 1988 ὀστέων
1151 1938 1248 1990 xui.
1281 1939 1489 2009 νεύρων
1529 1940 1906 2006 μεταποιεῖται

325 2015 538 2088 ῥώμην,
587 2025 956 2097 στερῤουμένη
999 2027 1356 2098 καταλλήλως
1393 2028 1472 2100 τῷ
1513 2029 1902 2101 ἀποκρίναντιο

320 2109 383 2161 τὸ
420 2110 475 2164 δὲ
506 2113 608 2167 ὑπὸ
634 2115 726 2169 τοῦ
758 2119 982 2185 γυναίου
1012 2121 1070 2174 ὲν
1097 2124 1164 2192 τῇ
1199 2123 1478 2193 συνευνείᾳ
1513 2121 1906 2192 ἀναδιδόμενον

320 2196 458 2272 αἷμα
490 2205 692 2279 θερμὸν
723 2211 866 2265 κατὰ
897 2212 1059 2282 φύσιν
1092 2213 1357 2286 ὑπάρχον,
1392 2214 1534 2285 ὑπὲρ
1565 2214 1658 2268 τοῦ
1693 2212 1904 2286 ψυχροῦ

320 2297 496 2363 παγὲν
537 2300 619 2363 είς
659 2300 841 2372 σάρκα
882 2304 1224 2374 μεθίσταται.
1267 2305 1331 2359 Ἢ
1373 2305 1431 2359 δὲ
1484 2305 1620 2376 σὰρξ
1671 2304 1911 2376 ζωτικήν

319 2403 441 2440 τινα
472 2389 704 2462 δύναμιν
737 2393 923 2448 θεόθεν
956 2397 1302 2468 ὲμπνεομένη
1353 2397 1722 2464 ζωογονεῖται.
1769 2395 1910 2466 Ἐγὼ

318 2477 428 2546 γάρ
465 2481 580 2549 εἰμι
612 2485 647 2533 ό
697 2484 963 2552 ποιήσας
993 2487 1110 2554 τὴν
1149 2487 1287 2556 γῆν,
1319 2491 1417 2543 καί
1462 2488 1779 2557 ἄνθρωπον
1815 2489 1910 2541 ἐπ’

318 2564 532 2633 αὐτῆς,
565 2568 663 2620 καὶ
694 2569 900 2639 διδοὺς
929 2575 1130 2644 πνοὴν
1159 2574 1309 2646 ζωῆς
1339 2577 1491 2632 πᾶσι
1519 2577 1643 2632 tofo
1679 2576 1906 2632 πατοῦ-

318 2670 425 2707 σιν
451 2659 666 2728 αὐτὴν,
703 2665 870 2733 φησιν
896 2670 924 2719 ὁ
952 2668 1104 2732 Θεός.

1720 441 2071 502 DiALOGUS
2126 445 2214 500 in.

3471 451 3606 508 ίθὶὅ

2028 566 2316 621 τίεονάέαηι
2352 568 2646 637 apposuisti
2688 570 2838 633 mihi,
2884 567 3082 638 inquit,
3126 569 3284 638 quasi
3327 569 3509 634 dicat,
3550 571 3607 626 In

2022 674 2110 713 me
2140 659 2373 728 posuisti
2405 668 2463 713 ut
2492 660 2754 726 viverem,
2785 666 2839 714 et
2873 669 2929 714 ut
2955 660 3252 714 misererer
3284 661 3386 714 mei
3434 662 3606 730 ipsius

2021 763 2118 818 per
2148 748 2514 802 obedientiam
2547 757 2600 802 et
2629 749 3073 804 observationem
3119 757 3340 802 tuorum
3378 750 3610 804 manda-

2022 848 2236 905 torum;
2269 851 2364 896 aut
2401 851 2460 896 ut
2493 843 2815 912 perituerem
2854 842 3123 911 meipsum
3165 855 3260 910 per
3286 840 3600 895 iuobedien—

2019 931 2176 996 tiam,
2219 947 2398 1003 neque
2460 933 2896 988 misericordiam
2953 946 3342 1000 consequerer,
3409 932 3606 984 merito

2017 1039 2210 1093 poenas
2261 1025 2608 1094 dependens,
2671 1025 2896 1080 inimico
2964 1025 3147 1094 potius
3205 1039 3370 1094 quam
3425 1024 3607 1092 opifici

2020 1116 2326 1171 adhaerens.
2369 1115 2423 1168 id
2459 1116 2605 1185 quod
2631 1115 2842 1186 primus
2871 1125 3060 1169 noster
3094 1130 3296 1184 parens
3332 1114 3478 1180 fecit,
3513 1115 3606 1185 qui

2019 1221 2128 1260 non
2157 1207 2418 1261 misertus
2446 1206 2532 1260 sui
2576 1206 2769 1276 ipsius,
2802 1195 2967 1260 veluti
2999 1206 3240 1277 gladium
3283 1207 3458 1276 ipsam
3487 1221 3610 1274 per-

2021 1297 2281 1352 ditionem
2321 1298 2710 1353 consultricem
2743 1299 3008 1354 adversus
3035 1300 3389 1368 semetipsum
3422 1314 3610 1354 susce-

2022 1389 2122 1459 pit,
2156 1389 2361 1458 illoque
2396 1390 2719 1446 interfectus
2745 1400 2850 1452 est,
2882 1399 2936 1445 et
2969 1406 3036 1446 ex
3063 1391 3366 1445 immortali
3400 1401 3608 1445 morta-

2019 1479 2086 1533 lis
2115 1477 2292 1533 factus
2339 1479 2521 1548 periit.
2567 1477 2705 1533 Cum
2743 1479 2908 1550 igitur
2936 1479 3140 1534 clausis
3189 1478 3449 1534 omnibus
3479 1494 3608 1534 sen-

2018 1587 2180 1627 suum
2209 1558 2430 1626 sedibus
2458 1579 2514 1625 et
2544 1570 2678 1640 ipsis
2709 1572 2996 1626 ambarum
3030 1585 3390 1640 personarum
3423 1571 3606 1625 sensi-

2021 1661 2140 1723 bus,
2173 1661 2447 1730 quasique
2485 1660 2910 1731 coutemperatis
2947 1669 3112 1730 atque
3141 1660 3423 1730 permistis
3461 1660 3606 1714 inter

2016 1765 2076 1805 se
2100 1751 2428 1820 corporibus
2459 1751 2510 1805 in
2539 1751 2710 1816 coitu,
2745 1752 3015 1807 inell‘abile
3041 1752 3100 1806 tit
3142 1752 3385 1816 initium,
3415 1751 3607 1807 videli-

2018 1851 2103 1898 cet
2128 1842 2288 1899 l'aciei
2322 1844 2625 1915 expressio,
2655 1845 2723 1900 de
2755 1854 2976 1901 excreta
3006 1844 3240 1914 primum
3283 1845 3606 1915 potioreque

2017 1936 2248 2000 semine,
2289 1937 2434 1991 unde
2479 1935 2548 1990 ad
2590 1936 3013 1992 delineatiouem
3059 1943 3116 1990 et
3163 1935 3603 2002 similitudinem,

2013 2027 2187 2098 ﬁgura
2227 2027 2312 2082 vel
2360 2025 2579 2081 femina:
2618 2027 2700 2080 vel
2746 2027 2847 2080 viri
2889 2025 3258 2096 exprimitur:
3300 2036 3464 2096 atque
3500 2027 3606 2084 boe

2013 2119 2176 2174 modo
2202 2135 2329 2174 cum
2358 2121 2460 2174 viri
2482 2130 2888 2175 excrementum
2912 2119 3169 2190 frigidum
3195 2120 3605 2190 quodammodo

2013 2214 2087 2268 sit
2109 2222 2164 2267 et
2194 2227 2414 2268 osseum
2439 2250 2455 2276 ,
2488 2211 2542 2266 in
2575 2211 2787 2267 ossium
2817 2221 2872 2266 et
2904 2226 3198 2266 nervorum
3229 2221 3606 2267 commutatur

2011 2303 2200 2369 robur,
2245 2317 2346 2372 pro
2401 2300 2614 2356 ratione
2659 2301 2807 2355 illius
2857 2301 2952 2370 qui
2983 2301 3226 2355 excrevit
3273 2300 3601 2355 soliditatem

2007 2391 2234 2447 habens.
2263 2389 2420 2458 Quod
2461 2400 2651 2464 autem
2678 2405 2706 2443 a
2741 2390 3053 2445 muliere-iu
3090 2390 3391 2445 concubitu
3428 2391 3599 2446 vicis-

2007 2487 2115 2542 sim
2143 2486 2412 2540 redditum
2446 2492 2554 2549 est,
2595 2498 2720 2539 cum
2745 2483 2957 2538 calidus
3002 2483 3075 2537 sit
3118 2491 3312 2536 natura
3349 2480 3596 2551 sanguis,

2007 2597 2036 2634 a
2074 2579 2272 2650 frigido
2310 2579 2732 2640 condensatum,
2777 2577 2830 2630 in
2867 2576 3191 2646 sanguinem
3226 2575 3588 2630 convertitur.

2012 2671 2155 2725 Caro
2197 2678 2381 2723 autem
2432 2685 2526 2738 per
2573 2669 2792 2722 vitalem
2832 2667 3129 2736 quamdam
3171 2667 3282 2720 vim
3333 2665 3602 2720 divinitus

319 2749 668 2818 inspiratam,
692 2757 1015 2815 vivilicatur.
1053 2763 1164 2832 Ego
1200 2765 1344 2819 enim
1371 2782 1489 2819 sum
1529 2768 1619 2837 qui
1663 2767 1767 2837 feci
1797 2776 2016 2834 terram,
2045 2775 2095 2820 et
2121 2764 2386 2818 hominem
2425 2778 2490 2818 ea:
2535 2780 2620 2827 ea,
2665 2766 2857 2834 quique
2882 2762 2981 2815 dat.
3004 2763 3192 2829 [totum
3217 2762 3339 2816 vita
3360 2761 3606 2813 omnibus

319 2842 410 2910 qui
441 2844 716 2900 ambulant
740 2851 794 2901 in
818 2867 902 2918 ea,
932 2851 1110 2924 inquit
1157 2855 1301 2912 Deus
1328 2855 1393 2910 ³².

390 2957 540 3012 Alter
571 2961 655 3014 hic
682 2963 829 3017 locus
854 2975 933 3020 est
959 2984 1026 3022 ea:
1054 2971 1120 3023 iis
1147 2986 1372 3039 quorum
1401 2973 1565 3041 paulo
1600 2982 1724 3026 ante
1752 2974 2069 3026 mentionem
2097 2966 2219 3037 feci.
2256 2961 2400 3018 Nam
2431 2959 2645 3030 adjecta
2677 2959 2843 3028 fuisse
2869 2958 3104 3011 arbitror
3141 2957 3251 3011 haec
3288 2957 3352 3010 ab
3397 2955 3599 3026 aliqua,

315 3053 407 3120 qui
444 3071 564 3108 cum
591 3054 816 3114 Cwsarii
846 3065 1106 3118 sententia
1143 3066 1484 3135 conjunctam
1516 3070 1696 3121 eodem
1728 3068 1840 3121 loco
1870 3063 2310 3140 philosophorum
2339 3057 2502 3113 etiam
2527 3064 2834 3109 exterarum
2856 3054 3153 3123 opinionem
3181 3055 3246 3107 de
3285 3052 3604 3122 formatione

317 3147 546 3206 hatuinis
585 3152 777 3208 habere
807 3157 980 3211 vellet.

798 3271 990 3341 Λόγος
1021 3270 1089 3324 ἐκ
1128 3268 1247 3324 τῶν
1283 3269 1420 3336 ἔξω.

397 3353 464 3408 Ἢ
492 3355 656 3426 φύσις
682 3357 1030 3412 ὲνυπόκειται
1057 3359 1136 3430 τῷ
1171 3361 1479 3432 σπέρματιο
1508 3361 1541 3434 ἡ
1572 3361 1681 3433 γάρ
1708 3362 1767 3415 ὲν
1792 3360 1905 3415 τού-

315 3463 394 3518 τῳ
431 3447 683 3520 δύναμις,
723 3451 943 3505 ἐπειδὰν
978 3452 1214 3524 ἄρχηται
1254 3455 1543 3520 κινεῖσθαι,
1580 3455 1741 3526 φύσις
1785 3456 1904 3510 ὀνο-

320 3537 572 3608 μάζεται,
601 3540 690 3593 διὰ
709 3542 769 3593 τὸ
790 3542 947 3611 φύειν
977 3545 1072 3597 καὶ
1099 3545 1315 3616 γεννᾷν.
1344 3545 1618 3617 Τρέφεται
1637 3547 1693 3600 δὲ
1716 3548 1781 3600 ἐκ
1805 3547 1905 3617 τῆς

317 3629 377 3680 ὲν
399 3629 476 3698 τῷ
507 3629 720 3697 σώματι
740 3633 949 3703 τροφῆς
974 3649 986 3662 ’
1015 3633 1091 3698 ὡς
1119 3635 1238 3688 οὐδὲ
1262 3635 1436 3708 τροφὴ
1463 3637 1590 3691 ἀνευ
1620 3636 1773 3709 ὕλης.
1802 3639 1904 3690 Κι-

317 3723 489 3774 νεῖται
521 3721 577 3773 δὲ
606 3723 687 3783 είς
735 3724 936 3794 ἑαυτὴν
970 3720 1320 3781 ὲκπέπτουσα
1367 3730 1466 3790 τὰς
1489 3731 1695 3802 τροφάς
1719 3749 1733 3761 ·
1768 3731 1906 3784 ἀλλά

317 3813 412 3865 καὶ
445 3814 536 3882 ἀφ’
559 3813 762 3882 ἑαυτῆς
795 3815 1128 3870 συντελοῦσα
1171 3817 1269 3880 τὰς
1297 3819 1597 3883 ἀναδόσεις.
1635 3821 1905 3891 Δυνάμεις

317 3904 376 3957 δὲ
413 3904 514 3975 τῆς
564 3905 780 3973 φύσεως
825 3909 1062 3979 τρεῖς-,ἡ
1113 3911 1429 3981 γεννητική,
1463 3913 1587 3982 ἣτις
1637 3913 1766 3976 τοὺς
1809 3911 1903 3966 τοῦ

320 3998 637 4069 σπέρματος
661 3999 962 4071 προείληφε
987 4001 1180 4070 λόγους
1202 4023 1218 4038 ο
1242 4009 1272 4078 ή
1295 4003 1785 4076 αὑξητικὴ,έχουσα
1804 4006 1904 4076 τὴν

319 4089 460 4143 κατὰ
503 4090 699 4161 χρόνον
733 4091 946 4163 κίνησιν
969 4109 984 4124 σ
1021 4095 1116 4146 καὶ
1164 4095 1196 4164 ή
1237 4093 1528 4164 θρεπτικὴ,
1566 4096 1663 4165 τῆς
1696 4096 1906 4167 τροφῆς

317 4181 418 4251 τὴν
451 4180 797 4253 ἐξεργασίαν.
835 4187 1093 4255 Διήκουσι
1135 4185 1192 4238 δὲ
1234 4185 1324 4239 διὰ
1364 4185 1564 4250 παντὸς
1591 4186 1685 4240 τοῦ
1718 4186 1906 4258 σώμα-

317 4287 408 4336 τος
455 4274 488 4344 ἡ
545 4273 814 4346 θρεπτικὴ
862 4276 955 4328 καὶ
1005 4275 1270 4348 αύξητική
1297 4293 1312 4308 ο
1347 4279 1380 4348 ὴ
1421 4276 1478 4330 δὲ
1521 4277 1814 4348 γεννητικὴ
1847 4281 1906 4332 ὲν

317 4369 430 4430 τοῖς
453 4371 881 4439 παραστατικοῖς
912 4369 1073 4440 μόνον
1093 4372 1204 4433 τοῖς
1227 4372 1592 4441 περιεκτικοῐς
1615 4369 1708 4422 τοῦ
1738 4370 1839 4423 σπέ
1847 4387 1905 4441 ρ-

322 4473 508 4528 ματοςο
554 4458 972 4529 κατασχολεῖται
1012 4461 1071 4514 δὲ
1118 4461 1151 4532 ή
1199 4460 1359 4529 φύσις
1395 4459 1464 4513 τά
1512 4458 1707 4530 πρῶτα
1777 4461 1907 4532 περὶ

316 4548 521 4618 τροφὴν
545 4549 636 4602 καὶ
664 4549 900 4621 πνεῦμα.
921 4549 1146 4622 Πνεῦμα
1175 4550 1438 4623 ἔνθερμον
1455 4551 1510 4617 ἐξ
1526 4550 1691 4604 αὑτοῦ
1723 4549 1905 4605 κινού-

319 4657 480 4709 μενον
499 4642 642 4696 κατὰ
665 4644 794 4706 τοὺς
825 4643 1234 4714 σπερματικοὺς
1249 4642 1461 4713 λόγους,
1497 4641 1701 4711 γεννῶν
1724 4657 1783 4694 τε
1809 4643 1905 4694 καὶ

316 4731 556 4784 τελειοῦν
594 4734 684 4786 τὸν
753 4733 1045 4806 ἄνθρωπον
1109 4738 1167 4790 ὲν
1206 4736 1422 4811 χρόνοις
1461 4736 1556 4789 καὶ
1609 4732 1901 4806 μεγέθεσιν

318 4819 663 4890 ὡρισμένοις.

903 4999 1154 5052 ΠΕΥΣΙΣ
1189 5002 1324 5055 PM'.

388 5091 762 5162 Συνυπάρχειν
807 5093 970 5162 ἡμεῖς
1012 5091 1244 5162 λέγομεν
1277 5091 1375 5164 τὴν
1423 5091 1602 5166 ψυχὴν
1635 5097 1700 5165 τῇ
1748 5095 1902 5167 παρά

318 5184 412 5236 τοῦ
439 5184 631 5254 ἀνδρὸς
652 5182 946 5255 καταϐολῇ.
971 5184 1066 5237 καὶ
1093 5183 1202 5248 ζῶν
1229 5185 1322 5237 καὶ
1344 5185 1586 5256 ἔμψυχον
1610 5187 1900 5258 ὑπάρχειν,

319 5276 506 5346 ἐπειδὴ
546 5277 640 5328 καὶ
677 5277 788 5330 ἀπὸ
832 5276 1034 5341 ζῶντος
1081 5277 1176 5330 καὶ
1217 5277 1612 5348 ἐμψυχωμένου
1652 5280 1904 5351 σώματος

318 5369 375 5419 αἱ
401 5367 648 5438 ἀφορμαὶ
679 5369 779 5438 τῆς
825 5370 1121 5442 ἡμετέρας,
1156 5372 1252 5424 καὶ
1293 5371 1482 5443 ὥσπερ
1533 5373 1590 5425 ui
1639 5373 1748 5427 τῶν
1787 5374 1904 5427 δένο

319 5462 462 5533 δρων
491 5462 828 5527 ἀποσπάδες,
859 5463 915 5516 αἳ
944 5464 1007 5516 τὸ
1034 5464 1267 5519 ἑκάστου
1301 5464 1523 5537 σπέρμα
1557 5465 1759 5537 ἔχουσι,
1804 5466 1902 5536 τὴν

317 5555 378 5619 ἐξ
411 5547 485 5607 ὧν
512 5554 868 5626 ἀφῃρέθησαν
906 5553 1146 5627 ζωτικὴν
1177 5557 1422 5629 δύναμιν.
1461 5559 1520 5611 Εἰ
1553 5559 1662 5629 γὰρ
1690 5559 1750 5612 τὸ
1781 5557 1904 5629 θερ-

322 5648 420 5718 μὸν
451 5645 513 5697 τὸ
553 5640 714 5715 αἷμα,
749 5647 842 5699 καὶ
882 5647 943 5699 τὸ
971 5647 1110 5711 ζῶον
1152 5649 1259 5702 ἀπὸ
1285 5650 1379 5703 τοῦ
1421 5650 1617 5722 ἀνδρὸς
1649 5651 1899 5723 σπέρμα·

319 5741 368 5792 εί
399 5737 493 5790 καὶ
515 5738 614 5809 οὐχ
636 5738 838 5809 ὁμοίως
866 5738 944 5793 τῶ
977 5739 1169 5810 αἵματι
1202 5742 1440 5809 πάντως,
1481 5743 1664 5815 ἔχουσι
1693 5744 1753 5799 τὸ
1792 5745 1898 5810 ξωο

390 5909 436 5941 ³³
468 5908 572 5966 lsa.
607 5925 738 5974 nu,
779 5911 833 5967 5.

2265 3263 2432 3330 Verba
2458 3264 2522 3317 de
2547 3262 2699 3316 libris
2728 3271 3028 3316 exterarum
3055 3261 3342 3330 descripta.

2078 3357 2286 3414 Natura
2340 3359 2484 3414 inest
2538 3355 2755 3412 semini.
2804 3353 2941 3410 Nam
2984 3369 3104 3425 qum
3149 3363 3234 3410 est
3277 3355 3331 3409 in
3378 3369 3445 3409 eo
3492 3356 3602 3420 vis,

2006 3452 2229 3526 quando
2279 3450 2486 3506 moveri
2532 3449 2781 3519 cmperit,
2824 3455 3022 3503 natura
3066 3449 3404 3512 nominatur,
3470 3464 3610 3518 pro--

2005 3557 2196 3620 pterea
2224 3544 2373 3617 quod
2401 3543 2683 3600 nascendo
2712 3542 2971 3612 producit
2993 3549 3316 3612 et-geuerat.
3352 3538 3602 3596 Nutritttr

2007 3651 2188 3696 autem
2216 3639 2475 3694 alimento
2503 3635 2648 3706 quod
2703 3643 2786 3689 est
2839 3634 2894 3688 in
2937 3648 3186 3701 corpore,
3237 3633 3600 3701 quemadmo-

2005 3734 2136 3786 dum
2176 3745 2352 3800 neque
2387 3729 2784 3782 nutrimentum
2829 3725 3038 3794 absque
3074 3726 3304 3777 materia
3349 3733 3452 3777 est.
3486 3721 3602 3777 Mo-

2006 3831 2164 3874 vetur
2193 3828 2377 3873 autem
2420 3818 2476 3872 in
2519 3817 2891 3884 semetipsatn,
2935 3815 3090 3869 cibos
3127 3829 3506 3882 concoquens,
3545 3822 3610 3868 et.

2008 3929 2104 3984 per
2149 3911 2499 3979 semetipsam
2543 3908 2831 3979 perﬁcieus
2877 3907 3236 3977 digestioncs.
3289 3905 3601 3961 Facultates

2007 4017 2139 4058 vero
2170 4010 2382 4055 natura:
2401 4010 2513 4054 tres
2543 4006 2709 4054 sunt:
2744 4012 3036 4067 generans,
3070 3997 3138 4052 de
3167 4013 3278 4068 qua
3299 3999 3411 4068 jam
3437 4007 3598 4053 antea

2007 4093 2216 4148 dictum
2247 4090 2300 4144 in
2327 4089 2608 4144 mentione
2641 4088 2902 4155 seminis;
2929 4103 3253 4158 augescens,
3285 4105 3409 4159 qua:
3435 4090 3599 4144 habet

2009 4193 2220 4238 motum
2255 4173 2578 4237 secundum
2625 4181 3264 4251 tempus;etuutriens,
3315 4182 3382 4236 ad
3430 4197 3603 4251 quam.

2007 4275 2116 4332 cibi
2151 4273 2425 4330 confectio
2465 4273 2721 4342 pertinet.
2758 4272 2860 4328 Per
2895 4274 3216 4329 universum
3250 4285 3434 4328 autem
3469 4291 3591 4330 cor.-

2009 4383 2112 4438 pus
2147 4367 2398 4420 nutriens
2439 4377 2495 4420 et
2531 4379 2834 4434 augescens
2875 4365 3163 4421 facultates
3197 4380 3319 4421 sese
3364 4368 3591 4432 didunt;

2008 4474 2280 4530 generans
2306 4474 2438 4513 vero
2486 4465 2700 4512 tantum
2737 4458 2840 4512 sita
2874 4466 2959 4513 est
3005 4458 3060 4512 in
3093 4459 3328 4529 geminis
3361 4459 3596 4516 testibus

2009 4569 2196 4608 semen
2241 4552 2678 4610 continentibus.
2729 4549 3006 4622 Occupata
3054 4560 3236 4608 autem
3281 4562 3365 4608 est
3401 4562 3597 4608 natura

2016 4645 2256 4715 primum
2287 4645 2438 4701 circa
2465 4645 2650 4700 cibum
2694 4653 2748 4700 et
2777 4645 3070 4715 spiritum;
3117 4644 3212 4715 qui
3248 4644 3472 4715 spiritus
3511 4645 3599 4699 itt-

2002 4749 2156 4794 terna
2195 4739 2247 4793 vi
2282 4738 2519 4804 calidus,
2559 4745 2618 4792 ut
2651 4737 2745 4807 qui
2782 4753 2879 4808 per
2913 4753 2972 4794 se
3010 4746 3261 4792 movetur
3291 4737 3595 4793 secundum

2001 4831 2054 4883 id
2090 4830 2237 4900 quod
2281 4830 2490 4884 dictum
2537 4836 2621 4883 est
2664 4828 2732 4882 de
2766 4829 3000 4890 semine,
3046 4828 3218 4898 gignit
3259 4836 3314 4883 et
3361 4829 3597 4883 absolvit

2004 4922 2285 4976 hominem
2319 4919 2659 4990 temporibus
2691 4928 2745 4974 et
2781 4919 3254 4990 magnitudinibus
3293 4919 3553 4975 deﬁnitis.

2431 5007 2950 5065 INTERROGATIO
2989 5008 3150 5066 CXL.

2081 5100 2259 5156 Simul
2279 5101 2546 5157 exsistere
2571 5115 2673 5155 nos
2697 5101 2935 5156 animam
2953 5101 3196 5157 dicimus
3213 5115 3339 5157 cum
3363 5116 3430 5158 eo
3447 5101 3597 5172 quod

2009 5207 2038 5247 a
2067 5193 2184 5247 viro
2211 5193 2546 5256 excernitur,
2577 5200 2634 5247 et
2664 5192 2850 5247 vivum
2883 5194 3304 5264 animatumque
3330 5193 3591 5263 quiddam

2008 5293 2110 5348 est,
2140 5283 2588 5353 quandoquidem
2615 5291 2669 5338 et
2698 5297 2728 5337 a
2765 5283 2981 5339 vivente
3009 5292 3066 5340 et
3089 5284 3332 5340 animato
3364 5291 3630 5354 corporei

2010 5392 2177 5431 causa
2216 5391 2282 5432 ac
2311 5376 2466 5445 origo
2494 5374 2670 5431 nostri
2702 5383 2859 5431 ortus
2887 5384 2991 5440 est,
3039 5375 3505 5446 quemadmodum
3539 5383 3593 5429 et

2011 5468 2080 5522 ab
2103 5467 2395 5523 arboribus
2423 5466 2599 5522 avulsi
2629 5465 2789 5531 rami,
2817 5466 2916 5537 qui
2943 5467 3381 5537 uniuscujusque
3405 5481 3591 5520 semen

2013 5561 2237 5626 habent,
2265 5561 2481 5615 vitalem
2515 5558 2832 5616 facultatem
2863 5576 3052 5616 earum
3087 5576 3117 5615 a
3155 5560 3359 5630 quibus
3387 5558 3591 5627 sumpti

2011 5662 2164 5716 sunt,
2191 5653 2494 5708 continent.
2528 5649 2662 5706 Nam
2701 5652 2746 5708 si
2782 5652 2993 5708 calidus
3025 5661 3108 5707 est
3142 5651 3390 5719 sanguis,
3423 5649 3591 5705 etiam

2010 5745 2195 5800 vivum
2230 5736 2362 5800 illud
2398 5758 2583 5800 semen
2635 5744 2735 5798 viri
2769 5743 3008 5799 calidum
3038 5751 3159 5809 est;
3196 5756 3260 5799 ac
3295 5740 3423 5797 licet
3457 5753 3588 5795 san-
