4000 6414
384 426 522 487 1047

383 538 549 609 gnine
607 554 716 594 non
772 555 968 595 omnes
1015 540 1268 596 similiter
1312 540 1569 610 dispositi
1604 540 1737 607 sint,
1791 552 1972 595 tamen

386 632 606 685 vitalem
636 630 933 702 quamdam
975 646 1199 688 causam
1238 630 1463 696 habent,
1500 648 1625 702 quae
1650 640 1737 687 est
1767 631 1974 686 anima.

384 718 615 788 Propter
649 720 972 776 tenuitatem
1006 730 1188 777 autem
1220 730 1275 777 et
1308 721 1660 791 exiguitatem
1702 721 1975 775 constitu-

386 813 557 869 tionis
591 814 753 885 primi
789 815 919 881 diei,
950 830 1076 870 cum
1105 831 1216 871 non
1245 816 1419 887 possit
1457 830 1589 872 suas
1629 814 1977 885 operationes

385 906 629 976 perfecte
670 906 955 963 declarare
991 917 1215 977 propter
1248 908 1610 963 subtilitatem
1671 907 1795 977 ejus
1826 904 1973 976 quod

387 1005 475 1054 cst
505 997 802 1068 deiectum,
1100 1015 1211 1070 quo
1250 999 1511 1071 deinceps
1543 1008 1874 1072 augescente
1919 999 1974 1054 in

388 1089 514 1145 alvo
543 1100 812 1156 materna,
843 1100 898 1147 et
925 1091 979 1146 in
1013 1108 1231 1147 carnem
1272 1108 1454 1158 verso,
1486 1101 1542 1148 et
1576 1092 1704 1148 inde
1735 1108 1895 1148 verso
1919 1092 1974 1148 in

390 1182 586 1244 fetum,
623 1198 728 1237 ttna
758 1194 989 1252 augetur
1013 1201 1027 1250 ;
1053 1185 1244 1254 sicque
1271 1184 1493 1240 demum
1520 1183 1763 1256 perfecte
1791 1186 1977 1242 anima

391 1288 520 1328 suas
550 1274 828 1330 declarare
853 1275 1191 1341 eﬂ'ectiones,
1218 1286 1275 1332 et
1289 1292 1556 1348 apparere
1579 1292 1706 1333 eum
1733 1276 1977 1349 perfecto

384 1366 500 1435 jam
531 1382 764 1437 corpore
797 1378 999 1438 potest.

1029 1459 1337 1531 Responsio.

460 1551 618 1606 Absit
650 1553 988 1608 utexsistere
1007 1554 1249 1607 animam
1267 1569 1392 1609 cum
1420 1555 1631 1610 semine
1651 1555 1976 1621 cogitemus.

391 1640 528 1697 Nam
561 1659 673 1713 quo
704 1654 865 1712 pacto
892 1644 1057 1700 simul
1096 1645 1381 1700 exstitisse
1414 1661 1538 1700 cum
1576 1646 1785 1702 Adamn
1822 1657 1980 1717 puta-

392 1734 581 1791 bimus
613 1735 878 1801 animam,
909 1734 1002 1805 qui
1035 1736 1242 1806 absque
1269 1737 1658 1808 conjunctione
1684 1738 1868 1809 aliqua
1893 1738 1978 1792 vel

391 1826 777 1897 procreatione
818 1824 997 1883 factus
1042 1827 1185 1882 fuit?
1232 1825 1368 1883 Nam
1401 1829 1447 1885 si
1482 1845 1547 1885 ex
1584 1830 1704 1885 viro
1733 1830 1975 1885 animam

371 1914 557 1969 simul
612 1915 833 1970 cxcerni
882 1916 1343 1982 concesserimus,
1400 1928 1661 1989 sequetur
1727 1920 1978 1985 omnino,

390 2005 557 2062 etiam
582 2005 677 2062 Dei
717 2005 881 2063 Verbi
918 2009 1186 2065 incarnati
1223 2011 1461 2066 animam
1492 2027 1555 2066 ex
1601 2011 1811 2067 semine
1858 2013 1982 2067 uni-

386 2111 500 2156 tam
540 2097 757 2169 corpori
788 2140 801 2153 .
836 2098 889 2156 id
955 2104 1105 2173 quod
1130 2101 1572 2160 fueritextremae
1597 2105 1886 2160 dementiae
1915 2119 1982 2161 ac

393 2190 770 2273 blasphemiae,
818 2194 1093 2264 ingentem
1129 2198 1388 2253 merentis
1414 2212 1656 2266 ptenam.
1685 2197 1885 2254 Eadem
1914 2212 1982 2253 ex

398 2284 622 2339 vesania
647 2297 930 2356 sequetur,
956 2303 1149 2358 poenas
1174 2290 1401 2346 daturos
1425 2291 1627 2361 potius,
1653 2306 1819 2360 quam
1843 2305 1982 2361 prae-

394 2374 504 2430 mia
529 2378 889 2433 certaminum
917 2394 1260 2450 coronasque
1284 2391 1678 2452 reportaturos,
1704 2382 1798 2452 qui
1825 2397 1982 2439 seor-

397 2468 660 2525 tationem
680 2468 913 2541 fugiunt,
927 2482 982 2528 et
994 2471 1209 2528 fortiter
1225 2474 1490 2530 adversus
1507 2475 1680 2545 ipsam
1698 2476 1985 2531 decertan-

392 2570 499 2627 tes,
526 2577 591 2618 ac
618 2573 843 2633 propter
866 2581 1094 2635 regnum
1128 2568 1397 2622 caelorum
1434 2568 1763 2636 semetipsos
1803 2568 1984 2624 conti-

390 2654 1406 2727 nentiacastrantes,quemadmodum
1442 2659 1903 2730 inquitDominus
1915 2660 1984 2725 ³³.

397 2746 616 2804 animas
654 2748 796 2804 intra
826 2751 1154 2820 semetipsos
1197 2752 1488 2817 suﬂ'ocant,
1510 2763 1564 2808 et
1594 2769 1700 2807 una
1728 2768 1854 2809 cum
1877 2762 1988 2809 ter-

398 2837 555 2893 renis
578 2837 904 2894 interimunt
930 2841 1214 2905 membris,
1242 2855 1342 2896 sua
1371 2843 1668 2898 sobrietate
1688 2844 1988 2899 deteriores

398 2929 694 2985 evadentes
727 2946 893 3002 quam
935 2931 1047 2987 sint
1070 2931 1370 2987 eﬂ‘eminati
1398 2945 1454 2989 et
1477 2934 1741 3004 voluptati
1793 2934 1984 2990 dediti.

399 3021 542 3079 Num
577 3024 748 3096 igitur
773 3035 827 3081 et
858 3024 1066 3083 Paulus
1102 3025 1194 3083 ille
1229 3026 1454 3083 sublimi
1489 3029 1750 3098 praeditus
1778 3031 1989 3087 intelle-

399 3126 494 3171 ctu
533 3117 777 3172 manebit
822 3117 1205 3180 inhonoratus,
1255 3133 1559 3190 patriasque
1604 3120 1802 3189 pendet
1832 3122 1987 3191 quasi

398 3209 495 3279 qui
516 3210 784 3280 supplicia
799 3211 957 3267 nobis
970 3211 1392 3284 animarumque
1410 3227 1574 3267 neces
1592 3212 1989 3279 conciliaverit,

399 3310 516 3356 tam
540 3316 599 3356 re
616 3301 734 3372 ipsa
753 3317 918 3372 quam
946 3303 1127 3358 verbis
1143 3303 1369 3368 docens,
1391 3312 1446 3359 et
1461 3303 1709 3360 scribens
1731 3306 1991 3362 universo

401 3390 547 3455 orbi,
578 3388 892 3461 fugiendam
921 3408 1046 3448 esse
1068 3396 1461 3449 seortationem
1492 3395 1851 3451 etmulierem
1879 3412 1988 3451 non

400 3480 755 3552 tangendam,
789 3482 834 3537 si
872 3484 987 3536 lieri
1015 3484 1220 3555 queat?
1267 3483 1449 3551 Quare
1500 3484 1667 3555 igitur
1693 3494 1748 3541 et
1779 3494 1992 3541 scorta-

402 3584 579 3629 torem
624 3571 975 3629 Corinthium
1025 3575 1263 3645 punivit,
1313 3576 1368 3629 in
1417 3592 1477 3631 se
1520 3576 1840 3632 sull‘oratam
1872 3576 1993 3630 ani-

402 3676 551 3716 mam
587 3665 653 3717 ad
681 3662 843 3716 vitam
869 3662 1246 3719 emittentem?
1266 3664 1449 3732 Quare
1476 3667 1605 3722 item
1636 3669 1867 3723 seminis
1886 3666 1992 3723 ﬂu-

403 3770 472 3809 xu
499 3754 843 3810 laborantem
870 3756 953 3810 lex
977 3756 1255 3826 pttrilicari
1286 3767 1341 3813 et
1373 3774 1517 3829 aqua
1544 3760 1823 3833 submergi
1856 3776 1991 3832 prte-

402 3848 567 3919 ct-pit,
602 3847 649 3904 si
684 3846 940 3904 videlicet
968 3858 1175 3904 aretata
1203 3849 1367 3904 nimis
1402 3850 1584 3905 anima
1623 3852 1691 3906 de
1715 3852 1836 3922 ejus
1858 3852 1997 3907 lum-

402 3938 474 3994 bo
504 3952 794 4009 progressa
815 3936 1336 4006 est‘lQualiumnam
1364 3956 1495 3996 vero
1525 3941 1839 4011 plantarum
1874 3941 1995 3997 fru-

404 4042 708 4103 ctuumque
739 4048 950 4097 ramos,
981 4042 1077 4088 aut
1109 4049 1298 4089 semen
1335 4035 1549 4107 accepit
1583 4033 1745 4103 Deus,
1793 4037 1997 4108 quibus

405 4125 647 4182 abinitio
661 4135 863 4183 terram
880 4128 1209 4182 exornavit?
1224 4127 1516 4195 Quomodo
1535 4127 1670 4185 Sara
1682 4145 1808 4186 cum
1826 4129 1999 4185 Abra-

405 4223 572 4278 hamo
586 4220 654 4277 ad
677 4221 1037 4278 centesimum
1057 4222 1126 4277 ab
1141 4221 1510 4278 adolescentia
1528 4223 1743 4279 cubans
1764 4239 1996 4289 annum,

405 4315 665 4385 idemque
691 4329 879 4370 semen
905 4314 1211 4385 excipiens,
1242 4330 1529 4385 nunquam
1557 4314 1768 4371 invenit
1793 4315 2002 4371 anima-

405 4415 522 4460 tum
553 4422 676 4485 esse
706 4406 839 4462 illud
868 4416 1306 4474 excrementum,
1345 4408 1447 4464 nisi
1479 4407 1669 4463 divino
1700 4417 1996 4479 praecepto,

407 4511 464 4555 ut
498 4509 820 4556 nasceretur
851 4498 1073 4556 lsaacus
1102 4501 1416 4569 unigenitus
1446 4501 1592 4556 Illius
1614 4514 1831 4556 centum
1856 4502 2002 4558 natis

407 4589 625 4646 annos?
656 4588 722 4645 Et
749 4591 1033 4661 quomodo
1070 4591 1228 4645 Anna
1258 4607 1383 4647 cum
1422 4591 1660 4647 Heleana
1702 4594 1826 4648 lecti
1865 4610 1999 4651 con-

407 4680 755 4738 suetudinem
778 4683 988 4739 habens
1011 4684 1263 4754 pluribus
1284 4686 1466 4754 annis,
1488 4702 1769 4758 nunquam
1802 4688 1854 4742 in
1883 4699 2001 4744 utcc

409 4783 474 4828 ro
509 4773 812 4829 animatum
843 4767 1260 4832 excrementum
1297 4778 1562 4849 suscepit,
1595 4779 1919 4851 priusquam
1945 4781 1999 4836 in

408 4868 712 4924 sacrarium
756 4870 991 4938 veniret,
1040 4869 1361 4944 Nomenque
1400 4888 1500 4944 pro
1534 4873 1870 4932 fecunditate
1898 4891 1994 4932 ex.

409 4961 669 5015 orasset?
703 4959 876 5034 Cujus
913 4962 1148 5034 supplici
1173 4964 1489 5034 precatione
1522 4963 1669 5021 Deus
1718 4979 2000 5039 suscepta,

409 5072 535 5125 qua:
577 5058 766 5114 multis
808 5057 1034 5128 quidem
1088 5057 1431 5128 temporibus
1462 5059 1530 5114 de
1562 5075 1622 5115 se
1655 5060 2004 5131 judicaverat

413 5161 474 5202 se
505 5148 724 5202 vitalem
784 5146 954 5202 fctum
990 5164 1268 5217 nunquam
1318 5150 1626 5220 parituram
1665 5188 1682 5216 ,
1718 5153 1868 5207 velut
1917 5152 2003 5208 in-

413 5242 656 5298 animum
688 5244 974 5298 materiam
996 5244 1250 5315 sequenti
1273 5245 1572 5300 concubitu
1592 5255 1860 5302 consueto
1880 5261 1971 5302 mo
1988 5274 2004 5288 ο

413 5351 474 5391 re
512 5335 779 5405 dejectam
817 5336 1104 5403 animavit,
1131 5345 1186 5393 et
1210 5337 1479 5394 eximium
1523 5339 1680 5394 illum
1715 5338 1999 5394 divinum-

413 5442 519 5499 que
578 5425 896 5484 Samuelum
928 5425 1203 5498 formavit,
1245 5446 1411 5503 quem
1462 5442 1586 5501 post
1638 5431 2003 5502 pueritiaain-

415 5520 719 5593 lautia-aque
769 5522 1029 5579 lactentis
1077 5531 1310 5589 statum,
1367 5538 1561 5580 sancto
1622 5523 1703 5579 illi
1752 5523 1863 5580 Deo
1912 5526 2005 5596 qui

416 5624 670 5670 sanctum
747 5630 974 5684 puerum
1055 5616 1402 5686 praebuerat,
1494 5616 1676 5673 tunica
1744 5617 2005 5673 amictum

350 5716 357 5721 '
420 5718 597 5761 mater
663 5708 902 5771 obtulit,
970 5725 999 5763 a
1064 5708 1360 5765 cunabulis
1418 5709 2007 5783 Deoconsecratum?

424 5798 715 5862 Quomodo
754 5799 885 5854 item
915 5816 1056 5858 anus
1105 5800 1324 5872 egregia
1348 5798 1623 5856 Elisaheta
1660 5816 1687 5855 a
1727 5812 1914 5858 tenera
1945 5811 2000 5859 et

500 5931 545 5965 ⁸⁸
568 5931 759 5989 Matth.
795 5949 912 5999 tux,
944 5932 1028 5986 12.

1456 427 1515 484 S.
1551 424 1853 483 CAESARI!
1888 420 2218 481 GREGORII
2267 425 2571 483 FRATRIS

3528 428 3674 485 1068

2076 540 2230 595 τικὸν
2268 540 2464 608 αἴτιον,
2492 542 2631 615 ὅπερ
2655 541 2802 597 ἐστὶν
2837 542 2870 613 η
2911 542 3081 614 ψυχή.
3111 543 3210 597 Διά
3252 542 3308 596 δὲ
3346 542 3409 595 τδ
3443 541 3671 603 εὐτελὲς

2077 634 2174 687 καὶ
2215 632 2502 705 οὐδαμινδν
2524 633 2627 704 τῆς
2667 633 2894 706 πρώτης
2923 634 3137 705 ἡμέρας
3167 635 3557 696 καταστάσεως
3586 631 3669 703 μὴ

2073 722 2381 794 δυναμένης
2409 723 2509 785 τὰς
2547 724 2749 795 ἑαυτῆς
2779 723 3060 796 ἐνεργείας
3088 723 3308 786 τελείως
3352 723 3668 776 ἐπιδείκνυ-

2082 815 2231 879 σθαι,
2271 814 2362 868 διά
2408 814 2471 869 τὸ
2495 815 2713 879 εὐτελὲς
2741 816 2840 887 τῆς
2886 814 3216 886 καταϐολῆς,
3252 814 3560 885 αὐξομένης
3605 814 3668 868 δὲ

2076 907 2283 978 ταύτης
2308 908 2365 960 ὲν
2386 909 2455 979 τῇ
2475 908 2677 980 γαστρὶ
2697 908 2792 961 καὶ
2814 910 2895 971 εἰς
2918 907 3098 978 σάρκα
3123 907 3487 979 τρεπομένης,
3522 908 3670 959 ἐκεῖ·

2079 1000 2172 1054 θεν
2202 1002 2279 1064 είς
2312 999 2513 1079 βρέφος
2537 1000 2885 1071 τρεπομένης
2914 999 3294 1066 συναύξεσθαι,
3321 1001 3418 1054 καὶ
3440 997 3671 1063 τελείως

2080 1089 2489 1144 ἐπιδείκνυσθαι
2526 1089 2627 1162 τὴν
2655 1091 2834 1160 ψυχὴν
2864 1090 2967 1154 τὰς
2995 1091 3196 1161 ἑαυτῆς
3236 1090 3540 1160 ἐνεργείας,
3569 1090 3671 1143 καὶ

2081 1180 2539 1252 συνεπιφαίνεσθαι
2564 1179 2937 1252 τελειουμένου
2962 1178 3058 1235 τοῦ
3086 1178 3353 1251 σώματος.

2697 1464 3060 1532 Ἀπόκρισις.

2156 1559 2373 1627 Ἄπαγε
2420 1554 2755 1627 συνύπαρξιν
2800 1557 2942 1609 νοεῖν
2979 1552 3091 1607 τῶν
3116 1551 3323 1623 ψυχῶν.
3358 1551 3532 1605 Πόθεν
3556 1551 3669 1622 γάρ

2084 1652 2453 1721 συνυπάρχειν
2495 1648 2574 1720 τῷ
2625 1648 2796 1718 ’Δδάμ
2837 1646 2938 1717 τὴν
2986 1645 3163 1717 ψυχὴν
3198 1646 3507 1715 νοήσωμεν,
3540 1643 3668 1697 ἄνευ

2086 1742 2412 1814 συμπλοκῆς
2436 1757 2581 1803 τινος
2607 1739 2640 1810 ἢ
2683 1739 2894 1810 σπορᾶς
2923 1735 3418 1809 δημιουργηθέντις
3466 1733 3530 1787 El
3560 1734 3670 1804 γὰρ

2089 1831 2595 1904 συναποκρίνασθαι
2641 1832 2705 1883 ὲκ
2747 1828 2840 1882 τοῦ
2869 1827 3062 1900 ἀνδρὸς
3093 1827 3192 1898 τὴν
3238 1826 3416 1897 ψυχὴν
3455 1825 3667 1895 ἔδομεν,

2085 1926 2277 1996 ἕψεται
2317 1923 2537 1985 πάντως
2566 1921 2661 1975 καὶ
2692 1920 2792 1993 τὴν
2827 1918 2922 1972 τοῦ
2952 1916 3092 1972 Θεοῦ
3115 1919 3210 1971 καὶ
3246 1916 3421 1984 Λόγου
3451 1931 3672 1985 σαρκω·

2088 2016 2275 2079 θέντος
2316 2014 2496 2085 ψυχὴν
2526 2015 2591 2065 ὲκ
2630 2013 2840 2082 σπορᾶς
2877 2007 3248 2073 ὑποτίθεσθαι,
3277 2007 3567 2078 ἡνωμένην
3592 2005 3674 2075 τῷ

2088 2106 2304 2176 σώματι
2319 2123 2332 2136 ⁸
2355 2106 2495 2176 ὅπερ
2517 2103 2665 2156 ἐστὶν
2688 2102 2926 2172 ἐσχάτης
2948 2099 3157 2163 ἀνοίας,
3180 2100 3275 2153 καλ⁵
3298 2098 3674 2170 βλασφημίας,

2082 2199 2390 2269 ἀπέραντον
2433 2193 2665 2266 ἐχούσης
2712 2193 2958 2247 κόλασιν.
2998 2192 3096 2247 Ἐκ
3136 2191 3194 2245 δὲ
3235 2193 3335 2261 τῆς
3384 2190 3676 2262 παροινίας

2083 2289 2291 2361 ταύτης
2320 2288 2475 2352 δίκας
2510 2288 2713 2360 μᾶλλον
2753 2287 3015 2344 τίσουσιν.
3044 2284 3080 2355 ἢ
3106 2283 3316 2339 ἔπαθλα
3342 2284 3439 2336 καὶ⁵
3476 2283 3677 2353 στερρά.

2085 2400 2212 2447 νους
2239 2381 2580 2452 κομίσονται,
2608 2380 2656 2433 οἱ
2677 2378 2778 2449 τὴν
2810 2376 3067 2451 πορνείαν
3093 2376 3402 2446 φεύγοντες,
3437 2373 3532 2427 καὶ
3553 2390 3679 2443 γεν-

2086 2476 2252 2540 ναίως
2285 2477 2406 2530 κατ’
2439 2475 2609 2544 αὐτῆς
2652 2471 3070 2542 ἀγωνιζόμενοι,
3125 2470 3221 2523 καὶ
3260 2467 3349 2521 διὰ
3386 2468 3485 2537 τὴν
3519 2466 3679 2537 βασι-

2085 2569 2234 2623 λείαν
2252 2567 2361 2622 τῶν
2385 2564 2655 2638 οὐρανῶν,
2675 2562 2903 2625 ἑαυτοὺς
2928 2558 3228 2631 ἐγκρατείᾳ
3250 2555 3677 2627 εὐνουχίζοντες,

2087 2662 2273 2727 καθώς
2304 2679 2473 2733 φησιν
2522 2662 2551 2713 ὁ
2604 2657 2831 2730 Κύριος,
2856 2654 3036 2725 ψυχὰς
3081 2654 3293 2715 ἑαυτοῖς
3347 2649 3683 2718 ὲγκαταπνί-

2088 2773 2278 2827 γοντες
2341 2755 2434 2809 καὶ
2488 2749 2910 2822 συννεκροῦντες
2953 2750 3067 2811 τοῖς
3115 2745 3382 2814 ἐπιγείοις
3434 2742 3677 2813 μέλεσιν,

2088 2849 2312 2920 ἥττονες
2358 2844 2560 2916 μᾶλλον
2597 2845 2665 2914 τῇ
2715 2839 3042 2912 σωφροσύνῃ
3076 2838 3171 2892 καὶ
3214 2837 3408 2907 ἁγνείᾳ
3441 2835 3550 2887 τῶν
3580 2835 3683 2888 λά-

2091 2956 2234 3010 γνων
2259 2938 2354 2992 καὶ
2386 2937 2685 3009 φιληδόνων
2715 2933 3125 2994 ἁποϐαίνοντες.
3151 2926 3302 3001 Ἀρα
3328 2929 3384 2982 δὲ
3410 2928 3499 2981 καὶ
3528 2925 3678 2978 Παῦ-

2091 3033 2181 3095 λος
2219 3032 2247 3086 ὁ
2289 3031 2488 3103 ὑψηλὸς
2513 3029 2612 3102 τὴν
2647 3028 2883 3082 διάνοιαν
2942 3022 3315 3093 ἀναγέραστος
3365 3020 3534 3091 μείνῃ,
3572 3019 3672 3070 καὶ

2092 3122 2323 3183 εὐθύνας
2352 3122 2609 3195 ἀποτίσῃ,
2641 3119 2717 3183 ὼς
2754 3116 3026 3188 τιμωρίας
3059 3117 3191 3186 ἡμῖν
3220 3113 3548 3184 προξενήσας
3576 3108 3679 3161 καὶ

2091 3212 2453 3286 ψυχοκτονίας
2490 3211 2638 3282 ἔργῳ
2670 3210 2764 3263 καὶ
2802 3208 2946 3278 λόγῳ
2991 3203 3264 3259 παιδεύων
3295 3204 3390 3256 καὶ
3428 3199 3683 3253 ἐπιστέλ-

2093 3307 2203 3360 λων
2237 3306 2302 3375 τῇ
2324 3301 2642 3373 οἰκουμένῃ,
2670 3298 2892 3369 φεύγειν
2930 3294 3028 3368 τὴν
3058 3293 3337 3366 πορνείαν,
3370 3292 3464 3347 καὶ
3495 3308 3689 3359 γυναι-

2092 3396 2187 3460 κδς
2228 3396 2305 3467 μὴ
2347 3392 2636 3457 ἅπτεσθαι,
2668 3394 2716 3445 εἰ
2743 3384 2856 3443 οἷόν
2890 3405 2948 3442 τε
2974 3405 2989 3455 ;
3021 3386 3175 3440 Διατὶ
3206 3385 3263 3439 δὲ
3302 3384 3394 3438 καὶ
3425 3382 3516 3436 τὸν
3550 3399 3689 3452 πορο

2091 3488 2363 3543 νεύσαντα
2383 3485 2665 3558 Κορίνθιον
2684 3482 3087 3553 ἐτιμωρήσατο,
3110 3475 3518 3549 ὲμπνιγομένην
3538 3473 3691 3543 αὐτῷ

2092 3578 2273 3651 ψυχὴν
2306 3575 2443 3648 πρὸς
2479 3573 2625 3644 ζωὴν
2669 3572 3026 3643 προιέμενον;
3061 3566 3214 3621 Διατί
3246 3565 3290 3619 δ’
3323 3565 3438 3637 ἄρα
3468 3564 3568 3618 καὶ
3593 3562 3690 3616 τὸν

2093 3669 2366 3744 γονορρυἧ
2398 3669 2427 3721 ό
2464 3667 2628 3738 νόμος
2671 3659 3032 3735 καθαίρεσθαι
3062 3658 3158 3713 καὶ
3193 3656 3347 3711 ὕδατι
3384 3654 3695 3720 ἀποκλύζε-

2096 3764 2223 3819 σθαι
2268 3759 2626 3834 προσέταξεν,
2667 3759 2715 3811 εί
2747 3757 2856 3831 ἄρα
2897 3753 3044 3823 ψυχὴ
3093 3749 3490 3821 ἐνστενουμένῃ
3516 3747 3692 3800 αὑτοῦ

2093 3860 2162 3930 τῇ
2193 3855 2356 3925 ὀσφύϊ
2384 3850 2818 3926 προσελήλυθεν;
2852 3849 3028 3903 Ποίων
3060 3847 3104 3900 δ’
3134 3847 3245 3917 ἀρα
3274 3841 3456 3913 φυτῶν
3486 3841 3517 3912 ἦ
3553 3856 3697 3908 καρ-

2096 3948 2215 4005 πῶν
2238 3945 2584 4008 ἀποσπάδας,
2609 3943 2645 4016 ἢ
2671 3942 2896 4014 σπέρμα
2915 3938 3096 3995 λαϐὼν
3118 3939 3147 3990 ὁ
3171 3937 3306 4000 Θεὸς
3331 3937 3389 3989 ἐν
3418 3935 3559 4005 ἀρχῇ
3589 3932 3695 4003 τὴν

2097 4042 2204 4114 γῆν
2234 4039 2653 4109 κατεκόσμησεν
2680 4050 2695 4101 ;
2725 4032 2851 4098 Πῶς
2885 4031 2942 4085 δὲ
2985 4030 3172 4102 Σάρρα
3214 4027 3293 4098 τῷ
3330 4026 3580 4097 Ἀϐραὰμ
3608 4025 3696 4085 είς

2099 4130 2296 4190 ἑκατὸν
2321 4134 2388 4187 ἐκ
2423 4129 2611 4193 παιδὸς
2645 4123 3093 4196 συγκαθεύδουσα
3119 4121 3240 4191 ἔτη,
3272 4120 3368 4173 καὶ
3392 4119 3489 4189 τὴν
3517 4115 3699 4184 αὐτὴν

2100 4225 2475 4299 ὑποδεχομένη
2530 4219 2861 4291 καταϐολὴν,
2898 4216 3113 4271 οὐδέπω
3159 4213 3406 4283 ἔμψυχον
3462 4203 3585 4281 εὗρε

2101 4298 2388 4390 ἀπόκριμα
2445 4315 2575 4386 θείῳ
2628 4309 3051 4383 προστάγματι,
3112 4304 3207 4358 xui.
3258 4299 3510 4371 γενέσθαι
3567 4298 3696 4390 (sic)

2114 4389 2306 4467 Ἰσαάκ
2340 4407 2636 4480 μονογενὴς
2669 4406 2802 4467 παῖς
2842 4403 2957 4464 τοῖς
2987 4397 3438 4458 ἑκατονταέταις;
3470 4390 3596 4453 Πῶς
3633 4389 3697 4442 δὲ

2107 4506 2278 4560 ’Ἄννα
2305 4501 2386 4574 τᾷ
2415 4500 2654 4570 Ἑλκανᾷ
2688 4492 3085 4566 συγκλινομένη
3130 4490 3216 4559 ἐφ’
3247 4489 3452 4549 ἱκανοῖς
3496 4483 3696 4574 ἔτεσιν,

2107 4597 2259 4654 οὔπω
2305 4573 2450 4651 κατὰ
2488 4591 2728 4664 γαστρὸς
2775 4583 3199 4660 ἐμψυχουμένην
3257 4580 3357 4649 τὴν
3392 4573 3698 4644 καταϐολὴν

2111 4693 2346 4762 ἐδέχετο,
2384 4687 2514 4760 πρὶν
2558 4686 2637 4748 εἰς
2681 4681 2742 4735 τὸ
2797 4679 2940 4752 ἱερὸν
2994 4674 3273 4762 φοιτῆσαι,
3309 4668 3495 4762 καὶτὸ
3540 4666 3697 4762 Gaio:

2109 4755 2481 4854 ὲκλίπαρῆσαι
2515 4772 2864 4844 παιδογονίας
2889 4770 3113 4832 ἓνεκενς
3146 4761 3257 4828 *Ης
3299 4761 3362 4816 τὸ
3400 4760 3556 4854 Θεῖον
3594 4755 3695 4828 τὴν

2111 4853 2348 4932 ἱκετείαν
2374 4866 2830 4942 προσδεξάμενον,
2862 4861 2960 4932 τὴν
2987 4856 3202 4918 πολλοῖς
3234 4854 3332 4926 μὲν
3356 4853 3571 4925 χρόνοις
3599 4865 3705 4942 κα-

2109 4939 2514 5040 τακρινομὲνην
2566 4959 2706 5030 αὐτῇ
2758 4955 3029 5028 μηδέποτε
3085 4944 3586 5040 ζωογονουμένην,
3622 4939 3704 5004 ὡς

2110 5035 2319 5132 ἄψυχον
2352 5035 2487 5127 ὓλην
2538 5055 2605 5125 τῇ
2653 5050 2886 5122 ἐπιούσῃ
2936 5041 3371 5114 συγκατευνάσει
3429 5035 3705 5132 εἰωθότως

2110 5125 2549 5222 καταϐληθεῐσαν
2582 5143 2915 5215 ὲνεψύχωσε,
2954 5139 3051 5194 καὶ
3086 5136 3179 5190 τὸν
3205 5132 3408 5205 ὑψηλὸν
3444 5125 3706 5198 Σαμουὴλ

2118 5244 2262 5316 ἱερὸν
2293 5221 2648 5303 διετύπωσεν,
2680 5234 2740 5289 δν
2783 5236 2848 5287 ὲκ
2875 5230 3078 5303 νηπίας
3109 5227 3207 5284 καὶ⁵
3249 5224 3354 5279 ὑπὸ
3387 5221 3568 5316 τίτθου
3602 5236 3708 5316 κα-

2110 5312 2430 5398 ταστάσεως
2463 5328 2870 5403 ἀπορραγέντα,
2904 5323 2982 5395 τῷ
3010 5319 3410 5393 παρασχομένῳ
3445 5314 3577 5388 ίερῷ
3608 5312 3708 5367 τὸν

2117 5431 2260 5504 ἱερὸν
2299 5429 2489 5491 παῖδα,
2519 5420 2751 5479 διπλοῒδι
2796 5414 3190 5511 περιστείλασα
3308 5412 3709 5511 μήτηρ-’προῖ-

2115 5497 2371 5595 ενῆνοχεν
2410 5521 2475 5572 ὲκ
2498 5513 2832 5585 σπαργάνων
2863 5508 2983 5579 Θεῷ
3028 5504 3446 5577 καθιερώσασα;
3490 5498 3616 5563 Πῶς

2117 5590 2209 5670 καί
2239 5590 2613 5685 ὴ-καλογραῢς
2655 5602 2939 5658 Ἐλισάὸετ
2980 5598 3040 5664 ὲξ
3071 5597 3284 5667 ἁπαλῆς
3324 5595 3418 5648 καὶ
3463 5590 3709 5663 σφριγώ-

2117 5726 2217 5781 σης
2271 5705 2488 5778 ἡλικίας
2528 5698 2607 5770 τῷ
2640 5696 2891 5766 συνήλικι
2939 5691 3186 5763 Ζαχαρία
3238 5686 3708 5781 συγκαθεύδουσα,

2118 5773 2196 5866 ei;
2234 5797 2403 5867 αὐτὴν
2451 5792 2641 5848 πολιὰν
2689 5789 3004 5849 ἐλάσαντες,
3052 5784 3145 5838 καὶ
3179 5782 3287 5836 τῶν
3327 5776 3578 5851 γαμικῶν
3600 5773 3713 5832 οὐκ
