4000 6432
1756 421 1951 479 ΜΑιο

2053 421 2105 477 rs
2143 421 2233 480 ΙΙΙ.
3492 424 3633 481 ιοῦο

2054 541 2250 597 florida
2274 550 2438 599 aetate
2489 559 2616 599 eum
2660 552 2941 599 coartaneo
2984 542 3252 598 Zacharia
3311 544 3522 600 cubans
3561 547 3632 601 ad

2054 636 2230 702 ipsam
2263 648 2441 703 usque
2470 632 2753 701 canitiem,
2772 647 2899 687 cum
2951 633 3173 702 quidem
3204 633 3635 688 matrimoniali-

2051 724 2156 778 bus
2213 723 2427 793 legibus
2476 738 2586 779 non
2646 722 3052 787 renuntiarent,
3105 738 3388 792 nunquam
3445 732 3629 778 tamen

317 422 492 482 1039

324 545 727 615 ἀπειπάμενοι
773 544 996 615 νόμων,
1041 544 1300 597 οὐδέποτε
1350 542 1530 613 ζώσης
1592 543 1946 615 συγκράσεως

328 638 647 708 ἐπέτυχον,
677 637 809 706 πρὶν
832 639 899 707 τῇ
928 636 1025 690 τοῦ
1057 637 1291 705 ἀγγέλου
1317 638 1470 705 φωνῇ
1501 635 1818 706 ψυχωοῆναι
1852 636 1949 707 τὴν

331 730 401 785 ὲν
431 732 507 801 τῇ
535 729 698 797 ὀσφύῖ
744 728 1007 798 κειμένην
1040 728 1208 796 ὑληνο
1245 722 1313 798 ἦς
1347 729 1478 798 παρ’
1503 727 1780 799 ἑκατέρων
1821 743 1951 796 συγ-

334 818 820 890 καταϐληθείσης,
850 819 946 872 καὶ
978 819 1060 881 είς
1103 818 1284 889 σάρκα
1328 817 1621 888 παγείσης,
1653 817 1817 870 οἱονεὶ
1856 817 1951 870 λα-

333 910 529 979 τόμου
561 908 707 972 τινὸς
738 909 883 978 χειρὶ
914 908 974 972 ἐξ
998 908 1160 979 ὅρους
1190 909 1225 978 ἢ
1260 908 1525 979 μετάλλου
1564 908 1950 981 ἀποσπασθέν-

332 1019 445 1064 τος
482 1000 655 1065 λίθου,
686 1003 783 1054 καὶ
808 1003 874 1071 τῇ
902 1001 1023 1054 καθ’
1045 1002 1258 1072 ἡμέραν
1286 1002 1474 1092 λὸαξείᾳ
1494 1002 1947 1073 διαγλυφομένου,

344 1095 561 1164 μέχρις
593 1092 661 1146 ἂν
699 1091 834 1160 πρὸς
863 1091 924 1145 τὸ
961 1092 1238 1164 ὲρῤωσθὲν
1278 1091 1374 1146 τοῦ
1416 1093 1733 1165 ἀνδριάντος
1766 1092 1951 1167 φθάσῃ

342 1184 703 1254 Excisa-uiua;
730 1183 891 1237 Οὕτω
914 1186 982 1255 τῇ
1013 1185 1235 1256 ἀρρήτῳ
1267 1188 1507 1256 μηχανῇ,
1537 1187 1573 1256 ἦ
1601 1203 1730 1239 ποτε
1760 1189 1817 1239 ἐν
1839 1190 1951 1250 τοῖς

342 1276 701 1348 πρεσϐύταις
736 1276 963 1347 ἄψυχος,
994 1277 1089 1331 καὶ
1135 1277 1381 1348 εἰδεχθὴς
1417 1276 1516 1349 ὕλη
1566 1280 1646 1342 εἰς
1695 1278 1950 1350 Ἰωάννην

340 1367 738 1438 διαγλύφεται,
774 1368 870 1423 καὶ
897 1368 948 1422 δι
985 1410 1004 1429 .
1045 1407 1060 1422 .
1106 1410 1122 1421 .
1164 1404 1180 1421 .
1213 1369 1305 1422 τὸν
1340 1370 1651 1439 Βαπτιστὴν
1692 1372 1788 1425 καὶ
1815 1371 1951 1441 πρό-

343 1459 581 1530 δρομον.
619 1456 925 1511 Σιωπάσθω
944 1453 1038 1510 οὖν
1058 1457 1091 1528 ἡ
1112 1455 1222 1509 τῶν
1249 1455 1437 1526 ψυχῶν
1469 1456 1810 1528 μυθευομένη
1835 1474 1954 1512 συν-

348 1549 601 1621 ύπαρξις
652 1550 711 1602 ἐν
744 1550 810 1620 τῇ
860 1548 1162 1620 άπαφρίσει
1206 1548 1301 1602 τοῦ
1338 1550 1586 1622 ἄρρενος.
1630 1549 1754 1613 Πῶς
1780 1549 1887 1621 γὰρ
1914 1552 1948 1622 ἡ

347 1641 641 1713 ἄφθαρτος
669 1641 764 1694 καὶ
789 1639 1054 1705 ἀθάνατος
1081 1640 1158 1714 τῷ
1188 1641 1414 1713 φθαρτῷ
1438 1642 1534 1697 καὶ
1567 1642 1801 1713 εἰδεχθεῖ
1827 1660 1953 1696 συν-

350 1731 633 1804 υπάρχει;
682 1731 803 1797 Πῶς
847 1734 957 1805 γάρ
991 1735 1025 1805 ἠ
1071 1734 1332 1804 ἀμείνους
1372 1736 1467 1788 καὶ
1512 1736 1822 1805 κρείττονος
1850 1735 1953 1805 φύ-

355 1841 505 1887 σεως
531 1826 597 1876 ὲκ
633 1824 733 1894 τῆς
757 1825 955 1895 ἥττους
979 1824 1074 1877 καὶ
1112 1824 1355 1896 χείρονος
1386 1825 1482 1896 τὴν
1516 1824 1697 1878 αἰτίαν
1727 1824 1841 1895 ἔχοι
1872 1828 1952 1889 είς

351 1914 464 1987 τὴν
504 1915 619 1986 βίου
663 1916 928 1986 πρόοδον;
957 1917 1081 1980 Πῶς
1117 1918 1173 1971 δὲ
1215 1917 1317 1970 οὑκ
1346 1918 1548 1972 ἄτοπον
1596 1918 1846 1972 ὑπονοεῖν
1894 1920 1953 1971 ὲν

355 2005 545 2077 φθορᾷ
593 2006 762 2078 αὐτὴν
796 2007 1288 2079 κατασπείρεσθαι,
1334 2008 1429 2062 τοῦ
1480 2009 1806 2064 ’Δποστόλου
1848 2010 1953 2079 φά·-

356 2113 591 2161 σκοντος
633 2099 763 2170 περὶ
808 2098 904 2152 τοῦ
960 2099 1235 2171 σώματος,
1266 2101 1577 2169 Σπείρεται
1619 2101 1691 2155 ἐν
1737 2100 1949 2172 φθορᾷ,

351 2187 650 2258 ἐγείρεται
677 2190 748 2243 ἐν
780 2191 1105 2259 ἀφθαρσίᾳ,
1133 2193 1441 2260 σπείρεται
1473 2191 1646 2263 σῶμα
1665 2194 1949 2261 ψυχικὸν,

351 2282 484 2352 οὐχὶ
509 2281 566 2335 δὲ
592 2281 770 2354 ψυχή;
807 2283 881 2337 Τὸ
902 2284 1012 2355 γάρ
1036 2284 1267 2354 ψυχικὸν
1289 2286 1409 2339 ἀντὶ
1436 2285 1530 2339 τοῦ
1568 2285 1697 2339 ἰδίου
1722 2287 1822 2357 τῆς
1853 2286 1956 2357 ψυ-

354 2373 467 2445 χῆς
496 2373 832 2444 ὑπάρχοντος
855 2375 1106 2445 ὄργανον.
1155 2376 1459 2446 Ἠρεμείτω
1484 2377 1542 2431 δὲ
1570 2379 1663 2430 καὶ¹
1693 2379 1724 2449 ἡ
1750 2377 1952 2449 ληρου-

358 2463 503 2535 μένη
542 2462 901 2535 μεθύπαρξις.
927 2466 1078 2536 ’Ἅμα
1108 2466 1218 2539 γάρ
1237 2467 1330 2521 τοῦ
1358 2468 1549 2538 νοῆσαι
1580 2469 1734 2533 Θεὸν,
1769 2473 1953 2528 ὁποῖόν

352 2571 414 2608 τι
445 2555 550 2625 χρὴ
587 2552 856 2625 ὑπάρχειν
894 2554 1144 2623 ἕκαστον,
1175 2556 1331 2623 αὖθις
1382 2561 1536 2632 καὶὴ
1576 2560 1676 2633 ὕλη
1721 2564 1952 2636 πάρεστι

353 2645 458 2699 καὶ
495 2645 563 2699 τὰ
595 2645 770 2716 ἄστρα
801 2647 902 2718 τῆς
943 2651 1173 2705 ἑκάστου
1203 2652 1491 2723 ὑπάρξεως
1523 2653 1602 2725 τῷ
1647 2655 1777 2727 θείῳ
1814 2675 1953 2728 συμο

355 2735 586 2805 πάρεισι
619 2736 897 2808 δραστικῷ
929 2740 1248 2813 βουλήματι.
1286 2744 1423 2799 Οῠτε
1464 2747 1573 2819 γὰρ
1606 2749 1951 2819 προῦπαρξιν

351 2825 389 2899 ἢ
432 2825 773 2897 μεθὺπαρξιν
801 2830 990 2900 ψυχῶν
1022 2834 1055 2903 ἡ
1085 2833 1205 2888 θεία
1239 2837 1485 2891 παιδεύει
1511 2838 1727 2911 Πυκτὴ,
1761 2841 1847 2894 ἵνα
1876 2843 1950 2913 μὴ

353 2919 679 2992 πρεσϐύτης
708 2923 803 2977 καὶ
832 2923 951 2988 νέος
973 2925 1135 2990 αὐτὸς
1159 2927 1354 2982 ἑαυτοῦ
1380 2928 1537 3001 οἰηθῇ
1568 2932 1597 2983 ὁ
1628 2931 1913 3000 ἄνθρωπος
1933 2951 1947 2965 ο

353 3011 477 3064 ἀλλ’
502 3011 616 3082 ἅμα
653 3013 748 3066 τοῦ
781 3015 973 3084 φῆσαι.
1004 3017 1113 3071 Kal
1148 3019 1355 3072 λαϐὼν
1399 3023 1432 3075 ό
1467 3022 1613 3088 Θεὸς
1644 3022 1798 3090 χοῦν
1830 3024 1952 3079 ἀπὸ

355 3103 475 3173 τῆς
514 3102 642 3175 γῆς,
682 3104 918 3161 ἔπλασε
955 3109 1064 3162 τὸν
1107 3108 1440 3179 ἄνθρωπον,
1485 3114 1680 3169 θᾶττον
1729 3117 1949 3185 ἐπάγει,

357 3195 472 3250 Kal
509 3196 897 3267 ἐνεφύσησεν
922 3202 1010 3266 εἰς
1046 3201 1114 3254 τὸ
1153 3204 1483 3269 πρόσωπον
1521 3206 1710 3261 αὐτοῦ
1748 3208 1953 3278 πνοὴν

358 3284 531 3354 ζωῆς,
558 3290 657 3343 καὶ
692 3289 930 3361 ἐγένετο
957 3295 991 3347 d
1026 3291 1341 3363 ἄνθρωπος
1368 3298 1456 3361 εἰς
1490 3296 1706 3365 ψυχὴν
1733 3298 1950 3359 ζῶσαν.

360 3379 503 3435 Οὔτε
532 3377 626 3435 οὖν
655 3384 689 3453 ή
732 3381 880 3454 ψυχὴ
914 3384 1036 3437 καθ’
1066 3384 1287 3457 ἑαυτὴν,
1321 3385 1445 3440 οὔτε
1480 3388 1542 3442 τὸ
1584 3390 1745 3461 σῶμα
1775 3392 1959 3464 amp.

360 3490 449 3544 χει
497 3475 805 3543 ἄνθρωπος.
860 3476 1173 3551 Ἐκατέρων
1209 3480 1320 3552 γὰρ
1362 3482 1460 3555 τὴν
1512 3484 1808 3554 συνάφειαν
1860 3489 1957 3542 καὶ

361 3564 558 3619 ἕνωσιν
598 3567 935 3639 ἀπηρτὶσθαι
970 3569 1162 3643 βροτὸν
1194 3574 1224 3625 ὁ
1261 3572 1370 3626 τῶν
1409 3575 1569 3630 θείων
1602 3580 1953 3650 συγγραφεὺς

360 3655 569 3727 Μωσῆς
596 3658 934 3730 ἀπεφήνατο.

2053 826 2183 872 sunt
2238 814 2478 871 assecuti
2530 814 2973 890 commistionem
3034 813 3249 881 vivam,
3306 815 3633 886 priusquam

2053 907 2232 978 angeli
2263 921 2398 962 voce
2428 907 2767 962 animaretur
2807 906 2863 960 in
2895 906 3086 962 lumbo
3116 906 3310 976 jacens
3343 908 3631 972 materies,

2052 998 2123 1054 ab
2159 998 2407 1069 utrisque
2443 1004 2655 1053 secreta
2689 1004 2744 1052 et
2790 995 2848 1051 in
2894 1011 3116 1052 carnem
3167 997 3424 1058 solidata.
3472 997 3634 1068 quasi

2055 1089 2345 1159 cujusdam
2389 1088 2639 1160 lapicidas
2668 1104 2830 1142 manu
2866 1104 2896 1141 a
2932 1096 3119 1143 monte
3150 1088 3237 1143 vel
3268 1088 3493 1143 metallo
3549 1104 3637 1144 re-

2053 1181 2214 1237 vulso
2261 1180 2474 1250 lapide,
2524 1190 2579 1234 et
2623 1180 2950 1247 quotidiana
3016 1180 3277 1235 caelatura
3299 1180 3589 1248 exsculpto
3618 1219 3634 1243 ,

2057 1288 2233 1343 usque
2265 1273 2394 1328 dum
2423 1272 2717 1342 perfectam
2745 1271 2977 1343 efﬁgiem
3014 1282 3211 1327 statuae
3227 1272 3641 1342 consequatur?

2059 1365 2151 1420 Sic
2174 1374 2226 1419 et
2267 1365 2529 1419 ineffabili
2569 1374 2690 1421 arte
2748 1364 3013 1419 materies
3080 1379 3205 1433 quae
3255 1364 3539 1433 quondam
3574 1365 3630 1419 in

2054 1459 2283 1514 senibus
2309 1466 2427 1513 erat
2464 1458 2708 1512 inanima
2740 1464 2796 1513 et
2844 1456 3121 1522 informis,
3149 1457 3205 1511 in
3236 1455 3507 1511 Joannem
3539 1473 3638 1512 ex—

2055 1548 2529 1620 seulpitur,et.....
2559 1547 2857 1617 Baptistam
2890 1558 2943 1601 et
2960 1560 3380 1617 praecursorem.
3400 1544 3639 1600 Proinde

2055 1651 2235 1697 cesset
2262 1641 2576 1698 fabulosum
2607 1641 2741 1725 illud
2782 1634 3162 1695 commentum
3193 1639 3262 1694 de
3305 1639 3634 1694 cxsistentia

2012 1727 2017 1731 ’
2057 1735 2362 1788 animarum
2393 1733 2449 1787 in
2467 1734 2698 1800 semine,
2722 1735 2853 1788 dum
2890 1733 3026 1788 illud
3055 1749 3086 1787 a
3117 1747 3270 1787 mare
3294 1731 3634 1787 excernitur.

2057 1822 2348 1889 Quomodo
2402 1824 2549 1877 enim
2617 1838 2707 1878 res
2750 1823 3189 1893 incorruptibilis
3218 1831 3274 1877 et
3310 1821 3639 1876 immortalis

2054 1932 2179 1971 cum
2232 1916 2577 1986 corruptibili
2629 1925 2684 1972 et
2716 1915 2941 1970 informi
2980 1915 3320 1971 exsisteret!
3352 1915 3640 1982 Quomodo

2055 2009 2183 2061 item
2209 2007 2395 2062 anima
2426 2022 2548 2077 qua:
2594 2008 2839 2063 melioris
2870 2015 2924 2063 et
2984 2007 3383 2076 praestantioris
3422 2014 3509 2062 est
3540 2024 3640 2062 na-

2056 2108 2212 2164 turae,
2253 2115 2321 2154 ex
2341 2099 2614 2154 deteriore
2643 2114 2709 2154 ac
2735 2100 2931 2154 viliore
2948 2114 3175 2154 causam
3209 2097 3441 2153 ortusin
3467 2099 3637 2151 vitam

2055 2191 2326 2246 haberet?
2356 2189 2644 2258 Quomodo
2690 2207 2801 2247 non
2828 2192 3130 2246 absurdum
3166 2190 3259 2255 sit,
3299 2198 3494 2259 putare
3517 2188 3641 2244 ani-

2054 2298 2200 2338 mam
2239 2285 2296 2337 in
2347 2285 2708 2353 corruptione
2758 2283 3064 2355 procreari,
3102 2271 3228 2338 c'um
3272 2281 3344 2336 de
3400 2295 3640 2350 corpore

2053 2374 2203 2429 dicat
2243 2374 2583 2443 Apostolus:
2612 2374 2826 2430 Seritur
2850 2377 2905 2429 in
2939 2376 3299 2443 corruptione,
3336 2374 3642 2428 suscitatur

2051 2467 2109 2519 in
2136 2466 2635 2535 incorruptibilitate
2667 2480 2686 2519 :
2713 2466 2908 2520 seritur
2949 2467 3074 2519 item
3095 2482 3286 2535 corpus
3314 2464 3548 2518 animale
3570 2464 3640 2528 “,

2054 2572 2163 2611 non
2223 2566 2407 2611 autem
2460 2557 2679 2611 anima?
2734 2554 2869 2610 Nam
2928 2557 3169 2611 animale
3229 2555 3457 2618 dicitur,
3517 2564 3642 2609 tau-

2052 2663 2217 2719 quam
2265 2648 2464 2702 animae
2522 2648 2826 2718 proprium,
2883 2662 3012 2702 cum
3073 2662 3281 2717 corpus
3340 2647 3542 2700 anima:
3571 2647 3643 2702 sit

2052 2754 2345 2810 organum.
2401 2737 2625 2793 Desinat
2674 2739 2842 2792 etiam
2884 2739 3146 2794 delirium
3201 2746 3269 2794 de
3323 2754 3426 2805 eo,
3487 2740 3638 2809 quod

2053 2831 2315 2903 deinceps
2343 2833 2581 2901 primum
2614 2832 2868 2887 exsistat.
2906 2830 3044 2885 Nam
3073 2831 3241 2886 simul
3290 2842 3461 2902 atque
3490 2831 3640 2886 Deus

2052 2926 2279 2997 cogitat,
2320 2926 2674 2996 qualemnam
2734 2932 2994 2996 oporteat
3028 2926 3454 2995 unuinquolibct
3495 2941 3640 2992 esse,

2056 3034 2182 3073 mox
2206 3018 2373 3074 etiam
2432 3018 2694 3073 materies
2740 3019 2921 3085 adest,
2974 3027 3153 3073 et.....
3194 3019 3643 3089 uniuscujusque

2056 3120 2268 3164 natura:
2298 3125 2424 3164 cum
2449 3109 2779 3163 efficacitate
2823 3110 3026 3163 divina:
3059 3110 3362 3165 voluntatis
3393 3126 3636 3164 concur-

2055 3210 2204 3256 runt.
2240 3200 2428 3270 Neque
2455 3203 2599 3255 enim
2618 3200 2701 3255 vel
2743 3202 2897 3269 prius
2925 3202 3217 3264 exsistere,
3246 3202 3327 3256 vel
3354 3202 3632 3257 exsistere

2051 3295 2326 3365 posterius
2349 3294 2567 3349 animas
2615 3293 2818 3348 divinae
2844 3292 3071 3348 Littera:
3103 3294 3326 3353 docent,
3359 3309 3429 3348 ne
3470 3308 3640 3348 senex

2050 3395 2104 3443 et
2130 3387 2354 3457 juvenis
2388 3385 2530 3440 idem
2559 3386 2643 3440 sui
2672 3385 2848 3455 ipsius
2882 3394 3134 3455 respectu
3186 3394 3478 3455 putaretur
3532 3390 3641 3439 ho-

2053 3497 2166 3548 mo,
2200 3479 2297 3534 sed
2321 3480 2482 3536 simul
2514 3494 2581 3534 ac
2606 3479 2813 3534 dictum
2835 3489 3018 3536 esset:
3074 3481 3303 3548 Accepto
3352 3479 3492 3534 Deus
3524 3478 3644 3548 pul-

2053 3591 2170 3628 vere
2197 3574 2261 3627 de
2300 3582 2444 3627 terra
2468 3572 3039 3642 formavit'lrominem,
3066 3571 3363 3627 confestim
3400 3570 3638 3641 subjun-

2061 3674 2207 3745 gitur
2242 3688 2257 3724 :
2294 3667 2361 3722 Et
2395 3667 2676 3737 inspiravit
2712 3667 2769 3720 in
2803 3667 2992 3737 faciem
3025 3666 3141 3735 ejus
3174 3666 3366 3734 ﬂatum
3404 3668 3549 3730 vim,
3592 3674 3644 3720 et

361 3745 539 3813 factus
562 3758 639 3802 est
667 3749 820 3802 homo
848 3751 903 3805 in
934 3757 1169 3807 animam
1188 3755 1442 3810 viventem
1465 3758 1532 3814 ⁸⁸.
1561 3758 1749 3832 Neque
1773 3764 1941 3834 igitur
1971 3768 2154 3822 anima
2194 3778 2293 3832 per
2325 3776 2407 3821 se.
2437 3775 2618 3830 neque
2644 3774 2850 3828 corpus
2872 3767 2958 3813 est
2985 3757 3171 3821 homo,
3197 3772 3322 3812 cum
3352 3757 3644 3831 utriusque

361 3843 714 3911 copulatione
748 3861 813 3900 ac
845 3847 1047 3901 unione
1085 3850 1390 3917 perfectqu
1433 3869 1558 3909 esse
1598 3855 1875 3914 hominem
1923 3862 2230 3915 divinorum
2272 3855 2607 3924 scriptorum
2649 3860 2844 3906 auctor
2891 3852 2982 3907 ille
3034 3850 3215 3906 Moses
3257 3850 3639 3905 declaraverit.

446 3934 586 3988 ’Λλλ’
617 3935 709 3987 ἐπὶ
738 3937 806 3992 τὰ
828 3936 950 3991 ὅθεν
975 3940 1258 4011 ἀπέϐημεν
1287 3941 1381 3996 τοῦ
1424 3943 1604 4013 λόγου,
1641 3948 1805 4002 πάλιν
1832 3966 1952 4017 φοι-

359 4027 639 4099 τήσωμεν.
672 4028 763 4100 Τῷ
799 4030 992 4102 ψυχρῷ
1020 4032 1196 4101 παγὲν
1227 4034 1290 4087 τὸ
1334 4029 1475 4106 αἷμα
1501 4037 1583 4100 είς
1615 4037 1794 4110 σάρκα
1824 4043 1955 4111 μεθ-

365 4118 577 4174 ίσταται
599 4138 612 4199 τ
637 4121 937 4194 αὐξομένην
969 4123 1028 4177 δὲ
1050 4127 1168 4188 ταῖς
1201 4126 1343 4180 κατὰ
1372 4127 1538 4199 μέρος
1561 4130 1670 4182 τῶν
1698 4132 1956 4204 σιτηρίων

360 4213 663 4282 ποιοτήτων
694 4213 832 4285 αὑτῇ
873 4213 1199 4284 ένιζομένων
1227 4215 1332 4268 ὑπὸ
1359 4216 1455 4269 τοῦ
1486 4218 1719 4282 διδόντος
1746 4221 1955 4293 τροφὴν

361 4302 512 4374 πάσῃ
551 4305 749 4374 σαρκὶ,
790 4304 973 4368 καθώς
1021 4323 1156 4377 φησι
1198 4307 1364 4361 Δαὸὶδ
1410 4311 1439 4362 ὁ
1480 4309 1590 4363 τῶν
1622 4310 1781 4364 θείων
1830 4313 1950 4383 μελ-

359 4396 515 4468 ῳδὸς.
548 4396 661 4450 Καὶ
706 4396 895 4470 ὥσπερ
918 4397 1197 4453 θαλάττιαι
1227 4400 1450 4474 σάρκες,
1495 4403 1657 4457 οἱονεὶ
1686 4405 1744 4458 ἐν
1792 4406 1950 4476 νηδύϊ

358 4491 479 4552 ταῖς
524 4489 633 4542 τῶν
668 4489 906 4560 ὀστρέων
957 4480 1052 4545 καὶ
1093 4492 1299 4547 κτενῶν
1346 4493 1542 4560 κάλυξι
1587 4495 1944 4567 τρεφόμεναι,

360 4577 597 4652 ζωτικὴν
653 4582 751 4652 μὲν
795 4580 979 4635 θεόθεν
1018 4582 1241 4655 ἔχουσαι
1281 4584 1547 4655 δύναμιν,
1581 4588 1939 4660 σκαίρουσαι,

359 4669 680 4738 πάλλουσαι,
700 4664 1012 4745 στόματοξῆ
1044 4675 1216 4746 ἀκοῆς
1249 4675 1281 4748 ἢ
1316 4677 1545 4732 ὀδόντων
1576 4678 1609 4749 ἢ
1638 4682 1944 4746 γευστικῶν
1976 4690 1994 4707 ⁵

358 4759 607 4829 ὀργάνων
632 4762 848 4833 ἄμοιροι
880 4764 976 4817 καλ⁵
1021 4765 1413 4836 ἁδιάρθρωτοι,
1451 4767 1588 4841 μόνῃ
1619 4767 1677 4821 δὲ
1729 4773 1798 4842 τῇ
1837 4772 1947 4826 ἐνι-

362 4850 563 4922 ζομένῃ
592 4851 703 4903 τῶν
732 4852 942 4906 ὑδάτων
971 4855 1136 4908 νοτίδι
1178 4857 1531 4928 τρεφόμεναι.
1551 4899 1561 4909 .
1581 4857 1721 4911 Ἀλλ’
1762 4861 1944 4915 ἐκεῖνα

359 4942 454 4995 ἐπὶ
501 4942 596 4995 τοῦ
637 4941 803 4997 αὐτοῦ
853 4944 1133 5014 σχήματος
1186 4947 1336 5018 μένει
1375 4949 1661 5021 διηνεκῶς,
1685 4951 1944 5022 τοιαύτης

358 5032 510 5103 παρὰ
538 5031 634 5084 τοῦ
693 5031 839 5085 θείου
893 5033 1320 5104 προστάγματος
1362 5035 1598 5106 λαχόντα
1630 5037 1874 5106 φύσεως
1906 5042 1940 5113 ή

354 5125 415 5179 δὲ
445 5126 544 5195 τῆς
564 5125 843 5197 ἡμετέρας
867 5124 1134 5194 γενέσεως
1185 5127 1410 5200 ἀφορμὴ
1453 5127 1682 5200 βραχεῖα
1717 5131 1816 5200 μέν
1859 5148 1946 5196 τις

359 5216 685 5287 ὑπάρχουσα
733 5217 873 5271 κατὰ
922 5217 1022 5289 τὴν
1056 5217 1280 5290 πρώτην
1308 5218 1417 5271 τῶν
1463 5222 1795 5293 σπερμάτων
1820 5221 1947 5291 σύγ-

358 5324 578 5376 κρασιν,
620 5312 741 5372 ταῖς
767 5309 908 5363 κατὰ
950 5310 1116 5382 μέρος
1153 5309 1492 5382 προσθήκαις
1528 5313 1638 5365 τῶν
1677 5316 1949 5385 εἰσκρινο-

361 5396 539 5467 μένων
581 5400 839 5471 σιτηρίων
897 5403 1200 5474 ποιοτήτων
1245 5403 1713 5475 περιῦφαινομένη
1747 5406 1842 5458 καί
1878 5406 1951 5460 διο

358 5492 666 5562 ογκουμένη
703 5493 955 5564 ἀρρήτως
982 5493 1375 5567 διαμορφοῦται
1418 5497 1485 5567 τῇ
1519 5497 1679 5567 νοερᾷ
1726 5497 1818 5551 καὶ
1849 5498 1945 5551 ἀοο

362 5583 510 5654 βάτῳ
538 5584 660 5655 θείᾳ
689 5584 835 5656 χειρὶ
881 5585 973 5638 τοῦ
998 5588 1062 5638 ὲκ
1093 5587 1214 5657 χοὸς
1246 5585 1643 5650 διαπλάσαντος
1668 5586 1826 5658 ἡμῶν
1852 5588 1945 5641 τὸν

362 5675 704 5748 προπάτορα.
729 5676 842 5729 Εὲθ⁹
870 5674 1044 5741 οὕτως
1062 5678 1119 5731 έν
1140 5680 1204 5748 τῇ
1230 5678 1479 5749 παρολκῇ
1533 5680 1916 5749 ἐνναμηνιαίου

360 5766 574 5840 χρόνου,
607 5766 1020 5838 τελειουργτ,θὲν
1055 5767 1118 5820 τὸ
1152 5768 1350 5839 βρέφος
1384 5768 1505 5841 θείᾳ
1528 5769 1710 5843 ῥώμῃ,
1739 5775 1804 5841 τῇ
1827 5770 1934 5843 ρώ-

429 5907 476 5940 ⁸⁸
499 5906 657 5964 lCor.
685 5923 774 5973 xv,
798 5907 889 5973 42,
916 5907 1006 5962 Η.
1085 5907 1130 5940 ³³
1152 5906 1288 5963 Gen.
1316 5922 1377 5973 ιι,
1407 5906 1459 5962 7.
1487 5906 1532 5938 3“
1558 5904 1702 5964 Psal.
1725 5924 1924 5978 cxxxv,
1946 5912 2039 5971 ‘25.

2126 3947 2232 4003 Sed
2281 3945 2350 3999 ad
2399 3960 2462 3999 ea
2513 3945 2659 3999 unde
2708 3942 2942 4012 digressi
2998 3931 3233 4008 sumus,
3272 3950 3640 3998 revertamur.

2054 4037 2294 4107 Sanguis
2324 4035 2624 4106 frigiditate
2679 4033 2950 4088 solidatus
2999 4034 3054 4089 in
3097 4050 3321 4090 carnem
3361 4039 3643 4089 transmu-
3696 4048 3701 4051 '

2053 4137 2223 4183 tatur.
2255 4125 2472 4182 Crescit
2506 4134 2692 4181 autem
2720 4140 2820 4195 pro
2859 4128 3076 4182 ratione
3118 4128 3484 4182 nutrientium
3507 4140 3644 4194 quae-

2054 4219 2269 4273 litatmn
2312 4232 2439 4272 cum
2482 4217 2603 4287 ipsa
2642 4219 2946 4285 unitarum,
2979 4219 3048 4273 ab
3080 4234 3146 4274 eo
3189 4218 3286 4289 qui
3332 4219 3521 4272 cibum
3547 4217 3642 4272 dat

2055 4310 2207 4365 omni
2236 4308 2387 4365 carni
2423 4309 2491 4375 ³⁸,
2520 4309 2980 4378 quemadmodum
3012 4309 3192 4380 inquit
3226 4308 3480 4373 llavides,
3517 4323 3642 4362 car—

2057 4405 2269 4459 minum
2299 4402 2612 4457 divinorum
2640 4411 2855 4457 auctor.
2900 4402 3380 4468 Quemadmodum
3410 4411 3467 4457 et
3516 4417 3641 4456 car-

2059 4511 2157 4551 nes
2198 4495 2450 4559 marinae,
2471 4494 2621 4548 velut
2645 4493 2702 4548 in
2742 4503 2922 4560 utero,
2951 4496 3009 4549 in
3039 4502 3353 4549 ostrearum
3386 4503 3441 4550 et
3464 4496 3635 4565 pecti-

2054 4602 2186 4642 num
2237 4585 2579 4641 marinorum
2615 4586 2772 4641 testis
2813 4586 3055 4649 nutritae,
3089 4588 3313 4641 vitalem
3363 4587 3630 4642 divinitus

2054 4679 2257 4734 habent
2280 4678 2388 4732 vim
2435 4679 2698 4735 salientes
2733 4687 2785 4733 et
2816 4679 3101 4735 vibrantes
3132 4696 3277 4745 sese,
3321 4696 3445 4736 eum
3494 4682 3628 4743 oris,

2052 4770 2309 4836 auditus,
2362 4771 2610 4825 dentium
2672 4781 2841 4843 atque
2895 4781 3091 4842 gustus
3136 4785 3469 4841 organorum
3516 4773 3627 4828 sint

2050 4871 2327 4931 expertes,
2388 4869 2445 4913 et
2492 4861 2750 4918 articulis
2796 4871 3044 4925 careant,
3084 4878 3150 4916 ac
3190 4863 3311 4917 solo
3363 4878 3630 4932 aquarum

2052 4950 2282 5003 humore
2309 4949 2650 5006 nutriantur.
2671 4949 2776 5005 Sed
2808 4962 2992 5007 tamen
3024 4952 3115 5006 illa
3143 4951 3197 5006 in
3229 4950 3421 5006 eadem
3452 4951 3631 5007 forma

2051 5049 2321 5111 perpetuo
2369 5051 2624 5107 manent,
2687 5043 2850 5098 talem
2920 5044 3113 5099 divino
3158 5043 3318 5114 jussu
3370 5056 3632 5099 naturam

2051 5132 2269 5185 sortita.
2319 5129 2533 5186 Nostrae
2604 5141 2790 5188 autem
2863 5136 3235 5204 generationis
3278 5150 3470 5200 causa,
3501 5135 3633 5190 licet

2050 5223 2250 5294 exigua
2288 5224 2536 5293 quaedam
2574 5226 2647 5280 sit
2702 5225 2770 5280 ad
2805 5226 3038 5297 primam
3096 5227 3371 5283 seminum
3405 5229 3638 5281 commi-

2050 5316 2311 5380 suionem,
2368 5318 2799 5386 particularibus
2849 5319 3241 5376 additamentis
3297 5321 3633 5390 ingestarum

2048 5410 2416 5464 nutrientium
2444 5412 2777 5481 qualitatum
2797 5413 2955 5483 quasi
2974 5423 3231 5468 contexta
3247 5423 3302 5469 et
3331 5426 3634 5484 augescens

2053 5503 2405 5559 inefl‘abiliter
2437 5503 2705 5559 formatur
2737 5520 2835 5575 per
2863 5505 3240 5562 intellectilcm
3270 5514 3326 5561 et
3377 5506 3632 5562 invisibi-

2050 5595 2156 5649 lem
2185 5594 2281 5649 Dei
2313 5611 2563 5663 manum,
2594 5596 2689 5667 qui
2717 5612 2785 5652 ex
2821 5597 3049 5668 pulvere
3094 5597 3352 5652 formavit
3384 5597 3630 5666 primum

2050 5693 2303 5740 nostrum
2331 5695 2635 5756 parentem.
2690 5686 2893 5758 Sicque
2926 5686 3125 5741 deinde
3151 5700 3305 5740 mora
3357 5684 3626 5752 temporis

2047 5792 2243 5833 novem
2274 5779 2574 5845 mensium,
2597 5778 2857 5851 ‘perf‘ecte
2891 5779 3183 5835 absolutus
3214 5775 3405 5831 divina
3441 5782 3496 5832 vt
3541 5775 3624 5832 fe-
