4000 6394
513 364 644 422 1051

513 490 625 545 tus.
662 498 759 554 per
783 485 954 540 robur
978 490 1249 558 gestantis
1309 494 1449 548 uteri
1478 498 1744 554 nutritur.
1775 499 1892 554 Non
1939 504 2098 572 quasi

511 586 620 627 non
670 575 847 645 possit
901 577 1288 636 universorum
1340 584 1524 654 opifex
1565 589 1824 659 exiguum
1875 593 2008 647 illud
2043 596 2097 649 in

509 663 741 718 matrice
773 665 1044 736 dejectum
1088 673 1261 726 nostri
1299 674 1538 741 initium,
1587 681 1667 732 vel
1693 681 1856 735 etiam
1888 684 2099 754 absque

506 755 625 816 illo,
656 758 1119 824 quemadmodum
1175 766 1361 818 omnia
1393 782 1457 820 ex
1504 771 1652 824 nulla
1685 774 1934 844 subjecta
1979 793 2098 831 ma-

505 845 644 900 teria
700 849 977 916 produxit,
1038 867 1138 908 nos
1201 871 1325 911 mox
1378 860 1654 927 perfectos
1716 875 1771 920 et
1809 868 2095 926 absoluto’s

507 935 776 1006 formare,
840 945 990 996 velut
1028 945 1328 1014 Adamum,
1387 951 1619 1023 ideoque
1654 957 1898 1030 indigeat
1939 978 2091 1020 mora

505 1031 770 1096 temporis
813 1049 1006 1087 novem
1048 1039 1322 1094 mensium
1381 1043 1434 1097 in
1491 1046 1828 1116 imperfectis
1865 1052 2089 1123 felibus,

502 1121 599 1173 sed
622 1130 680 1174 ut
713 1122 888 1178 instar
919 1128 1075 1193 pellis
1101 1139 1196 1184 aut
1234 1136 1566 1193 membrana:
1593 1156 1694 1211 per
1721 1142 1918 1199 factam
1956 1163 2092 1216 pau-

501 1211 657 1266 latim
683 1213 1067 1272 formationem
1107 1222 1256 1278 intus
1292 1226 1551 1295 jacentis,
1611 1235 1786 1304 major
1824 1238 1916 1294 fiat
1970 1252 2090 1296 ute-

497 1319 620 1368 rus,
655 1315 708 1360 ct
746 1312 893 1364 intus
930 1312 1161 1370 saliente
1196 1316 1329 1384 fetu,
1361 1320 1592 1379 fctnellze
1643 1344 1848 1398 organa
1892 1342 2086 1389 exten-

496 1395 720 1451 dantur.
773 1398 892 1454 Non
922 1405 1068 1458 enim
1098 1423 1368 1478 caperent
1428 1395 2083 1496 infantemvabsolutum,

496 1489 543 1542 si
605 1505 730 1544 mox
793 1493 902 1549 illis
954 1497 1353 1568 imponeretur.
1415 1507 1697 1582 llabetque
1751 1516 1932 1572 locum
1969 1521 2081 1587 hic,

494 1582 639 1648 quod
669 1583 706 1636 ii
739 1583 972 1650 faciunt.
1015 1607 1127 1660 quo
1163 1596 1365 1669 exiguo
1409 1611 1478 1672 eg
1526 1606 1748 1672 quidem
1783 1611 1933 1667 sicco
1965 1624 2084 1671 utre

491 1675 666 1728 multa
693 1678 986 1747 complecti
1042 1684 1317 1754 volentes,
1346 1704 1470 1747 eum
1533 1697 1840 1768 subigendo
1893 1715 1947 1759 et
1985 1723 2082 1761 ex-

490 1768 766 1822 tendendo
803 1772 1108 1830 llrmiorem
1170 1782 1630 1857 capacioremque
1665 1794 1924 1852 reddunt.
1983 1797 2076 1855 Sic

488 1856 661 1926 igitur
692 1859 822 1914 mihi
859 1863 1101 1931 videtur,
1133 1885 1478 1946 qutecunque
1503 1895 1664 1938 ossea
1701 1897 1829 1942 sunt
1859 1898 1914 1944 et
1949 1908 2076 1948 ner-

486 1959 639 2014 vosa,
665 1966 729 2005 ex
788 1956 959 2019 maris
990 1973 1344 2020 excremento
1384 1971 1632 2028 roborari
1665 1996 1678 2031 :
1732 1994 2076 2054 quaecunque

484 2052 622 2093 vero
657 2046 959 2114 sanguinea
993 2059 1047 2104 et
1069 2068 1324 2120 carnosa,
1359 2074 1424 2114 ex
1450 2077 1515 2117 eo
1549 2068 1693 2134 quod
1720 2068 1919 2126 femina
1940 2089 2073 2130 con-

483 2128 698 2197 tribuit,
730 2137 1061 2196 consolidari
1094 2161 1106 2197 :
1137 2159 1202 2200 ac
1231 2147 1423 2208 dicens
1456 2169 1582 2210 mox
1630 2162 1787 2230 sequi
1819 2163 2068 2222 divinum

481 2217 613 2276 illud
635 2225 861 2282 verbum
897 2243 951 2285 et
979 2249 1118 2304 opus
1148 2255 1161 2291 :
1191 2237 1420 2297 Crescite
1451 2257 1499 2300 et
1534 2217 1985 2321 multiplicamini,
2019 2267 2069 2313 et

481 2313 676 2382 replete
702 2328 898 2375 terram
941 2324 1006 2388 ³⁷,
1050 2328 1194 2385 sicut
1235 2334 1412 2406 inquit
1439 2339 1506 2393 ad
1556 2344 1766 2412 primos
1812 2361 2068 2418 parentes

479 2415 704 2463 nostros
725 2410 888 2480 Deus,
919 2416 1083 2473 simul
1112 2422 1302 2482 dicens
1323 2429 1462 2499 ipse,
1491 2445 1546 2487 et
1574 2434 1786 2494 faciens
1811 2457 1912 2498 nos
1942 2460 2064 2499 cre-

477 2510 632 2552 scere
663 2501 886 2569 quidem
930 2507 981 2560 in
1014 2510 1293 2570 definitam
1317 2521 1386 2574 ab
1420 2521 1540 2592 ipso
1565 2533 1816 2598 corporis
1844 2538 2060 2605 magni-

474 2587 745 2652 tudinem.
804 2597 1162 2668 multiplicari
1204 2616 1388 2663 autem
1430 2587 1688 2683 posteris,
1743 2629 1799 2675 et
1833 2623 2062 2694 implere

475 2684 704 2735 terram.
741 2681 822 2738 Ex
871 2687 977 2742 illis
1015 2702 1198 2748 autem
1237 2699 1373 2768 ipsis
1407 2681 1764 2775 protoplastis
1789 2681 2057 2774 discimus

473 2781 599 2835 quat
621 2786 687 2825 ex
724 2789 834 2828 uno
890 2777 1137 2847 quolibet
1165 2787 1414 2856 ipsorum
1466 2796 1520 2850 in
1557 2807 1941 2868 procreatione
1987 2811 2056 2866 li-

472 2857 728 2916 berorum
759 2880 1112 2930 concurrant.
1136 2875 1212 2932 Ex
1239 2881 1451 2940 Adamo
1479 2903 1605 2946 osse
1636 2893 1819 2952 lateris
1848 2901 2052 2970 ablato,

468 2953 600 3007 etin
628 2956 887 3017 feminam
928 2964 1076 3023 iacto
1107 2972 1294 3030 divina
1337 2993 1528 3046 manu,
1560 2985 1729 3044 simul
1773 2995 2051 3065 copulatio

466 3056 522 3100 et
559 3051 689 3106 unio
717 3064 929 3114 naturae
961 3061 1294 3127 declaratur.

534 3310 846 3375 Secundum
876 3323 992 3382 haec
1037 3331 1182 3388 scire
1217 3333 1507 3407 debemus,
1547 3344 1730 3404 inesse
1756 3353 1916 3410 nobis
1959 3372 2049 3413 se-

459 3404 704 3467 cundum
749 3410 1319 3483 elementorum.......
1353 3404 1565 3500 partem
1593 3439 1836 3509 aliquam
1880 3448 2043 3502 calidi

411 3535 413 3538 ι
456 3501 511 3546 et
543 3495 746 3568 frigidi,
779 3513 834 3557 et
874 3499 1114 3568 alterius
1161 3520 1310 3586 quod
1343 3495 1517 3578 restat
1561 3495 1733 3598 paris,
1782 3536 2041 3595 nimirum

458 3587 668 3645 humidi
698 3602 863 3665 atque
905 3600 1220 3662 sicci.Natn
1271 3620 1416 3668 terra
1469 3633 1536 3672 ex
1567 3636 1679 3690 qua
1723 3641 1824 3681 nos
1844 3629 2042 3699 Opifex

454 3682 716 3749 produxit
743 3703 868 3744 cum
899 3696 1159 3755 omnibus
1207 3701 1359 3760 hisce
1383 3709 1546 3766 tnista
1571 3728 1695 3770 esse
1721 3719 1855 3772 mihi
1890 3723 2041 3779 vide-

453 3777 581 3829 tur:
629 3778 746 3847 ipsa
776 3784 997 3851 quidem
1052 3793 1209 3849 arida
1240 3800 1533 3868 appellata,
1587 3807 1816 3865 humido
1852 3777 2037 3870 autem

452 3864 732 3939 innatans,
762 3875 942 3944 ignem
975 3897 1105 3939 vero
1132 3887 1186 3942 in
1240 3893 1413 3958 saxis,
1466 3906 1523 3952 et
1584 3900 1750 3969 ferro,
1787 3916 1843 3960 et
1874 3907 2037 3980 lignis

452 3959 685 3980 ,ιιλειημ
747 3966 761 3980 ⁸
822 3969 832 3980 ⁸

1738 3959 1749 3969 ,
1800 3959 1838 3960 η
1875 3959 2034 3980 μνη--

369 3973 371 3975 ί
448 3959 696 4017 abditum
747 3966 978 4040 habens,
1001 3985 1055 4030 et
1094 3993 1223 4037 aera
1264 3999 1361 4054 per
1392 3989 1566 4058 ipsam
1601 3995 1920 4054 universam
1951 4003 2034 4056 di-

447 4047 646 4119 ditum,
684 4072 914 4133 eamque
962 4065 1259 4131 foventem.
1296 4076 1562 4139 Formato
1616 4087 1670 4140 in
1705 4101 1862 4147 utero
1891 4095 2030 4164 fetu,

443 4155 499 4199 et
567 4148 637 4203 ad
717 4158 1065 4215 articulatam
1134 4170 1511 4231 membrorum
1586 4185 2020 4244 commissuram

443 4237 682 4297 obscura
735 4245 1070 4321 humidaque
1130 4261 1364 4315 materia
1415 4270 1727 4339 exsculpta,
1784 4280 2030 4334 nutritur

441 4329 704 4404 deinceps
776 4348 827 4392 et
880 4347 1084 4399 crcscit
1136 4359 1597 4423 unumquodlibet
1653 4370 2029 4428 membrorum

441 4437 542 4491 pro
559 4429 829 4495 qualitate
860 4433 1079 4491 illorum
1102 4454 1226 4508 quae
1260 4449 1455 4503 matris
1479 4451 1666 4508 alvum
1705 4457 1850 4514 intra
1886 4467 2028 4518 reci-

439 4515 688 4584 piuntur,
726 4522 871 4576 sicut
917 4525 972 4578 in
1007 4530 1339 4596 agricultura
1377 4537 1492 4594 fieri
1526 4544 1689 4607 solet,
1729 4564 1795 4603 ex
1860 4556 2026 4610 nubi-

437 4605 542 4661 bus
575 4608 770 4676 imbre,
795 4625 888 4668 aut
915 4617 1116 4674 elicmn
1174 4624 1307 4681 rivis
1331 4645 1462 4686 arva
1495 4637 1740 4705 subjecta
1787 4645 2018 4716 riganti-

438 4695 537 4716 ιν
596 4699 669 4716 εν,
792 4713 801 4716 _
925 4709 935 4716 .

435 4695 562 4754 bus.
595 4699 676 4755 Sit
713 4713 895 4760 autem
923 4709 1114 4767 hortus
1141 4716 1343 4788 aliquis
1373 4722 1441 4778 de
1473 4695 1796 4797 quo'sermo
1818 4695 2020 4797 hoabca-

434 4799 543 4857 tur,
575 4794 819 4855 inﬁnitas
853 4801 1166 4871 plantarum
1197 4816 1412 4882 species
1446 4825 1753 4895 enutriens,
1786 4829 2020 4891 diversa:

433 4891 547 4938 tum
575 4891 777 4957 speciei
809 4901 924 4948 tum
954 4895 1164 4965 fortuna,
1200 4904 1253 4957 in
1292 4923 1402 4963 uno
1435 4921 1599 4982 atque
1647 4891 1837 4978 eodem
1866 4927 2018 4982 ordi-

429 4989 518 5039 ne,
552 4979 809 5037 similiter
837 4986 1074 5058 irrigans
1109 4993 1230 5050 illas
1253 5013 1360 5053 una
1397 5007 1646 5072 quaedam
1703 5023 1823 5070 esto
1857 5033 2014 5088 aqua:

429 5077 661 5125 natura:
688 5074 1048 5137 nihilominus
1099 5099 1293 5143 eorum
1345 5109 1470 5163 quae
1501 5111 1845 5174 nutriuntur,
1877 5127 2006 5179 pro-

1364 5157 1377 5163 -
1666 5157 1677 5158 ί
1702 5157 1811 5161 νίν--
1830 5157 1845 5174 ν
1877 5157 1926 5179 r'
1943 5157 1972 5167 ν

424 5157 630 5228 prictas
661 5163 714 5216 in
749 5165 1294 5236 diversashumorem
1324 5185 1476 5243 illum
1513 5195 1807 5261 qualitates
1830 5211 2017 5259 trans-

425 5252 622 5308 m'utat.
649 5253 785 5311 Nam
814 5260 956 5317 idem
978 5265 1068 5321 ille
1084 5269 1282 5327 humor
1300 5285 1594 5337 amarescit
1625 5287 1677 5338 in
1704 5289 2006 5359 absinthio,

1708 5339 2006 5359 Μινώην,

423 5339 478 5394 in
521 5341 790 5413 liquorem
825 5366 955 5407 vero
977 5356 1188 5414 letalem
1224 5363 1278 5417 in
1311 5367 1490 5424 cicuta
1527 5377 1748 5441 transit,
1784 5381 2008 5438 ctaliud

419 5434 514 5488 alii
546 5437 604 5489 lit
632 5455 776 5494 unus
823 5452 878 5499 et
908 5445 1074 5511 idem,
1101 5453 1154 5506 in
1199 5469 1384 5525 croco,
1423 5460 1477 5514 in
1513 5463 1780 5530 balsamo,
1825 5470 1878 5523 iu
1907 5488 2009 5541 pa-

417 5540 640 5597 pavere,
668 5549 905 5602 quorum
954 5541 1103 5598 aliud
1159 5547 1382 5616 quidem
1427 5554 1696 5625 calefacit,
1725 5560 1872 5618 aliud
1908 5540 1999 5619 re-

416 5619 662 5689 frigerat,
692 5628 838 5685 aliud
874 5649 1005 5690 vero
1050 5639 1287 5696 mediam
1339 5645 1504 5701 habet
1541 5641 1879 5719 qualitatem.
1938 5658 1992 5714 In

415 5711 592 5782 lauro,
631 5720 684 5773 in
716 5725 944 5783 odorato
973 5730 1162 5801 junco.
1197 5745 1252 5791 et
1285 5738 1407 5794 aliis
1435 5743 1705 5804 similibus
1743 5763 1989 5812 aromata

486 5851 531 5884 "
560 5851 697 5911 Gen.
729 5874 766 5924 ι,
811 5863 898 5921 28.

1598 374 1656 431 S.
1697 377 1998 434 CAESARI]
2037 376 2368 439 GREGOINI
2404 387 2710 449 FRATRIS

3643 411 3764 468 £05!

2209 521 2284 576 μῃ
2325 508 2422 577 τῆς
2469 513 2744 585 φερούσης
2788 515 3182 575 ὲκθυλακοῦται
3215 525 3428 594 νηδύος⁶
3465 527 3568 598 οὐχ
3598 529 3670 593 ὡς
3700 534 3764 603 μὴ

2203 598 2316 652 οἴου
2335 618 2393 653 τε
2423 605 2514 656 τοῦ
2539 606 2881 679 Δημιουργοΰ
2901 610 3008 664 τῶν
3031 613 3168 667 ὅλων
3190 615 3288 687 τὴν
3304 618 3551 691 ἀμυδρὰν
3569 598 3771 690 ἐκείνην
3837 685 3840 688 ,

2202 688 2261 741 ὲν
2302 693 2367 760 τῇ
2428 695 2613 766 μήτρᾳ
2648 700 3083 772 καταδληθεῖσαν
3131 707 3381 781 ἀφορμὴν
3408 688 3454 782 ἢ*
3479 716 3576 766 καὶ
3615 688 3769 788 χωρίς

2199 781 2437 853 ἐκείνης,
2455 785 2531 848 ὡς
2553 789 2725 842 πάντα
2749 793 2812 844 ἐκ
2836 794 3064 864 μηδενὸς
3088 781 3443 870 ὑποκειμένου
3467 781 3764 877 παρήγαγε,

2197 874 2438 942 τελείους
2467 881 2614 951 ἡμᾶς
2672 881 2826 949 αὖθις
2859 889 2953 941 καὶ
3006 891 3448 963 ἀπηρτισμένους
3499 874 3763 965 πλάττειν,

2197 969 2340 1020 κατά
2371 970 2462 1023 τὸν
2507 973 2705 1046 Ἀδὰμ,
2726 979 2819 1049 ita;
2844 980 3034 1034 τούτου
3056 984 3216 1053 χάριν
3243 985 3448 1041 δεῖσθαι
3489 990 3591 1060 τῆς
3637 1009 3766 1064 παρ-

2192 1061 2362 1132 ολκῆς
2405 1064 2498 1118 τοῦ
2526 1069 2910 1140 ὲνναμηνιαίου
2961 1075 3154 1146 χρόνου
3188 1078 3280 1130 ἐπὶ
3331 1078 3438 1132 τῶν
3480 1061 3762 1155 ἐμϐρύων·

2191 1151 2309 1204 ἀλλ’
2329 1153 2517 1229 ὥσπερ
2560 1159 2744 1232 δέῤῥιν
2779 1162 2901 1216 τινὰ
2937 1164 2970 1236 ἢ
3002 1166 3176 1236 ὑμένα
3196 1171 3262 1240 τῇ
3299 1171 3436 1224 κατά
3468 1151 3639 1244 μέρος
3670 1176 3764 1230 δια-

2194 1245 2598 1313 μορφώσειτοῦ
2637 1253 2958 1323 ἐγκειμένου
3002 1256 3349 1326 διογκοῦσθαι
3376 1263 3476 1334 τὴν
3513 1269 3760 1338 γαστέρα,

2189 1337 2285 1389 καὶ⁵
2327 1337 2687 1396 διατείνεσθαι
2731 1344 2809 1415 τῷ
2863 1349 3222 1422 ὲνσκαίροντι.
3269 1355 3344 1406 Οὐ
3387 1355 3499 1428 γὰρ
3533 1337 3755 1430 ἐχώρουν

2188 1429 2288 1500 τῆς
2344 1429 2567 1502 θηλείας
2618 1437 2685 1491 τά
2735 1438 2944 1508 ὄργανα
2994 1443 3402 1516 ἀπηρτισμένην
3439 1449 3535 1502 τὸν
3584 1429 3752 1517 παῖδα,

2185 1520 2399 1593 ἀθρόως
2447 1526 2630 1591 αὐτοῖς
2675 1530 2970 1586 ὲντεθεῖναι
2995 1550 3009 1564 ’
3046 1536 3272 1601 εἰκότως
3309 1538 3470 1594 τοῦτο
3521 1543 3752 1614 δρώντων

2185 1614 2278 1666 καὶ
2311 1615 2419 1668 τῶν
2463 1619 2520 1670 ὲν
2568 1619 2892 1694 βραχυτάτῳ
2919 1627 3013 1679 καὶ
3050 1628 3322 1701 αὐχμηρῷ
3349 1631 3570 1705 θυλάκῳ
3606 1653 3754 1692 κατα-

2184 1705 2480 1762 ϐάλλεσθαι
2507 1727 2566 1763 τε
2595 1713 2762 1766 πλείω
2796 1719 3152 1788 πειρωμένων
3181 1724 3247 1794 τῆ
3283 1723 3502 1796 μαλαγῇ
3541 1730 3630 1782 καὶ
3652 1729 3749 1783 δια-

2179 1797 2335 1851 τάσει
2357 1803 2625 1874 καρτερὸν
2649 1806 2741 1858 καὶ
2769 1807 2862 1861 τοῦ
2892 1809 3136 1876 πλείονος
3152 1815 3362 1884 χωροῦν
3381 1817 3550 1869 αὑτὸν
3578 1820 3748 1888 ἀπειρ-

2179 1892 2489 1962 γασμένων.
2525 1895 2720 1960 Καθὼς
2767 1895 2858 1952 οὖν
2899 1901 3046 1954 δοκεῖ
3093 1921 3212 1972 μοι,
3247 1906 3349 1960 ὅσα
3409 1908 3618 1980 ὀστώδη
3667 1911 3746 1963 καὶ

2177 1987 2419 2058 νευρώδη
2453 1991 2516 2043 ὲκ
2546 1991 2644 2062 τῆς
2671 1992 2766 2046 τοῦ
2794 1994 3023 2066 ἄρρενος
3041 1998 3384 2070 ἀποκρίσεως
3417 2001 3743 2073 στεροῦσθαι,

2174 2079 2276 2132 ὅσα
2315 2079 2370 2132 δὲ
2404 2082 2619 2152 αίμὼδη
2654 2085 2750 2137 καὶ
2780 2087 3035 2158 σαρκώδη
3071 2090 3136 2142 ὲκ
3162 2091 3258 2161 τῆς
3279 2091 3527 2165 θηλυκῆς
3551 2096 3742 2149 ἀντιδό-

2176 2187 2314 2235 σεως
2351 2175 2796 2243 συμπήγνυσθαι.
2829 2179 2937 2232 Καὶ
2979 2176 3137 2245 αὖθις
3170 2183 3344 2254 τούτῳ
3373 2186 3742 2241 ἐπακολουθεῖν

2170 2263 2232 2316 τὸ
2262 2263 2403 2318 θεῖον
2435 2267 2587 2338 ῥῆμα
2628 2269 2723 2322 καὶ
2759 2270 2963 2342 δρᾶμα,
2999 2274 3343 2338 Αὺξάνεσθε
3387 2279 3488 2332 καὶ
3535 2282 3740 2348 πληθύ·

2169 2361 2350 2412 νεσθε
2383 2360 2482 2414 καὶ
2532 2363 2892 2431 πληρώσατε
2933 2366 3048 2435 τὴν
3070 2367 3209 2437 γῆν,
3242 2371 3374 2440 φησὶ
3420 2375 3539 2436 τοῖς
3572 2373 3740 2445 προγό-

2169 2467 2280 2513 νοις
2326 2452 2485 2522 ήμῶν
2525 2454 2554 2507 ὁ
2601 2455 2770 2520 Θεὸς,
2804 2457 2921 2526 ἅμα
2963 2459 3188 2527 φάσκων
3233 2462 3396 2526 αὐτὸς
3449 2465 3553 2518 καὶ
3590 2465 3739 2518 ποιῶν

2167 2545 2316 2614 ἡμᾶς
2365 2546 2690 2610 αὐξάνεσθαι
2723 2549 2822 2619 μὲν
2852 2551 2932 2614 είς
2975 2551 3034 2604 τὸ
3067 2555 3199 2621 παρ’
3239 2555 3404 2607 αὐτοῦ
3447 2556 3733 2628 ὡρισμένον

2165 2633 2261 2686 τοῦ
2292 2634 2544 2706 σώματος
2579 2639 2827 2709 μέγεθος,
2856 2641 3229 2713 πληθύνεσθαι
3259 2646 3316 2699 δὲ
3342 2650 3455 2712 τοῖς
3486 2650 3726 2717 ἐκγόνοις,

2165 2729 2260 2781 καὶ
2291 2729 2634 2800 πληροῦσθαι
2665 2731 2764 2805 τὴν
2796 2733 2924 2803 γῆν.
2983 2736 3070 2802 Ἐξ
3110 2737 3289 2790 αὐτῶν
3326 2738 3384 2792 δὲ
3413 2740 3618 2794 τούτων
3636 2740 3730 2794 τῶν

2161 2823 2607 2892 πρωτοπλάστων
2635 2827 3023 2899 παιδευόμεθα,
3041 2831 3111 2884 τὰ
3141 2832 3200 2897 ἐξ
3217 2833 3446 2888 ἑκάστου
3468 2838 3642 2891 αὐτῶν
3659 2837 3725 2898 είς

2158 2913 2258 2983 τὴν
2289 2915 2635 2983 τεκνογονίαν
2671 2921 3063 2992 συνερχόμενα,
3082 2924 3150 2977 ὲκ
3184 2924 3284 2996 μὲν
3311 2926 3408 2980 τοῦ
3451 2925 3719 2998 Ἀδάμ·τοῦ

2159 3002 2350 3055 ὀστέου
2407 3004 2511 3075 τῆς
2555 3005 2798 3077 πλευρᾶς
2846 3011 3270 3082 ἀφαιρεθέντος,
3307 3016 3393 3075 είς
3410 3014 3466 3070 δὲ
3512 3018 3712 3084 γυναῖκα

2158 3095 2352 3148 τούτου
2395 3096 2893 3172 δημιουργηθέντος
2928 3104 3033 3158 ὑπὸ
3064 3105 3165 3176 τῆς
3193 3106 3344 3172 θείας
3375 3105 3717 3180 χειρὸς,ὸμοῦ

2157 3187 2258 3258 τὴν
2284 3189 2575 3259 συνάφειαν
2603 3193 2698 3246 καὶ
2737 3193 2932 3249 ἕνωσιν
2970 3196 3068 3267 τῆς
3097 3199 3313 3267 φύσεως
3332 3201 3616 3275 δηλούσης,
3639 3203 3720 3254 καί

2154 3279 2224 3332 τά
2254 3282 2310 3343 ἐς
2335 3282 2564 3336 ἑκάστου
2586 3284 2685 3354 τὴν
2727 3287 3072 3343 παιδοποιίαν
3103 3291 3491 3362 συμϐαίνοντα.

2238 3371 2335 3424 Ἐκ
2365 3373 2421 3426 δὲ
2448 3374 2653 3428 τούτων
2680 3377 2908 3431 νοείσθω
2938 3381 3264 3452 ἐνυπάρχειν
3295 3386 3426 3454 ἡμῖν
3452 3387 3567 3440 τῶν
3593 3404 3719 3440 στοι-

2152 3464 2394 3533 χειωδῶς
2420 3505 2434 3519 .
2454 3504 2468 3518 .
2492 3504 2504 3519 .
2526 3507 2540 3520 .
2558 3506 2572 3520 .
2603 3469 2994 3541 θεωρουμένων
3021 3473 3120 3544 τὴν
3163 3478 3358 3548 μοῖραν
3399 3478 3491 3531 τοῦ
3537 3477 3718 3552 θερμοῦ

2152 3554 2248 3608 καὶ
2289 3555 2384 3608 τοῦ
2431 3556 2731 3628 ψύχοντος,
2769 3563 2865 3615 καὶ
2913 3565 3014 3635 τῆς
3073 3566 3269 3639 ἐτέρας
3315 3568 3718 3639 συζυγίας,τῆς

2151 3649 2294 3703 κατά
2324 3650 2385 3703 τὸ
2418 3651 2589 3723 ὑγρόν
2621 3643 2702 3707 ¹τε
2738 3657 2832 3710 καὶ
2873 3655 3038 3730 ξηρὸν
3065 3661 3381 3733 νοουμένης.
3425 3663 3490 3717 Ἦ
3528 3665 3635 3736 γὰρ
3657 3664 3716 3733 γῆ

2147 3739 2207 3804 ἐξ
2245 3734 2314 3812 ἦς
2353 3744 2500 3810 ἡμᾶς
2525 3746 2554 3796 ό
2585 3747 2931 3819 Δημιουργὸς
2974 3752 3295 3823 παρήγαγε,
3327 3752 3403 3824 τῷ
3446 3734 3614 3810 παντί
3637 3772 3718 3808 κε·

2145 3833 2382 3902 κρᾶσθαί
2413 3851 2503 3904 μοι
2530 3835 2694 3902 δοκεῖ,
2715 3837 2858 3912 ξηρά
2898 3842 2996 3912 μὲν
3025 3843 3162 3916 αὐτὴ
3185 3849 3714 3919 προσαγορευομένη,

2142 3925 2210 3994 τῇ
2238 3923 2292 3976 δὲ
2327 3925 2468 3998 ὑγρᾷ
2499 3931 2864 4004 ὲπινηχομένη
2893 3949 2908 3964 °
2947 3934 3008 3988 τὸ
3045 3935 3101 3988 δὲ
3141 3936 3253 4008 πῦρ
3285 3938 3343 3991 ὲν
3374 3939 3606 4010 πέτραις
3630 3940 3715 3993 καὶ

2146 4014 2348 4086 σιδήρῳ
2391 4018 2486 4069 καὶ
2535 4017 2677 4091 ξύλῳ
2726 4023 3197 4096 ἐγκεκρυμμένον,
3225 4027 3317 4081 τὸν
3365 4029 3419 4082 δὲ
3461 4031 3600 4102 ἀέρα
3636 4028 3713 4082 διὰ

2143 4107 2344 4170 παντὸς
2375 4107 2634 4179 διήκοντα
2666 4113 2860 4184 αὐτῆς,
2896 4116 2992 4170 καὶ
3019 4117 3412 4173 συνθάλποντα.
3449 4123 3713 4175 Διατυπω·

2140 4196 2323 4260 θέντος
2351 4197 2406 4250 δὲ
2440 4200 2497 4253 ὲν
2524 4203 2590 4272 τῇ
2621 4202 2775 4272 νηδύϊ
2806 4204 2896 4257 τοῦ
2919 4205 3155 4276 βρέφους
3173 4248 3187 4273 ,
3216 4209 3312 4264 καὶ
3341 4210 3478 4281 πρὸς
3510 4211 3711 4265 τελείαν

2135 4287 2466 4358 διάρθρωσιν
2516 4293 2617 4363 τῆς
2650 4295 2866 4366 ἀσήμου
2897 4299 2991 4351 καὶ
3039 4299 3268 4372 ἀνύδρου
3319 4301 3453 4373 ὕλης
3505 4303 3709 4373 διαγλυ·

2136 4377 2350 4450 φείσης,
2388 4381 2652 4451 τρέφεται
2705 4385 2889 4442 λοιπὸν
2939 4390 3034 4443 καὶ
3091 4389 3314 4457 αὔξεται
3370 4393 3483 4448 τῶν
3542 4395 3708 4468 μελῶν

2130 4469 2360 4525 ἕκαστον
2387 4474 2453 4544 τῇ
2486 4475 2732 4548 ποιότητι
2760 4478 2869 4533 τῶν
2900 4482 3398 4554 ὲπεισκρινομένων
3424 4490 3488 4558 τῇ
3521 4488 3706 4558 γαστρὶ

2127 4561 2228 4632 τῆς
2279 4564 2585 4636 φερούσης·
2626 4569 2790 4621 οἱονεὶ
2829 4571 2970 4626 κατά
3017 4572 3114 4651 τὴν
3163 4577 3439 4647 γεωργίαν
3502 4581 3701 4650 πέφυκε

2124 4655 2370 4723 γίνεσθαι
2394 4659 2460 4710 ὲκ
2477 4657 2656 4728 νεφῶν
2685 4661 3010 4733 ἐπομϐρίας,
3035 4664 3067 4736 ἢ
3090 4665 3295 4736 ὀχετῶν
3313 4671 3578 4741 ἐπιρροῆς
3601 4670 3703 4722 δια-

2129 4744 2437 4817 6ρεχούσης
2457 4747 2520 4801 τὸ
2555 4749 2938 4832 ὑποκείμενον.
2973 4756 3166 4826 Κῆπος
3190 4757 3245 4810 δέ
3282 4775 3367 4822 τις
3405 4759 3701 4813 ὑποκείσθω

2125 4839 2204 4909 τῷ
2240 4838 2386 4909 λόγῳ
2415 4841 2618 4912 μυρίας
2653 4843 2836 4912 φυτῶν
2866 4845 3011 4910 ίδέας
3045 4848 3102 4900 ὲν
3135 4849 3314 4920 ἐαυτῷ
3348 4852 3563 4922 τρέφων
3593 4852 3701 4906 ἀλλ-

2121 4929 2323 4994 όπτους
2349 4934 2443 4987 καὶ
2468 4935 2872 5006 ἐτεροσχὴμους
2897 4940 3038 4994 κατὰ
3066 4941 3158 4994 τὸν
3202 4943 3364 4997 αὐτὸν
3397 4945 3491 4998 ἕνα
3516 4945 3666 5017 χορόν
3682 4959 3694 4972 ο

2121 5024 2386 5090 ὡσαύτως
2407 5026 2466 5080 δὲ
2499 5030 2595 5083 καὶ
2625 5032 2657 5102 ή
2691 5032 2982 5088 πιαίνουσα
3011 5034 3186 5088 ταῦτα
3221 5035 3318 5107 μία
3361 5056 3444 5102 τις
3472 5039 3695 5110 ὑπάρχει

2119 5115 2214 5168 τοῦ
2256 5115 2446 5182 ὕδατος
2470 5120 2652 5188 φύσις,
2684 5125 2716 5194 ή
2750 5124 2808 5176 δὲ
2855 5126 2965 5179 τῶν
2993 5129 3346 5199 τρεφομένων
3387 5131 3583 5202 ίδιότης
3622 5133 3695 5192 είς

2113 5201 2407 5275 διαφόρους
2436 5209 2497 5262 τὸ
2527 5209 2693 5283 ὑγρὸν
2726 5213 2989 5282 μετέϐαλε
3017 5219 3330 5288 ποιότητας.
3355 5221 3428 5274 Τὸ
3465 5201 3571 5292 γὰρ
3602 5221 3693 5274 αὐ-

2111 5295 2173 5348 τὸ
2206 5300 2558 5369 πικραίνεται
2603 5303 2703 5373 μὲν
2735 5306 2794 5357 ὲν
2821 5309 2886 5376 τῇ
2916 5308 3146 5380 ἀψίνθῳ,
3175 5312 3258 5374 εἰς
3291 5313 3610 5383 φθοροποιὸν
3636 5311 3688 5364 δὲ

2109 5387 2284 5458 χυμὸν
2318 5390 2376 5442 ὲν
2419 5391 2498 5462 τῷ
2541 5396 2752 5466 κωνείῳ
2787 5398 3124 5466 μεθίσταται,
3154 5405 3248 5457 καὶ
3283 5404 3470 5477 ἕτερον
3524 5408 3686 5477 ἑτέρῳ

2113 5480 2322 5547 γίνεται
2363 5482 2424 5536 τὸ
2453 5483 2533 5550 ἓν,
2569 5487 2629 5538 ὲν
2674 5486 2861 5557 κρόκῳ
2883 5530 2899 5555 ,
2928 5491 2986 5541 ἐν
3029 5491 3315 5565 βαλσάμῳ,
3351 5499 3410 5548 ὲν
3456 5499 3678 5568 μήκωνι.

2113 5567 2184 5621 Τὸ
2223 5571 2321 5640 μὲν
2344 5571 2453 5643 γὰρ
2484 5573 2932 5645 ἐκθερμαίνεται,
2955 5579 3015 5632 τὸ
3041 5581 3099 5633 δὲ
3125 5567 3600 5655 καταψύχεται,ίτὸ
3627 5583 3680 5637 δὲ

2111 5661 2290 5731 μέσην
2335 5663 2448 5732 ἔχει
2504 5667 2788 5737 ποιότητα,
2839 5669 2926 5722 Ἐν
2957 5669 3130 5744 δάφνῃ
3157 5673 3214 5726 δὲ
3245 5677 3340 5729 καὶ
3369 5677 3562 5748 σχοίνῳ
3591 5674 3677 5729 καὶ

2107 5757 2220 5819 τοῖς
2267 5757 2474 5827 ὁμοίοις
2527 5759 2982 5833 ἀρωματοφόροις
3023 5764 3156 5836 ’πνοὴ
3184 5765 3426 5837 γίνεται,
3454 5769 3515 5823 έν
3546 5767 3672 5837 συκῇ
