4000 6440
269 402 410 456 1055

269 524 327 576 δὲ
362 522 457 575 καί
508 520 639 592 δχνῃ
684 521 1195 590 καταγλυκαίνεται,
1237 523 1329 577 καὶ
1355 522 1444 578 διὰ
1475 525 1575 594 τῆς
1603 525 1853 597 ἀμπέλου

271 615 348 677 είς
369 608 515 667 οἶνον
538 613 742 666 καὶτὸν
773 612 967 686 βότρυν
997 614 1343 685 μεθίσταται,
1371 616 1430 668 ὲν
1469 615 1547 686 τῷ
1577 616 1734 689 μήλῳ
1761 634 1859 688 χυ-

275 702 526 775 μαίνεται
553 743 567 765 ,
598 703 656 755 ὲν
684 702 763 772 τῷ
798 704 969 775 κρίνῳ
996 703 1371 770 λευκαίνεται,
1406 708 1462 758 ὲν
1502 707 1580 778 τῷ
1619 708 1683 779 ίῳ
1716 724 1857 762 κυα-

274 795 498 859 νίζεται.
543 792 796 846 Τοιοῦτόν
824 811 879 846 τι
926 795 1022 848 καὶ
1066 795 1208 848 κατά
1236 795 1328 849 τὸν
1365 795 1607 867 ἔμψυχον
1640 796 1734 850 τοῦ
1761 797 1859 851 σώ-

277 902 446 956 ματος
468 886 500 953 ἡ
509 884 625 953 μῶν
641 885 817 955 κῆπον
846 884 1346 957 θαυματουργεῖται
1372 886 1476 939 ὑπὸ
1492 888 1591 958 τῆς
1619 886 1856 956 φύσεως,

278 977 478 1048 μᾶλλον
505 978 564 1030 δὲ
603 978 756 1048 παρά
802 976 897 1030 τοῦ
950 977 1226 1032 Δεσπὸτου
1268 979 1371 1049 τῆς
1411 978 1649 1049 φύσεως,
1689 980 1856 1046 ὀστᾶ,

274 1069 369 1123 καὶ
388 1069 604 1139 χόνδροι
630 1109 645 1132 ,
683 1068 877 1139 φλέϐες
902 1111 917 1134 ,
946 1070 1243 1141 ἀρτηρίαι,
1284 1069 1454 1143 νεῦρα
1479 1112 1495 1139 ,
1532 1071 1858 1143 σύνδεσμοι,

277 1162 479 1233 σάρκες
503 1202 518 1227 ,
552 1161 729 1233 δέρμα
751 1202 766 1226 ,
803 1161 1064 1233 πιμελαὶ.
1099 1163 1325 1241 τρίχες,
1362 1157 1582 1229 ἀίδένες,
1630 1164 1821 1235 δνυχες
1845 1204 1861 1228 ,

276 1255 568 1327 ὀφθαλμοὶ,
604 1254 920 1326 μυκτῆρες,
949 1248 1097 1318 ὦτα,
1125 1258 1218 1309 καί
1258 1257 1431 1328 μυρία
1470 1256 1608 1329 πρὸς
1652 1257 1865 1321 τούτοις

276 1346 372 1400 ἀπ’
422 1344 666 1416 ἀλλήλων
711 1344 1036 1415 διιστάμενα
1075 1363 1088 1375 ·
1118 1345 1217 1417 μία
1248 1346 1304 1400 δὲ
1351 1348 1451 1418 τῆς
1488 1348 1696 1420 τροφῆς
1753 1348 1868 1402 ἰδέα

279 1437 458 1491 πάντα
510 1437 865 1508 καταλλήλως
905 1440 971 1509 τῇ
1021 1437 1229 1493 ἑαυτῶν
1266 1439 1526 1512 τρέφεται
1571 1440 1762 1510 φύσει·
1790 1440 1868 1505 ὡς

281 1531 510 1585 ἑκάστου
538 1528 645 1582 τῶν
669 1530 1046 1600 ὑποκειμένων
1068 1532 1168 1603 τὴν
1192 1532 1398 1604 τροφὴν
1425 1531 1867 1604 προσϐαλοῦσαν,

279 1623 417 1691 ὅπερ
448 1620 514 1675 ἂν
547 1619 793 1694 ὲπελάσῃ
838 1622 961 1675 κατ’
1004 1624 1183 1676 έκεῖνο
1238 1620 1615 1689 ἀλλοιοῦσθαι,
1658 1624 1869 1678 οἰκείαν

281 1715 375 1768 καὶ
404 1713 659 1783 προστρυῆ
694 1714 761 1783 τῇ
796 1711 891 1765 τοῦ
942 1713 1145 1784 μέρους
1181 1714 1402 1785 ἰδιότητι
1450 1715 1770 1788 γινομένην.
1807 1716 1870 1769 Εἰ

280 1806 390 1876 γάρ
423 1804 562 1858 κατά
605 1803 695 1856 τὸν
720 1803 1012 1879 ⁸ὀφθαλμὸν
1046 1805 1277 1873 γένοιτο,
1318 1804 1395 1876 τῷ
1424 1806 1665 1877 ὁρατικῷ
1712 1806 1871 1878 μέρει

286 1896 708 1968 συγκατεκράθη
730 1934 745 1959 ,
780 1895 873 1949 τὸν
900 1896 1077 1968 ὑμένα
1110 1897 1427 1965 ὑπαλείφων
1457 1897 1554 1952 τοῦ
1590 1899 1837 1970 ὄμματος
1856 1914 1871 1930 ·

284 1985 515 2049 καὶτοῖς
541 1986 889 2049 ἀκουπικοῖς
926 1984 1118 2057 μέρεσι
1148 1983 1464 2049 διενιζάνων
1504 2004 1877 2059 συμπεριτορ-

286 2076 471 2131 νοῦται
501 2079 567 2148 τῇ
599 2075 874 2148 ἀκοῇ,καὶ
896 2075 965 2130 τά
994 2076 1145 2148 χείλη
1167 2075 1411 2144 νοτίζων,
1442 2072 1553 2131 οἷον
1571 2078 1726 2150 δέριά
1755 2096 1879 2133 τινα

286 2167 387 2222 οὐκ
408 2169 473 2239 ἐᾷ
511 2168 999 2240 καταφρυχθῆναι,
1037 2169 1133 2223 καὶ
1180 2168 1437 2238 γενέσθαι
1491 2168 1747 2239 ἐξίτηλα·
1784 2170 1880 2224 καὶ

286 2259 343 2310 ὲν
365 2258 537 2331 ὀστέῳ
572 2260 870 2330 πήγνυται,
894 2258 989 2312 καὶ
1009 2260 1068 2312 ὲν
1102 2257 1287 2330 μυελῷ
1315 2257 1651 2313 άπαλύνεται
1669 2276 1682 2290 ·
1712 2260 1772 2312 ὲν
1799 2258 1879 2330 τῷ

285 2348 461 2420 νεύρῳ
483 2346 755 2411 τονοῦται,
773 2348 868 2402 καὶ
892 2350 959 2419 τῇ
985 2348 1280 2420 ἐπιφανείᾳ
1312 2350 1768 2410 συνεπιτείνεται,
1786 2348 1881 2404 καὶ

284 2440 365 2503 είς
389 2438 557 2509 ὄνυχα
584 2437 874 2502 διαϐαίνει,
907 2439 1001 2491 καί
1031 2440 1112 2501 εἰς
1145 2437 1332 2509 τριχὸς
1368 2438 1585 2507 γένεσιν
1616 2439 1882 2512 λεπτουρ-

283 2533 465 2600 γεῖται
500 2532 618 2593 τοῖς
650 2528 1011 2601 καταλλήλοις
1042 2529 1256 2601 ἀτμοῖς.
1288 2530 1401 2583 Καὶ
1424 2531 1472 2583 εἰ
1510 2530 1613 2602 μὲν
1642 2529 1731 2585 διὰ
1750 2547 1881 2584 σκο-

282 2620 416 2675 λιῶν
472 2619 826 2691 έξατμίζεται
874 2620 1079 2693 πόρων,
1126 2621 1448 2694 οὑλοτέρους
1494 2622 1589 2676 καὶ.
1630 2622 1883 2686 ὲλικτοὺς

286 2711 546 2765 ἀποτελεῖ
582 2712 709 2775 τοὺς
746 2710 1056 2783 βόστρυχας
1076 2728 1090 2743 ·
1124 2713 1174 2765 εἰ
1207 2713 1264 2766 δὲ
1291 2711 1358 2766 δι’
1382 2712 1586 2767 εύθέων
1620 2714 1714 2767 καὶ
1743 2714 1883 2767 άπα-

284 2801 561 2872 λωτέρων,
595 2800 804 2864 ἁπλοῦς
842 2802 938 2856 καὶ
965 2802 1209 2874 νήματος
1228 2802 1405 2873 δίκην,
1425 2803 1515 2857 διὰ
1543 2802 1656 2857 τῶν
1690 2802 1882 2875 ἀτμῶν

283 2893 669 2966 τριχευομένου
709 2892 804 2947 τοῦ
840 2894 905 2947 ἐκ
935 2892 1045 2947 τῶν
1089 2894 1277 2949 σιτίων
1313 2893 1644 2959 διιςάνοντος
1680 2894 1878 2967 ὑγροῦ·

285 2988 335 3039 εἰ
368 2986 426 3039 δὲ
461 2986 551 3039 διὰ
599 2984 951 3058 θερμοτέρων
998 2986 1099 3058 τῆς
1148 2986 1377 3059 καρδίας
1420 2987 1515 3041 καὶ
1543 2985 1640 3040 τοῦ
1670 2987 1882 3058 ἥπατος

286 3076 344 3129 αἰ
365 3074 762 3146 ἀναθυμιάσεις
793 3074 889 3130 ἐπὶ
920 3074 1019 3147 τὴν
1041 3075 1253 3147 κράνην
1283 3074 1687 3146 ἐξατμίζονται,
1713 3075 1885 3145 φαλα-

287 3164 456 3237 κροῦν
487 3165 718 3235 πέφυκε,
755 3163 851 3218 τοῦ
878 3163 1089 3237 ψυχροῦ
1117 3164 1491 3228 ἐπιλείποντος
1512 3183 1526 3196 ·
1553 3164 1649 3219 τοῦ
1668 3165 1725 3220 δὲ
1754 3166 1873 3238 θερ⁶

293 3259 396 3329 μοῦ
423 3259 871 3332 ἐπικρατοῦντος,
896 3260 1377 3333 καταφρύττεσθαι
1416 3261 1512 3315 καί¹
1551 3264 1882 3333 τριχορυείν.

303 3348 444 3404 Ἀλλ’
487 3353 659 3417 ὅντως
711 3351 970 3426 εὑκαιρον
1021 3354 1154 3425 ἡμῖν
1206 3353 1432 3426 χρῆμα,
1479 3352 1652 3423 γλυκύ
1686 3370 1747 3407 τε
1789 3353 1883 3406 καὶ

288 3441 622 3512 ἀξιάγαστον
661 3443 758 3498 καὶ
794 3442 889 3497 τοῦ
938 3444 1140 3509 παντὸς
1176 3444 1328 3512 ἀξιον
1367 3444 1553 3513 λόγου,
1595 3444 1686 3497 τὸν
1729 3442 1880 3513 σφῶν

288 3534 560 3608 δεσπότην
594 3536 690 3589 καὶ
730 3535 998 3607 πρύτανιν
1035 3537 1343 3609 γεραίρειν,
1375 3538 1450 3610 τῷ
1472 3538 1747 3608 θεσπεσίῳ
1781 3538 1884 3591 Δα-

290 3631 378 3684 6¹ιδ
428 3630 807 3701 συμμελῳδεῖν
830 3670 845 3695 ,
884 3632 979 3698 Ὦς
1020 3632 1400 3703 ἐιιεγυλύνθη
1420 3644 1431 3651 ‘
1454 3632 1529 3685 τὰ
1572 3630 1720 3701 ἔργα
1740 3647 1880 3698 σου,

289 3722 485 3790 Κύριε·
518 3720 718 3774 πάντα
760 3722 831 3774 ἐν
857 3723 1045 3792 σοφίᾳ
1069 3723 1388 3789 ἐποίησας.
1422 3725 1519 3791 Τίς
1550 3724 1661 3794 γάρ
1692 3723 1885 3789 λαλή-

289 3832 390 3872 σει
408 3816 515 3882 τὰς
543 3814 910 3877 δυναστείας
930 3812 1037 3866 τοῦ
1068 3811 1289 3878 Κυρίου
1314 3811 1352 3879 ἢ
1376 3812 1467 3877 τίς
1496 3810 1886 3878 omnicana;

291 3907 390 3971 Τίς
435 3907 546 3977 γὰρ
585 3905 831 3975 ἐφίξεται
863 3903 1023 3972 λόγος
1065 3902 1420 3973 παραστῆσαι
1467 3882 1632 3966 ςιῗῶς
1669 3902 1777 3973 γὰρ
1825 3887 1911 3967 ἐξ

293 3996 623 4070 ὲτερουσίων
678 3996 775 4049 καὶ
822 3993 1132 4065 διαφόρων,
1180 3991 1311 4063 μίαν
1373 3992 1475 4062 τὴν
1523 3990 1688 4060 φύσιν
1729 3991 1888 4062 ἡμῶν

293 4089 724 4163 ἐδημιούργησε,
766 4088 862 4142 καὶ
883 4086 944 4140 οὑ
967 4084 1252 4155 διαφεύγει
1276 4082 1505 4155 θάτερον
1534 4082 1766 4154 θατέρου
1789 4082 1889 4153 τὴν

293 4182 583 4238 κοινωνίαν
618 4181 711 4236 καὶ
755 4180 976 4244 ἕνωσιν,
1010 4177 1118 4251 πρὸ
1147 4177 1261 4231 τῶν
1300 4176 1457 4248 παρὰ
1500 4175 1594 4230 σοῦ
1625 4176 1769 4247 ὅρων
1791 4175 1891 4246 τῆς

294 4276 526 4328 ἑκάστου
551 4272 697 4345 ζωῆς
723 4290 736 4304 ·
766 4272 882 4327 ἀλλ’
921 4269 1171 4341 ἀφθόνως
1202 4267 1492 4323 διικνεῖται
1532 4269 1696 4340 μέχρι
1722 4266 1895 4340 περά-

291 4381 400 4420 των
427 4364 507 4436 τῷ
524 4363 704 4436 θνητῷ
731 4365 765 4436 ἡ
797 4362 1062 4425 ἀθάνατος
1086 4376 1100 4392 ·
1119 4359 1214 4414 καὶ
1242 4359 1406 4413 πάλιν
1443 4359 1662 4431 μακράν
1681 4359 1892 4431 χαίρειν

293 4458 487 4529 ἀφίησι
534 4459 603 4529 τῇ
652 4456 981 4527 συνημμένη
1013 4453 1093 4525 τῷ
1146 4453 1401 4524 σώματι,
1432 4452 1731 4525 πειθομένη
1787 4452 1887 4525 τῆς

292 4549 628 4613 διαστάσεως
648 4548 726 4620 τῷ
743 4546 1128 4618 προστάγματι
1148 4562 1177 4620 ;7
1192 4546 1289 4610 Τίς
1307 4544 1363 4598 δὲ
1383 4545 1459 4616 μὴ
1489 4545 1895 4616 ὲκπλαγήσεται

296 4644 361 4695 ὲκ
379 4641 502 4712 χοὸς
521 4641 662 4713 ὁρῶν
680 4619 920 4693 τοσαῦτα
944 4637 1082 4709 μέλη
1104 4619 1199 4693 ait
1223 4637 1361 4710 μέρη
1379 4636 1476 4692 τοῦ
1500 4636 1772 4709 σώματος,
1789 4635 1902 4692 διά-

298 4746 440 4800 φορα
460 4729 596 4782 ὀστᾶ
622 4729 734 4799 (91)
752 4728 1088 4799 κατάλληλα,
1108 4729 1372 4800 στροφαῖς
1397 4729 1489 4782 καί
1509 4727 1728 4799 τόρναις
1758 4744 1897 4799 συμ-

299 4819 632 4889 ϐεϐλημένα,
658 4819 733 4883 ὼς
756 4819 975 4890 σαρκῶν
998 4820 1400 4892 ὑπερείσματα,
1431 4820 1529 4874 καὶ
1557 4819 1694 4892 πρὸς
1715 4821 1896 4874 πᾶσαν

299 4910 497 4966 εὔκολα
521 4911 756 4983 κίνησιν,
788 4909 930 4982 ειπερ
959 4910 1036 4974 ὠς
1060 4911 1165 4964 ὑπὸ
1215 4912 1347 4982 μιᾶς
1395 4911 1667 4983 γραμμῆς
1714 4913 1895 4979 πάσας

297 5002 609 5068 ἀποσώζειν
630 5002 728 5067 τὰς
744 5001 989 5070 ἀλογίας,
1009 5001 1143 5072 μέλη
1173 5002 1392 5073 μέλεσιν
1424 5004 1710 5075 ἰσόρῥοπα,
1741 5003 1892 5072 δεξιά

298 5097 420 5168 χεὶρ
449 5095 719 5167 ἰσομήκης
746 5110 807 5147 τε
854 5091 994 5164 λείᾳ,
1027 5093 1124 5146 καὶ
1161 5092 1425 5157 δάκτυλος
1475 5093 1762 5166 δακτύλῳ,
1792 5101 1887 5152 καὶ

296 5186 497 5256 ταρσὸς
518 5202 582 5239 τσ
592 5183 724 5257 ρσῷ.
740 5188 835 5239 καὶ
869 5182 1026 5254 βάσις
1054 5183 1209 5253 βάσει
1228 5221 1243 5246 ,
1262 5182 1355 5235 καὶ
1382 5182 1455 5236 τὰ
1475 5184 1600 5237 καθ’
1630 5186 1882 5244 ἕκαστον,

1683 404 2030 462 DIALOGUS
2059 403 2139 460 Ill.

3411 390 3552 458 test

1965 520 2266 581 ferentibus
2289 522 2344 576 in
2396 520 2754 590 fragrantiam
2806 529 3195 589 commutatur,
3263 523 3318 579 in
3354 524 3459 580 ﬁcu
3488 534 3547 582 et

1968 632 2103 688 pyro
2129 613 2421 679 dulcescit,
2448 628 2546 682 per
2579 613 2744 667 vitent
2777 613 2830 667 in
2856 613 3045 668 vinum
3074 622 3128 667 et
3175 617 3392 670 bonum
3423 634 3547 671 tnu-

1970 718 2133 771 tatur,
2172 707 2225 761 in
2259 722 2424 777 pomo
2455 706 2716 769 rubescit,
2738 706 2793 760 in
2819 705 2934 760 lilio
2958 705 3209 771 albescit,
3240 707 3294 762 in
3323 709 3464 763 viola
3493 710 3552 762 lit

1968 796 2256 875 caeruleus.
2312 792 2443 849 Tale
2473 795 2733 865 quiddam
2788 804 2845 851 et
2885 795 2941 849 in
2994 796 3240 851 animato
3297 800 3548 868 corporis

1967 890 2133 944 horto
2171 887 2496 942 mirabiliter
2553 904 2583 942 a
2625 894 2827 942 natura
2871 886 3127 953 eﬂicitur,
3189 889 3304 944 imo
3363 903 3554 945 veroa

1969 988 2181 1034 naturae
2199 977 2451 1032 Domino.
2489 974 2626 1031 Ossa
2670 985 2801 1031 sunt
2826 978 2935 1040 hic,
2973 978 3349 1049 cartilagines.
3377 995 3551 1044 venae,

1971 1069 2210 1133 arterias,
2274 1066 2450 1129 nervi,
2507 1066 2789 1137 ligamina,
2842 1082 3066 1131 carnes,
3106 1070 3275 1134 cutis,
3330 1071 3546 1134 arvina,

1974 1158 2091 1229 pili,
2127 1156 2383 1222 tonsillae,
2406 1171 2640 1225 ungues,
2665 1155 2835 1217 oculi,
2861 1171 3044 1223 nares,
3072 1172 3258 1223 aures,
3291 1165 3344 1210 et
3362 1169 3557 1226 printer

1975 1250 2091 1305 haec
2119 1247 2333 1303 inﬁnita
2361 1247 2613 1317 quaedam
2652 1246 2783 1310 alia,
2811 1246 2955 1302 inter
2980 1263 3041 1302 se
3062 1247 3305 1313 diversa,
3333 1263 3458 1303 cum
3486 1249 3559 1304 sit

1975 1339 2138 1393 unica
2171 1336 2492 1393 nutrimenti
2511 1338 2748 1407 species,
2786 1353 2896 1407 qua
2932 1341 3114 1395 on-nia
3169 1340 3559 1394 convenienter

1975 1447 2075 1501 pro
2100 1446 2199 1485 sua
2217 1438 2412 1484 natura
2430 1430 2771 1496 nutriuntur,
2795 1428 2867 1482 ita
2892 1436 2951 1483 ut
2970 1428 3561 1500 unieuiquesubjecto-

1974 1539 2097 1578 rum
2123 1522 2389 1593 applicata
2410 1522 2697 1584 alimenta,
2724 1520 2780 1574 in
2808 1521 2931 1588 ejus
2944 1526 3198 1575 naturam
3246 1530 3555 1586 mutentur,

1977 1617 2044 1671 ad
2058 1616 2203 1687 quod
2220 1614 2567 1676 deferuntur,
2588 1629 2655 1669 ac
2677 1613 2954 1684 propriam
2971 1613 3143 1682 partis
3162 1612 3283 1683 ejus
3315 1614 3563 1683 proprie-

1979 1716 2144 1762 tatem
2171 1705 2424 1760 induant.
2452 1703 2591 1760 Nam
2615 1692 2660 1758 si
2688 1703 2757 1758 ad
2813 1702 3033 1759 oculum
3063 1702 3329 1757 alimonia
3377 1718 3565 1773 pervc-

1982 1801 2144 1866 nerit,
2182 1800 2321 1870 parti
2354 1797 2601 1855 cernenti
2653 1796 2817 1852 mista
2875 1796 3252 1851 membranam
3299 1795 3445 1850 oculi
3478 1795 3558 1848 ri-

1976 1903 2090 1963 gat.
2110 1890 2174 1946 Et
2197 1892 2421 1947 attditns
2451 1889 2701 1960 partibus
2723 1887 2991 1954 insidens,
3021 1888 3456 1944 circumrotatur
3487 1888 3556 1941 ad

1978 1985 2251 2040 auditum.
2313 1982 2381 2038 Et
2441 1983 2595 2038 labra
2658 1982 3007 2047 bumectans,
3061 1981 3230 2035 veluti
3283 1979 3567 2050 pelliculas

1977 2077 2270 2148 quasdam,
2297 2091 2404 2130 non
2435 2074 2568 2130 sinit
2592 2088 2657 2127 ea
2687 2073 2885 2128 siccari
2909 2082 2965 2127 et
2990 2086 3332 2127 exarescere.
3359 2070 3416 2124 In
3443 2085 3569 2125 osse

1978 2171 2239 2237 durescit,
2267 2170 2321 2223 in
2355 2168 2594 2223 medulla
2620 2165 2915 2222 mollescit.
2943 2164 3000 2219 In
3040 2180 3211 2219 nervo
3247 2163 3565 2229 roboratur,

1982 2263 2035 2318 in
2068 2261 2362 2332 superﬁcie
2396 2275 2505 2314 una
2534 2258 2869 2321 extenditur,
2901 2256 2954 2311 in
2986 2269 3225 2325 unguem
3253 2254 3476 2317 desinit,
3511 2253 3568 2308 in

1979 2352 2159 2423 capilli
2188 2339 2544 2422 generatione
2579 2364 2676 2419 per
2718 2348 2979 2403 humores
3011 2347 3398 2404 convenientes
3429 2357 3571 2401 alte-

1982 2450 2204 2498 nnatur.
2260 2440 2339 2495 Ac
2381 2440 2427 2496 si
2474 2439 2696 2509 quidem
2757 2453 2854 2508 per
2905 2445 3186 2493 tortuosos
3236 2448 3449 2491 meatus
3480 2437 3572 2490 liat

1981 2534 2317 2604 eraporatio,
2353 2531 2651 2602 crispiores
2683 2531 3106 2602 implicatasque
3130 2529 3315 2585 crines
3353 2531 3517 2584 eilicit
3554 2545 3569 2582 :

1983 2628 2028 2682 si
2054 2641 2185 2681 vero
2225 2639 2321 2696 per
2362 2634 2542 2679 rectos
2585 2632 2641 2679 et
2689 2622 3014 2685 teneriores,
3065 2621 3345 2691 simplices
3393 2632 3447 2674 et
3479 2635 3573 2674 ex-

1984 2726 2163 2773 tentos
2227 2715 2401 2770 instar
2445 2715 2541 2782 ﬁli,
2598 2730 2696 2786 per
2749 2714 3169 2781 evaporationes
3236 2713 3292 2767 in
3344 2713 3575 2781 capillos

1983 2818 2324 2865 commutato
2379 2807 2475 2863 illo
2520 2806 2778 2871 hutnore,
2828 2805 2923 2875 qui
2971 2820 3038 2860 ex
3084 2805 3224 2859 cibis
3266 2804 3485 2859 residet.
3516 2802 3575 2858 Si

1984 2917 2114 2957 vero
2141 2917 2238 2971 per
2274 2899 2563 2955 calidiores
2601 2898 2786 2954 cordis
2821 2905 2875 2953 et
2921 2896 3187 2967 jecinoris
3233 2906 3416 2967 partes
3451 2912 3579 2951 ova--

1985 2994 2305 3067 porationes
2344 2993 2399 3048 in
2434 3002 2600 3062 caput
2641 2991 2921 3056 exhalant,
2951 2989 3232 3045 calvitium
3274 2988 3391 3042 ﬁeri
3414 2989 3576 3055 solet,

1987 3087 2058 3142 ob
2114 3084 2333 3155 frigoris
2386 3082 2682 3138 defectum.
2733 3081 3042 3151 Superante
3087 3093 3330 3148 namque
3372 3078 3577 3142 calore,

1984 3177 2255 3232 cxsiccari
2295 3184 2516 3231 constat
2555 3190 2621 3229 ac
2648 3173 2887 3229 deﬂuere
2926 3171 3130 3226 crines.
3165 3169 3458 3225 Enimvero
3492 3187 3578 3225 res

1986 3280 2295 3340 opportuna
2327 3278 2382 3323 et
2407 3268 2616 3331 suavis,
2640 3279 2696 3323 et
2736 3266 3099 3322 admiratione
3131 3264 3293 3333 digna
3317 3264 3577 3335 omnique

1986 3360 2376 3431 praedicatione
2405 3358 2594 3423 fuerit,
2642 3367 2893 3413 nostrum
2935 3357 3026 3413 hic
3060 3373 3161 3413 nos
3195 3356 3489 3411 Dominum
3520 3366 3575 3411 et

1985 3454 2410 3524 gubernatorem
2442 3451 2741 3514 celebrare,
2774 3464 2839 3505 ac
2865 3466 2970 3504 una
3004 3464 3129 3505 cum
3162 3448 3365 3504 Davide
3393 3449 3580 3503 divino

1984 3554 2109 3600 vate
2156 3558 2357 3599 canere
2399 3561 2413 3599 :
2475 3543 2650 3609 Quam
2703 3543 3050 3612 magni/iectu
3092 3550 3217 3596 sunt
3254 3557 3413 3612 opera
3463 3549 3578 3603 tua,

1985 3636 2245 3692 Domine!
2272 3646 2465 3691 cuncta
2502 3636 2774 3705 sapienter
2817 3635 2992 3699 fecisti
3025 3635 3093 3689 ³⁸.
3129 3632 3263 3700 Qui;
3288 3633 3432 3687 enim
3459 3647 3581 3699 pos-

1986 3731 2057 3783 sit
2096 3729 2275 3799 eloqui
2330 3729 2595 3797 potentias
2634 3726 2873 3791 Domini,
2915 3734 3010 3780 aut
3039 3725 3157 3794 quis
3192 3722 3463 3777 euarrabit
3497 3722 3582 3775 ιιι

1987 3820 2122 3886 Quis
2147 3829 2471 3889 asseqnetur
2500 3833 2702 3881 sermo,
2725 3827 2786 3872 ut
2817 3819 2931 3872 haec
2959 3816 3272 3885 exprimat?
3296 3814 3581 3883 Quomodo

1988 3911 2133 3964 enim
2160 3926 2225 3965 ex
2250 3910 2318 3965 iis
2353 3926 2476 3980 qua:
2505 3912 2740 3965 diversae
2769 3908 3095 3965 substantiae
3118 3915 3246 3962 sunt
3269 3917 3324 3961 et
3349 3906 3492 3960 inter
3521 3921 3582 3960 se

1989 4000 2270 4062 differunt,
2303 4016 2469 4054 unam
2506 4008 2763 4055 naturam
2810 4006 3057 4054 nostram
3097 3996 3373 4064 condidit;
3404 4011 3583 4066 neque

1989 4089 2192 4161 refugit
2226 4090 2460 4144 alterum
2485 4088 2554 4144 ab
2579 4086 2809 4143 alterius
2830 4084 3217 4142 communione
3237 4085 3323 4141 vcl
3354 4084 3580 4150 unione,

1991 4190 2118 4237 ante
2151 4182 2362 4253 positos
2391 4197 2423 4237 a
2456 4189 2507 4236 te
2546 4180 2844 4251 unicuique
2874 4179 3002 4235 vita:
3047 4181 3333 4246 terminos,
3378 4177 3471 4233 sed
3511 4176 3581 4231 ad

1992 4274 2154 4328 ﬁnem
2180 4288 2355 4344 usque
2392 4280 2586 4328 natura
2617 4271 2945 4327 immortalis
2978 4286 3104 4325 cum
3147 4269 3366 4324 mortali
3399 4269 3578 4338 degit;

1992 4380 2299 4436 rursusque
2363 4364 2588 4435 longum
2640 4362 2898 4419 valedicit
2960 4363 3269 4431 conjunctae
3322 4360 3578 4430 corpori,

1994 4455 2254 4511 obediens
2294 4455 2525 4526 imperio
2565 4453 2976 4525 separationis?
3012 4454 3148 4521 Quis
3183 4466 3313 4507 vero
3342 4467 3452 4506 non
3483 4453 3582 4506 ob-

1997 4555 2299 4618 stupescat,
2331 4563 2397 4602 ex
2428 4545 2654 4617 pulvere
2682 4544 2827 4600 facta
2859 4545 3050 4600 videns
3081 4553 3159 4599 tot
3189 4543 3434 4597 membra
3457 4558 3584 4612 par-

1999 4647 2193 4710 tesque
2219 4637 2491 4708 corporis,
2532 4636 2913 4693 convenientia
2948 4636 3090 4691 inter
3130 4651 3190 4691 se
3227 4651 3375 4702 ossa,
3412 4642 3586 4689 verte-

2000 4731 2115 4788 bris
2141 4742 2195 4787 et
2218 4730 2608 4800 iuncturarum
2642 4729 2818 4785 tornis
2846 4729 2991 4784 inter
3016 4743 3077 4784 se
3114 4727 3432 4793 commissa,
3461 4739 3585 4795 quas

1997 4821 2163 4876 veluti
2215 4822 2464 4876 carnium
2511 4820 2849 4875 adminicula
2890 4818 3173 4888 fulcraque
3220 4824 3368 4883 sunt,
3420 4824 3474 4870 et
3515 4812 3585 4868 ad

1995 4927 2213 4968 omnem
2250 4912 2456 4966 habilia
2500 4919 2735 4973 motum,
2766 4912 3038 4980 quasique
3082 4909 3149 4963 ad
3178 4922 3342 4962 unam
3380 4906 3484 4960 sita
3516 4905 3584 4958 li-

1994 5020 2176 5071 neam,
2213 5012 2276 5058 ut
2321 5017 2665 5074 quascunque
2704 5017 2901 5073 parum
2949 5008 3077 5057 sunt
3109 4998 3309 5053 rationi
3354 5010 3588 5052 consen-

1995 5104 2185 5161 tanea,
2217 5094 2564 5151 removeam?
2602 5094 2743 5149 Sunt
2790 5095 2918 5148 item
2963 5091 3207 5147 membra
3253 5104 3379 5145 cum
3415 5102 3588 5142 mem-

1994 5188 2109 5244 bris
2162 5188 2309 5243 velut
2359 5187 2413 5242 in
2462 5185 2773 5256 aequilibrio
2834 5184 3065 5253 posita:
3110 5180 3336 5237 dextera
3388 5190 3585 5233 manus

301 5275 414 5343 pari
462 5276 802 5346 longitudine
865 5291 992 5331 cum
1061 5275 1217 5341 laeva,
1247 5275 1449 5342 digitus
1481 5292 1630 5359 .cum
1684 5279 1874 5350 digito,
1916 5281 2101 5352 planta
2129 5297 2254 5337 cum
2297 5281 2502 5351 planta,
2541 5294 2635 5349 pes
2672 5293 2798 5333 cum
2833 5277 2988 5347 pede,
3026 5274 3322 5343 itidemque
3360 5284 3585 5339 compa-

297 5375 418 5420 rata
448 5377 573 5420 sunt
600 5367 705 5420 alia
735 5366 969 5434 singula.

382 5454 525 5508 Ἀλλ’
554 5456 782 5518 εἰκότως
810 5456 904 5509 ἐπὶ
932 5458 1033 5528 τὴν
1064 5458 1310 5531 κορυφὴν
1334 5459 1435 5532 τῆς
1459 5460 1607 5529 σφῶν
1630 5461 1893 5534 δημιουρο

298 5547 425 5618 γίας
458 5547 540 5620 τῷ
568 5546 713 5619 λόγῳ
747 5547 1183 5620 ἀναδράμωμεν,
1219 5549 1430 5604 ἐκεῖθεν
1475 5551 1569 5605 ἐπὶ
1606 5552 1707 5618 τὰς
1757 5553 1892 5625 πρό-

299 5640 468 5703 ποδας
514 5638 610 5692 καὶ
646 5638 715 5692 τά
749 5638 942 5692 πέδιλα
991 5638 1284 5707 φοιτῶντες
1310 5658 1322 5670 ·
1363 5643 1562 5714 μᾶλλον
1609 5644 1668 5697 δὲ
1705 5644 1799 5699 καὶ
1831 5641 1894 5709 ἐξ

374 5721 419 5753 ³⁸
456 5720 600 5776 Psal.
632 5736 753 5786 cm,
780 5720 873 5774 24.
908 5721 953 5752 ³³
977 5719 1121 5775 Psal.
1158 5737 1245 5785 cv,
1276 5725 1332 5778 2.

2067 5461 2173 5516 Sed
2221 5468 2308 5516 est
2352 5472 2534 5529 Operm
2578 5455 2811 5527 pretium
2856 5462 2917 5508 ut
2956 5451 3023 5507 ad
3072 5451 3330 5507 verticem
3381 5455 3585 5503 nostra

1992 5551 2291 5608 creationis
2327 5549 2581 5605 oratione
2628 5560 3001 5609 recurramus,
3050 5542 3180 5598 inde
3219 5540 3285 5595 ad
3331 5538 3495 5609 pedes
3527 5544 3583 5591 et

1994 5641 2187 5698 talaria
2217 5639 2587 5695 devenientes.
2610 5635 2755 5703 Quin
2773 5635 2842 5690 ab
2869 5634 2985 5702 ipsa
3008 5630 3146 5701 jam,
3178 5628 3227 5684 si
3252 5625 3369 5681 ﬁeri
3390 5630 3574 5695 queat,

370 5791 479 5865 (ὑί)
501 5773 1000 5865 "horti
1026 5773 1187 5846 llaec'
1200 5773 1254 5848 et
1280 5773 1407 5864 qua:
1439 5800 1745 5863 scquuntur
1771 5791 2148 5865 dcsumpsisse
2178 5789 2476 5848 Caesarium
2506 5804 2572 5845 ex
2607 5784 2870 5859 Recogm't.
2900 5784 2994 5841 lib.
3016 5799 3135 5851 vnn
3172 5796 3293 5854 cap.
3311 5780 3402 5846 ‘29,
3428 5773 3577 5832 nam!

303 5861 511 5920 dubitat
561 5860 877 5945 Colclct'ius
900 5861 938 5916 Ι.
972 5876 1021 5917 c.
