4000 6456
456 396 598 455 I055

455 508 640 564 anima
662 509 966 566 ordiamur.
985 511 1282 569 Considera
1304 515 1491 585 igitur,
1513 516 1765 583 obsecro,
1786 518 2046 589 teipsum,

455 607 511 652 et
557 600 796 656 neminis
841 602 1111 658 adhibens
1157 606 1582 675 expositionem,
1613 625 1720 679 qua
1766 611 1837 664 de
1879 611 2050 665 totius

462 691 836 748 universitatis
862 695 1082 763 opiﬁcio
1110 698 1450 754 conditorem
1497 700 1819 773 investiges,
1865 703 1920 757 in
1968 710 2050 758 te-

461 790 717 858 tuetipso,
752 792 901 847 velut
938 794 994 847 in
1020 810 1188 863 parvo
1210 797 1437 863 mundo,
1470 799 1798 856 ineﬂ'abilem
1836 801 1930 857 Dei
1961 817 2051 858 sa-

461 881 723 953 pientiam
776 887 1095 955 perspicies.
1145 888 1325 960 Atque
1387 903 1513 948 ante
1563 895 1749 948 omnia
1796 896 2053 966 incorpo-

464 991 618 1030 reum
678 993 800 1034 esse
863 980 994 1034 mihi
1050 982 1337 1039 considera
1395 983 1586 1051 Deum,
1633 1000 1699 1042 ex
1742 995 1833 1041 tua
1876 988 2052 1058 ipsius

464 1068 786 1138 incorporea
830 1073 1039 1137 anima,
1073 1075 1226 1132 nullo
1258 1076 1735 1149 circumscriptum
1778 1080 1922 1145 loco,
1976 1082 2053 1137 si-

465 1160 684 1232 quidem
742 1179 921 1234 neque
963 1183 1120 1224 mens
1152 1178 1340 1225 nostra
1388 1171 1541 1239 prius
1600 1171 1763 1227 habet
1819 1174 2052 1229 localem

463 1254 1053 1323 circumscriptionem,
1087 1260 1182 1316 sed
1219 1277 1315 1330 per
1335 1265 1582 1332 corporis
1602 1264 2050 1335 coniunctionem

464 1346 520 1400 in
552 1346 673 1402 loco
697 1358 801 1404 est.
837 1349 1096 1406 Eamdem
1138 1352 1584 1424 inaspectabilem
1635 1372 1758 1413 esse
1794 1358 2054 1415 fateberis

464 1453 529 1492 ex
562 1439 751 1494 eadem
798 1440 1037 1512 imagine
1081 1445 1504 1504 ratiocinatione
1535 1448 1701 1506 ducta
1737 1468 1750 1505 :
1786 1466 1908 1508 sese
1942 1467 2053 1508 non

465 1531 844 1600 subjicientem
891 1537 1077 1592 carnis
1113 1540 1312 1605 oculis,
1340 1556 1447 1595 non
1483 1542 1689 1610 colore,
1715 1558 1824 1599 non
1855 1544 2052 1611 forma,

465 1638 644 1693 neque
672 1626 777 1679 alia
801 1628 1038 1696 quadam
1078 1632 1351 1700 corporali
1385 1635 1556 1704 tigura
1588 1650 1925 1705 expressam,
1961 1638 2059 1692 sed

464 1729 530 1769 ex
554 1715 871 1772 ellicacitate
895 1734 1016 1785 sua,
1043 1736 1219 1792 eaque
1244 1723 1361 1778 sola
1384 1726 1683 1793 cognitam.
1712 1726 2059 1799 Quapropter

467 1823 537 1863 ne
560 1812 611 1863 in
644 1809 760 1866 Deo
785 1812 1004 1881 quidem
1034 1830 1156 1869 eam
1180 1831 1304 1886 quae
1337 1820 1396 1871 lit
1419 1833 1515 1888 per
1551 1820 1763 1886 oculos,
1796 1821 2052 1877 conside-

468 1902 739 1957 rationem
768 1903 941 1973 ipsius
968 1917 1179 1962 naturae
1210 1910 1465 1979 quaerito,
1505 1912 1611 1968 nisi
1656 1921 1930 1983 quatenus
1958 1930 2055 1984 per

467 1993 761 2050 obscuram
789 2002 1084 2067 quamdam
1118 2002 1348 2058 ulterius
1380 1991 1735 2074 progrediare
1763 2006 2056 2063 demissio-

469 2102 616 2147 nem,
634 2097 690 2142 et
706 2087 777 2142 ita
801 2089 1019 2159 quidem
1044 2098 1103 2145 ut
1124 2106 1233 2148 nou
1253 2094 1340 2148 liat
1361 2097 1463 2149 hoc
1482 2108 1638 2150 extra
1682 2098 2050 2152 velamentum

466 2182 710 2250 aliquod.
757 2180 943 2252 Neque
998 2184 1144 2238 enim
1191 2186 1261 2241 ab
1306 2186 1440 2257 ipsis
1498 2189 1718 2258 quidem
1769 2190 2055 2246 cherubim

468 2273 684 2327 ratione
714 2285 924 2328 naturae
960 2275 1226 2343 cernitur,
1272 2278 1580 2348 objectione
1614 2281 1825 2337 alarum
1863 2284 2059 2338 obum-

470 2364 758 2421 brantibus
812 2365 1028 2435 faciem,
1076 2381 1362 2441 propterea
1416 2375 1563 2443 quod
1613 2375 1741 2446 ejus.
1791 2377 1895 2448 ipsi
1947 2394 2058 2435 non

468 2457 581 2512 sint
607 2473 856 2528 capaces.
889 2458 1127 2517 Proinde
1150 2467 1317 2521 menti
1344 2475 1399 2522 et
1424 2467 1544 2523 fidei
1578 2471 1846 2538 permissa
1875 2471 2057 2527 consi-

467 2550 771 2617 deratione,
827 2550 921 2607 Dei
970 2557 1367 2625 contemplator
1397 2560 1528 2623 eris,
1583 2560 1775 2617 videns
1822 2570 2059 2631 tantum,

468 2650 735 2711 quantum
789 2647 1082 2703 recesseris
1106 2647 1177 2701 ab
1217 2648 1320 2705 hac
1360 2665 1547 2707 crassa
1579 2652 1702 2709 vitae
1741 2655 1973 2722 ratione,
2008 2664 2063 2711 et

470 2731 539 2785 ad
562 2732 904 2801 spiritualem
934 2738 1259 2803 accesseris,
1305 2740 1609 2798 admiratus
1637 2744 1810 2814 ipsius
1837 2747 2060 2816 sapien-

472 2824 607 2887 tiam
639 2843 652 2878 :
681 2827 961 2894 quomodo
992 2828 1243 2885 videlicet
1277 2833 1518 2887 animam
1575 2834 1780 2892 inserat
1819 2839 2059 2909 corpor'i,

474 2928 648 2984 usque
700 2917 768 2972 ad
818 2921 1195 2977 extremitates
1243 2923 1366 2992 ejus
1411 2924 1714 2984 extendens
1758 2929 1957 3000 ipsam,
2007 2940 2063 2987 et

471 3009 772 3080 plurimum
825 3012 969 3067 inter
1017 3029 1076 3068 se
1119 3014 1443 3071 dissidentia
1483 3020 1728 3074 membra
1779 3023 1846 3077 ad
1892 3039 2056 3079 unam

473 3102 631 3171 quasi
668 3105 1135 3174 conspirationem
1165 3122 1231 3163 ac
1260 3111 1576 3166 societatem
1616 3114 1840 3170 ducens.
1864 3113 2066 3173 Consi-

471 3193 604 3249 dera
645 3195 803 3261 mihi,
836 3198 1112 3267 quodnam
1153 3200 1225 3254 ab
1268 3201 1451 3257 anima
1487 3203 1640 3258 carni
1689 3204 1820 3260 insit
1869 3206 2061 3273 robur,

471 3296 526 3341 ct
553 3303 802 3357 quaenam
838 3305 867 3342 a
905 3306 1073 3345 carne
1112 3293 1180 3347 ad
1228 3294 1470 3350 animam
1508 3295 1821 3353 reﬂectatur
1849 3298 2063 3356 aliectio

473 3390 686 3434 ntutua.
711 3380 1001 3447 Quomodo
1032 3384 1193 3454 quasi
1227 3401 1387 3442 suum
1414 3389 1613 3444 eﬂiciat
1646 3406 1711 3445 ex
1740 3392 2062 3462 incorporea

364 3536 369 3539 _
474 3470 584 3525 vita
620 3488 844 3541 corpus,
871 3484 925 3529 et
956 3477 1228 3546 particeps
1279 3479 1532 3536 dolorum
1567 3497 1635 3537 ex
1682 3499 1917 3553 corpore
1947 3488 2061 3550 liat,

475 3562 596 3631 ipsa
627 3566 878 3634 corporis
904 3580 1119 3637 expers.
1148 3568 1440 3636 Quomodo
1485 3575 1592 3630 hoc
1633 3575 1783 3635 laeso.
1813 3578 1903 3633 illa
1947 3579 2080 3633 cla-~

477 3660 609 3715 met,
648 3656 923 3720 quomodo
970 3658 1059 3713 illa
1105 3657 1339 3714 feliciter
1394 3672 1611 3733 agente,
1660 3680 1863 3737 corpus
1905 3683 2067 3739 vege-

478 3752 594 3800 tum
641 3747 735 3813 sit,
760 3756 815 3803 et
854 3750 1140 3819 pulchrius
1188 3752 1407 3808 evadat.
1462 3753 1507 3810 0
1557 3758 1877 3826 praeclaram
1926 3775 2064 3814 con-

470 3838 836 3909 iunctionem,
868 3856 903 3896 o
934 3842 1315 3898 admirabilem
1343 3845 1624 3915 unionem,
1661 3863 1696 3903 ο
1737 3849 2064 3920 sapientiam

475 3932 598 4002 ejus
646 3934 740 4004 qui
790 3935 992 3990 umvit!
1036 3933 1174 4003 Quis
1219 3937 1367 3992 enim
1417 3940 1600 4009 eloqui
1652 3951 1839 4011 queat,
1875 3945 2066 4013 quales

479 4038 653 4094 penus
685 4025 956 4096 quasique
983 4026 1293 4082 conditoria
1342 4028 1757 4099 disciplinarum
1799 4047 1865 4087 ea
1892 4031 2067 4088 fabri-

478 4119 705 4184 caverit,
777 4134 847 4174 ne
893 4118 1264 4176 obscurentur
1315 4130 1499 4177 vetera
1546 4137 1640 4188 per
1693 4125 2063 4196 cognitionem

476 4222 670 4262 eorum
701 4223 825 4278 qua:
853 4219 1049 4277 praeter
1080 4209 1170 4264 illa
1211 4210 1584 4282 reperiuntur,
1611 4227 1744 4269 neve
1772 4223 2069 4271 arceantur

478 4302 666 4373 aliquo
701 4310 858 4371 septo
886 4316 1077 4356 eorum
1113 4318 1237 4373 quae
1268 4305 1515 4374 quotidie
1555 4306 1875 4375 audiuntur,
1928 4323 2070 4379 quo-

478 4392 666 4448 minus
691 4400 931 4461 exponat
956 4391 1117 4448 bodie
1147 4393 1272 4463 quis
1304 4402 1431 4450 ante
1458 4395 1857 4470 quinquaginta
1893 4414 2069 4457 annos

478 4486 731 4540 auditum
777 4500 1122 4550 serui-atterit,
1173 4486 1270 4542 sed
1316 4487 1607 4545 distinctas
1651 4499 1707 4544 et
1747 4489 2075 4547 inconfusas

480 4576 693 4634 servari
737 4575 1146 4633 recordationes
1193 4564 1577 4642 institutionis,
1627 4582 1779 4636 velut
1828 4582 1882 4637 in
1935 4598 2071 4640 saxo

480 4668 768 4738 sculptas"
808 4667 1097 4733 Quomodo
1142 4672 1210 4725 ad
1245 4672 1497 4727 carnales
1529 4673 1777 4730 residens
1817 4674 2070 4745 allectus,

480 4762 719 4834 propria!
742 4762 1166 4831 pulchritudinis
1190 4763 1381 4820 ﬂorem
1411 4765 1648 4830 amittat,
1671 4775 1725 4822 et
1747 4769 1867 4823 vice
1890 4785 2070 4837 versa,

481 4855 784 4926 profectam
818 4870 850 4910 a
888 4856 1186 4911 vitiositate
1216 4857 1607 4927 turpitudinem
1641 4859 1840 4916 virtute
1874 4878 2071 4932 repur—

479 4962 639 5020 gans,
673 4956 924 5002 recurrat
963 4948 1031 5003 ad
1089 4948 1505 5004 similitudinem
1549 4954 1836 5007 creatoris.
1888 4951 2075 5024 luqttit

480 5040 627 5096 enim
656 5041 770 5110 ipse
816 5041 871 5096 in
914 5040 1215 5110 Evangelia
1251 5056 1266 5094 :
1297 5041 1463 5094 Amen
1502 5041 1622 5097 dico
1668 5043 1833 5112 vobis,
1877 5046 1924 5101 si
1965 5047 2071 5101 duo

483 5147 645 5201 super
674 5141 870 5186 terram
904 5131 1269 5186 consenserint
1303 5133 1360 5187 in
1385 5132 1526 5187 idem
1551 5133 1598 5165 δ’
1619 5152 1633 5202 ;
1657 5136 1895 5192 animam
1930 5139 2072 5194 indi-

483 5237 618 5277 cans
647 5232 705 5277 et
734 5237 959 5289 corpus,
989 5222 1268 5276 dominam
1296 5233 1351 5277 et
1389 5222 1648 5278 famulam
1672 5240 1686 5291 ;
1715 5226 1761 5279 si
1792 5243 2073 5283 consense-

485 5314 595 5363 rint
620 5326 676 5362 ιη
702 5309 840 5362 idem
871 5323 889 5361 :
916 5325 1047 5363 caro
1086 5308 1307 5378 quidem
1359 5309 1625 5377 serviens,
1660 5314 1843 5368 anima
1889 5324 2071 5370 autem

485 5400 543 5456 in
571 5402 774 5455 virtute
800 5413 1128 5469 pragressns
1167 5400 1394 5465 facies,
1431 5417 1499 5458 ne
1546 5404 1711 5457 nimia
1750 5406 2075 5462 austeritate

486 5495 747 5565 depressa
786 5499 1043 5561 gravetur
1086 5500 1142 5546 et
1184 5493 1462 5550 laboribus
1506 5496 1784 5550 renuntiet
1815 5497 2022 5555 famula
2057 5517 2072 5556 :

490 5597 668 5654 neque
699 5581 817 5639 vice
847 5597 1005 5661 versa
1043 5582 1108 5637 ad
1145 5583 1368 5641 vitiosas
1399 5585 1717 5643 aﬂ'ectiones
1748 5596 1804 5643 et
1825 5589 2075 5661 volupta-

555 5741 602 5776 δ’
631 5741 819 5800 Matth.
849 5759 1005 5808 xvut,
1030 5744 1118 5799 i9.

1492 402 1550 458 S.
1591 403 1893 459 CA‘JSAIKII
1932 401 2264 458 GBEGORII
2301 400 2605 458 FRATHIS

3610 403 3763 461 i053

2149 517 2319 589 αὐτῆς
2347 519 2450 589 ἠδη
2486 519 2588 588 τῆς
2631 518 2808 589 ψυχῆς
2842 520 2890 572 εί
2923 514 3036 574 οἷόν
3068 538 3159 589 τε,
3200 520 3599 594 ἀπαρξώμεθα.
3636 520 3761 575 θέα

2154 626 2244 679 μοι
2292 609 2472 663 τοίνυν
2507 610 2736 675 σαυτὸν,
2771 611 2868 665 καὶ
2920 612 3134 677 οὑδενδς
3186 614 3371 684 δεήσει
3400 614 3467 665 ἐκ
3498 612 3609 682 τῆς
3637 610 3759 666 τῶν

2150 701 2288 756 ὅλων
2316 704 2663 775 κατασκευῆς
2695 703 2787 757 τὸν
2816 692 3162 777 Δημιουργδν
3197 704 3515 777 ἐξιχνεύειν,
3549 704 3670 759 ἀλλ’
3697 706 3761 756 ἐν

2152 792 2338 864 σαυτῷ
2371 795 2535 848 οἰονεὶ
2586 795 2646 850 ἐν
2703 794 2899 868 βραχεῖ
2931 798 3124 869 κόσμῳ
3169 797 3269 870 τὴν
3307 799 3591 870 ἄφραστον
3618 814 3762 849 κατ-

2151 882 2273 953 όψει
2307 883 2403 937 τοῦ
2427 883 2564 938 Θεοῦ
2596 885 2808 955 σοφίαν.
2837 887 2947 940 Καὶ
2973 886 3081 959 πρό
3109 901 3173 955 γε
3201 885 3477 944 ἁπάντων,
3515 882 3760 953 ἀσώμα-

2151 975 2244 1029 τόν
2293 993 2383 1046 μοι
2423 976 2535 1029 νόει
2578 976 2640 1030 τὸ
2671 976 2826 1031 Θεῑον
2887 977 2954 1030 ἐκ
2986 977 3090 1047 τῆς
3123 975 3290 1032 αὑτοῦ
3319 974 3619 1046 ἀσωμάτου
3645 973 3760 1043 dfu-

2152 1071 2290 1141 χῆς,
2325 1069 2514 1140 μηδενὶ
2560 1072 3035 1143 περιγραφόμενον
3067 1071 3251 1142 τόπῳ·
3302 1070 3423 1124 ἐπεὶ
3454 1069 3567 1123 οὐδ’
3607 1069 3758 1140 ἡμέ-

2152 1177 2311 1233 τερος
2336 1162 2463 1225 νοῦς
2488 1163 2911 1235 προηγουμένην
2941 1164 3054 1235 ἔχει
3080 1165 3181 1236 τὴν
3212 1165 3269 1216 ἐν
3294 1163 3443 1231 τόπῳ
3473 1179 3757 1233 περιγρα-

2155 1253 2261 1325 φὴν
2286 1295 2301 1318 ,
2334 1253 2472 1308 άλλά
2497 1254 2587 1307 διά
2617 1255 2715 1328 τῆς
2746 1254 2840 1309 τοῦ
2887 1254 3140 1327 σώματος
3174 1254 3472 1323 συναφείας
3502 1256 3562 1308 ἐν
3599 1253 3761 1323 τόπῳ

2154 1345 2385 1415 γίνεται.
2429 1346 2682 1418 Ἀόρατον
2723 1347 2990 1418 ὑπάρχειν
3035 1347 3288 1418 ὁμολόγει
3342 1348 3407 1399 ἐκ
3437 1346 3539 1416 τῆς
3580 1346 3760 1415 αὐτῆς

2155 1438 2366 1504 εἰκόνος
2434 1439 2872 1511 τεκμαιρόμενος
2906 1478 2923 1505 ,
2981 1439 3058 1511 μὴ
3133 1439 3465 1493 ὑπείκουσαν
3543 1438 3758 1510 σαρκὸς

2155 1529 2455 1602 ὀφθαλμοῖς
2473 1571 2488 1595 ,
2517 1532 2578 1585 οὑ
2606 1532 2883 1604 χρώματι,
2917 1533 2981 1585 οὑ
3015 1533 3279 1603 σχήματι,
3306 1530 3413 1583 οὐδ’
3439 1528 3616 1600 ἑτέρῳ
3644 1528 3757 1581 τινὶ

2157 1622 2467 1695 χαρακτῆρι
2513 1624 2814 1697 σωματικῷ
2855 1625 3335 1696 ἀπεικαζομένην,
3381 1621 3496 1677 ἀλλ’
3531 1624 3601 1674 ἐκ
3652 1621 3755 1692 τῆς

2159 1714 2439 1786 ἐνεργείας
2469 1717 2565 1770 καί¹
2612 1717 2784 1788 μόνης
2821 1715 3255 1789 γνωριζομένην.
3292 1717 3453 1769 Ὥστε
3496 1712 3622 1785 μηδ’
3660 1712 3757 1765 ἐπὶ

2161 1806 2296 1861 Θεοῦ
2337 1806 2490 1880 ζήτει
2520 1807 2621 1880 τὴν
2648 1807 2717 1862 δι’
2741 1808 3038 1881 ὀφθαλμῶν
3082 1807 3406 1880 κατανόησιν
3439 1804 3620 1859 αὑτοῦ
3653 1804 3756 1873 τῆς

2160 1896 2416 1967 φύσεως,
2464 1900 2606 1972 πλὴν
2652 1900 2901 1973 ἀμυδρᾶς
2957 1901 3145 1974 πρόσω
3174 1899 3344 1973 χώρει
3393 1896 3756 1966 συγκαταϐά-

2162 2007 2337 2056 σεως,
2365 1992 2460 2046 καὶ
2505 1991 2679 2058 οὓτως
2725 1994 2827 2048 οὑκ
2862 1993 2969 2059 ἔξω
3016 1993 3162 2057 τινὸς
3223 1990 3754 2060 παραπετάσματος.

2162 2081 2287 2134 Οὐδ’
2317 2084 2506 2145 αὐτοῖς
2536 2082 2647 2155 γὰρ
2694 2085 2838 2138 κατά
2867 2084 3031 2154 φύσιν
3076 2083 3268 2154 ὁρᾶται
3302 2082 3415 2144 τοῖς
3445 2078 3756 2151 Χερουϐὶμ,

2157 2176 2225 2245 τῇ
2258 2175 2497 2248 προϐολῇ
2531 2175 2643 2229 τῶν
2691 2176 2983 2249 πτερύγων
3038 2175 3413 2247 σκιαζομένων
3458 2174 3564 2243 τὴν
3610 2172 3756 2240 δψιν,

2160 2273 2250 2328 διὰ
2275 2272 2339 2326 τὸ
2370 2267 2659 2340 ἀχώρητον
2684 2271 2876 2340 αὐτῆς.
2900 2271 2980 2342 Τῇ
3005 2269 3215 2339 διανοίᾳ
3233 2267 3414 2321 τοίνυν
3444 2265 3540 2319 καὶ
3572 2264 3759 2319 πίστει

2161 2365 2466 2437 ἐπιτρέψας
2514 2366 2616 2436 τὴν
2660 2362 2989 2433 κατανόησιν
3015 2399 3030 2424 ,
3067 2359 3168 2433 έσῃ
3196 2357 3429 2429 θεόπτης
3473 2355 3757 2421 τοσοῦτον,

2160 2459 2285 2512 ὅσον
2323 2457 2534 2527 ἀπέϐης
2566 2456 2666 2526 τῆς
2699 2455 2896 2525 ὑλικῆς
2920 2452 3207 2514 πολιτείας
3235 2451 3329 2505 καὶ
3358 2447 3572 2519 green;
3604 2465 3759 2501 πνευ-

2164 2551 2401 2622 ματικῆς
2426 2589 2442 2615 ,
2481 2546 2781 2617 θαυμάζων
2833 2545 3000 2599 αὑτοῦ
3059 2545 3160 2617 τὴν
3202 2542 3439 2640 σοφίαν-⁸
3484 2539 3608 2603 πῶς

2160 2643 2339 2715 ψυχὴν
2373 2642 2619 2715 ἐγκρίνει
2664 2639 2742 2711 τῷ
2799 2638 3013 2710 σώματι
3066 2636 3227 2709 μέχρι
3278 2633 3532 2706 περάτων
3590 2632 3756 2685 αὑτοῦ

2160 2736 2363 2805 διάγων
2391 2735 2562 2807 αὑτὴν
2588 2776 2602 2801 ,
2654 2733 2753 2787 καὶ
2783 2732 2851 2785 τά
2905 2729 3174 2782 πλείστων
3214 2725 3328 2798 (9‘2)
3388 2723 3640 2795 ἀλλήλων
3677 2724 3754 2777 δι-

2162 2829 2378 2882 εστῶτα
2431 2828 2567 2900 μέλη
2586 2867 2602 2891 ,
2636 2825 2773 2898 πρὸς
2817 2822 2943 2894 μίαν
2972 2821 3279 2892 σύμπνοιαν
3327 2818 3423 2872 καὶ
3470 2817 3758 2871 κοινωνίαν

2163 2920 2334 2992 ἄγων.
2368 2921 2570 2975 Σκόπει
2597 2918 2655 2973 δέ
2693 2934 2780 2988 μοι
2816 2915 2900 2984 τίς
2929 2917 2963 2985 ή
3014 2913 3123 2968 ἀπὸ
3151 2912 3251 2982 τῆς
3274 2910 3453 2982 ψυχῆς
3488 2912 3552 2979 τῇ
3587 2908 3757 2979 σαρκὶ

2164 3013 2483 3078 ἐνιζάνουσα
2512 3010 2672 3084 ῥώμη
2697 3025 2710 3040 ο
2741 3008 2826 3100 τίς
2850 3007 2895 3097 δέ
2927 3008 2990 3100 ἡ-
3005 3004 3113 3100 ἀπὸ
3138 3003 3240 3074 τῆς
3272 3002 3473 3100 σαρκὸς
3593 3001 3745 3100 ψυχῇ

2163 3104 2528 3176 ἀνακλωμένη
2569 3092 2910 3172 συμπάθεια.
2948 3096 3074 3160 Πῶς
3120 3093 3498 3166 σφετερίζεται
3539 3094 3605 3144 ἐκ
3647 3092 3753 3159 τῆς

2169 3195 2467 3268 ἀσωμάτου
2506 3193 2653 3264 ζωῆς
2699 3189 2762 3245 τὸ
2819 3189 2978 3261 σῶμα
3000 3228 3015 3252 ,
3051 3187 3424 3260 ἀναμάττεται
3464 3183 3522 3237 δὲ
3564 3184 3633 3236 ἐκ
3662 3182 3758 3235 τοῦ

2172 3287 2427 3359 σώματος
2454 3284 2760 3355 ἀλγηδόνας
2784 3286 2818 3353 ἡ
2843 3281 3154 3353 ἀσώματος.
3187 3279 3311 3344 Πῶς
3331 3277 3525 3331 τούτου
3549 3274 3762 3338 αἰκιζο-

2175 3382 2337 3453 μένου
2377 3379 2561 3449 ἐκείνη
2594 3376 2693 3448 βοᾷ
2713 3392 2728 3407 ο
2769 3375 2887 3439 πῶς
2927 3372 3144 3444 ἐκείνης
3167 3368 3595 3473 εὑδαιμονούσης
3621 3365 3759 3473 αὕτη

2174 3472 2379 3543 σφριγᾷ
2407 3472 2503 3525 καὶ
2546 3469 2864 3539 ὡραΐζεται.
2900 3466 2966 3520 Ὢ
2997 3465 3095 3536 τῆς
3122 3464 3293 3535 καλῆς
3327 3459 3626 3530 συναφείας
3650 3498 3666 3522 ,
3717 3459 3763 3511 ὣ

2169 3565 2270 3636 τῆς
2308 3561 2694 3637 θαυμαπικῆς
2729 3557 3010 3623 ένώσεως,
3046 3555 3092 3610 ὣ
3136 3556 3234 3626 τῆς
3262 3554 3454 3623 σοφίας
3492 3549 3590 3604 τοῦ
3632 3548 3764 3603 ἐνὼ-

2175 3674 2389 3720 σαντος.
2406 3655 2505 3718 Τίς
2533 3654 2641 3726 γάρ
2666 3646 2779 3716 οἷός
2798 3668 2859 3704 τε
2880 3649 3053 3720 φῆσαι
3083 3650 3213 3701 ποῖα
3237 3647 3458 3715 ταμιεῖα
3487 3644 3612 3714 ἦτοι
3632 3644 3766 3696 ἀπο-

2174 3750 2348 3821 θήκας
2379 3746 2489 3801 τῶν
2530 3743 2873 3818 μαθημάτων
2917 3740 3056 3812 αῦτη
3103 3738 3464 3810 ἐτεκτήνατο,
3498 3733 3647 3787 ὥστε
3690 3731 3767 3803 μὴ
3824 3749 3841 3773 ι

2176 3837 2585 3897 ἐπισκοτεῖσθαι
2606 3839 2677 3892 τά
2709 3838 2876 3892 πάλαι
2926 3837 2993 3906 τῇ
3022 3832 3221 3902 γνώσει
3251 3830 3359 3883 τῶν
3391 3827 3764 3891 ἐπεισάκτων,

2177 3932 2300 4005 μηδ’
2327 3930 2611 4003 εἴργεσθαί
2641 3946 2749 3983 τινι
2797 3926 3175 3998 διαφράγματι
3203 3922 3312 3976 τῶν
3345 3920 3586 3989 ἑκάστης
3625 3919 3767 3990 ἠμέ-

2176 4045 2276 4101 ρας
2304 4024 2671 4096 άκουομένων,
2692 4022 2932 4093 σήμερον
2956 4017 3288 4087 ἀπαγγεῖλαι
3317 4014 3405 4068 τὸν
3428 4014 3536 4084 πρὸ
3561 4013 3768 4083 πεντή-

2173 4136 2341 4173 κοντα
2397 4118 2607 4190 χρόνων
2672 4113 3009 4170 ἀκουσθέντα
3061 4111 3219 4181 λόγον
3257 4126 3270 4140 ·
3322 4107 3436 4162 ἀλλ’
3484 4106 3769 4177 εὑκρινεῑς

2172 4212 2270 4265 καὶ
2294 4207 2634 4280 ἀσυγχύτους
2665 4207 2860 4272 σώζειν
2884 4205 2985 4268 τὰς
3011 4204 3233 4276 μνήμας
3265 4200 3365 4270 τῆς
3402 4196 3766 4260 παιδεύσεως.

2173 4303 2337 4358 οἱονεὶ
2367 4305 2425 4356 ἐν
2458 4302 2635 4373 πέτρᾳ
2662 4297 3103 4371 κεχαραγμένας.
3127 4294 3251 4358 Πῶς
3274 4294 3333 4346 δέ
3361 4291 3498 4365 πρὸς
3525 4290 3598 4343 τὰ
3632 4307 3769 4360 σαρ-

2176 4393 2310 4449 κικά
2365 4391 2823 4446 ὑπολισθαίνουσα
2876 4388 3024 4459 πάθη
3060 4386 3120 4440 τὸ
3163 4386 3362 4439 οἰκεῖον
3403 4380 3767 4444 ἀπανθίζεται

2177 4485 2412 4548 κάλλοςδ
2460 4485 2625 4538 πάλιν
2672 4483 2730 4536 δὲ
2788 4481 2851 4536 τὸ
2892 4480 3001 4535 ἀπὸ
3074 4477 3275 4541 κακίας
3347 4470 3533 4544 αἶσχος
3591 4470 3766 4544 ἀρετὴ

2176 4576 2571 4649 καθαιρομένη,
2604 4575 2741 4648 πρὸς
2775 4572 2880 4644 τὴν
2914 4570 3175 4642 ὁμοίωσιν
3207 4567 3495 4638 ἀνατρέχει
3519 4562 3615 4616 τοῦ
3645 4562 3766 4615 κτίο

2174 4684 2389 4731 σαντος.
2442 4666 2615 4729 Αὐτὸς
2660 4666 2770 4736 γὰρ
2829 4665 2889 4716 ἐν
2933 4659 3289 4729 Εὑαγγελίοις
3341 4656 3536 4725 φησιν’
3574 4653 3769 4723 Ἀμὴν

2169 4763 2328 4834 λέγω
2353 4759 2497 4830 ὑμῖν
2515 4798 2530 4823 ,
2558 4758 2668 4812 ἐὰν
2692 4757 2801 4811 δύο
2836 4755 2937 4809 ἐπὶ
2962 4754 3073 4823 τῆς
3123 4752 3237 4825 γῆς
3266 4746 3769 4821 συμφωνήσωσιν

2169 4855 2271 4909 ἐπὶ
2300 4854 2369 4909 τὸ
2394 4851 2541 4907 αὐτὸ
2580 4850 2703 4922 (τὴν
2727 4850 2909 4921 ψυχὴν
2935 4848 3216 4919 ἐμφαίνων
3242 4846 3337 4898 καὶ
3361 4843 3421 4897 τὸ
3450 4841 3633 4912 σῶμα,
3660 4840 3761 4911 τὴν

2172 4930 2370 5019 κυρίαν
2404 4945 2499 4998 καὶ
2535 4942 2637 5013 τὴν
2677 4942 2947 5011 οἰκέτιν),
2987 4939 3097 4993 ἐὰν
3140 4933 3640 5007 συμφωνήσωσιν
3666 4930 3766 4983 ἐπὶ

2173 5039 2241 5093 τὸ
2266 5036 2435 5104 αὐτὸ,
2469 5038 2503 5109 ὴ
2537 5035 2640 5108 μὲν
2670 5033 2810 5105 σὰρξ
2847 5032 3194 5096 δουλεύουσα,
3220 5032 3253 5100 ὴ
3287 5028 3346 5081 δὲ
3376 5025 3522 5098 ψυχὴ
3547 5026 3606 5078 ἐν
3632 5024 3766 5095 ἀρε-

2174 5134 2241 5202 τῇ
2270 5129 2674 5202 προϐαίνουσαο
2709 5129 2858 5190 ὅπως
2895 5125 2973 5197 μὴ
3003 5127 3072 5197 τῇ
3118 5119 3534 5193 ὑπερϐαλλούσῃ
3592 5116 3768 5186 σκλησ

2179 5222 2374 5294 ρουχίᾳ
2412 5219 2839 5275 καταπονεῖσθαι
2874 5219 2968 5271 καὶ
3011 5212 3376 5284 ἀπολέγεσθαι
3405 5212 3532 5274 τοὺς
3568 5209 3771 5272 πόνους

2172 5316 2275 5388 τὴν
2300 5316 2502 5370 οἰκέτιν
2526 5333 2540 5347 ·
2572 5315 2721 5387 ’μήτ’
2748 5308 2816 5369 αὖ
2847 5312 3012 5379 πάλιν
3046 5312 3153 5366 ὑπὸ
3196 5308 3401 5380 ταύτης
3439 5306 3575 5377 πρὸς
3619 5303 3767 5374 πάθη

2177 5410 2274 5463 καὶ
2294 5407 2606 5480 φιληδονίαν
2632 5406 2731 5480 τὴν
2755 5407 2955 5478 κυρίαν
2989 5400 3429 5474 καταφέρεσθαιο
3459 5396 3597 5453 ἀλλά
3631 5412 3772 5465 συμ-

2182 5499 2376 5572 φώνως
2403 5501 2482 5573 τῷ
2515 5500 2616 5573 ῐσῳ
2641 5499 2743 5571 τῆς
2769 5498 2974 5572 ἀρετῆς
2997 5497 3185 5552 κανόνι
3217 5491 3633 5565 συμπαραθέειν
3676 5489 3773 5544 ἀλ-

2180 5591 2393 5664 λήλοις,
2418 5591 2513 5647 καὶ
2538 5587 3169 5662 συμπαρέπεσθαι.⁹Εὰν
3189 5585 3299 5655 γὰρ
3313 5579 3776 5654 συμφωνήσωσι

570 5886 682 5958 (92)
736 5890 845 5946 Καὶ
890 5891 963 5948 τὰ
1004 5892 1335 5951 πλείστων.
1382 5892 1638 5952 Libenter
1689 5895 2061 5969 rescripscrim

2165 5898 2369 5956 εἰστον.
2407 5899 2567 5957 Enn.
