4000 6406
278 355 304 403 1
314 348 418 403 057

278 469 354 523 τὰ
383 467 494 521 δύο
522 467 743 531 ταῦτα,
774 466 809 536 ἦ
839 483 898 518 τε
915 465 1062 536 ψυχὴ
1089 465 1184 519 καὶ
1217 464 1278 517 τὸ
1315 463 1475 536 σῶμα
1501 507 1514 527 ,
1554 463 1686 532 περὶ
1722 477 1870 515 παν-

281 563 384 625 τὸς
411 546 483 614 οὗ
513 559 622 612 ἐὰν
652 557 1014 624 αἰτήσωνται
1035 597 1049 620 ,
1083 559 1405 625 γενήσεται
1433 555 1639 621 αὐτοῖς
1658 595 1672 618 ,
1705 556 1870 625 φησιν

278 655 309 706 6
357 650 579 723 Κύριος.
626 651 688 703 Εί
738 651 838 719 μὲν
889 650 1021 722 παρ’
1071 647 1236 704 αὑτοῦ
1289 648 1589 719 αἰτοῦμεν,
1628 647 1870 719 δηλονότι

279 743 498 812 ἀγαθά,
532 742 843 812 γενήσεται.
887 741 951 794 Ei
984 742 1042 794 δὲ
1090 739 1170 810 τῷ
1203 740 1436 809 διαϐόλῳ
1475 740 1544 792 δι’
1576 738 1873 809 ἀμελεστέ-

285 851 379 906 ρου
427 835 523 888 καὶ
565 832 850 904 ἐμπαθοῦς
904 832 1018 903 βίου
1059 833 1576 904 προσχωρήσωμεν,
1609 831 1748 901 ὅπερ
1783 846 1872 899 μοι

279 929 432 981 δοκεῖ
467 925 686 997 αἴτησιν
718 925 984 996 ὑπάρχειν
1011 925 1073 979 τὸ
1096 925 1372 995 ὑπόφορον
1412 920 1562 991 αὑτῷ
1597 919 1868 990 γίνεσθαι,

285 1019 477 1075 σκολιὰ
511 1020 730 1082 πάντως
760 1018 1096 1089 ἀποϐήσεται
1125 1018 1257 1088 ἡμῖν
1289 1017 1385 1068 καὶ
1418 1014 1632 1086 χαλεπὰ
1652 1012 1722 1067 τὰ
1752 1014 1873 1066 ἐπι-

283 1113 621 1184 τηδεύματα.

1701 341 2055 400 DIALOGUS
2097 341 2182 399 Ill.

3429 346 3570 403 1058

1984 472 2090 519 tem
2128 480 2223 535 per
2261 463 2404 518 hanc
2433 461 2720 532 dejiciatur
2745 463 2986 528 domina,
3032 463 3126 517 sed
3178 471 3236 518 ut
3263 479 3389 519 cum
3428 481 3568 520 eon-

1981 573 2146 611 scnsu
2179 555 2296 625 pari
2329 556 2553 610 virtutis
2596 554 2778 624 regula
2819 554 2963 630 inter
3013 569 3134 608 sese
3179 567 3400 609 currant
3435 571 3566 620 una,

1979 667 2147 720 seque
2203 652 2554 704 conﬁtentur.
2606 647 2750 701 Nam
2799 649 2847 701 si
2882 648 3237 701 consenserint
3284 651 3391 702 ista
3437 647 3565 710 duo,

1980 757 2177 812 nempe
2215 743 2397 795 anima
2432 749 2486 795 et
2529 755 2755 808 corpus,
2800 737 2864 791 de
2897 755 3206 808 quocunque
3247 741 3565 808 tagavcrint,

1980 832 2248 900 continget
2297 833 2394 893 eis,
2448 830 2626 898 inquit
2666 827 2951 893 Dominus,
3003 829 3275 898 siquidem
3328 831 3397 882 ab
3450 829 3570 897 ipso

1979 923 2322 994 petierimus,
2361 921 2501 975 bona
2539 920 2807 982 videlicet,
2849 919 3183 988 contingent.
3221 918 3278 972 Si
3321 933 3451 972 vero
3477 932 3572 986 per

1979 1013 2432 1083 negligentiorem
2465 1020 2522 1066 et
2555 1009 2737 1079 pravis
2765 1009 3047 1064 affectibus
3077 1010 3370 1063 obnoxiam
3401 1009 3568 1063 vitam

1982 1103 2048 1157 ad
2084 1103 2357 1156 diabolum
2395 1102 2785 1156 recesserimus
2833 1118 2846 1153 :
2902 1099 2952 1152 id
2998 1099 3145 1168 quod
3195 1099 3324 1152 mihi
3361 1100 3573 1154 videtur

285 1225 407 1265 esse
460 1210 649 1280 petitio
694 1223 802 1279 qua
847 1209 971 1279 quis
1019 1209 1069 1263 ei
1119 1206 1444 1263 tributarius
1490 1205 1583 1260 fiat
1618 1223 1630 1258 :
1665 1202 1890 1258 omnino
1941 1200 2256 1269 perplexum
2316 1198 2596 1251 habebunt
2640 1205 2696 1250 et
2736 1195 3008 1251 diliicilem
3060 1196 3266 1249 exitum
3319 1194 3571 1249 instituta

285 1313 498 1359 nostra.

369 1437 664 1508 ’Λψὼμεθα
691 1435 892 1499 τοίνυν,
928 1437 978 1488 εί
1017 1434 1201 1498 δοκεῖ,
1234 1434 1329 1486 καὶ
1360 1433 1459 1502 τῆς
1488 1429 1581 1484 τοῦ
1623 1428 1874 1499 σώματος

286 1531 637 1599 κατασκευῆς
675 1530 769 1582 καὶ
799 1525 1184 1598 διαρθρώσεως
1204 1565 1217 1587 ,
1254 1524 1626 1594 θαυμάζοντες
1659 1519 1750 1571 τὸν
1783 1535 1874 1570 σο-

288 1625 388 1692 φὸν
443 1621 538 1676 τοῦ
593 1619 793 1682 παντὸς
831 1620 1190 1691 ἀρχιτέκτονα
1245 1617 1413 1670 Θεόν’
1455 1615 1573 1677 πῶς
1617 1611 1876 1684 ἁρμόδιον

287 1715 472 1770 αὐτῶν
519 1711 864 1780 καταγώγιον
895 1714 962 1782 τῇ
998 1711 1190 1781 λογικῇ
1230 1710 1258 1760 6
1308 1707 1701 1780 ἁριστοτέχνης
1741 1701 1878 1755 ἐδεί-

291 1825 454 1880 ματο,
491 1805 584 1860 καὶ
611 1805 770 1874 μόνον
804 1804 912 1856 τῶν
943 1803 1037 1856 ὑπ’
1076 1801 1305 1873 οὐρανὸν
1348 1799 1524 1864 ζώων,
1569 1797 1750 1866 ὄρθιον
1786 1795 1877 1847 τὸν

289 1899 577 1971 ἄνθρωπον
606 1898 932 1969 παρήγαγεν
957 1935 972 1959 ,
1014 1894 1075 1959 ἐξ
1104 1892 1269 1948 αὑτοῦ
1306 1889 1576 1945 παιδεύων
1602 1887 1700 1940 τοῦ
1748 1887 1878 1956 σχή-

295 2007 468 2061 ματος
488 2027 503 2051 ,
539 1990 605 2040 ἐκ
627 1987 728 2056 τῆς
755 1987 868 2040 ἄνω
902 1985 1224 2054 συγγενείας
1250 1984 1395 2053 ἔχειν
1415 1983 1564 2052 ἡμᾶς
1589 1979 1686 2050 τὴν
1711 1978 1877 2049 ζωήν.

294 2081 378 2136 Τὰ
415 2081 522 2152 γὰρ
559 2081 729 2148 ἄλογα
759 2079 938 2133 πάντα
967 2079 1119 2132 κάτω
1175 2077 1312 2147 πρὸς
1359 2075 1458 2146 τὴν
1499 2073 1745 2143 γαστέρα
1796 2071 1882 2122 νέ-

293 2191 454 2227 νευκε
474 2190 488 2204 ο
522 2173 730 2244 βροτοῖς
755 2171 812 2222 δέ
849 2171 1029 2242 μόνοις
1057 2167 1334 2237 αὑτοφυὴς
1364 2164 1459 2218 καὶ
1493 2165 1708 2233 ἕτοιμος
1746 2161 1884 2233 πρὸς

291 2264 523 2338 οὐρανόν
572 2263 902 2332 ἀνάδλεψις,
957 2261 1099 2316 ὥστε
1155 2258 1230 2331 μὴ
1290 2258 1560 2328 ὑπάρχειν
1601 2254 1884 2324 φιλήδονον

297 2359 435 2428 μηδέ
482 2357 635 2410 κάτω
684 2355 859 2409 νεύειν
897 2357 1010 2418 τοῖς
1055 2353 1284 2407 πάθεσιν
1309 2393 1324 2416 ,
1377 2349 1515 2404 ἀλλὰ
1552 2347 1885 2403 διανεστῶτα

295 2451 569 2520 ὑπάρχειν
602 2449 698 2501 καὶ
727 2448 864 2519 πρὸς
912 2447 980 2500 τὰ
1011 2448 1123 2500 ἄνω
1157 2445 1398 2516 βλέπειν,
1428 2443 1570 2514 ἔχειν
1607 2441 1706 2510 τὴν
1733 2439 1888 2510 κίνη-

299 2559 405 2596 σιν.
453 2543 685 2594 Ἔπειτα
713 2541 812 2612 τὴν
855 2539 1096 2609 κεφαλὴν
1135 2539 1298 2592 οἱονεὶ
1343 2536 1436 2590 ἐπὶ
1484 2534 1762 2605 γεωλόφου
1792 2530 1884 2584 τοῦ

303 2633 554 2703 σώματος
582 2632 838 2701 θέμενος,
864 2632 921 2684 ἐν
948 2631 1083 2702 αὑτῇ
1110 2631 1207 2695 τὰς
1235 2629 1424 2700 τιμίας
1444 2627 1552 2680 τῶν
1582 2625 1889 2696 αἰσθήσεων

301 2725 688 2798 καθιδρύσατο.
723 2724 825 2778 Τὸν
881 2723 979 2794 μὲν
1023 2722 1324 2793 ἐγκέφαλον
1362 2721 1499 2792 μηδὲ
1527 2718 1726 2772 κύλικα
1755 2715 1893 2785 πλη-

307 2817 482 2893 ρῶσαι
514 2816 818 2871 κενωθέντα
844 2815 1074 2870 οίονταιο
1121 2814 1311 2883 σοφίαν
1340 2813 1398 2866 δὲ
1423 2808 1768 2882 Δημιουργοῦ
1802 2824 1896 2858 πε-

304 2911 670 2980 πιστευμένου
703 2909 796 2961 καὶ
828 2906 1044 2960 σύνεσιν
1069 2905 1164 2959 τοῦ
1198 2905 1334 2958 Θεοῦ
1371 2904 1532 2974 βουλῇ
1565 2901 1659 2955 καὶ
1679 2899 1893 2954 συνέσει

302 3001 713 3074 τεκτηναμένου
755 3001 826 3053 τὰ
852 3000 1167 3070 σύμπαντα.
1194 2997 1318 3049 Ὅτι
1345 2995 1402 3047 δὲ
1432 2993 1524 3046 καὶ
1555 2992 1811 3063 μέγιστόν
1844 3007 1895 3042 τι

305 3095 442 3167 πρὸς
474 3094 535 3147 τὸ
565 3092 664 3164 ζῇν
712 3094 741 3144 ὁ
779 3089 1082 3159 ἐγκέφαλος
1107 3128 1122 3152 ,
1152 3086 1398 3158 ἐναργῶς
1435 3087 1496 3138 τὸ
1540 3085 1599 3151 ἐξ
1646 3083 1896 3144 ἐναντίας

308 3187 607 3255 συμϐαῖνον
633 3184 784 3253 δηλοῖ
808 3199 822 3212 ο
854 3184 902 3235 εί
929 3181 1038 3253 γὰρ
1065 3180 1270 3250 τρῶσιν
1303 3178 1336 3248 ἢ
1365 3177 1520 3248 ῥῆξιν
1551 3179 1579 3230 ὀ
1617 3175 1896 3246 περιέχων

307 3279 471 3333 αὑτὸν
506 3276 652 3347 ὑμὴν
677 3273 947 3345 ὑποσταίη
967 3314 981 3335 ,
1016 3269 1172 3334 αὖθις
1201 3271 1393 3323 ἕπεται
1428 3269 1580 3339 παρὰ
1628 3267 1797 3329 πόδας
1828 3268 1894 3337 τῇ

306 3371 508 3443 τρώσει
541 3373 570 3423 6
605 3370 834 3432 θάνατος
856 3409 871 3432 ,
906 3367 1027 3419 οὑδέ
1056 3365 1193 3436 πρὸς
1222 3363 1284 3416 τὸ
1305 3362 1514 3432 ἀκαρὲς
1555 3359 1656 3429 τῆς
1684 3357 1898 3427 φύσεως

307 3461 646 3532 ἁντεχούσης
681 3459 760 3530 τῷ
819 3457 1018 3513 πάθει·
1067 3456 1259 3525 ὥσπερ
1295 3457 1352 3508 ὲν
1385 3456 1507 3516 ταῖς
1559 3451 1652 3505 ὑπ’
1682 3451 1897 3522 ἄντροις

308 3553 618 3622 οἰκοδομαῖς
640 3551 717 3620 ,ἢ
761 3552 818 3603 ἐν
854 3551 968 3612 τοῖς
1020 3547 1128 3600 τῶν
1185 3544 1428 3615 λουτρῶν
1470 3543 1688 3615 ὀρόφοις
1712 3582 1727 3607 ,
1761 3544 1788 3595 6
1836 3542 1899 3595 τὸ

311 3645 421 3696 πᾶν
453 3643 556 3710 τῆς
604 3641 892 3712 οἰκοδομῆς
930 3638 1168 3709 συνέχων
1202 3635 1283 3700 εἷς
1333 3635 1568 3705 ὑπάρχει
1603 3636 1899 3704 κορυφαῖος

311 3733 460 3795 λίθος
485 3772 514 3796 ,,
543 3729 1015 3800 ἐγκεκροτημένος
1040 3728 1120 3800 τῷ
1149 3729 1288 3798 θόλῳ
1315 3770 1330 3793 ,
1357 3728 1415 3780 ὃν
1447 3726 1628 3796 σφῆνα
1666 3726 1715 3778 οί
1749 3727 1898 3799 οίκο-

311 3824 466 3893 δόμοι
500 3821 1030 3893 προσαγορεύουσινο
1060 3813 1120 3874 οὗ
1164 3819 1228 3891 δὴ
1277 3819 1665 3891 διαρραγέντος
1697 3818 1730 3888 ἢ
1765 3819 1902 3870 ἁπο-

314 3914 674 3988 κρουσθέντος
707 3910 864 3977 αὖθις
893 3912 1325 3982 συγκατεσείσθη
1355 3912 1417 3965 τὸ
1445 3911 1586 3964 ὅλον.
1613 3910 1899 3980 Κάμνουσι

312 4007 422 4061 τῶν
473 4005 779 4076 φωστήρωθ
825 4006 871 4057 οί
910 4003 1156 4074 μέγιστοι
1190 4003 1378 4067 ’Ἥλιος
1409 4004 1503 4056 καὶ
1555 4002 1795 4073 Σελήνη,
1831 4001 1900 4054 τά

313 4096 686 4169 ὑπερουράνια
741 4096 799 4147 ἐν
853 4094 931 4166 τῷ
979 4094 1357 4166 ήμερονυκτίῳ
1405 4093 1796 4164 παραθέοντες.
1840 4093 1900 4144 '0

312 4188 440 4249 νοῦς
476 4187 520 4240 δ’
559 4188 588 4239 6
635 4186 904 4258 ἡμέτερος
957 4186 1014 4238 ἐν
1053 4185 1276 4255 ἀτόμῳ,
1315 4187 1374 4237 ἐν
1409 4187 1542 4257 ῥιπῇ
1595 4181 1898 4253 ὀφθαλμοῦ,

314 4279 433 4348 ἅμα
479 4278 578 4346 τῆς
615 4276 766 4329 κάτω
797 4277 1028 4340 κτίσεως
1059 4277 1154 4330 καὶ
1185 4277 1253 4330 τὰ
1286 4276 1636 4348 ὑπερκόσμια
1673 4290 1903 4344 περιποι-

314 4368 430 4430 λεῖ,
475 4366 676 4438 δρόμον
720 4365 858 4418 αὑτὰ
902 4364 1172 4435 περιθέων
1221 4365 1541 4436 ἀκάματον,
1577 4363 1654 4426 ὡς
1706 4362 1901 4432 ἄδηλος

312 4457 526 4529 ἀδήλως
569 4454 740 4526 ἄδηλα
780 4453 1113 4526 περιαθρῶν.
1154 4454 1383 4524 Βραχεῖς
1415 4470 1475 4506 τε
1507 4455 1602 4506 καὶ
1651 4453 1904 4524 ἀδρανεῖς

312 4547 635 4604 δοκοῦσινοὶ
685 4546 1000 4617 βόστρυχοι,
1053 4543 1191 4598 ἀλλὰ
1241 4547 1336 4598 καὶ
1373 4546 1528 4598 αὑτοὶ
1583 4544 1718 4615 πρὸς
1751 4546 1907 4598 εὐκο-

317 4640 485 4709 σμίαν
530 4642 597 4708 τῇ
631 4638 812 4708 δέρρει
858 4637 957 4708 τῆς
991 4635 1201 4708 κράνης
1252 4634 1636 4707 ἐμπεφύκασιν
1660 4675 1674 4698 ,
1711 4638 1905 4688 ἀποσοα

319 4728 541 4788 ϐοὖντες
583 4726 778 4796 αὑραις
826 4726 937 4778 τῶν
966 4725 1119 4790 ζώων
1153 4725 1221 4778 τὰ
1251 4725 1551 4799 λεπτότερα
1585 4727 1697 4788 τοῖς
1732 4726 1907 4791 φαλα-

319 4821 474 4890 κροῖς
494 4818 623 4870 ὄντα
650 4817 905 4882 πολέμια,
941 4817 1027 4869 ἀεὶ
1053 4817 1152 4879 τὰς
1181 4819 1372 4889 χεῖρας
1403 4815 1582 4871 αὐτῶν
1597 4813 1907 4868 ὲπισοὸίαν⁶

319 4911 619 4973 κινοῦντες.
673 4907 835 4961 Ἀλλὰ
882 4909 976 4960 καὶ
1026 4910 1160 4978 πρὸς
1209 4909 1476 4978 χειμῶνος
1525 4907 1735 4979 κρυμὸν
1761 4949 1774 4971 ,
1810 4908 1905 4960 καὶ

317 5006 472 5078 ἡλίου
507 5002 748 5075 φλογμὸν
768 5043 783 5067 ,
811 5003 866 5055 αἱ
901 5001 1086 5073 τρίχες
1108 5001 1422 5070 ἀντέχουσιν
1441 5041 1455 5061 ,
1484 5000 1650 5053 οἱονεὶ
1683 5000 1844 5064 ἄλσος
1870 5001 1904 5073 ἢ

318 5098 522 5170 δρυμὸς
576 5097 638 5150 τὸ
672 5093 1031 5164 ὑποκείμενον
1072 5089 1394 5154 σκιάζουσαι
1417 5129 1432 5152 ,
1466 5091 1560 5143 καὶ
1603 5091 1702 5162 τὴν
1736 5093 1908 5161 ἐπομ-

321 5190 479 5260 όρίαν
509 5190 815 5260 δεχόμεναι.
857 5183 1159 5256 Ὀφθαλμοὶ
1179 5183 1278 5254 τὴν
1307 5182 1650 5254 ὑψηλοτάτην
1674 5181 1906 5236 σκοπιάν

323 5280 513 5349 ἔλαχον
537 5319 552 5342 ,
607 5281 702 5332 καὶ
751 5280 846 5332 δύο
882 5280 1031 5350 μόνοι
1064 5276 1424 5349 τυγχάνοντες
1448 5314 1462 5338 ,
1508 5276 1691 5327 πᾶσαν
1739 5275 1907 5346 ὁρῶσι

320 5372 423 5443 τὴν
446 5371 827 5442 διακόσμησιν,
863 5370 1004 5424 ὥστε
1041 5371 1210 5443 μηδὲν
1239 5370 1437 5431 αὐτοὺς
1462 5370 1769 5421 ἐπισκοτεῖν
1797 5367 1906 5421 τῶν

328 5463 659 5534 σωματικῶν
723 5465 902 5534 νόμων
940 5480 956 5496 ο
1013 5465 1152 5518 ἀλλὰ
1215 5463 1443 5537 βραχείᾳ
1500 5460 1737 5532 προϐολῇ
1799 5461 1909 5513 τῶν

326 5554 544 5628 ὀφρύων
580 5555 1022 5626 ὑποκαθήμενοι,
1054 5559 1117 5610 ἐκ
1162 5558 1261 5627 τῆς
1293 5557 1496 5612 ἄνωθεν
1550 5554 1744 5624 ἐξοχῆς
1773 5554 1912 5625 πρὸς

327 5649 389 5702 τὸ
409 5648 564 5713 εὑθὲς
587 5649 983 5709 ἀποτείνονται,
1004 5649 1098 5702 καὶ
1122 5643 1235 5700 οἷον
1269 5650 1450 5702 ὰκίσιν
1473 5647 1506 5718 ἢ
1539 5649 1760 5718 ραφῖσιν
1790 5647 1914 5708 ταῖς

333 5740 598 5803 ἀκάνθαις
648 5738 716 5792 τὰ
748 5738 923 5791 λεπτὰ
946 5737 1054 5791 τῶν
1106 5735 1260 5799 ζώων
1306 5738 1684 5801 ἀποσείονται,
1720 5737 1814 5790 καὶ
1843 5737 1910 5807 τῇ

325 5832 541 5900 συνεχεῖ
587 5827 697 5882 τῶν
748 5825 1034 5899 βλεφάρων
1089 5827 1303 5898 κινήσει
1349 5827 1447 5890 τὰς
1500 5828 1668 5897 κόρας
1706 5843 1905 5896 συντη-

2052 1422 2290 1476 Proinde
2320 1421 2675 1491 attingamus,
2721 1420 2765 1476 si
2806 1421 2879 1474 ita
2911 1419 3144 1483 videtur,
3177 1419 3342 1473 etiam
3375 1434 3574 1488 corpu-

1984 1515 2062 1570 ris
2091 1514 2370 1584 opiﬁcium
2425 1523 2480 1568 et
2517 1513 2864 1566 articulatam
2913 1511 3359 1574 commissuram,
3393 1511 3573 1563 admi-

1986 1616 2168 1662 rantes
2208 1607 2508 1676 sapientem
2555 1605 2914 1659 architectum
2960 1603 3200 1657 universi
3243 1601 3438 1668 Deum,
3467 1617 3575 1668 quo

1988 1707 2146 1768 pacto
2181 1697 2513 1751 conveniens
2542 1704 2596 1748 et
2625 1705 2810 1762 aptum
2844 1695 3142 1762 hospitium
3178 1695 3376 1747 anima:
3407 1695 3576 1747 ratio-

1987 1789 2093 1842 nali
2126 1789 2372 1857 eptimus
2404 1786 2597 1842 artifex
2619 1786 2992 1850 aediﬁcaverit,
3028 1795 3082 1839 et
3116 1785 3294 1839 solum
3335 1785 3479 1838 inter
3511 1801 3574 1837 ea

1981 1895 2104 1949 quae
2120 1880 2259 1933 caalo
2285 1878 2528 1947 subjecta
2551 1887 2678 1933 sunt
2701 1877 2980 1942 animalia,
3015 1887 3256 1930 erectum
3296 1876 3575 1930 hominem

1984 1972 2323 2042 produxerit,
2358 1985 2454 2040 per
2506 1977 2680 2040 Ipsam
2726 1970 2931 2024 docens
2982 1968 3234 2031 formam,
3271 1983 3337 2022 ex
3375 1982 3577 2038 c0gna-

1985 2065 2134 2119 tione
2161 2077 2400 2132 superna
2433 2078 2534 2116 nos
2577 2062 2744 2116 vitam
2781 2062 3003 2115 habere.
3037 2059 3173 2114 Nam
3209 2059 3452 2129 expertia
3488 2075 3577 2114 ra-

1987 2155 2148 2211 tionis
2175 2156 2360 2209 omnia
2390 2155 2644 2209 deorsum
2695 2163 2936 2209 ventrem
2968 2169 3161 2208 versus
3199 2168 3259 2207 se
3291 2153 3576 2214 inclinant,

1987 2246 2301 2300 hominibus
2352 2256 2532 2301 autem
2573 2247 2708 2301 solis
2752 2263 2783 2301 a
2838 2256 3030 2301 natura
3067 2247 3190 2300 data
3227 2254 3280 2300 et
3324 2245 3578 2315 expedita

1987 2338 2212 2407 contigit
2252 2338 2318 2391 ad
2346 2338 2548 2392 ctnlum
2579 2339 2877 2408 suspectio,
2932 2355 2999 2392 ne
3039 2338 3108 2393 sit
3141 2337 3404 2406 voluptati
3428 2336 3581 2391 dedi-

1987 2437 2096 2488 tus.
2132 2445 2306 2497 neque
2339 2431 2593 2484 deorsum
2623 2445 2715 2499 per
2739 2431 2868 2483 vitia
2893 2438 3100 2500 vergat,
3136 2429 3229 2484 sed
3275 2437 3331 2480 ut
3361 2437 3580 2483 erectus

1991 2522 2061 2577 sit
2089 2533 2143 2576 et
2170 2523 2237 2576 ad
2268 2537 2504 2591 superna
2526 2522 2820 2592 spectanda
2851 2532 3154 2576 moveatur.
3186 2521 3387 2574 Deinde
3416 2529 3582 2590 caput

1991 2613 2138 2666 velut
2173 2614 2224 2666 in
2257 2613 2394 2668 colle
2423 2614 2671 2682 corporis
2700 2628 2934 2683 ponens,
2967 2614 3020 2666 in
3050 2628 3116 2666 eo
3156 2613 3422 2682 pretiosas
3451 2627 3582 2665 sen-

1992 2721 2154 2761 sunm
2191 2707 2345 2760 sedes
2362 2706 2669 2760 collocavit.
2695 2706 2990 2760 Cerebruut
3019 2722 3083 2759 ne
3106 2705 3326 2772 quidem
3358 2703 3586 2772 implere

1993 2799 2218 2854 calicem
2264 2813 2495 2852 vacuum
2548 2813 2708 2867 posse
2774 2799 3018 2868 plerique
3076 2804 3289 2867 putant,
3359 2795 3447 2850 cui
3501 2804 3588 2848 ta-

1995 2907 2120 2946 men
2152 2891 2419 2960 sapientia
2446 2904 2501 2945 et
2533 2891 2821 2961 prudentia
2857 2891 3068 2961 opiﬁcis
3106 2900 3191 2945 est
3220 2889 3424 2943 credita
3467 2887 3585 2948 Dei,

1996 2985 2093 3054 qui
2126 2984 2359 3039 consilio
2390 2992 2445 3037 et
2473 2983 2760 3052 prudentia
2791 2982 3085 3037 fabricavit
3124 2983 3398 3035 universa.
3428 2978 3586 3046 Quod

2000 3085 2180 3130 autem
2211 3076 2511 3129 maximum
2539 3075 2802 3143 quiddam
2847 3075 2916 3128 ad
2947 3075 3111 3127 vitam
3157 3073 3588 3128 emolumcntmn

2001 3167 2192 3221 afferat
2220 3167 2526 3230 cerebrum,
2557 3166 2836 3219 evidenter
2877 3165 2922 3219 si
2947 3165 3077 3235 quid
3113 3165 3403 3218 adversmn
3439 3163 3586 3217 acci-

1999 3261 2112 3323 dat,
2146 3260 2404 3314 ostendit.
2430 3257 2565 3311 Nam
2601 3258 2645 3312 si
2677 3257 2900 3310 vulnere
2939 3258 3020 3311 vel
3053 3265 3277 3324 ruptura
3305 3255 3591 3308 continens

2002 3352 2182 3424 ipsum
2212 3351 2532 3407 membrana
2565 3349 2812 3408 lsi-datur,
2844 3364 2969 3402 mox
3014 3365 3043 3402 e
3081 3347 3304 3400 vulnere
3343 3347 3591 3415 sequitur

2001 3461 2244 3515 praesens
2274 3458 2447 3506 mors,
2495 3457 2562 3495 ne
2589 3440 2808 3510 quidem
2843 3440 2909 3494 ad
2953 3448 3293 3494 momentum
3329 3437 3592 3506 temporis

2001 3535 2178 3590 dolori
2209 3535 2498 3589 resistente
2514 3541 2708 3586 natura
2727 3530 3213 3601 :quemadmodum
3230 3530 3284 3584 in
3309 3530 3592 3583 subterra-

2002 3627 2122 3682 neis
2154 3627 2468 3690 structuris,
2500 3634 2594 3680 aut
2631 3624 2685 3678 in
2725 3625 3049 3678 balneorum
3081 3624 3258 3686 tectis,
3287 3623 3378 3692 qui
3417 3632 3592 3677 totum

2002 3720 2246 3774 continet
2269 3718 2506 3784 aediﬁcii,
2539 3733 2679 3772 unus
2700 3725 2786 3772 est
2808 3732 3059 3772 summus
3082 3717 3239 3786 lapis,
3259 3717 3459 3771 inﬁxus
3485 3717 3594 3785 ipsi

2002 3812 2178 3875 tholo,
2210 3828 2374 3882 quem
2413 3827 2649 3866 cuneum
2683 3810 2907 3880 opiﬁces
2939 3810 3136 3863 :edium
3165 3809 3459 3878 appellant,
3485 3825 3594 3878 quo

2003 3904 2276 3974 perfracto
2316 3905 2398 3958 vel
2427 3905 2670 3963 revulso,
2717 3902 2862 3956 illico
2899 3916 3230 3955 concussum
3271 3910 3354 3955 est
3394 3909 3589 3954 totum.

2003 3997 2284 4050 Lahorant
2301 3996 2537 4050 maxima
2563 3995 2858 4050 luminaria
2879 3997 2959 4050 sol
2974 3995 3192 4058 etluna,
3211 3995 3461 4049 ccelestes
3479 3995 3594 4064 pla-

2004 4103 2100 4158 gas
2135 4087 2278 4141 intra
2315 4088 2458 4142 diem
2483 4097 2536 4143 et
2559 4097 2769 4143 noctem
2801 4087 3194 4157 percurrentia.
3231 4086 3383 4141 Mens
3411 4097 3590 4140 autem

2003 4189 2193 4233 nostra
2229 4180 2283 4232 in
2311 4191 2535 4249 puncto,
2562 4180 2614 4232 in
2648 4188 2926 4233 momento
2952 4179 3095 4232 oculi
3119 4195 3224 4232 una
3249 4193 3374 4232 cum
3399 4179 3592 4233 inferis

2003 4272 2203 4327 creatis
2225 4272 2398 4326 ambit
2425 4281 2478 4326 et
2505 4272 2960 4338 ultramunddha,
3007 4286 3172 4325 cursu
3228 4271 3282 4325 in
3324 4271 3458 4339 ipsis
3505 4271 3592 4324 in-

2003 4359 2222 4415 defesso
2253 4361 2590 4424 discurrens,
2615 4362 2896 4431 velutique
2915 4362 3089 4416 latens
3117 4361 3346 4416 latenter
3371 4361 3593 4416 latentia

2010 4453 2498 4524 circumspectans.
2543 4454 2703 4509 Parvi
2737 4463 2793 4510 et
2850 4455 3152 4510 imbecilles
3187 4454 3440 4508 videntur
3475 4455 3592 4524 pili,

2007 4563 2198 4600 verum
2228 4557 2284 4602 et
2315 4549 2415 4618 ipsi
2463 4549 2530 4604 ad
2586 4556 2929 4604 venustatem
2990 4547 3103 4601 cuti
3159 4547 3357 4617 capitis
3417 4546 3595 4601 innati

2011 4646 2162 4702 sunt,
2192 4649 2446 4693 arcentes
2469 4638 2775 4694 lenioribus
2800 4639 2978 4694 ventis
3008 4639 3269 4693 animalia
3300 4639 3596 4692 munitiora

2012 4731 2183 4786 calvis
2209 4731 2429 4794 infesta,
2454 4731 2550 4800 qui
2582 4739 2870 4801 propterea
2899 4746 3114 4800 semper
3140 4746 3339 4785 manus
3368 4745 3499 4785 suas
3529 4730 3598 4784 ad

2012 4824 2312 4878 arcendum
2348 4838 2410 4877 ea
2452 4832 2693 4877 movent.
2726 4821 2869 4888 Quin
2901 4823 3062 4877 etiam
3097 4823 3296 4876 hiemis
3327 4821 3514 4893 frigori
3546 4829 3601 4874 et

2016 4916 2150 4970 solis
2188 4915 2373 4971 ardori
2401 4915 2496 4985 pili
2528 4915 2814 4979 resistunt,
2845 4917 3013 4970 veluti
3068 4929 3264 4970 nemus
3317 4913 3592 4984 quoddam

2015 5007 2099 5062 vel
2133 5008 2304 5062 densa
2337 5007 2474 5062 silva
2511 5017 2720 5076 partem
2755 5009 3058 5078 subiectam
3088 5008 3502 5068 obumbrantes,
3546 5017 3602 5060 ct

2017 5099 2248 5153 imbrem
2281 5099 2636 5168 excipientes.
2671 5098 2827 5154 Oculi
2849 5101 3281 5155 excelsissimam
3315 5097 3596 5168 speculam

2017 5189 2194 5246 sortiti
2233 5201 2380 5252 sunt,
2413 5205 2647 5257 cumque
2675 5191 2783 5245 duo
2823 5200 3035 5245 tantum
3072 5190 3204 5253 sint,
3239 5188 3601 5243 nihilominus

2017 5297 2234 5336 omnem
2268 5291 2506 5338 cernunt
2534 5283 2721 5338 mundi
2765 5283 2932 5352 huius
2965 5292 3239 5347 ornatum,
3271 5282 3344 5336 ita
3378 5289 3436 5334 ut
3469 5279 3602 5350 ipsis

2014 5375 2152 5428 nihil
2195 5391 2375 5430 rerum
2432 5390 2823 5445 corporearum
2855 5374 3080 5439 oﬁiciat,
3142 5375 3236 5429 sed
3299 5373 3398 5428 sub
3432 5386 3603 5441 parvo

2017 5465 2441 5535 superciliorum
2500 5465 2920 5534 propugnaculo
2974 5463 3281 5527 constituti,
3336 5477 3403 5516 ex
3467 5462 3604 5514 emi-

2021 5558 2204 5611 nentia
2234 5557 2518 5626 superiore
2541 5555 2747 5610 directo
2769 5556 3162 5619 extenduntur,
3197 5563 3250 5607 et
3281 5551 3432 5605 velut
3463 5565 3602 5603 acu-

2023 5646 2124 5700 bus
2155 5653 2251 5698 ant
2272 5645 2508 5708 subtilis,
2540 5660 2736 5714 nempe
2759 5645 2935 5714 spinis
2965 5645 3174 5698 minuta
3203 5640 3456 5695 anin‘talia
3496 5656 3598 5694 ex-

2020 5737 2268 5799 cutiunt,
2319 5749 2373 5790 et
2412 5737 2677 5791 continuo
2725 5737 3109 5806 palpebrarum
3151 5741 3302 5786 motu
3357 5731 3596 5801 pupillas

2020 5834 2366 5893 conservant,
2401 5826 2653 5882 ardorem
2699 5827 2833 5883 solis
2883 5826 3041 5896 quasi
3079 5823 3430 5882 ventilationc
3465 5838 3602 5894 qua-
