4000 6430
463 354 602 413 5959

463 475 587 530 dam
610 458 952 543 mitigantes.
1003 464 1208 520 Eadem
1251 479 1376 518 cum
1439 463 1551 517 sint
1582 474 1843 533 tanquam
1874 476 1903 514 a
1956 475 2049 514 ca-

462 563 702 623 \entibus
728 572 995 630 usurpata
1017 557 1307 612 oculorum
1335 554 1607 609 velamina
1641 554 1938 609 deﬂectunt
1965 553 2053 605 iu-

464 654 847 725 temperantiae
875 650 1229 720 lasciviaeque
1252 657 1510 709 mortem,
1543 647 1613 702 de
1647 662 1753 716 qua
1770 643 2053 719 _Jeremias

464 750 609 805 inter
643 747 863 803 divinos
894 754 1050 800 vates
1098 742 1266 797 multa
1312 739 1555 810 pericula
1589 752 1886 809 perpessus
1916 749 2051 789 con-

465 850 710 901 testans,
769 839 883 893 ait:
923 834 1179 890 Ascendit
1211 850 1305 905 per
1341 834 1601 903 fenestras
1659 846 1801 884 mors
1826 829 1895 882 ι’.
1933 826 2051 881 Non

465 935 614 989 enim
646 931 810 985 modo
836 944 1040 999 corpus
1072 928 1364 991 intactum,
1394 924 1489 978 sed
1518 932 1573 977 et
1599 922 1885 976 oculorum
1918 917 2054 974 radii

467 1024 723 1080 servandi
751 1031 881 1077 sunt
930 1018 1255 1087 incorrupti,
1293 1031 1472 1086 neque
1526 1015 1662 1085 ipsis
1724 1014 1835 1067 ullo
1889 1012 2054 1065 modo

467 1115 923 1187 permittendum,
954 1122 1014 1166 ut
1053 1112 1400 1182 imprudenter
1430 1110 1664 1171 irruaut,
1685 1115 1747 1173 et
1783 1107 1835 1159 in
1863 1106 2057 1159 aliena:

466 1207 895 1278 pulchritudinis
930 1204 1137 1259 formas
1173 1203 1436 1266 involent,
1498 1217 1569 1255 ne
1615 1201 1686 1254 ab
1724 1209 1947 1268 aspectu
1986 1197 2055 1252 ad

467 1303 646 1370 ipsum
678 1309 860 1352 actum
895 1312 1141 1351 ruamus.
1169 1293 1308 1349 Nam
1339 1293 1647 1350 secundum
1685 1290 1901 1347 Domini
1939 1305 2058 1343 ser-

467 1408 684 1446 monem
710 1429 727 1454 ,
762 1390 866 1455 Qui
906 1390 1192 1458 inspexerit
1233 1387 1510 1441 mulierem
1557 1385 1627 1438 ad
1682 1384 2060 1453 concupiscen-

464 1483 592 1536 dum
617 1498 754 1539 eant,
787 1480 908 1550 jam
962 1479 1289 1533 adulterium
1325 1494 1447 1531 cum
1509 1477 1630 1546 ipsa
1686 1475 1951 1528 commisit
2000 1474 2057 1526 in

464 1578 621 1628 corde
652 1590 748 1627 suo
767 1572 833 1626 ".
864 1572 1215 1641 Quapropter
1246 1569 1489 1639 virgines
1517 1582 1643 1623 esse
1681 1566 1883 1621 debent
1920 1580 2057 1619 ocu-

463 1666 641 1720 lorum
673 1663 913 1734 pupulae,
946 1677 1069 1731 quae
1101 1660 1244 1714 idem
1275 1674 1400 1712 cum
1445 1657 1752 1729 virginibus
1816 1654 2058 1709 nominis

465 1763 856 1811 ornamentum
892 1754 1098 1809 sortita:
1134 1761 1283 1807 sunt.
1315 1751 1707 1820 Saepenumero
1736 1747 1883 1802 enim
1934 1762 2059 1816 qua:

466 1850 610 1904 intra
645 1846 938 1917 palpebras
972 1847 1127 1916 virgo
1157 1853 1277 1900 erat
1303 1843 1533 1915 pupilla,
1563 1857 1659 1911 per
1691 1841 1934 1910 ipsarum
1970 1840 2053 1894 di-

466 1941 781 1996 ductionem
824 1953 1136 2008 vagumque
1162 1946 1373 1991 motum
1406 1950 1572 1991 suum
1604 1942 1776 1990 nutus
1804 1941 1860 1988 et
1901 1933 2054 2003 (ξοεί-

465 2032 602 2086 tatio
630 2030 988 2088 scortationis
1013 2028 1157 2084 facta
1193 2035 1298 2085 est.

536 2122 805 2193 Exiguum
838 2122 1099 2192 quiddam
1136 2122 1281 2175 inter
1316 2118 1503 2175 omnia
1557 2116 1805 2171 membra
1865 2125 2055 2171 nostra

469 2223 556 2269 est
586 2213 758 2268 auris.
794 2211 899 2267 Sed
939 2221 995 2267 et
1024 2212 1159 2267 istas
1191 2220 1423 2265 exornat
1452 2208 1691 2264 vicinum
1720 2207 2053 2279 cymbalum,

463 2306 656 2375 eisque
680 2305 814 2360 solis
840 2303 986 2358 inter
1019 2312 1206 2358 creata
1245 2313 1443 2358 caetera
1504 2299 1598 2354 Dei
1633 2300 1893 2371 mysteria
1931 2314 2053 2354 cre-

465 2397 695 2453 duntur.
727 2396 930 2466 Estque
957 2395 1111 2451 auris
1140 2405 1253 2451 tota
1285 2395 1340 2449 in
1389 2391 1686 2449 rotundum
1721 2393 2055 2460 sinuoseque

464 2498 708 2555 tornala,
743 2504 810 2544 ne
863 2490 1031 2543 citius
1083 2488 1426 2556 ingrediatur
1477 2500 1682 2551 sermo,
1743 2486 1837 2540 sed
1877 2485 2055 2553 Spatio

462 2583 729 2652 longioris
779 2579 1045 2651 tetuporis
1102 2580 1457 2641 imminutus,
1526 2592 1625 2647 per
1660 2577 1837 2647 ipsam
1892 2590 2055 2631 exca-

462 2675 740 2729 vatiouem
788 2674 1079 2742 prohibeat
1133 2670 1434 2741 quominus
1469 2670 1537 2724 ad
1591 2669 1763 2723 imum
1823 2669 2049 2722 materia

464 2764 739 2820 mendacii
776 2772 1045 2833 penetret,
1070 2763 1165 2817 sed
1191 2778 1298 2816 uua
1325 2777 1452 2817 cum
1483 2760 1882 2815 maledicentiae
1907 2771 2051 2813 ster-

463 2855 687 2912 coribus
741 2855 794 2907 in
836 2853 1088 2925 partibus
1151 2860 1473 2917 remaneat;
1514 2866 1639 2904 nam
1677 2850 1897 2904 virtutis
1929 2849 2052 2920 qui-

463 2948 590 3003 dem
618 2956 704 3000 est
729 2946 782 2999 in
812 2960 877 2998 eo
900 2944 994 3014 qui
1025 2943 1296 3012 loquitur,
1329 2957 1439 2996 non
1475 2942 1660 2997 dicere
1690 2940 1827 2996 falsa
1854 2959 1867 2995 :
1901 2941 1955 2995 in
1986 2955 2052 2995 eo

462 3034 558 3104 qui
588 3033 767 3095 audit.
796 3033 1034 3102 probare
1058 3031 1339 3102 quomodo
1367 3032 1624 3102 quaelibet
1649 3033 1797 3087 dicta
1833 3032 2052 3086 videan-

467 3136 579 3187 tur,
610 3141 741 3178 num
775 3124 906 3194 quid
941 3122 1173 3179 aﬂ'eetus
1230 3123 1314 3178 vel
1353 3124 1517 3179 amici
1572 3124 1656 3180 vel
1690 3125 2050 3192 repugnantis

459 3218 754 3271 admistum
787 3218 878 3270 sit.
935 3215 1071 3270 Nam
1109 3216 1248 3271 alter
1297 3215 1518 3285 quidem
1568 3233 1677 3271 non
1712 3218 1889 3272 cernit
1919 3234 2050 3273 acu-

460 3318 599 3373 tum,
627 3308 766 3362 alter
792 3317 975 3362 autem
1012 3322 1237 3375 prorsus
1268 3324 1376 3362 non
1408 3308 1580 3363 videt.
1614 3307 1771 3374 Quod
1807 3309 1854 3364 si
1884 3309 2049 3364 alter-

461 3410 587 3454 utro
618 3401 814 3453 horum
847 3398 1160 3454 defectuum
1197 3401 1339 3455 ratio
1371 3413 1632 3472 corrupta
1678 3411 1806 3465 est,
1838 3403 2047 3473 judicio

461 3489 662 3545 mentis
696 3489 845 3559 quod
876 3489 931 3543 in
966 3490 1128 3546 nobis
1160 3499 1247 3545 est
1279 3490 1463 3561 puniri
1499 3500 1555 3546 et
1601 3507 1630 3545 a
1666 3493 1937 3562 pravitate
1962 3508 2049 3549 re-

461 3580 684 3651 purgari
720 3581 882 3636 debet
925 3594 1021 3650 per
1051 3582 1361 3647 veritatem,
1405 3598 1531 3653 quae
1595 3583 1820 3638 tortoris
1868 3583 2048 3639 ollicio

458 3673 741 3744 fungatur.
781 3673 895 3731 Hoc
927 3675 1073 3730 enim
1105 3677 1309 3732 docens
1333 3676 1400 3731 de
1435 3677 1621 3731 divino
1659 3686 1713 3731 et
1741 3676 2059 3733 fortissimo

460 3768 662 3822 athleta
692 3765 832 3823 Jobo
862 3768 1091 3822 historia
1124 3768 1339 3839 inquit:
1373 3767 1525 3823 Mens
1554 3770 1769 3840 quidem
1817 3779 1869 3825 et
1894 3772 2046 3825 auris

458 3860 613 3914 verba
637 3859 911 3930 dijudicat-
929 3875 950 3925 ;
977 3868 1164 3930 guttur
1209 3873 1390 3916 autem
1417 3877 1566 3916 escas
1598 3872 1781 3932 gustat
1804 3862 1870 3917 ”.
1907 3863 2045 3919 Cum

342 3948 346 3952 ’
459 3953 566 4008 hoc
595 3961 776 4013 autem
821 3954 1174 4009 consentiens
1214 3953 1528 4009 divinorum
1601 3955 1693 4010 ille
1735 3955 2043 4010 carminum

459 4055 654 4102 auctor
686 4045 918 4101 Davides
950 4046 1130 4116 inquit
1156 4063 1170 4101 :
1204 4044 1342 4100 Eum
1365 4048 1457 4116 qui
1491 4047 1797 4102 clanculum
1825 4050 2047 4102 mentie-

457 4139 617 4193 batur
642 4136 707 4191 de
750 4138 993 4207 proximo
1024 4155 1121 4193 suo
1151 4178 1167 4204 ,
1218 4138 1655 4209 persequebar“.
1691 4138 1810 4210 Ipse
1859 4148 2042 4194 autem

460 4229 834 4285 universitatis
867 4228 1098 4299 hujusce
1158 4227 1325 4297 Deus,
1398 4243 1688 4286 servorum
1746 4229 2045 4300 obsignans

456 4322 647 4385 verba,
669 4320 721 4374 in
744 4319 1038 4392 Evangelia
1062 4321 1271 4391 inquit:
1299 4318 1481 4375 Estote
1498 4319 1848 4375 nummularii
1867 4320 2040 4390 probi,

455 4413 810 4478 dijudicautes
841 4411 1031 4464 abono
1073 4412 1212 4471 quod
1264 4411 1629 4465 adulterinum
1677 4421 1778 4464 est.
1814 4408 1932 4463 Non
1986 4418 2046 4463 ut

455 4504 630 4560 instar
660 4503 1161 4558 nummulariorum
1193 4518 1393 4558 sonum
1428 4503 1766 4571 explorando
1799 4502 2040 4572 excipia-

457 4609 606 4657 mus,
647 4594 741 4649 sed
778 4601 839 4646 ut
876 4593 1244 4663 ponderautes
1291 4590 1650 4662 pronuntiata
1703 4591 1922 4646 illorum
1946 4594 2043 4664 qui

455 4685 872 4754 colloquuntur,
902 4694 956 4738 et
986 4689 1218 4738 eventus
1251 4681 1551 4746 factorum,
1581 4682 1648 4737 ad
1691 4683 1898 4753 justam
1944 4702 2042 4757 po.

457 4777 568 4833 tius
601 4776 1038 4847 propendeamus
1077 4774 1367 4830 trutinam.
1400 4773 1635 4829 Aurium
1663 4777 1811 4830 enim
1847 4786 1902 4832 et
1932 4777 2039 4832 lin-

456 4884 687 4943 guarum
743 4884 1002 4941 maguum
1064 4868 1340 4938 quoddam
1389 4867 1696 4939 periculum
1731 4879 1857 4925 est:
1911 4887 2038 4926 cum

452 4962 710 5031 exiguum
745 4962 818 5016 sit
846 4961 1156 5015 membrum
1196 4960 1379 5030 lingua
1400 4999 1417 5024 ,
1449 4959 1717 5016 mendacii
1749 4970 1805 5016 et
1836 4968 2037 5019 verita-

452 5053 542 5115 tis,
603 5053 689 5106 vel
729 5054 912 5122 potius
946 5050 1142 5107 salutis
1191 5059 1247 5106 et
1299 5051 1623 5122 perditionis
1663 5062 1748 5109 est
1795 5052 2033 5120 oﬂiciua,

451 5141 663 5213 Lingua
688 5159 803 5196 mea
836 5142 1078 5197 calamus
1137 5143 1326 5198 scribta
1375 5144 1623 5199 velociter
1662 5146 1940 5201 scribentis
1965 5147 2033 5211 ⁸³,

440 5228 504 5290 ἐι
533 5253 547 5290 :
583 5233 792 5306 Lingua
827 5250 941 5288 mea
989 5233 1236 5305 loquetur
1258 5235 1559 5305 justitiam,
1609 5235 1788 5306 inquit
1819 5236 2036 5292 divino-

450 5340 574 5381 rum
603 5332 795 5379 auctor
824 5324 1134 5380 carmiunm
1163 5325 1243 5393 “;
1274 5334 1330 5382 et
1359 5326 1503 5382 idem
1537 5342 1734 5381 rursus
1760 5343 1777 5381 :
1805 5325 2030 5419 Lipgui's

449 5419 562 5474 suis
594 5416 776 5472 dolose
802 5417 1030 5488 agebant
1053 5416 1098 5449 ⁸⁷
1125 5433 1143 5480 ;
1173 5427 1228 5473 et
1255 5437 1268 5474 :
1299 5415 1508 5489 Lingua
1539 5433 1718 5472 eorum
1756 5415 1896 5473 sicut
1923 5436 2034 5474 ser-

420 5532 423 5537 ⁴
453 5602 493 5608 __
521 5531 564 5608 ξι
599 5529 711 5608 Jer.
744 5547 821 5597 Ix,
849 5531 940 5608 ξι.
1018 5531 1063 5565 ⁸³
1095 5529 1352 5601 Mattb.v,
1386 5533 1478 5590 28.
1520 5533 1567 5566 “
1602 5533 1706 5589 Job
1751 5549 1852 5603 xu,
1885 5535 1970 5590 ll.
2044 5537 2093 5571 ιδ
2131 5538 2276 5599 Psal.
2313 5557 2367 5608 ο,
2410 5542 2467 5597 5,

451 5602 493 5636 δ”
522 5601 667 5657 Psal.
703 5617 838 5670 xm,
863 5604 916 5659 5.

486 5714 920 5799 ,(95).Γι’νεσιξε
951 5719 1186 5800 {parasti
1220 5678 1301 5774 De.
1326 5718 1663 5800 hoccelebri
1700 5718 1874 5800 dicto,
1901 5737 2035 5800 nus-

447 5789 593 5857 piam
639 5789 696 5857 i_u
753 5789 927 5857 sacris
964 5789 1187 5857 Litteris
1237 5797 1530 5852 exstante,
1581 5791 1737 5857 plura
1791 5789 1912 5843 vide
1958 5792 2036 5846 sis

447 5851 592 5923 apud
630 5851 959 5908 Cotelcrium
1003 5858 1071 5912 ad
1101 5855 1330 5913 Constit.
1359 5851 1543 5925 Apost.
1575 5851 1668 5913 lib.
1701 5872 1762 5924 ll,
1794 5872 1918 5930 cap.
1942 5860 2034 5927 '56,

1567 343 1623 397 S.
1667 338 1970 397 CIESARII
2009 338 2340 395 GREGORII
2380 338 2686 395 FRATRIS

3623 342 3775 395 ιοευ

2157 459 2335 529 ροῦσι,
2366 460 2461 513 τὸν
2492 459 2737 529 φλογμὸν
2762 456 2858 512 τοῦ
2892 458 3047 529 ἡλίου
3073 458 3572 532 διαρῤιπιζόμενοι.
3610 460 3696 513 Τά
3717 459 3768 513 δ’

2152 547 2297 601 αὐτά
2322 541 2435 601 οἷον
2457 548 2515 601 θε
2525 548 2691 620 ρῶσιν
2717 548 3189 618 καταπετάσματα
3207 550 3389 602 αὐτῶν
3411 548 3765 620 ὑπάρχοντα,

2154 637 2498 691 ἐκκλίνουσιν
2556 638 2650 691 τὸν
2681 638 2781 710 τῆς
2816 638 3115 700 ἀκολασίας
3171 638 3432 694 θάνατον’
3471 640 3532 693 ὃν
3586 640 3767 712 Ἰερε-

2158 728 2288 799 μίας
2329 729 2360 781 ό
2398 728 2506 782 τῶν
2543 730 2841 800 προφητῶν
2893 729 3278 794 πολυκίνδυνος
3309 731 3763 803 μαρτυρόμενος,

2156 821 2342 889 φησιν,
2361 819 2569 887 Ἀνέϐη
2604 821 2862 888 θάνατος
2892 822 2993 875 διὰ
3023 821 3143 876 τῶν
3163 823 3442 890 θυρίδων.
3475 825 3552 879 Οὐ
3593 825 3766 895 μόνον

2155 913 2265 982 γάρ
2314 912 2377 965 τὸ
2418 910 2580 983 σῶμα
2622 914 2937 983 ἀνέπαφον,
2964 914 3101 967 ἀλλά
3158 915 3254 968 καὶ
3287 915 3385 978 τὰς
3430 916 3595 986 βολάς
3642 917 3762 970 τῶν

2155 1002 2454 1074 ὀφθαλμῶν
2487 1004 2571 1057 δεῖ
2594 1004 2954 1076 παρθενεύειν
3000 1008 3096 1060 καὶ
3124 1007 3393 1078 μηδαμῶς
3428 1009 3763 1080 ἐπιτρέπειν

2156 1095 2351 1159 αὑταῖς
2383 1094 2619 1160 ἀναιδῶς
2668 1097 2920 1168 ἐφορμᾷν
2952 1098 3047 1151 καὶ
3080 1097 3459 1169 παρίπτασθαι
3503 1103 3623 1163 τοῖς
3662 1101 3764 1154 ἁλ-

2157 1185 2388 1257 λοτρίοις
2418 1185 2671 1242 κάλλεσιν
2694 1228 2710 1253 ,
2751 1188 2840 1241 ἵνα
2893 1188 2970 1260 μὴ
2998 1190 3107 1242 ἀπὸ
3156 1193 3257 1261 τῆς
3312 1189 3442 1254 θέας
3465 1232 3479 1252 ,
3524 1193 3624 1245 ἐπὶ
3654 1192 3761 1263 τὴν

2158 1277 2359 1350 πρᾶξιν
2410 1278 2764 1351 ὁρμήσωμεν.
2802 1281 2963 1335 Κατά
3016 1281 3126 1354 γάρ
3163 1282 3262 1353 τὴν
3317 1282 3614 1355 θεηγορίαν
3641 1324 3656 1348 ,
3705 1288 3761 1338 '0

2157 1371 2465 1440 ἐμϐλέψας
2486 1373 2720 1442 γυναικὶ
2750 1376 2900 1442 πρὸς
2920 1374 2986 1427 τὸ
3010 1374 3617 1446 ἐπιθυμῆσαι-αὐτὴν.
3636 1377 3758 1447 ἤδη

2158 1464 2517 1532 ἐμοίχευσεν
2567 1463 2764 1533 αὐτὴν
2790 1465 2860 1519 ὲν
2897 1464 2976 1534 τῇ
3028 1468 3242 1535 καρδίᾳ
3293 1467 3506 1522 αὐτοῦ.
3534 1470 3757 1540 Παρθε-

2160 1553 2338 1607 νεύειν
2369 1551 2462 1608 οὖν
2492 1554 2599 1627 χρῆ
2634 1557 2733 1619 τὰς
2769 1556 2935 1627 κόρας
2966 1557 3075 1610 τῶν
3106 1557 3423 1629 ὀφθαλμῶν.
3451 1560 3752 1631 ίσωνυμίαν

2161 1646 2270 1700 τῶν
2302 1647 2585 1718 παρθένων
2613 1649 3009 1719 τετιμημένας.
3042 1649 3313 1714 Πολλάκις
3338 1651 3449 1723 γάρ
3477 1653 3511 1723 η
3541 1654 3752 1725 ἐμπαρ-

2163 1739 2460 1794 θενεύουσα
2503 1744 2616 1805 τοῖς
2650 1741 2941 1813 βλεφάροις
2978 1744 3115 1815 κόρη
3141 1784 3156 1808 ,
3187 1747 3253 1815 τῇ
3282 1745 3533 1817 διαστολῇ
3568 1748 3751 1801 αὐτῶν

2161 1832 2256 1886 καὶ
2296 1834 2497 1905 ἐαυτῆς
2535 1838 2910 1908 περιστροφῇ,
2952 1835 3129 1908 νεῦμα
3158 1838 3253 1891 καὶ
3288 1838 3467 1909 νόημα
3496 1840 3753 1911 πορνείας

2160 1924 2221 1978 τὸ
2251 1924 2511 1997 ἄντικρυς
2548 1927 2787 1996 ἐγένετο.

2229 2110 2469 2165 Κολοὸὸν
2500 2112 2565 2166 ἐκ
2617 2112 2836 2166 πάντων
2867 2114 3025 2185 ἡμῶν
3053 2112 3160 2168 τῶν
3203 2113 3381 2185 μελῶν
3425 2114 3487 2169 τὸ
3534 2110 3632 2181 οὖς
3665 2135 3755 2170 κε-

2158 2203 2474 2276 χάλκευται,
2506 2205 2642 2259 ἀλλά
2669 2206 2763 2259 καὶ
2793 2207 2926 2261 αὐτὸ
2952 2206 3241 2279 διακοσμεῖ
3270 2208 3333 2262 τὸ
3366 2210 3753 2281 περικείμενον

2158 2295 2459 2367 κύμϐαλον,
2497 2297 2592 2350 καὶ
2627 2298 2790 2374 μόνον
2816 2301 2914 2370 τῆς
2943 2299 3307 2371 δημιουργίας
3339 2299 3625 2371 θαρῤεἶται
3659 2301 3751 2355 τοῦ

2156 2388 2293 2443 Θεοῦ
2354 2390 2627 2462 μυστήρια
2651 2433 2668 2458 ,
2708 2389 3021 2456 ἐλικοειδῶς
3076 2391 3427 2464 ἐκτορνευθέν
3484 2393 3551 2447 δι’
3602 2395 3749 2459 ὅλου,

2155 2480 2297 2535 ὥστε
2334 2482 2415 2555 μὴ
2444 2482 2639 2538 θᾶττον
2673 2483 2937 2538 είσδύνειν
2967 2483 3059 2537 τὸν
3089 2483 3247 2554 λόγον
3266 2524 3281 2545 ,
3308 2484 3424 2539 ἀλλ’
3455 2488 3516 2541 ἐν
3545 2487 3749 2541 πλείονι

2154 2576 2333 2648 χρόνῳ
2364 2576 2760 2648 ἐλαττουμένου
2785 2580 2852 2649 τῇ
2882 2578 3072 2650 τορείᾳ
3097 2578 3192 2631 ἐπὶ
3214 2577 3277 2630 τὸ
3306 2578 3468 2649 βάθος
3492 2578 3592 2652 τὴν
3618 2580 3748 2651 ὓλην

2152 2667 2249 2721 τοῦ
2306 2666 2572 2737 ψεύδους,
2610 2667 2729 2739 άμα
2782 2669 2889 2723 τῶν
2944 2669 3046 2740 τῆς
3080 2670 3419 2742 κατηγορίας
3457 2672 3745 2727 σκυδάλων

2154 2759 2623 2830 προσκαταλείψαι
2655 2762 2777 2825 ταῖς
2828 2760 3037 2832 ὄχθαις.
3083 2761 3314 2834 Ἀρετῆς
3356 2764 3467 2834 γάρ
3503 2764 3599 2817 τοῦ
3646 2766 3745 2836 μὲν

2125 2862 2129 2866 ’
2155 2851 2457 2922 φράζοντος
2491 2854 2566 2924 μὴ
2596 2853 2956 2924 ψευδηγορεῖν
2975 2894 2991 2920 ,
3020 2853 3114 2907 τοῦ
3167 2853 3225 2908 δὲ
3263 2853 3551 2921 ἀκούοντος
3592 2857 3747 2910 δοκι-

2155 2938 2350 3011 μάζειν
2391 2941 2462 2995 τά
2508 2942 2805 3013 φάσματα,
2838 2942 2888 2994 εί
2941 2942 3110 3014 μηδὲν
3164 2944 3542 3016 προσπαθείας
3567 2946 3744 3011 πάθος

2151 3031 2510 3103 ἐγκέκραται.
2555 3034 2621 3087 Ἡ
2667 3035 2768 3104 μὲν
2812 3034 2923 3106 γάρ
2968 3035 3069 3089 οὐκ
3105 3035 3365 3101 ὀξυωπεῖ,
3413 3041 3445 3109 ή
3491 3037 3544 3091 δὲ
3592 3036 3735 3102 ὅλως

2150 3123 2248 3193 οὐχ
2287 3125 2389 3196 ὁρᾷ
2412 3141 2427 3156 ο
2460 3127 2509 3178 εἰ
2539 3125 2584 3179 δ’
2618 3125 2887 3197 ὁποτέρας
2937 3125 3089 3200 λώϐῃ
3135 3129 3165 3180 ὀ
3213 3128 3373 3197 λόγος
3396 3130 3742 3202 διέφθαρται,

2154 3215 2233 3286 τῷ
2280 3217 2338 3269 ὲν
2368 3218 2502 3287 ἡμῖν
2535 3216 2804 3290 κριτηρίῳ
2843 3218 2946 3289 τῆς
2988 3219 3229 3283 διανοίας
3265 3224 3531 3294 τιμωρεῖν
3579 3223 3745 3277 αὑτὸν

2157 3308 2254 3362 καὶ
2278 3308 2531 3375 ἀποξέειν
2561 3311 2661 3380 τῆς
2700 3310 2921 3377 κακίας,
2954 3313 3117 3366 οἱονεὶ
3153 3312 3337 3385 δημίῳ
3378 3317 3445 3385 τῇ
3487 3314 3743 3385 ἀληθείᾳ.

2154 3404 2326 3460 Τοῦτο
2360 3405 2470 3474 γάρ
2527 3402 2859 3457 παιδεύουσα
2904 3406 2937 3473 ἠ
2995 3403 3140 3458 κατὰ
3174 3405 3267 3458 τὸν
3316 3405 3603 3459 θεσπέσιον
3654 3407 3745 3460 καὶ

2151 3496 2531 3567 ἀνδρειότατον
2580 3493 2888 3564 ἀγωνιστὴν
2926 3493 3049 3547 Ἰὼϐ
3103 3494 3314 3564 ἱστορία
3346 3494 3510 3565 φησίν
3534 3512 3549 3525 ·
3584 3495 3745 3561 Νοῦς

2144 3588 2264 3659 μὲν
2289 3587 2388 3642 καί
2422 3583 2531 3653 οὖς
2562 3586 2803 3665 ῥήματα
2829 3587 3118 3655 διακρίνει
3143 3626 3158 3650 ,
3199 3586 3427 3658 λάρυγξ
3484 3586 3555 3640 δὲ
3604 3587 3746 3641 σῖτα

2150 3679 2742 3751 γεύεται.Συμφὼνως
2777 3678 2834 3732 δὲ
2874 3677 3050 3751 τούτῳ
3097 3679 3281 3743 Δαδὶδ,
3342 3683 3372 3733 ό
3421 3679 3531 3734 τῶν
3584 3680 3745 3735 θείων

2154 3769 2416 3843 μελῳδὸς,
2435 3769 2591 3841 φησί·
2623 3768 2737 3824 Τὸν
2764 3769 3223 3825 ωταλαλοῦντα
3245 3768 3434 3838 ,λάθρα
3456 3770 3564 3824 τοῦ
3588 3775 3744 3840 πλη-

2150 3863 2292 3916 σίον
2333 3861 2520 3916 αὐτοῦ
2541 3902 2557 3927 ,
2602 3860 2820 3915 τοῦτον
2849 3860 3192 3926 ἐξεδίωκεν.
3248 3861 3309 3914 '0
3353 3860 3410 3914 δὲ
3450 3859 3560 3914 τῶν
3601 3861 3745 3914 ’ὅλων

2150 3954 2284 4020 Θεὸς
2320 3954 2431 4008 τῶν
2480 3952 2712 4007 οἰκετῶν
2767 3952 3187 4025 ἐπισφραγίζων
3239 3952 3310 4007 τά
3369 3955 3629 4025 ῥήματα,
3686 3954 3742 4007 ἐν

2148 4044 2504 4114 Εὑαγγελίοις
2537 4044 2707 4117 φησι,
2759 4045 3017 4099 Γίνεσθε
3067 4043 3400 4111 τραπεζῖται
3431 4044 3540 4115 (95)
3572 4043 3741 4099 δόκι-

2142 4151 2285 4203 μοι,
2332 4132 2748 4202 διακρίνοντες
2788 4134 2858 4188 ἐκ
2902 4131 3010 4186 τοῦ
3050 4133 3302 4203 δοκίμου
3331 4134 3399 4188 τὸ
3429 4134 3737 4203 κίϐδηλον.

2148 4224 2260 4295 Οὐχ
2316 4224 2401 4301 ῖνα
2441 4223 2599 4295 δίκην
2654 4223 2764 4278 τῶν
2811 4224 3150 4279 κολυσιστῶν
3202 4229 3586 4296 κομπήσαντες
3642 4228 3739 4280 τὸν

2147 4311 2281 4387 ἦχον
2313 4314 2631 4389 δεξώμεθα,
2686 4315 2803 4370 ἀλλ’
2838 4317 2925 4370 ἵνα
2977 4316 3365 4389 σταθμίζοντες
3395 4319 3494 4384 τὰς
3523 4319 3740 4388 ἀποφά-

2151 4425 2266 4473 σεις
2297 4409 2407 4463 τῶν
2439 4409 2981 4486 προσδιαλεγομένων
3006 4452 3021 4477 ,
3052 4412 3146 4464 καὶ
3198 4411 3298 4476 τὰς
3344 4411 3595 4475 ἐκϐάσεις
3626 4412 3738 4464 τῶν

2152 4499 2545 4573 πραττομένων
2587 4540 2602 4566 ,
2644 4502 2737 4555 ἐπὶ
2804 4500 2904 4573 τὴν
2961 4502 3175 4556 δικαίαν
3229 4503 3431 4574 μᾶλλον
3482 4503 3736 4575 ρἐωμεν

2151 4593 2485 4664 πλάστιγγα.
2525 4594 2693 4648 Ὠτῶν
2747 4594 2858 4666 γὰρ
2919 4595 3015 4649 καὶ
3050 4594 3308 4663 γλωττῶν
3357 4595 3525 4659 πολύς
3576 4613 3662 4659 τις
3705 4597 3735 4649 ό

2148 4684 2390 4750 κίνδυνος
2417 4724 2434 4750 ,
2490 4686 2666 4757 βραχὺ
2720 4686 3042 4757 ὑπάρχουσα
3105 4684 3308 4756 μέλος,
3359 4685 3587 4755 ψεύδους
3640 4688 3735 4741 καὶ

2147 4775 2499 4848 ἀληθείας,ἣ
2533 4776 2734 4847 μᾶλλον
2777 4777 3053 4849 σωτηρίας
3083 4776 3178 4831 καὶ
3218 4775 3495 4840 ἀπωλείας
3534 4777 3737 4847 τυγχά-

2145 4886 2315 4925 νουσα
2386 4871 2773 4942 ὲργαστήριον.
2841 4870 2913 4927 Ἦ
2972 4870 3230 4943 γλῶσσὰ
3284 4890 3404 4943 μου
3463 4872 3737 4943 κάλαμος

2144 4963 2532 5034 γραμματέως
2578 4962 2924 5033 ὀξυγράφου
2953 5003 2969 5029 ,
3005 4964 3103 5018 καὶ
3126 5005 3142 5030 ,
3193 4965 3256 5019 Ἡ
3303 4964 3555 5034 γλῶσσά
3611 4984 3735 5036 μου

2142 5056 2404 5124 λαλήσει
2438 5057 2858 5125 δικαιοσύνην,
2890 5058 3054 5129 φησὶν
3078 5058 3108 5111 ὁ
3139 5057 3248 5111 τῶν
3283 5057 3442 5112 θείων
3472 5058 3729 5129 μελῳδὸς.

2143 5149 2254 5202 Καὶ
2280 5147 2442 5202 πάλιν
2464 5150 2492 5201 ὁ
2523 5149 2685 5214 αὐτὸς
2700 5192 2717 5216 ,
2753 5150 2888 5218 Ταῖς
2908 5150 3220 5220 γλώσσαις
3239 5149 3438 5206 αὐτῶν
3461 5151 3724 5205 ἐδολιοῦ-

2142 5255 2285 5305 σαν,
2318 5240 2417 5294 ml
2448 5242 2486 5310 ἡ
2516 5239 2770 5310 γλῶσσα
2795 5241 2997 5296 αὐτῶν
3015 5241 3159 5296 ὡσεὶ
3188 5241 3405 5312 ὄφεως,
3434 5241 3522 5308 loc
3548 5242 3734 5297 ἀσπίς

2140 5333 2263 5388 δων
2302 5332 2422 5388 ὑπὸ
2452 5332 2527 5387 τὰ
2554 5333 2728 5402 χείλη
2754 5331 2973 5388 αὐτῶν.
3002 5333 3318 5405 Συμφώνως
3350 5332 3407 5387 δὲ
3433 5332 3512 5404 τῷ
3558 5334 3734 5405 πατρὶ

2139 5414 2171 5478 ό
2224 5425 2332 5480 τῶν
2389 5425 2548 5480 θείων
2594 5425 2757 5496 σοφὸς
2810 5426 3064 5498 Σολομῶν
3115 5445 3286 5498 φησι,
3319 5427 3452 5497 Ζωὴ
3488 5428 3598 5498 γὰρ
3629 5428 3731 5482 καί

2544 5541 2591 5574 ⁸⁸
2621 5539 2770 5598 Psal.
2807 5557 2957 5608 κων,
2997 5542 3071 5633 2.⁹
3130 5543 3180 5576 ⁸⁸
3226 5541 3370 5599 Psal.
3413 5559 3601 5601 xxxrv.
3631 5543 3725 5599 53.

2142 5720 2237 5792 qui
2270 5730 2323 5776 et
2350 5720 2484 5792 illud
2510 5721 2652 5792 inter
2685 5720 2792 5792 alia
2818 5721 2990 5776 multa
3019 5721 3300 5788 observat,
3332 5722 3476 5777 hunc
3502 5722 3726 5777 (aurarii

2143 5789 2323 5863 locum
2347 5807 2410 5863 ex
2443 5789 2666 5846 Palladii
2696 5791 2769 5846 De
2803 5793 2909 5846 vita
2943 5792 3307 5863 Clrirqsostomi
3327 5828 3335 5837 .
3354 5808 3474 5861 cap.
3503 5793 3552 5851 4.
3581 5793 3728 5847 scri-

2145 5862 2321 5931 ptoris
2352 5861 2594 5918 Caesarie
2622 5863 2970 5928 recentioris,
3003 5861 3173 5919 fuisse
3208 5864 3465 5919 edictum.
