4000 6428
269 358 405 414 1061

270 476 529 536 θάνατος
566 470 637 525 ἑν
679 467 832 540 χειρὶ
865 466 1158 537 γλώσσης
1183 481 1198 494 ·
1241 463 1445 518 ὠσανεὶ⁵
1503 464 1623 518 ἀντὶ
1675 459 1859 533 χειρὸς

269 568 363 621 τὸν
384 566 566 634 λόγον,
591 563 714 616 ἀντὶ
736 563 1016 630 φασγάνου
1039 559 1131 611 τὸν
1153 556 1325 620 δόλον,
1352 555 1519 624 φονέα
1550 553 1855 624 παριστῶν,

273 655 366 709 καὶ
395 655 454 706 ἐν
489 653 588 722 μιᾷ
627 649 806 721 μερίδι
837 648 930 701 τὸν
955 647 1282 719 ἀνδροφόνον
1316 646 1409 699 καὶ
1446 645 1538 698 τὸν
1563 643 1732 698 δόλιον
1752 681 1768 707 ,
1797 643 1859 696 τὸ

269 747 425 800 Θεῖον
471 740 776 811 ἐψηφίσατο
801 779 816 802 ,
851 737 1033 800 καθώς
1068 753 1200 806 φησι
1233 735 1323 789 διὰ
1357 734 1451 788 τοῦ
1485 735 1722 804 μεγάλου
1753 737 1858 787 Δα-

271 835 376 900 δὶδ,
410 832 635 900 ’Ἄνδρα
664 829 925 900 αἱμάτων
953 829 1052 883 καὶ
1081 827 1289 882 δόλιον
1308 825 1858 892 βδελύσσεταιΚύ-

265 945 417 996 ριος.
467 925 526 978 '0
551 925 608 978 δὲ
651 923 770 993 Θεῷ
800 922 1082 993 βδελυκτὸς
1119 921 1336 983 πάντως
1367 920 1462 974 καὶ
1506 918 1813 990 τιμωρητός
1839 933 1854 948 ⁸

269 1018 345 1081 ὼς
375 1017 404 1068 δ
433 1015 804 1087 παραρῤιφεὶς
840 1015 1055 1084 σίδηρος
1078 1013 1183 1066 ὑπὸ
1210 1012 1304 1066 τοῦ
1337 1012 1416 1065 ίοῦ
1444 1011 1856 1081 δαπανώμενος,

273 1109 366 1162 καὶ
396 1106 550 1172 ξύλον
588 1106 620 1177 ἦ
652 1105 815 1176 ἐσθὴς
850 1104 1070 1176 ῥυπαρά
1092 1104 1429 1174 τυγχάνοντα
1461 1104 1558 1158 καὶ
1599 1101 1859 1173 βδελυκτὰ

270 1197 348 1269 τῷ
379 1197 614 1267 δεσπότῃ
649 1195 755 1248 ὑπὸ
791 1196 884 1248 τοῦ
935 1195 1256 1267 ἐγκειμένου
1290 1195 1513 1264 αἴσχους
1557 1193 1858 1263 καταφθεί-

275 1305 427 1362 ρεται
449 1305 463 1321 °
487 1288 518 1360 ἦ
555 1288 745 1358 ὥσπερ
773 1283 920 1351 οἶκος
948 1289 1015 1357 τῇ
1039 1284 1427 1355 ἐγκαταλείψει
1457 1283 1549 1338 τοῦ
1589 1283 1860 1338 ἐνοικοῦν-

269 1401 360 1447 τος
412 1379 788 1454 ἐρημούμενος
838 1379 978 1434 κατά
1023 1379 1188 1450 μέρος
1220 1377 1501 1449 φθείρεται
1525 1395 1540 1410 ο
1570 1378 1860 1449 παραπλη-

275 1475 404 1538 σίως
439 1491 531 1544 μοι
562 1473 710 1525 δοκεῖ
747 1473 841 1525 καὶ
894 1471 1084 1542 βροτὸς
1137 1469 1258 1540 Θεῷ
1287 1469 1574 1540 βδελυκτὸς
1623 1473 1688 1542 τῇ
1737 1469 1859 1541 θείᾳ

271 1565 591 1635 ἀποστροφῇ
646 1561 752 1615 ὑπὸ
799 1561 909 1614 τῶν
963 1559 1386 1631 ἐγκεκραμένων
1456 1559 1608 1630 αὐτῷ
1668 1558 1858 1613 κακῶν

273 1655 614 1725 κακούμενος
678 1652 1082 1724 τιμωρεῖσθαι,
1139 1652 1240 1723 τῆς
1291 1653 1619 1721 ἀποφάσεως
1647 1691 1662 1716 ,
1721 1651 1855 1722 τῆς,

282 1747 602 1803 Ἀπέλθετε
631 1746 732 1799 ἀπ’
773 1744 942 1814 ἐμοῦ,
965 1747 1019 1798 οἱ
1049 1743 1466 1811 κατηραμένοι,
1505 1745 1592 1808 εὶς
1643 1743 1707 1795 τὸ
1738 1742 1858 1810 πῦρ

271 1837 338 1891 τὸ
370 1835 612 1890 αἰώνιον
636 1875 651 1898 ,
685 1834 1036 1905 καταλλήλως
1084 1832 1191 1886 τῶν
1234 1833 1639 1904 ἡμαρτημένων
1685 1833 1860 1902 ἐμπε-

274 1929 476 1999 σούσης
511 1930 620 1991 τοῖς
659 1927 1068 1996 ἀκουσομένοις.
1092 1927 1228 1980 Τότε
1253 1927 1380 1989 τοὺς
1426 1925 1528 1994 μὲν
1553 1925 1718 1978 οἱονεὶ
1761 1924 1858 1979 ἄν·

274 2021 412 2093 θραξ
467 2021 524 2073 ὲν
562 2019 787 2091 ἀχύροις
831 2017 1092 2088 ἐμπεσὼν
1136 2019 1426 2088 διασμήχει
1453 2017 1549 2070 καὶ
1581 2017 1858 2087 διαφλέγει

274 2112 540 2176 αίωνίως,
575 2112 712 2181 μήτε
757 2108 1054 2178 φθείρουσα
1081 2148 1095 2173 ,
1134 2111 1272 2179 μήτε
1307 2107 1642 2178 φθειρομένη
1679 2108 1768 2161 διὰ
1799 2109 1858 2162 τὸ

273 2203 583 2273 ἀφθάρτους
609 2201 758 2271 ἡμᾶς
781 2202 846 2253 ἐκ
873 2200 1063 2269 τάφων
1108 2198 1463 2253 ἀνίστασθαι·
1499 2199 1624 2263 τοὺς
1660 2199 1758 2271 μὲν
1786 2200 1864 2253 δι-

271 2294 463 2356 καίους
500 2295 557 2346 ἐν
583 2292 736 2362 ἀδείᾳ
766 2293 861 2345 καὶ
914 2293 1256 2354 ἀναπαύσει,
1299 2291 1393 2345 καὶ
1442 2291 1592 2364 πάσῃ
1643 2291 1862 2362 ἐξουσίᾳ

274 2385 456 2454 μένειν
489 2383 802 2451 ἀφθάρτους
856 2381 1305 2445 διαιωνίζοντας,
1348 2382 1478 2446 τοὺς
1519 2383 1575 2436 δὲ
1616 2384 1862 2453 ἁμαρτή-

273 2491 472 2538 σαντας
501 2473 735 2535 αἰωνίως
763 2471 1231 2543 τιμωρουμένους,
1265 2472 1339 2544 μὴ
1371 2473 1708 2545 φθείρεσθαι,
1727 2473 1863 2528 ἀλλά

272 2569 544 2637 περιεῖναι
569 2566 626 2617 ἐν
654 2566 771 2628 τοῖς
795 2563 1202 2634 ἀφωρισμένοις
1229 2565 1440 2630 τόποις,
1469 2566 1860 2636 ἀσχάλλοντας,

271 2653 690 2725 ἀμηχανοῦντας
712 2695 727 2717 ,
759 2652 1192 2725 ἀδημονοῦντας.
1228 2653 1530 2723 ἀλγοῦντας
1555 2696 1571 2720 ,
1602 2656 1864 2728 ὀλοφυρο⁴

277 2746 501 2816 μένους,
527 2747 896 2817 τρυχομένους
917 2785 932 2809 ,
965 2746 1308 2810 κωκύοντας,
1339 2747 1723 2818 δακνομένους,
1759 2749 1864 2801 τιλ-

272 2836 534 2905 λομένους
559 2874 574 2898 ,
611 2835 981 2900 ἀλαλάζοντας
1003 2876 1018 2902 ,
1055 2835 1492 2906 ἀραττομένους,
1541 2837 1706 2907 μηδὲν
1749 2838 1864 2892 λοι-

275 2929 378 2982 πὸν
403 2925 850 2997 δυναμένους,τὸν
875 2925 974 2981 νῦν
1023 2927 1214 2996 καιρὸν
1272 2927 1370 2997 τῆς
1402 2929 1690 2998 μετανοίας
1721 2946 1864 3002 παρ-

271 3020 592 3089 ωσαμένους
616 3057 630 3082 ,
656 3021 768 3079 τοῖς
792 3017 1069 3088 δεομένοις
1097 3017 1168 3070 τὰ
1211 3017 1438 3083 ἑαυτῶν,
1472 3020 1683 3084 ἑαυτοῖς
1715 3020 1772 3073 δὲ
1798 3021 1864 3074 τὰ

272 3109 368 3164 τοῦ
407 3107 543 3162 Θεοῦ
571 3108 859 3178 σπλάγχνα
887 3105 1339 3169 ἀποκλείσαντας.
1368 3109 1651 3172 Ἀγέλεως
1682 3110 1791 3177 γὰρ
1823 3109 1862 3177 ἡ

272 3203 475 3271 κρίσις
531 3201 612 3267 τῷ
654 3199 741 3269 μὴ
801 3198 1125 3276 ποιήσαντι
1179 3199 1386 3266 ἕλεος,
1439 3201 1605 3269 φησὶν
1652 3203 1686 3272 ἡ
1745 3201 1864 3256 θεία

275 3296 461 3365 φωνή·
493 3296 605 3356 τοῖς
647 3292 704 3344 δὲ
739 3293 831 3346 καὶ
859 3291 1050 3354 σκότος
1073 3293 1131 3344 ἐν
1157 3291 1448 3364 ἐξωτέροις
1493 3293 1730 3346 ἐλαύνων
1774 3294 1865 3346 τό-

273 3402 395 3450 ποις
427 3388 460 3456 ή
514 3384 608 3437 τοῦ
657 3382 844 3454 κριτοῦ
874 3383 1149 3451 ἀπόφασις
1197 3383 1408 3452 γίνεται
1435 3423 1449 3448 ,
1487 3385 1611 3447 τοὺς
1657 3385 1863 3449 αἰτίους

277 3473 620 3545 μαστιγοῦσα
655 3473 749 3526 καὶ
795 3471 1156 3539 ἐξελαύνουσα
1179 3490 1192 3503 ·
1232 3473 1308 3536 ὡς
1361 3476 1395 3545 ἡ
1432 3474 1553 3527 κατ’
1589 3474 1864 3544 Αἴγυπτον

277 3563 488 3634 ἱστορία
522 3561 805 3615 παιδεύει·
868 3563 1000 3632 μιᾶς
1051 3563 1149 3633 μὲν
1209 3565 1504 3636 γινομένης
1557 3567 1657 3637 τῆς
1714 3567 1865 3632 θείας

274 3656 602 3722 ἀποφάσεως
628 3693 642 3716 ,
712 3655 1063 3724 καταλλήλως
1130 3656 1188 3708 δέ
1239 3660 1305 3728 τῇ
1374 3660 1693 3729 προαιρέσει
1752 3661 1864 3714 τῶν

275 3744 582 3797 ἀκουόντων
620 3745 1072 3816 ἀρμοττομένηςσ
1123 3749 1457 3815 Αἰγυπτίους
1517 3752 1616 3821 μὲν
1669 3755 1728 3806 ἐν
1785 3755 1865 3825 τῷ

273 3836 472 3906 Φαραὼ
507 3837 846 3906 τιμωροῦσα,
887 3839 1229 3909 Ἰσραηλίτας
1273 3839 1328 3893 δὲ
1358 3841 1436 3910 τῷ
1463 3843 1654 3897 Μωσεί
1677 3845 1866 3898 διασώ-

275 3927 463 3990 Caeca.
488 3927 614 3991 Τοῖς
650 3927 750 3997 μὲν
778 3927 886 3998 γὰρ
922 3928 1166 3997 φοινίξας
1210 3931 1304 3984 τὸν
1343 3932 1534 3985 Νεῖλον
1579 3929 1718 4004 αἷμα
1766 3938 1868 3989 ἀπ-

273 4013 443 4080 έδειξε
473 4015 612 4087 πρὸς
653 4018 927 4089 τιμωρίαν
975 4017 1196 4087 δίψους,
1245 4023 1358 4084 τοῖς
1406 4021 1464 4075 δὲ
1508 4021 1652 4093 ὕδωρ
1679 4025 1865 4078 ἀῖκτον

275 4105 436 4176 φύσιν
461 4107 694 4178 ἐφύλαξε
716 4148 731 4173 ,
775 4111 888 4173 τοῖς
923 4110 1020 4181 μὲν
1047 4111 1110 4164 τὸ
1157 4112 1418 4184 ἡμερινὸν
1453 4114 1588 4183 φάος
1630 4117 1710 4180 εἰς
1741 4117 1866 4170 σκό-

271 4216 365 4264 τος
391 4199 711 4271 ψηλαφητδν
738 4201 1040 4272 μετέστησε
1068 4241 1082 4267 ,
1109 4207 1223 4268 τοῖς
1249 4205 1308 4258 δὲ
1351 4205 1442 4258 ἐπὶ
1475 4208 1588 4270 τοῖς
1614 4207 1761 4278 ὅροις
1803 4208 1865 4262 τὸ

274 4292 391 4361 φῶς
421 4291 724 4361 διεφύλαξε·
754 4296 866 4357 τοῖς
897 4295 994 4364 μὲν
1019 4295 1078 4347 τὸ
1119 4296 1435 4367 Ἐρυθραῖον
1462 4299 1698 4368 πέλαγος
1728 4300 1866 4373 πρὸς

272 4382 522 4437 διάϐασιν
566 4383 934 4455 διεχέρσωσε,
989 4388 1103 4450 τοῖς
1157 4387 1214 4440 δὲ
1269 4389 1402 4442 αὐτὸ
1456 4392 1862 4462 ἐπισυνάψασα,

271 4474 518 4546 οἴχεσθαι
547 4475 912 4546 ὑποὸρυχίους
939 4475 1248 4549 φθαρέντας
1270 4480 1548 4536 κατέλιπε.
1570 4482 1865 4554 Παραπλη-

275 4566 405 4632 σίως
431 4567 524 4620 καὶ
570 4567 662 4621 ἐπὶ
697 4567 797 4638 τῆς
831 4566 1186 4622 Βαϐυλωνίων
1215 4571 1448 4642 καμίνου
1469 4612 1484 4636 ,
1543 4576 1672 4643 μιᾶς
1707 4576 1861 4646 ἐνερ-

271 4661 476 4729 γούσης
534 4660 896 4730 ἀποφάσεως,
948 4663 998 4715 οἱ
1058 4662 1158 4731 μὲν
1203 4667 1352 4734 τρεῖς
1394 4665 1633 4738 Ἐόραῖοι
1672 4668 1863 4731 παῖδες

273 4752 439 4803 οἱονεὶ
466 4753 524 4803 ἐν
556 4751 697 4823 μέσῃ
715 4753 892 4822 δρόσῳ
917 4757 982 4824 τῇ
1015 4754 1175 4824 φλογὶ
1207 4755 1516 4828 διέσκαιρον
1544 4758 1861 4828 ὑμνοῦντες,

273 4843 322 4896 ol.
347 4841 403 4895 δὲ
425 4844 492 4912 τῇ
519 4841 754 4911 ὑποϐολῇ
787 4843 887 4911 τῆς
917 4843 1049 4914 ὕλης
1074 4847 1475 4917 ὑπο-τρέφοντες
1502 4850 1595 4902 καὶ
1624 4851 1718 4902 ἐπὶ
1747 4867 1865 4904 τεσ-

275 4933 584 5006 σαράκοντα
607 4932 763 4986 ἐννέα
799 4934 998 5002 πήχεις
1032 4937 1397 5006 κορυφοῦντες
1419 4939 1515 5010 τὴν
1540 4941 1734 5009 φλόγα,
1767 4942 1862 4995 ὑπ’

273 5025 445 5096 αὐτῆς
473 5025 667 5078 θᾶττον
703 5023 866 5095 μέχρι
895 5023 1096 5089 κόνεως
1121 5027 1587 5100 κατεφλέχθησαν.
1627 5033 1860 5104 Ὁμοίως

271 5116 330 5170 δὲ
358 5117 452 5169 καὶ
482 5115 581 5186 τὴν
619 5114 814 5187 χέρσον
862 5114 1022 5185 ἴσμεν
1069 5114 1147 5186 τῷ
1175 5116 1305 5188 θείῳ
1326 5121 1656 5194 πειθομένην
1686 5142 1861 5198 προσ-

271 5207 534 5277 τάγματι,
567 5207 897 5277 διασχοῦσαν
931 5208 1023 5262 τὸν
1053 5208 1232 5262 Δαθάν
1297 5212 1390 5264 καὶ
1431 5214 1694 5286 Ἀδειρὼν
1724 5219 1862 5289 πρὸς

274 5299 543 5368 τιμωρίαν
591 5300 1052 5366 ἐνυποδέξασθαι,
1101 5303 1230 5366 τοὺς
1282 5303 1327 5356 δ’
1357 5306 1636 5372 ἀναιτίους
1673 5310 1860 5381 φέρειν

275 5390 418 5443 κατὰ
439 5390 601 5458 φύσιν
622 5393 680 5443 ἐν
701 5391 780 5461 τῷ
805 5391 954 5463 αὐτῷ
979 5393 1151 5466 τόπῳ,
1183 5397 1242 5449 ἐν
1274 5401 1338 5469 τῇ
1372 5399 1508 5471 αὐτῇ
1550 5402 1734 5474 ἡμέρα
1765 5405 1858 5457 καὶ

274 5481 412 5552 ὥρᾳ.
450 5480 605 5534 Οὕτω
633 5481 689 5535 δὲ
727 5483 822 5536 καὶ
851 5483 943 5537 τὸν
990 5483 1252 5560 δύστηνον
1300 5491 1460 5560 Κάῖν,
1497 5497 1620 5560 ταῖς
1669 5499 1863 5563 ἀκοαῖς

274 5570 592 5643 ἐμπεσοῦσα
641 5574 675 5642 ἡ
724 5572 843 5627 θεία
875 5575 1183 5644 ἀπόφασις,
1242 5587 1566 5656 τιμωρεῖται
1605 5587 1858 5658 λέγουσα,

1663 341 2015 400 DIAI.OGUS
2062 344 2150 398 ΙΙΙ.

3412 352 3431 407 1
3442 349 3548 409 062

1967 461 2157 529 petitis,
2207 477 2458 514 venenum
2488 463 2733 531 aspidum
2786 463 2881 519 sub
2923 465 3078 518 labiis
3131 481 3309 518 eorum
3338 465 3402 519 “.
3445 450 3553 520 λκ-

1967 551 2201 606 sentitur
2231 561 2286 605 et
2311 552 2452 621 patri
2482 553 2792 608 divinarmn
2829 571 3012 609 rerum
3047 557 3252 625 peritus
3288 559 3550 611 Salomon

1967 642 2054 697 bis
2094 644 2320 700 verbis:
2366 642 2488 698 Vita
2513 647 2652 699 enim
2683 655 2732 700 et
2760 663 2902 702 mors
2947 648 3001 700 in
3048 665 3207 702 manu
3247 649 3442 720 lingute
3463 650 3547 705 δί
3641 693 3648 702 .

1965 736 2125 804 quasi
2145 751 2245 804 pro
2275 751 2438 790 manu
2464 752 2798 798 sermonem.
2827 753 2928 808 pro
2947 739 3128 809 gladio
3148 740 3358 804 dolum,
3379 741 3554 795 homi-

1967 827 2144 880 cidam
2171 829 2222 880 in
2249 827 2490 881 medium
2518 830 2788 898 producat
2822 829 2986 894 Deus,
3021 832 3074 884 in
3100 831 3292 885 eodem
3343 833 3462 886 loco
3487 847 3554 887 ac
3587 816 3589 818 ’

1968 933 2198 973 numero
2225 919 2556 974 homicidam
2612 929 2666 975 et
2691 921 2943 975 dolosum
2991 922 3164 991 ponit,
3191 923 3554 990 quemadmo-

1965 1011 2095 1064 dum
2117 1020 2170 1064 et
2186 1012 2367 1079 magni
2395 1011 2616 1065 Davidis
2647 1028 2742 1066 ore
2774 1013 2952 1067 dixit:
3002 1013 3186 1066 Virum
3229 1015 3552 1083 sanguinum

1965 1113 2015 1158 et
2036 1103 2278 1158 dolosum
2295 1105 2690 1158 abominabitur
2714 1106 2972 1159 Dominus
2991 1106 3057 1159 5°.
3083 1104 3256 1172 Quem
3273 1122 3403 1160 vero
3423 1122 3546 1162 cen-

1967 1205 2050 1252 set
2076 1196 2502 1252 abominandum
2533 1195 2698 1262 Deus,
2728 1198 2774 1251 is
2817 1198 2976 1267 plane
3001 1199 3272 1267 supplicio
3311 1200 3556 1254 multane

1965 1287 2070 1342 dus
2091 1296 2193 1342 est.
2213 1286 2686 1353 Quemadmodum
2711 1298 2767 1343 et
2792 1288 2997 1343 ferrum
3023 1290 3318 1358 ahjectum,
3339 1306 3368 1344 a
3393 1292 3550 1345 rubi-

1966 1381 2092 1451 gine
2129 1396 2380 1448 exesum,
2413 1391 2467 1436 et
2490 1381 2698 1454 lignum
2725 1391 2820 1437 aut
2845 1384 3014 1438 vestis
3037 1401 3158 1454 qua:
3181 1385 3552 1442 abominanda

1967 1481 2094 1528 sunt
2126 1472 2353 1528 domino
2384 1490 2508 1541 suo,
2544 1491 2575 1529 a
2617 1475 2872 1530 sordibus
2922 1476 3126 1545 quibus
3170 1485 3405 1537 scatent,
3457 1479 3550 1531 al)-

1969 1574 2306 1630 sumuntur;
2345 1573 2460 1625 aut.
2505 1567 2966 1635 quemadmodum
3027 1567 3246 1631 domus,
3278 1568 3426 1636 quod
3468 1567 3550 1621 in-

1966 1655 2180 1725 quilino
2216 1655 2288 1710 sit
2321 1655 2582 1710 destituta
2623 1656 2993 1724 particulatim
3051 1656 3374 1710 destruitnr.
3429 1656 3551 1710 Pari

1966 1742 2181 1796 ratione
2211 1743 2346 1796 mihi
2377 1744 2592 1798 videtur
2629 1754 2680 1798 et
2707 1745 2978 1810 mortalis,
3009 1745 3104 1814 qui
3151 1746 3550 1800 abominalioni

1967 1845 2053 1889 est
2083 1832 2194 1889 Deo
2217 1849 2283 1888 ex
2315 1835 2605 1889 aversione
2627 1835 2812 1890 divina
2834 1837 2994 1889 malis
3023 1852 3319 1906 oppressus
3349 1836 3552 1906 quibus

1965 1925 2286 1994 inquinatus
2329 1934 2413 1979 est
2467 1926 2679 1994 puniri,
2707 1943 2828 1979 cum
2881 1928 2933 1980 in
2976 1942 3070 1982 eos
3127 1927 3397 1982 sententia
3439 1927 3550 1980 lata

1967 2013 2132 2069 fuerit
2152 2013 2240 2068 illa
2264 2014 2356 2082 qui
2383 2009 2654 2068 audient:
2684 2013 2950 2068 Discedite
2981 2033 3012 2068 a
3041 2032 3146 2076 me.
3174 2015 3466 2080 maledicti,
3493 2016 3550 2070 in

1967 2105 2139 2172 ignem
2161 2106 2497 2170 retentum“,
2519 2104 2612 2174 qui
2627 2106 2951 2174 promeritis
2972 2122 3160 2161 eorum
3177 2124 3299 2176 qua:
3321 2109 3546 2163 admise

1967 2195 2076 2248 rint
2101 2204 2452 2262 peccatorum
2481 2195 2808 2265 plectemur.
2829 2195 2966 2250 Tum
2997 2213 3125 2252 vero
3159 2199 3296 2253 alios
3320 2199 3543 2270 quidem

1967 2289 2226 2356 tanquam
2251 2287 2304 2340 in
2330 2289 2515 2357 paleas
2533 2287 2779 2345 incidens
2796 2290 2963 2344 carbo
2983 2301 3277 2362 perpurgat
3293 2300 3344 2347 et
3362 2293 3547 2346 exurit

1965 2377 2020 2432 in
2047 2386 2393 2448 perpetuum,
2418 2396 2594 2450 neque
2630 2396 2992 2452 corrumpens
3011 2423 3026 2448 ,
3052 2399 3232 2454 neque
3259 2393 3542 2454 corrupta.

1962 2478 2252 2542 propterea
2278 2472 2423 2542 quod
2447 2489 2512 2527 ex
2545 2474 2816 2542 sepulcris
2847 2490 2946 2529 nos
2975 2476 3422 2547 incorruptibiles
3449 2494 3547 2532 ex-

1964 2578 2271 2632 surgemus.
2299 2561 2438 2617 Justi
2464 2573 2643 2618 autem
2668 2565 2721 2618 in
2749 2567 3044 2620 securitate
3066 2581 3128 2620 ac
3165 2568 3374 2636 requie,
3395 2567 3541 2619 omni

1964 2655 2214 2709 libertate
2244 2651 2432 2706 donati
2458 2658 2778 2720 permanent
2811 2651 2864 2703 in
2897 2659 3217 2717 perpetuum
3265 2649 3550 2702 immorta-

1967 2746 2066 2801 les.
2111 2745 2213 2810 Qui
2259 2760 2390 2798 vero
2425 2759 2484 2798 se
2509 2743 2752 2814 peccatis
2794 2740 3236 2806 obstrinxerunt,
3261 2740 3390 2795 dum
3419 2755 3552 2809 sup-

1967 2834 2110 2889 liciis
2143 2835 2448 2904 puniuntur
2477 2832 2717 2897 mternis,
2756 2848 2857 2888 nec
2879 2841 3311 2902 corrumpuntur
3333 2847 3432 2886 nec
3468 2833 3525 2886 in
3551 2863 3554 2868 -

1966 2934 2204 2991 tereunt,
2237 2925 2330 2980 sed
2374 2925 2426 2977 in
2477 2923 2778 2993 designatis
2809 2923 2947 2978 locis
2981 2938 3147 2987 super
3200 2933 3377 2977 sortes
3420 2938 3552 2990 per-

1966 3025 2211 3082 manent,
2245 3024 2561 3081 maerentes,
2591 3015 2645 3068 in
2701 3015 2990 3082 angustias
3045 3014 3274 3079 redacti,
3327 3016 3507 3068 tristes
3535 3055 3552 3080 ,

1965 3108 2236 3173 dolentes,
2262 3107 2647 3171 lamentantes,
2691 3107 3013 3168 excruciati,
3039 3106 3309 3176 lugentes.
3344 3105 3552 3172 amicti,

1966 3202 2264 3263 ululantes,
2291 3201 2496 3262 vexati,
2551 3199 2688 3251 nihil
2745 3199 3004 3266 deinceps
3066 3213 3228 3268 agere
3267 3199 3552 3261 valentes,

1965 3293 2064 3361 qui
2110 3306 2350 3359 praesens
2413 3289 2751 3360 pmnitentite
2788 3297 3003 3359 tempus
3057 3294 3405 3359 rejecerunt,
3457 3290 3555 3358 qui

1965 3382 2303 3452 pauperibus
2327 3380 2616 3436 facultates
2643 3396 2794 3444 suas,
2827 3381 2931 3435 sibi
2972 3395 3100 3434 vero
3149 3381 3346 3434 divinae
3388 3381 3555 3434 mise-

1966 3475 2224 3531 ricordia:
2268 3474 2480 3528 viscera
2551 3473 2923 3528 occluserunt.
2954 3470 3231 3527 Iudicium
3272 3474 3410 3526 enim
3442 3474 3556 3528 sine

1967 3569 2334 3625 misericordia
2374 3567 2477 3633 illi,
2513 3569 2604 3638 qui
2635 3583 2738 3620 non
2776 3567 2960 3636 fecerit
3001 3567 3447 3629 misericordiam,
3480 3566 3558 3618 in-

1966 3664 2085 3733 quit
2126 3663 2310 3717 divina
2341 3675 2448 3714 vox
2477 3661 2523 3692 "
2556 3679 2568 3714 :
2610 3659 2749 3713 alios
2783 3668 2970 3713 autem
3001 3667 3054 3711 et
3103 3659 3341 3710 tenebrae
3373 3657 3425 3709 in
3459 3672 3551 3712 ex-

1967 3754 2264 3808 terioribus
2292 3760 2489 3806 vexant
2515 3751 2676 3814 locis,
2715 3765 2783 3804 ex
2813 3749 3086 3804 sententia
3135 3763 3259 3816 quae
3306 3762 3428 3800 reos
3459 3746 3555 3799 lla-

1967 3847 2130 3916 gellat
2159 3853 2213 3899 et
2239 3844 2502 3913 exagitat,
2545 3851 2704 3912 prout
2760 3841 2990 3895 historia
3019 3841 3087 3894 de
3142 3838 3416 3910 Egyptiis
3453 3855 3558 3892 nos

1966 3936 2160 3992 edocet
2179 3935 2251 3999 ⁸³,
2282 3936 2412 3987 dum
2453 3949 2558 3988 una
2591 3933 2812 4002 quidem
2847 3931 3020 3986 fertur
3052 3945 3082 3984 a
3117 3929 3226 3985 Deo
3257 3929 3552 3993 sententia,

1967 4028 2062 4083 sed
2093 4027 2158 4080 ad
2195 4023 2534 4096 propositum
2590 4032 2771 4077 tamen
2807 4038 2873 4079 ac
2921 4029 3180 4077 meritum
3231 4038 3422 4077 eorum
3457 4023 3553 4091 qui

1966 4118 2197 4173 audiunt
2240 4115 2713 4187 accommodatur.
2748 4112 2882 4167 Nam
2918 4112 3208 4184 Ai'gyptios
3235 4113 3458 4183 quidem
3498 4114 3553 4167 in

1965 4212 2253 4268 Pharaone
2313 4207 2574 4280 castigat,
2666 4206 2942 4262 lsraclitas
2969 4216 3148 4260 autem
3196 4205 3366 4276 Moysi
3417 4218 3554 4260 con-

1967 4309 2148 4356 servat
2176 4300 2504 4365 incolumes,
2537 4298 2806 4368 siquidem
2857 4298 2964 4352 illis
3003 4296 3184 4352 Nilum
3241 4297 3410 4351 rubro
3460 4290 3554 4351 c0-

1967 4396 2083 4450 lore
2120 4393 2405 4464 pertusum
2441 4393 2493 4446 in
2550 4391 2876 4462 sanguinem
2937 4391 3120 4453 vertit,
3156 4397 3217 4443 ut
3273 4388 3361 4442 siti
3392 4389 3556 4458 puni-

1918 4510 1923 4515 ·
1967 4496 2182 4552 rentur,
2212 4485 2299 4539 his
2336 4499 2467 4538 vero
2497 4485 2763 4553 integram
2798 4497 2952 4551 aquae
2981 4492 3230 4534 naturam
3261 4480 3555 4534 illibatam-

1966 4595 2072 4650 que
2100 4576 2375 4642 servavit;
2414 4575 2521 4630 illis
2555 4575 2775 4645 quidem
2815 4566 2990 4627 lucem
3032 4572 3273 4626 divinam
3304 4571 3358 4624 in
3391 4579 3553 4624 tene-

1967 4678 2094 4727 bras
2123 4670 2352 4725 mutavit
2387 4667 2712 4737 palpabiles,
2742 4667 2829 4721 his
2858 4681 2988 4720 vero
3018 4667 3160 4720 intra
3188 4665 3390 4718 limites
3419 4678 3554 4717 suos

1966 4764 2142 4819 lucem
2177 4762 2551 4826 conservavit;
2583 4761 2692 4816 illis
2723 4759 3061 4831 Erythraaum
3097 4773 3245 4812 mare
3278 4767 3332 4812 ut
3370 4766 3555 4811 trans-

1968 4858 2033 4911 iri
2071 4865 2276 4924 posset,
2316 4857 2370 4908 in
2413 4852 2786 4907 continentem
2819 4851 3110 4914 convertit,
3153 4850 3238 4903 his
3273 4863 3404 4902 vero
3429 4863 3555 4901 rur-

1967 4965 2062 5004 sus
2091 4947 2407 5003 coalescens
2465 4942 2598 4997 illud
2629 4943 2849 5012 objecit.
2887 4951 2948 4998 ut
3008 4942 3063 4996 in
3129 4941 3260 4995 illud
3316 4939 3551 5009 ingressi

1966 5040 2222 5094 ﬂuctibus
2253 5035 2498 5092 immersi
2525 5034 2807 5105 perierint.
2840 5033 2964 5088 Pari
2997 5033 3210 5088 ratione
3242 5033 3296 5086 in
3325 5029 3554 5084 fornace

1965 5146 2184 5202 quoque
2214 5127 2540 5198 Babylonica
2561 5127 2750 5183 “cum
2770 5143 2877 5182 una
2907 5118 3174 5182 sententia
3208 5132 3552 5195 operaretur,

1967 5235 2077 5278 tres
2103 5222 2323 5292 quidem
2352 5219 2564 5274 Hebraei
2601 5219 2752 5289 pueri
2805 5228 3066 5288 tanquam
3104 5217 3157 5272 in
3194 5217 3376 5271 medio
3427 5231 3553 5271 rore

1966 5315 2019 5370 in
2047 5314 2266 5369 ﬂamma
2310 5312 2705 5381 tripudiahant,
2740 5320 2795 5366 et
2847 5311 3080 5382 hymnos
3133 5311 3444 5375 canebant;
3498 5318 3555 5361 at

1967 5410 2062 5477 qui
2089 5421 2209 5460 eam
2254 5404 2482 5458 materia
2547 5402 2745 5471 injecta
2777 5401 3058 5465 fovebant,
3086 5412 3140 5457 et
3175 5403 3241 5456 ad
3302 5401 3551 5456 altitudi-

1972 5514 2095 5553 nem
2156 5496 2519 5568 quadraginta
2581 5509 2776 5548 novem
2833 5494 3146 5550 cubitorum
3203 5493 3550 5554 evehebant,

1972 5587 2267 5644 confestim
2307 5587 2375 5640 ab
2416 5586 2531 5655 ipsa
2562 5584 2835 5641 combusti
2875 5592 3041 5656 atque
3076 5584 3130 5638 in
3163 5583 3376 5638 cineres
3420 5591 3551 5637 sunt

347 5728 826 5820 "ml:.sal..ft§‘xx1x,
857 5730 913 5784 4.
940 5733 1040 5820 M"
1075 5735 1235 5793 Prov.
1273 5757 1425 5809 xvnt,
1474 5744 1565 5800 21.
1646 5747 1692 5780 ⁸⁸
1737 5749 1860 5807 Psal

1965 5753 2046 5810 ,7.
2128 5754 2168 5784 "
2205 5750 2398 5806 Matth.
2443 5767 2570 5815 xxv,
2610 5749 2701 5804 41.
2779 5750 2822 5782 ⁸³
2853 5747 2966 5805 lac.
3013 5765 3071 5815 tt,
3109 5748 3190 5802 ιε.
3269 5747 3313 5777 ⁸³
3377 5743 3552 5802 Exod.

274 5813 374 5869 vn,
408 5801 498 5855 20.
577 5801 623 5832 “
649 5801 785 5854 Dan.
823 5817 907 5869 ut,
940 5803 1030 5858 20.
