4000 6430
484 351 630 411 I063

481 472 713 531 redacti.
751 469 956 527 Eodem
996 478 1161 540 pacto
1184 470 1394 526 scimus
1424 479 1627 525 terram
1662 471 1850 527 divino
1873 487 2072 542 paren-

485 577 594 621 tem
630 565 890 618 mandato
918 562 1200 617 diductam
1239 571 1296 619 et
1326 562 1571 617 hiantem
1606 562 1819 617 Datbau
1854 574 1908 618 et
1947 564 2078 617 Abi-

486 672 586 713 ron
650 657 703 710 in
768 670 988 725 poenam
1057 654 1353 724 ahsorptos
1401 655 1686 726 excepisse
1711 656 1800 722 “;
1845 663 2077 711 caeteros

487 756 673 801 autem
703 747 958 801 innoxios
987 761 1143 801 more
1176 747 1340 801 solito
1364 747 1557 800 eodem
1589 747 1730 809 loco.
1757 747 1948 801 eadem
1991 747 2080 801 die

488 848 657 906 atque
712 839 904 893 eadem
966 837 1099 892 hora
1155 845 1519 893 sustentasse.
1562 836 1657 893 Sic
1706 845 1762 891 et
1816 838 2076 891 miserum

488 930 624 984 Cain
654 930 927 985 sententia
958 929 1144 984 divina
1187 931 1241 983 in
1277 929 1398 997 ejus
1434 929 1681 984 insidens
1724 943 1886 984 aures
1916 929 2077 999 puni-

488 1022 568 1075 vit
593 1023 822 1077 dicens:
854 1022 1075 1077 Gemens
1103 1030 1153 1076 et
1178 1031 1407 1077 tremens
1439 1023 1546 1076 eris
1582 1039 1738 1091 super
1781 1034 1979 1077 terram
2002 1022 2072 1087 ⁵⁸,

489 1123 544 1168 et
582 1116 766 1170 statim
801 1130 890 1170 res
920 1115 1034 1185 ipsa
1067 1115 1235 1169 verba
1269 1123 1457 1169 secuta
1478 1123 1599 1194 ρει,
1631 1130 1871 1185 eumque
1903 1114 2076 1171 iusta-

491 1208 585 1263 hili
621 1217 862 1263 tremore
894 1223 958 1263 ac
1001 1207 1216 1276 lugubri
1267 1206 1477 1277 gemitu
1535 1222 1603 1262 ex
1661 1207 1855 1261 intimo
1909 1206 2076 1262 corde

1604 345 1660 403 Β.
1691 345 1992 405 ϐΕδΔΒΙῑ
2029 345 2360 404 οιιεποιιιι
2401 344 2707 401 FRATRIS

3630 347 3764 404 ιοοι

2180 470 2419 550 Στένῳν
2446 470 2546 524 καί
2576 471 2807 541 τρέμων
2846 470 2965 539 ἔσῃ
2995 469 3095 524 ἐπὶ
3133 468 3242 539 τῆς
3291 469 3408 540 γῆς
3429 509 3446 535 ,
3481 471 3579 524 καὶ
3616 467 3767 538 αὖθις

2184 563 2218 632 ἡ
2251 564 2417 633 πεῖρα
2443 561 2525 631 τῷ
2549 560 2692 632 λόγῳ
2721 560 3152 633 ἐπηκολούθησε,
3180 561 3500 633 τιμωροῦσα
3525 562 3626 632 μὲν
3644 563 3764 617 κλό-

2185 669 2262 723 νῳ
2294 651 2516 723 ἀστάτῳ
2546 654 2642 706 καὶ
2672 653 2965 723 στεναγμῷ
3015 652 3277 725 Θρηνώδει
3316 654 3381 707 ὲκ
3421 653 3653 724 καρδίας
3676 654 3769 708 καὶ

2183 744 2394 817 ὀνύχων
2417 783 2433 806 ,
2483 746 2787 800 ἀνασπῶσα
2837 745 2930 798 τὸν
2990 746 3207 816 πρῶτον
3249 747 3308 799 ὲν
3364 745 3556 824 κόσμῳ
3606 746 3772 815 φονέα

2184 836 2575 901 ἀδελφοκτόνον
2603 837 2748 891 Καῒν
2775 877 2791 901 ,
2826 837 2926 890 οὐκ
2951 836 3251 907 ἀναιροῦσα
3278 837 3335 891 δὲ
3373 836 3563 891 τοῦτον
3591 838 3771 892 Θανεῖν

2187 929 2557 1001 ίμειρόμενον,
2605 929 2702 982 καὶ
2735 928 2965 999 βοῶντα,
3001 929 3366 996 Ἐσται,πίἱς
3397 933 3432 983 ό
3472 931 3772 998 εὑρίσκων

2183 1042 2257 1095 με
2284 1025 2603 1081 ἀποκτενεῖ
2646 1042 2719 1091 με
2741 1041 2756 1056 ·
2792 1024 2931 1097 πρὸς
2981 1024 3042 1080 δν
3089 1026 3151 1079 τὸ
3195 1026 3350 1079 Θεῖον
3391 1027 3751 1093 ἀποφαίνετα.

2186 1119 2312 1187 οὐχ
2348 1116 2562 1183 οὕτως’
2598 1116 2853 1187 σημεῖον
2887 1133 2998 1188 γαρ
3029 1116 3253 1187 ἐθέμην
3281 1118 3380 1171 ἐπὶ
3408 1118 3530 1184 σοὶ,
3557 1117 3666 1172 τοῦ
3686 1118 3771 1188 μὴ

2182 1209 2428 1265 ἀνελεῖν
2455 1227 2531 1265 σε
2558 1210 2757 1265 πάντα
2786 1209 2896 1265 τὸν
2923 1211 3309 1279 εὑρίσκοντα.

491 1313 655 1372 atque
689 1302 971 1372 unguibus
1009 1302 1176 1355 ducto
1224 1299 1463 1368 primum
1517 1299 1852 1354 homicidam
1906 1299 1963 1353 in
2018 1299 2226 1356 mundo
2278 1300 2578 1373 fratrisque
2623 1318 3005 1373 percussorem
3063 1302 3322 1371 punivit,
3370 1318 3472 1359 nec
3517 1310 3701 1357 tamen
3742 1317 3775 1358 e

492 1394 673 1447 medio
703 1394 948 1457 sustulit,
1004 1390 1262 1462 quamvis
1314 1391 1451 1444 mori
1506 1399 1861 1461 percuperet,
1909 1390 1987 1444 et‘
2009 1390 2343 1448 exclamaret
2372 1412 2385 1448 :
2422 1393 2492 1447 Et
2521 1393 2643 1458 erit,
2673 1393 2847 1446 omnis
2881 1393 2974 1462 qui
3008 1392 3259 1445 invenerit
3290 1407 3389 1456 me,
3439 1393 3644 1446 occidet
3672 1408 3769 1446 me.

497 1483 599 1540 Cui
633 1485 974 1555 respondens
1006 1483 1386 1553 pronuntiavit
1420 1480 1566 1538 Deus
1603 1500 1619 1538 :
1667 1480 1792 1536 Non
1828 1481 1907 1536 sic
1928 1496 1949 1535 :
1994 1484 2187 1538 etenim
2230 1486 2441 1555 signum
2472 1485 2627 1555 posui
2657 1500 2814 1554 super
2853 1492 2924 1549 te,
2974 1499 3039 1538 ne
3081 1483 3290 1537 occidat
3331 1491 3378 1537 te
3407 1485 3581 1538 onmis
3606 1485 3696 1554 qui
3731 1494 3775 1537 te

492 1583 717 1634 inrenert
729 1588 768 1633 t.

561 1711 885 1765 Timeamus
915 1708 1083 1781 igitur
1125 1708 1398 1764 vindicem
1449 1709 1599 1763 illum
1631 1708 1809 1780 ignem
1844 1720 2090 1766 tormen-

494 1816 697 1866 torum,
753 1816 807 1859 et
863 1819 1129 1870 vermem,
1181 1811 1233 1857 et
1269 1803 1695 1871 teuebras,qu:e
1752 1817 1820 1858 ne
1880 1805 2089 1859 sanctis

493 1899 713 1969 quidem
752 1905 1005 1968 parcunt,
1036 1912 1271 1966 quorum
1311 1894 1477 1950 fuerit
1512 1897 1620 1948 \ita
1645 1899 1699 1949 in
1735 1894 1937 1950 saeculo
1957 1912 2090 1952 con-

495 1990 785 2042 taminata.
847 1987 941 2041 Sic
983 1987 1127 2040 enim
1172 2000 1269 2055 per
1313 1983 1656 2039 Etechieletn
1688 1984 1864 2054 inquit
1911 1984 2086 2041 Deus:

501 2078 766 2138 Transtte.
797 2088 847 2132 et
882 2078 1162 2148 percutite,
1211 2086 1262 2130 et
1316 2093 1349 2130 a
1382 2078 1584 2130 sanctis
1623 2076 1752 2130 meis
1786 2077 2003 2148 incipite
2022 2077 2089 2133 ⁵⁷.

499 2171 564 2226 Si
602 2188 725 2240 ergo
751 2171 933 2240 justus
973 2170 1062 2224 vix
1093 2168 1356 2232 solvatur,
1398 2168 1594 2261 impiu:
1630 2176 1681 2223 et
1717 2177 1963 2237 peccator
2002 2168 2091 2222 ubi

496 2264 701 2335 parebit
719 2264 764 2294 "'
787 2264 810 2320 τ
842 2263 1021 2332 inquit
1042 2260 1356 2316 divinarum
1389 2257 1575 2315 rerum
1600 2261 1809 2330 peritus
1831 2257 2090 2315 Salomon

497 2353 568 2421 υ,
599 2354 743 2410 utab
774 2352 985 2407 incuria
1022 2368 1123 2408 nos
1152 2351 1380 2411 eximat.
1407 2349 1484 2406 Ne
1503 2352 1667 2421 igitur
1688 2367 1878 2406 curam
1918 2351 2093 2406 nostri

497 2447 824 2517 abjiciamus
870 2444 1140 2513 baptismo
1187 2443 1341 2509 freti;
1397 2458 1498 2499 nec
1542 2458 1763 2514 propter
1807 2458 2092 2500 sacrorum

498 2536 971 2608 participationem
1021 2535 1401 2606 mysteriorum
1445 2534 1634 2590 leviori
1683 2549 1786 2589 nos
1825 2534 2094 2604 supplicio

501 2640 631 2684 tunc
665 2628 968 2698 puniendos
1005 2625 1355 2680 arbitremur.
1399 2623 1547 2679 Nihil
1594 2624 1742 2679 enim
1785 2626 1943 2680 nobis
1982 2626 2095 2681 illic

498 2731 563 2769 ea
594 2715 910 2784 proderunt,
952 2728 1075 2781 quae
1117 2712 1208 2766 hic
1250 2711 1650 2767 contumeliose
1715 2714 2092 2777 tractavimus,

503 2821 569 2860 ac
616 2813 818 2859 temere
864 2814 1059 2873 praeter
1113 2803 1431 2873 dignitatem
1478 2804 1946 2872 partietpavimus.
1988 2804 2094 2870 Qui

499 2895 642 2949 enim
682 2896 967 2948 mnnducat
993 2905 1041 2949 et
1069 2893 1195 2946 bibit
1232 2894 1444 2963 indigne
1492 2894 1583 2947 Dei
1628 2893 1782 2948 Verbi
1833 2895 2091 2963 porioues,

502 2987 560 3038 in
586 2985 855 3056 judicium
894 2984 1000 3038 sibi
1031 2985 1319 3038 manducet
1342 2996 1390 3038 et
1422 2983 1573 3045 bibit.
1619 2984 1799 3055 inquit
1841 2986 2095 3042 sublimis

501 3073 884 3144 Apostolus“;
921 3083 977 3129 et
1023 3074 1165 3128 idem
1213 3088 1441 3128 rursus:
1486 3073 1836 3129 Circumcisio
1880 3075 2094 3145 quidem

504 3165 759 3230 urmlerit,
794 3166 841 3220 si
879 3166 1041 3237 legem
1087 3165 1376 3243 lobserues;
1424 3167 1472 3220 si
1511 3178 1688 3220 autem
1716 3169 2098 3239 prwvaricator

501 3259 631 3327 legis
660 3259 753 3326 sis,
782 3258 1115 3312 circumcisio
1145 3267 1238 3312 tua
1275 3261 1593 3327 praeputium
1634 3264 1781 3330 [acta
1807 3270 1884 3315 est
1904 3260 1974 3325 “,
1998 3261 2094 3331 qui

503 3351 727 3405 minime
744 3365 840 3418 pro
869 3350 1131 3421 dignitate
1153 3351 1326 3420 ipsius
1344 3353 1569 3409 vixeris.
1594 3351 1851 3422 Idemque
1869 3369 2095 3409 rursus:

506 3440 633 3494 Non
666 3440 938 3494 auditores
979 3441 1135 3510 legis,
1178 3441 1270 3495 sed
1302 3441 1536 3510 factores
1581 3442 1708 3508 legis
1738 3459 1771 3496 a
1806 3443 1914 3497 Deo
1934 3443 2100 3512 justi-

502 3530 809 3601 ﬁcubnntur
836 3530 904 3584 “.
937 3528 1211 3584 Omnibus
1241 3530 1430 3598 igitur,
1456 3531 1549 3599 qui
1575 3530 1879 3585 eruditione
1914 3532 2098 3601 aliqua

502 3624 590 3678 vel
621 3623 814 3676 leviter
855 3621 1007 3675 tim-ti
1055 3621 1188 3686 sint,
1234 3621 1587 3676 manifestqu
1616 3629 1699 3675 est
1729 3637 1760 3675 a
1808 3622 2100 3677 circumcio

504 3715 662 3771 sione
698 3713 1031 3784 baptismum
1064 3722 1324 3783 tanquam
1351 3728 1382 3767 a
1411 3715 1583 3784 ﬁgura
1616 3712 1779 3768 luisse
1805 3713 2099 3769 adumbra-

449 3836 457 3845 -
505 3818 644 3872 tum,
675 3821 741 3860 ac
772 3805 907 3876 legis
934 3805 1055 3860 loco
1094 3804 1403 3860 veneranda
1433 3804 1592 3860 nobis
1624 3803 1881 3861 ﬁdelibus
1913 3805 2096 3861 Evan-

504 3899 642 3967 gelia
697 3899 892 3952 tradita
938 3910 1082 3964 esse,
1122 3896 1271 3968 quod
1306 3896 1642 3951 conﬁrmans
1688 3896 1744 3951 in
1787 3894 2096 3969 Evangeliis

507 3989 795 4054 Dominus,
843 3989 957 4044 ait:
1005 3991 1177 4042 Amen
1228 3989 1348 4044 dico
1400 3987 1564 4056 vobis,
1615 4006 1719 4044 non
1770 4005 1950 4045 omnes
2003 3992 2096 4062 qui

505 4082 690 4135 dicunt
726 4080 888 4135 milii:
920 4079 1167 4148 Domine,
1202 4080 1449 4145 Domine,
1478 4081 1757 4136 intrabunt
1794 4081 1850 4135 in
1878 4098 2096 4153 regnum

505 4174 782 4239 caelorum,
822 4174 913 4228 sed
960 4175 1051 4246 qui
1093 4174 1299 4244 faciunt
1333 4173 1661 4229 uoluntatem
1691 4190 1887 4230 nteant.
1931 4173 2096 4230 Multi

504 4270 643 4324 enim
684 4268 814 4322 mihi
839 4268 1018 4322 dicent
1045 4269 1099 4321 in
1123 4269 1223 4321 illa
1252 4269 1340 4321 die
1362 4283 1382 4322 :
1420 4268 1666 4330 Domine,
1706 4284 1877 4322 nonne
1909 4272 1964 4322 in
1999 4286 2094 4322 no-

507 4361 649 4415 mine
683 4369 772 4414 tuo
807 4359 1072 4414 dwmonia
1117 4358 1389 4428 ejccimus,
1421 4368 1470 4412 et
1493 4359 1701 4412 morbos
1742 4362 2047 4414 sanavimus
2071 4361 2098 4414 .’

507 4461 559 4507 et
580 4452 764 4505 dicam
787 4450 933 4504 illis:
968 4448 1160 4503 Nescio
1187 4466 1312 4515 vos;
1341 4448 1595 4502 discedite
1618 4466 1651 4502 a
1676 4465 1778 4514 me,
1806 4449 2092 4515 maledicti,

509 4543 742 4612 operarii
770 4541 1101 4609 iniquitatis,
1134 4543 1185 4594 in
1224 4542 1394 4610 ignem
1436 4548 1715 4606 mternum,
1751 4541 1842 4610 qui
1872 4551 2096 4610 paratus

508 4642 586 4687 est
612 4629 825 4685 diabolo
853 4639 903 4683 et
922 4628 1121 4699 angelis
1152 4628 1266 4697 ejus
1290 4629 1358 4685 ⁸³.

585 4828 757 4884 Pares
806 4835 989 4882 autent
1037 4822 1341 4880 Christiani
1386 4823 1553 4879 etiam
1602 4821 1820 4894 plurimi
1863 4822 2100 4878 ﬁdelium

516 4921 648 4976 mihi
703 4920 963 4975 videntur
1005 4932 1149 4980 esse,
1180 4916 1320 4970 inter
1349 4930 1489 4984 quos
1521 4914 1681 4984 plane
1710 4914 1781 4968 sit
1812 4915 1974 4969 etiam
2005 4914 2104 4969 Ju-

513 5016 613 5069 das
639 5011 944 5081 apostolus,
974 5009 1070 5080 qui
1100 5017 1154 5064 et
1179 5008 1334 5078 signa
1366 5007 1513 5070 fecit,
1561 5013 1617 5061 et
1660 5004 1908 5061 inﬁrmos
1937 5021 2105 5061 sana-

513 5106 611 5165 vit,
681 5104 996 5172 priusquam
1060 5101 1319 5154 adversus
1372 5098 1651 5155 Christum
1721 5098 2101 5152 universorum

517 5193 687 5248 Deum
714 5192 919 5249 furiose
944 5191 1394 5246 debaccharetur.
1435 5191 1542 5245 Sed
1581 5199 1636 5244 et
1667 5187 1859 5244 Simon
1885 5189 1977 5244 ille
2006 5189 2102 5260 qui

514 5301 548 5341 ε
575 5284 737 5340 Petro
764 5294 820 5340 et
844 5282 1015 5339 Paulo
1044 5285 1233 5354 pulsus
1261 5281 1380 5349 fuit,
1417 5295 1473 5338 et
1501 5282 1720 5352 plurimi
1753 5280 2097 5347 Galatarum,

513 5376 608 5447 qui
637 5387 928 5448 postquam
954 5378 1108 5447 signa
1134 5384 1188 5430 ct
1212 5375 1458 5445 prodigia
1484 5383 1538 5428 et
1561 5372 1872 5428 saltationes
1892 5371 2099 5427 edidis-

514 5474 675 5534 sent,
754 5480 820 5521 ac
893 5466 1230 5521 vaticinandi
1295 5466 1434 5520 dona
1507 5464 1784 5519 consecuti
1844 5462 2097 5526 fuissent,

515 5570 709 5612 rursus
729 5556 833 5613 sub
857 5573 1096 5613 errorem
1128 5566 1256 5612 sunt
1297 5556 1526 5620 reversi,
1558 5557 1798 5625 pristina:
1836 5556 2101 5625 improbi-

515 5647 612 5702 tati
640 5649 1005 5715 adbaerentes,
1046 5647 1246 5718 quibus
1269 5647 1517 5703 scribens
1542 5646 1778 5701 eximius
1816 5646 1904 5701 ille
1939 5655 2099 5702 terra:

588 5812 634 5844 "
665 5811 827 5866 Num.
863 5829 1014 5872 XXVI,
1053 5811 1111 5866 9.
1186 5811 1232 5841 “
1265 5807 1404 5863 Gen.
1441 5824 1494 5860 tv
1518 5807 1637 5870 ΛΞ.
1711 5806 1756 5836 ⁸⁷
1798 5805 1996 5860 Ezech.
2033 5823 2105 5865 ιιι.
2143 5807 2198 5868 6,

519 5876 672 5932 $9.“
707 5880 869 5935 Rom.
906 5897 967 5947 ιι,
1000 5881 1094 5935 ‘25.

2261 1710 2539 1782 Δείσωμεν
2577 1707 2759 1764 τοίνυν
2804 1707 2918 1778 πῦρ
2960 1707 3342 1781 κολαστήριον,
3367 1706 3461 1761 καὶ
3487 1706 3772 1779 σκώληκα,

2192 1806 2287 1858 καὶ
2318 1804 2529 1868 σκότος,
2563 1803 2698 1875 μηδὲ
2727 1802 2836 1857 τῶν
2864 1801 3036 1871 ἁγίων
3061 1802 3376 1873 φειδόμενον
3402 1801 3774 1872 μολυνομένων

2191 1896 2270 1967 τῷ
2282 1897 2416 1968 βίῳ.
2446 1896 2585 1967 Φησὶ
2612 1894 2721 1967 γὰρ
2745 1894 2835 1948 διά
2865 1893 2960 1948 τοῦ
2993 1893 3253 1965 ἰεζεκιὴλ
3274 1894 3303 1947 ὁ
3333 1893 3487 1957 Θεὸς,
3514 1892 3777 1948 Διέλθετε

2193 1989 2293 2043 καί
2343 1989 2606 2056 κόψατο,
2659 1987 2760 2041 καί
2810 1985 2931 2041 ἀπὸ
2958 1984 3077 2039 τῶν
3120 1985 3304 2056 ἀγίων
3332 2002 3454 2055 μου
3488 1984 3774 2052 ἀρξασθε.

2163 2126 2169 2132 .
2192 2083 2263 2136 El
2285 2075 2399 2136 οὖν
2423 2083 2456 2134 ό
2476 2080 2705 2146 δίκαιος
2734 2079 2908 2148 μόλις
2935 2075 3201 2141 σώζεται,
3236 2079 3270 2132 ό
3299 2075 3652 2146 ἁμαρτωλὸς
3685 2076 3777 2130 καί

2191 2173 2420 2241 ἀσεϐὴς
2470 2170 2590 2226 ποῦ
2634 2171 2945 2242 parcitas;
2998 2171 3163 2243 φησὶν
3194 2172 3224 2224 6
3264 2170 3375 2225 τῶν
3420 2170 3584 2224 θείων
3621 2171 3775 2240 σοᾳδς

2194 2265 2447 2339 Σολομὼν
2476 2266 2576 2335 τῆς
2600 2265 2863 2337 ἀμελείας
2891 2264 3172 2335 διεγείρων
3193 2265 3360 2335 ἡμᾶς.
3391 2263 3483 2335 Μὴ
3507 2260 3602 2316 οὖν
3632 2263 3776 2332 σφῶν

2194 2358 2561 2429 ἀμελήσωμεν
2606 2356 2686 2428 τῷ
2721 2354 3061 2427 βαπτίσματι
3110 2354 3514 2425 ὲπερειδόμενοι
3567 2355 3666 2407 καὶ
3713 2357 3776 2425 τῇ

2198 2454 2400 2524 μετοχῇ
2441 2442 2550 2505 τῶν
2586 2449 2746 2503 Θείων
2784 2448 3119 2519 μυστηρίων,
3152 2448 3491 2519 κουφοτέραν
3514 2450 3650 2519 ἡμῖν
3675 2448 3776 2502 οίὸο

2199 2560 2352 2615 μενοι
2384 2543 2486 2613 τὴν
2518 2541 2741 2596 κόλασιν
2773 2540 3079 2609 ἐπάγεσθαι
3102 2539 3243 2594 τότε.
3278 2540 3353 2593 Οὐ
3378 2540 3487 2612 γάρ
3517 2558 3569 2595 τι
3603 2543 3777 2613 ὀνήσει

2195 2637 2346 2707 ἡμᾶς
2368 2636 2514 2696 ἐκεῖ,
2534 2632 3124 2718 ὲνταῦθθὺΰριςόμενα
3150 2634 3246 2688 καὶ
3269 2633 3439 2698 ἀδεῶς
3459 2637 3594 2706 παρ’
3627 2637 3775 2703 ἀξίαν

2203 2724 2566 2796 μετεχόμενα.
2614 2725 2677 2778 '0
2716 2723 2826 2795 γὰρ
2855 2723 3117 2790 ἀναξίως
3167 2724 3390 2779 ἐσθίων
3434 2726 3533 2779 καὶ
3592 2729 3774 2782 πίνων

2196 2814 2319 2869 τῶν
2357 2815 2466 2870 τοῦ
2522 2814 2672 2869 Θεοῦ
2702 2815 2805 2869 καὶ
2841 2815 3038 2885 Λόγου
3081 2813 3425 2885 χραμάτων,
3478 2820 3565 2884 είς
3600 2819 3773 2889 separa

2199 2905 2394 2972 ἐαυτῷ
2421 2906 2642 2970 ἐσθίει,
2684 2905 2782 2960 καὶ
2807 2907 2966 2960 πίνει
2985 2948 2999 2974 ,
3034 2906 3200 2977 φησὶν
3226 2907 3257 2958 6
3288 2906 3489 2977 ὑψηλὸς
3527 2910 3780 2965 Ἀπόστο-

2197 2998 2309 3062 λος.
2337 2997 2452 3052 Καὶ
2483 2996 2702 3052 πάλινπὸ
2744 2997 2928 3063 αὐτὸς,
2956 2996 3250 3068 Περιτομὴ
3279 2999 3400 3068 μὲν
3436 2999 3648 3070 (ligneis?
3662 3003 3780 3057 ἐὰν

2200 3092 2394 3161 νόμον
2437 3091 2755 3158 πράσσῃς,
2803 3092 2860 3144 εἰ
2902 3089 2972 3144 δὲ
3012 3091 3202 3160 νόμου
3237 3092 3571 3159 παραϐάτης
3600 3086 3694 3163 ᾖς.
3728 3092 3770 3161 ἠ

2199 3180 2485 3250 περιτομή
2536 3196 2655 3235 σου
2701 3181 3072 3249 ἀκροϐυστία
3114 3180 3355 3252 γέγονε,
3419 3183 3493 3255 μὴ
3544 3184 3782 3249 ἐπαξίως

2200 3273 2372 3343 αὐτῆς
2413 3270 2690 3343 βιώσαντι.
2726 3272 2837 3325 Καὶ
2878 3272 3042 3327 πάλιν
3065 3272 3095 3325 6
3131 3273 3322 3337 αὐτός’
3346 3276 3468 3343 Οὐχ
3491 3277 3544 3328 οἱ
3561 3275 3781 3343 ἀκροα-

2198 3364 2294 3418 ταί
2348 3364 2456 3418 τοῦ
2510 3361 2733 3432 νόμου,
2763 3362 2902 3417 ἀλλ’
2951 3364 3007 3416 οἱ
3054 3363 3293 3431 ποιηταί
3333 3364 3439 3419 τοῦ
3467 3364 3659 3433 νόμου
3697 3365 3783 3418 δι-

2200 3456 2644 3519 καιωθήσονται
2674 3453 2828 3523 παρὰ
2850 3453 2958 3509 τοῦ
2993 3454 3162 3509 Θεοῦ.
3198 3456 3339 3509 Πᾶσι
3361 3455 3418 3509 δὲ
3454 3459 3568 3521 τοῖς
3599 3459 3780 3512 ὁπωσ-

2196 3544 2293 3600 οῦν
2351 3544 2598 3608 παιδείας
2661 3545 3010 3617 μετειληφόσι
3066 3545 3258 3617 δῆλον,
3336 3547 3631 3602 ἀντίτυπον
3684 3548 3785 3619 τῆς

2198 3633 2507 3704 περιτομῆς
2542 3634 2809 3707 ὑπάρχειν
2842 3635 2904 3689 τὸ
2938 3637 3205 3708 σωτήριον
3238 3636 3553 3708 βάπτισμα⁶
3583 3637 3785 3707 ὁμοίως

2195 3724 2252 3779 δὲ
2275 3725 2370 3780 καὶ
2408 3725 2530 3780 ἀντὶ
2554 3725 2651 3780 τοῦ
2681 3726 2870 3799 νόμου,
2901 3725 2973 3780 τὰ
3004 3727 3178 3782 σεπτά
3210 3728 3519 3798 Εὐαγγέλια
3540 3728 3784 3785 δεδόσθαι

2196 3818 2333 3888 ἡμῖν
2370 3820 2482 3882 τοῖς
2511 3820 2753 3882 πιστοῖς·
2783 3819 2929 3891 ἅπερ
2959 3817 3196 3889 βεόαιῶν
3222 3822 3253 3874 6
3285 3820 3485 3892 Κύριος
3514 3821 3573 3874 ἐν
3602 3821 3783 3890 Εὐαγ-

2196 3907 2437 3978 γελίοις,
2469 3908 2662 3980 φησίνο
2699 3909 2880 3980 Ἀμὴν
2926 3909 3082 3981 λέγω
3116 3909 3279 3979 ὑμῖν,
3313 3910 3448 3979 οὐχὶ
3485 3910 3785 3979 πάντες-οι

2196 3998 2482 4070 λέγοντές
2497 4017 2621 4070 μοι.
2644 4001 2842 4070 Κύριε,
2866 4001 3065 4071 Κύριε,
3091 4003 3541 4057 εἰσελεύσονται
3558 4006 3651 4071 εὶς
3673 4006 3785 4073 τὴν

2191 4088 2522 4153 ,ϐασιλείαν
2547 4087 2669 4143 τῶν
2715 4091 2991 4159 οὐρανῶν
3008 4131 3023 4155 ,
3070 4092 3207 4145 ἀλλ’
3254 4095 3308 4146 oi
3361 4093 3679 4160 ποιοῦντες
3716 4093 3785 4148 τὸ

2197 4181 2431 4251 θέλημά
2460 4199 2602 4253 μου.
2629 4182 2857 4237 Πολλοὶ
2885 4184 2995 4255 γὰρ
3026 4183 3239 4252 ἐροῦσι
3257 4202 3359 4255 μοι
3396 4186 3682 4257 ἐνέκείνῃ
3710 4185 3783 4255 τῇ

2202 4272 2419 4341 ἡμέρᾳο
2444 4275 2647 4342 Κύριε,
2677 4275 2810 4344 οὐχὶ
2850 4274 2931 4341 τῷ
2957 4276 3205 4345 ὀνόματί
3231 4291 3349 4331 σου
3375 4276 3653 4348 δαιμόνια
3687 4279 3785 4343 ἐξ·

2202 4361 2518 4431 εϐάλομεν,
2534 4362 2634 4417 καὶ
2652 4363 2880 4429 νόσους
2898 4362 3414 4433 ἑθεραπεύσαμεν;
3434 4364 3532 4417 καὶ
3546 4364 3660 4433 ἐρῶ
3676 4367 3783 4420 αὐ-

2202 4451 2329 4533 τοῖς
2348 4489 2363 4515 ,
2397 4454 2519 4506 Οὐκ
2547 4448 2682 4508 οἶδα
2708 4450 2886 4522 ὑμᾶς,
2919 4455 3244 4522 πορεύεσθε
3271 4456 3371 4508 ἀπ’
3395 4455 3782 4525 513013.011!“-

2197 4541 2519 4612 ηραμένοι,
2562 4544 2802 4615 ἐργάται
2842 4544 2956 4611 τῆς
3018 4545 3271 4616 ἀνομίας
3291 4585 3305 4600 .
3338 4549 3424 4614 εις
3454 4547 3521 4601 τὸ
3564 4548 3683 4618 πῦρ
3715 4548 3781 4602 τὸ

2197 4633 2439 4689 αίώνιον
2478 4635 2546 4690 τὸ
2597 4636 3045 4707 ἡτοιμασμένον
3097 4636 3178 4703 τῷ
3213 4638 3468 4704 διαϐόλῳ
3510 4641 3610 4694 καὶ
3658 4639 3783 4708 τοῖς
3898 4676 3901 4681 ι

2198 4726 2483 4797 ἀγγέλοις
2509 4728 2718 4783 αὐτοῦ.

2271 4817 2559 4882 Τοιούτους
2599 4818 2656 4871 δὲ
2702 4820 3063 4891 Χριστιανοὺς
3106 4821 3199 4876 καὶ
3231 4821 3292 4875 τὸ
3323 4822 3522 4894 πλῆθος
3553 4824 3664 4878 τῶν
3689 4843 3785 4879 7::-

2200 4909 2342 4963 στῶν
2401 4926 2491 4980 μοι
2537 4910 2689 4964 δοκεῖ
2737 4911 3028 4984 ὑπάρχειν,
3078 4913 3138 4968 ὲν
3181 4908 3263 4976 οἷς
3295 4916 3381 4984 εἴη
3423 4917 3643 4980 πάντως
3685 4916 3785 4970 καὶ

2211 4999 2413 5064 Ἰούδας
2446 5003 2476 5055 6
2506 5002 2836 5069 ἀπόστολος,
2879 5007 3085 5077 σημεῖα
3118 5006 3433 5077 πεποιηκὼς
3472 5009 3567 5062 καὶ
3616 5010 3789 5063 ἀσθεο

2197 5087 2425 5153 νοῦντας
2448 5089 2791 5162 ἀκεσάμενος
2811 5135 2825 5158 ,
2859 5093 2966 5165 πρὸ
2991 5094 3086 5148 τοῦ
3130 5096 3534 5168 ὲμπαροινῆσαι
3560 5098 3642 5170 τῷ
3662 5098 3791 5170 Θεῷ

2197 5177 2306 5232 τῶν
2326 5179 2465 5234 ὅλων
2485 5182 2731 5253 Χριστῷ.
2766 5182 2927 5239 Ἀλλά
2953 5185 3046 5239 καὶ¹
3068 5186 3251 5259 Σίμων
3271 5190 3299 5242 6
3327 5188 3431 5241 ὑπὸ
3451 5190 3663 5262 Πέτρου
3690 5193 3794 5246 καὶ

2200 5271 2420 5325 Παύλου
2449 5274 2869 5341 τυμπανισθεὶς.
2899 5279 2995 5332 καὶ
3019 5279 3260 5334 πλεῖστοι
3292 5281 3547 5335 Γαλατῶν
3573 5285 3625 5337 oi
3646 5283 3797 5353 μετὰ

2199 5360 2260 5414 τὸ
2286 5362 2487 5433 σημεῖα
2503 5363 2599 5417 καὶ
2619 5364 2824 5435 τέρατα
2847 5367 2942 5421 καὶ
2966 5369 3137 5433 ίάσεις
3153 5371 3443 5442 ἐνεργῆσαι
3467 5373 3561 5425 καὶ
3579 5390 3798 5447 προφηα

2198 5453 2349 5517 τείας
2371 5455 2732 5526 χαρισμάτων
2764 5457 3063 5531 ἀξιωθῆναι
3083 5502 3096 5525 ,
3121 5463 3281 5518 πάλιν
3315 5464 3420 5517 ὑπὸ
3448 5464 3547 5536 τὴν
3575 5465 3799 5536 πλάνην

2199 5542 2671 5614 ὐπονοστήσαντες
2698 5551 2793 5603 καὶ
2818 5553 2885 5623 τῇ
2913 5553 3104 5627 πρώτῃ
3130 5557 3299 5627 κακίᾳ
3331 5559 3673 5630 συνθέμενοι,
3705 5558 3802 5627 οἷς

2211 5643 2542 5701 ἐπιστέλλων
2564 5650 2594 5702 6
2609 5648 2808 5721 ὑψηλὲς
2829 5653 2930 5723 τῆς
2949 5654 3038 5722 ὑφ’
3064 5654 3214 5724 ἡλίου
3241 5655 3584 5727 καθηγητὴς,
3604 5656 3805 5727 φησιν,

2276 5808 2381 5891 ⁸⁸11
2409 5808 2526 5865 Pet.
2568 5827 2641 5878 tv,
2670 5813 2762 5891 εξ.
2838 5815 2885 5848 ⁵⁹
2924 5813 3086 5871 Prov.
3126 5831 3204 5881 τι,
3242 5817 3334 5877 3|.
3414 5818 3462 5852 ⁸³
3507 5819 3684 5881 lCor-
3724 5839 3815 5891 Si.

1172 5879 1216 5910 “
1253 5877 1388 5932 ibid.
1421 5877 1509 5933 i3.
1586 5877 1634 5909 "
1679 5875 1873 5929 Matth.
1919 5891 2017 5940 vit,
2073 5876 2273 5945 20-21;
2323 5877 2458 5937 Luc.
2509 5875 2635 5949 χιιι,
2667 5884 2756 5940 27.
