4000 6412
465 410 611 466 4067

472 538 769 595 vagumque
804 532 851 576 et
886 519 1262 584 medullarum,
1310 525 1358 571 et
1384 516 1649 570 discretor
1677 516 2062 586 cogitationum

481 627 535 671 et
569 618 756 669 mentis
789 610 1250 679 conceptarum",
1297 607 1761 677 quemadmodum
1812 606 1928 676 ipse
1969 620 2065 675 per

478 705 709 760 Paulum
767 704 963 773 inquit.
1017 702 1152 755 Nam
1204 709 1400 754 neutro
1436 698 1599 753 modo
1649 697 1809 767 perit,
1849 694 2065 750 etiamsi

480 796 680 867 partim
720 794 895 849 clavis
946 792 1274 862 conﬁgatur,
1324 789 1525 859 partim
1575 787 1726 843 lluat.
1791 785 1902 842 Nec
1935 786 2065 841 item

483 886 814 951 absumitur,
847 899 971 939 cum
1006 882 1234 953 perinde
1265 890 1328 937 ut
1368 896 1462 935 aer
1492 880 1562 935 ab
1595 878 1856 934 omnibus
1899 876 2072 949 perci-

483 979 686 1049 piatur,
737 986 793 1031 et
843 974 1205 1031 nihilominus
1257 982 1476 1028 maneat
1524 970 1670 1027 Deus
1713 970 1881 1035 idem,
1921 969 2070 1024 haud

484 1070 831 1126 imminutus.
859 1066 1037 1122 Verba
1072 1075 1253 1121 autem
1287 1062 1723 1119 PauliDominus
1754 1063 2070 1133 obsignans,

487 1168 543 1215 et
560 1161 681 1231 pari
711 1173 835 1213 cum
870 1156 1168 1211 incredulis
1204 1154 1471 1225 supplicio
1505 1152 1822 1209 alliciendos
1877 1161 2072 1208 osten-

487 1255 645 1319 dens,
672 1252 766 1323 qui
801 1252 1021 1307 nomine
1068 1249 1290 1320 quidem
1325 1247 1646 1315 Christiani,
1697 1263 1757 1303 re
1779 1261 1912 1302 vero
1944 1244 2074 1300 mali

490 1358 638 1412 sunt,
667 1355 722 1401 et
747 1361 843 1416 per
883 1343 1258 1400 temulentiam
1307 1341 1591 1411 negligant
1627 1340 1859 1396 salutem
1892 1354 2073 1405 suam,

490 1436 667 1508 inquit
686 1436 739 1490 in
768 1433 1063 1505 Evangelio
1102 1450 1117 1487 :
1151 1430 1211 1486 Si
1243 1431 1435 1484 dixerit
1467 1432 1522 1484 in
1570 1430 1726 1484 corde
1773 1446 1870 1483 suo
1897 1444 2074 1483 servus

488 1528 578 1583 ille
614 1542 632 1580 :
666 1525 960 1582 Cunctatur
986 1524 1232 1579 dominus
1261 1538 1405 1576 meus
1435 1522 1629 1588 uenire,
1663 1520 1928 1590 simulque
1971 1536 2077 1574 cae-

487 1621 625 1690 pprit
651 1626 918 1687 percutere
951 1630 1249 1676 conservos,
1287 1621 1335 1667 et
1367 1613 1517 1667 edere
1547 1621 1703 1683 atque
1740 1611 1911 1666 bibere
1956 1627 2077 1665 cum

490 1708 750 1762 conservis
793 1706 951 1761 ebriis
981 1720 999 1757 :
1032 1702 1194 1777 Amen
1236 1702 1355 1755 dico
1405 1701 1569 1767 vobis,
1616 1700 1779 1756 veniet
1818 1700 2069 1754 dominus

490 1799 624 1853 servi
663 1798 811 1853 illius
845 1796 934 1861 die,
962 1809 1064 1865 quo
1098 1809 1198 1847 non
1229 1802 1520 1860 exspectat,
1545 1801 1594 1845 et
1615 1792 1749 1845 liora
1788 1808 1895 1862 qua
1924 1792 2075 1862 igno-

491 1898 600 1953 rat,
624 1896 672 1941 et
695 1884 976 1939 dissecabit
1000 1898 1141 1946 eum,
1161 1890 1211 1935 et
1239 1889 1394 1950 ponet
1416 1889 1623 1950 partem
1649 1881 1815 1950 ipsius
1834 1897 1954 1934 cum
1986 1882 2071 1935 in-

490 1977 800 2033 credulis”.
840 1974 1112 2031 Dissecari
1145 1987 1365 2028 servum
1396 1986 1503 2028 non
1529 1972 1888 2043 corporaliter
1920 1971 2081 2027 intel-

484 2068 747 2138 ligamus,
790 2064 938 2134 (nam
976 2060 1290 2134 imperitum
1340 2058 1445 2132 hoc
1487 2057 1628 2114 foret
1664 2074 1730 2113 ac
1764 2057 2077 2130 ridiculum)

491 2158 585 2214 scd
615 2172 711 2228 per
750 2155 1131 2226 spoliationem
1164 2150 1531 2223 spiritualium
1563 2149 1832 2205 donorum
1886 2162 1940 2206 et
1984 2151 2079 2205 ba-

490 2247 790 2319 ptismatis,
836 2255 892 2301 ct
916 2260 1045 2316 erga
1073 2243 1255 2314 ipsum
1286 2240 1571 2304 libertatis,
1612 2240 1875 2296 dissecari
1909 2254 1938 2293 a
1975 2238 2081 2294 Do-

491 2337 644 2392 mino
667 2335 1007 2391 damnandos
1042 2332 1423 2403 intelligamus.
1475 2328 1594 2386 Non
1637 2330 1782 2385 enim
1818 2329 1937 2384 ﬁeri
1986 2345 2077 2401 po-

492 2437 619 2494 test,
649 2437 711 2482 ut
750 2427 844 2497 qui
869 2424 1091 2481 Christo
1121 2425 1504 2489 θῶκοι-θοι,οο
1519 2422 1684 2477 veluti
1708 2421 1910 2477 milites
1932 2421 2079 2477 illius

494 2519 766 2590 obsignati
797 2515 1079 2587 signaculo
1112 2527 1242 2571 sunt
1273 2525 1328 2571 et
1356 2529 1494 2570 zona
1525 2514 1735 2570 militia
1773 2514 1947 2586 ipsius
1970 2516 2082 2570 cin-

495 2615 591 2676 cti,
625 2611 943 2682 puniantur,
1000 2609 1107 2664 nisi
1139 2609 1292 2680 prius
1325 2607 1435 2663 illis
1460 2606 1677 2677 spoliati
1710 2606 1844 2662 sint.
1886 2604 2082 2672 Quem-

496 2702 788 2757 admodum
807 2709 861 2757 et
886 2709 1185 2771 praesentes
1216 2700 1379 2756 hodie
1404 2700 1554 2772 leges
1583 2700 1805 2766 docent,
1834 2714 1959 2756 reos
1976 2700 2081 2756 mi-

495 2794 619 2850 lites
662 2792 959 2861 non-prius
993 2790 1132 2846 allici
1173 2791 1374 2847 debere
1430 2791 1721 2860 supplicio,
1758 2806 1922 2861 quam
1973 2789 2080 2848 illis

496 2898 637 2941 zona
666 2883 738 2939 sit
770 2882 1022 2951 adempta
1054 2900 1068 2937 :
1095 2895 1207 2952 quo
1255 2880 1617 2952 signiﬁcatur,
1667 2882 1918 2953 symbolo
1943 2880 2083 2945 mili-

499 2978 590 3034 tiae
614 2976 758 3047 ipsis
785 2975 991 3039 ablato,
1026 2988 1179 3028 more
1206 2974 1549 3046 privatorum
1600 2988 1630 3028 a
1676 2971 1934 3030 carniﬁce
1974 2978 2083 3043 ‘pu-

495 3069 605 3124 niri
663 3082 846 3138 posse.
893 3064 1242 3122 Evidentiore
1299 3079 1425 3118 vero
1473 3064 1836 3121 similitudine
1895 3072 2076 3129 utens,

498 3160 628 3232 quid
651 3160 764 3215 haec
786 3158 968 3216 divina
990 3157 1248 3214 dissertio
1274 3155 1365 3222 sit,
1389 3156 1691 3212 ostendam.
1718 3155 1853 3212 Nam
1877 3157 1971 3228 qui
1993 3173 2082 3214 su-

498 3253 663 3308 blime
692 3251 890 3307 solium
923 3249 1124 3304 Christi
1169 3247 1560 3303 administrant
1590 3247 1895 3318 pontiﬁces,
1940 3247 1988 3304 si
2021 3246 2079 3303 in

500 3343 684 3412 aliquo
708 3342 867 3410 lapsu
900 3338 973 3396 sit
996 3345 1445 3394 consecratorum
1465 3337 1738 3409 quispiam
1763 3339 1817 3392 in
1836 3339 2078 3409 ipsorum

501 3442 673 3499 coetu,
695 3446 803 3487 non
834 3430 998 3500 prius
1033 3429 1211 3499 ipsum
1246 3429 1427 3499 poenis
1456 3429 1773 3500 subjiciunt,
1808 3445 1971 3500 quam
1997 3429 2082 3485 di-

501 3524 646 3579 vinis
676 3537 707 3576 a
740 3519 914 3577 sacris
942 3534 1067 3573 eum
1094 3518 1451 3583 removerint,
1496 3528 1551 3573 et
1576 3519 1794 3574 illorum
1838 3523 2085 3590 privatus

503 3616 577 3673 sit
605 3613 890 3687 symbolis.
908 3610 996 3666 Εο
1027 3620 1190 3682 pacto
1213 3610 1504 3681 Spoliatum
1555 3625 1655 3681 pro
1687 3626 1796 3665 uno
1827 3626 1893 3666 ex
1932 3612 2086 3668 laicis

504 3706 725 3762 habent.
754 3703 864 3759 Per
885 3717 1051 3774 quam
1082 3701 1486 3770 ademptionem
1519 3702 1797 3757 indicatur
1825 3702 2086 3759 dissectio

507 3798 577 3854 de
600 3814 708 3869 qua
755 3796 967 3854 dictum
1016 3803 1120 3859 est,
1151 3802 1206 3849 et
1250 3808 1346 3864 per
1370 3794 1916 3851 conuumerationem
1967 3794 2086 3865 ejus

509 3904 636 3946 cum
663 3887 928 3962 gregariis
958 3893 1014 3942 et
1042 3884 1261 3950 vilibus,
1284 3883 1471 3955 portio
1509 3899 1636 3940 cum
1670 3884 1970 3942 incredulis
1998 3884 2089 3942 de-

505 3981 767 4037 claratur.
784 3977 841 4035 ld
860 3976 1006 4050 quod
1030 3986 1085 4032 et
1101 3975 1332 4031 Davides
1344 3975 1646 4032 carminum
1671 3976 1760 4032 ille
1775 3975 2085 4033 divinorum

506 4080 699 4128 auctor
722 4071 880 4142 longe
900 4069 1240 4136 anteinnuit,
1266 4069 1343 4124 ita
1370 4066 1671 4124 testiﬁcans
1700 4087 1713 4123 :
1753 4067 1883 4124 Vota
1904 4070 2087 4139 facite,

505 4176 556 4223 et
587 4166 788 4222 reddite
817 4164 1041 4220 Domino
1074 4162 1184 4219 Deo
1217 4172 1385 4218 uestro
1403 4179 1422 4228 ;
1456 4177 1632 4216 omnes
1652 4162 1707 4215 in
1729 4160 1952 4215 circuitu
1972 4158 2086 4229 ejus

508 4255 648 4310 dona
659 4255 884 4326 aﬂ‘erunt
897 4252 1123 4309 terribili
1132 4261 1181 4307 et
1194 4253 1451 4322 auferenti
1464 4253 1682 4321 spiritus
1698 4262 2006 4320 magnamm
2019 4249 2085 4302 τ’.

578 4427 759 4485 Nolim
798 4441 928 4482 vero
971 4426 1263 4496 quisquam
1319 4423 1636 4489 arbitretur_
1675 4422 1742 4477 de
1785 4424 2089 4477 animarum

509 4520 783 4577 ablatione
813 4531 1034 4572 carmen
1060 4515 1191 4571 illud
1220 4513 1593 4584 accipiendum
1624 4527 1767 4567 esse.
1792 4511 1910 4566 Non
1942 4513 2087 4567 enim

499 4605 930 4681 gubernantium
972 4603 1156 4671 modo,
1194 4603 1289 4658 scd
1327 4611 1383 4658 et
1421 4615 1609 4656 eorum
1645 4601 1736 4670 qui
1777 4602 2086 4672 gubernan-

510 4712 633 4768 tur,
663 4707 716 4753 et
744 4696 1092 4752 dominorum
1119 4733 1134 4760 ,
1167 4703 1221 4749 et
1255 4706 1537 4749 servorum
1559 4730 1574 4755 ,
1612 4691 1772 4762 plane
1806 4693 1921 4763 ipse
1950 4692 2086 4749 indit

510 4797 564 4845 et
621 4785 803 4843 aufert
849 4783 1115 4840 animales
1160 4780 1406 4854 spiritus.
1454 4778 1722 4836 Nimirum
1768 4781 1966 4837 dicitur
2020 4784 2088 4838 dc

510 4879 712 4946 anima,
737 4878 847 4932 imo
876 4876 944 4932 de
991 4874 1365 4945 spiritualibus
1420 4871 1609 4939 donis,
1676 4880 1731 4927 et
1777 4873 1842 4928 de
1909 4873 2090 4945 bapti-

512 4979 708 5027 smate.
743 4967 1019 5040 Magnates
1041 4981 1168 5021 vero
1187 4965 1320 5019 mihi
1348 4961 1598 5017 videntur
1636 4977 1758 5018 esse
1785 4977 1863 5039 ac,
1879 4962 2087 5018 domini

512 5057 811 5112 inﬁdelium
863 5055 1071 5118 ﬁdeles,
1098 5069 1127 5108 a
1162 5052 1258 5108 Dei
1301 5049 1481 5106 Verbo
1516 5051 1661 5120 quod
1695 5061 1813 5106 erat
1846 5051 1900 5106 in
1938 5052 2089 5122 prin-

512 5149 698 5220 cipio,
754 5149 808 5201 id
853 5146 1155 5212 consecuti,
1213 5152 1274 5199 ut
1327 5143 1680 5199 dominentur
1735 5143 1901 5198 etiam
1956 5144 2088 5214 ipsis

513 5239 874 5297 dmmonibus.
906 5236 1051 5291 Nihil
1095 5237 1240 5292 enim
1279 5235 1369 5292 isti
1411 5234 1480 5289 ab
1520 5234 1629 5289 illis
1663 5234 1941 5290 habebunt
1984 5235 2090 5291 dis-

513 5330 797 5397 criminis,
856 5320 1377 5385 eodem'consensu
1446 5327 1798 5382 adversantes
1866 5325 1973 5383 Deo
2035 5337 2091 5383 et

513 5419 858 5478 Christianos
883 5429 1279 5491 oppugnantes.
1307 5417 1458 5485 Quos
1488 5425 1547 5471 ut
1579 5416 1809 5486 imperio
1841 5427 2090 5486 premant

514 5522 570 5568 et
593 5511 931 5583 proculcent,
964 5512 1182 5567 divinus
1221 5508 1311 5564 ille
1350 5507 1580 5563 Davides
1611 5507 1784 5561 multo
1812 5515 1937 5561 ante
1969 5524 2090 5578 pre-

1510 372 1566 453 s.
1610 392 2271 458 CIESARU,CRECOR|I
2313 392 2639 457 manus,

3617 386 3754 441 i063

2168 512 2265 565 καὶ
2305 510 2571 581 μυελῶν,
2626 510 2723 565 καί
2780 508 3132 578 διακριτικὸς
3192 506 3586 587 ὲνθυμῄσεων
3653 506 3753 559 καὶ

2168 603 2455 658 ἐννοιῶν·
2509 601 2694 666 καθὼς
2741 601 2901 665 αὐτὸς
2930 599 3017 654 διὰ
3052 598 3265 652 Παύλου
3301 598 3485 670 φησιν.
3519 596 3756 651 Οὐθετέ-

2172 711 2266 767 ρου
2297 694 2405 765 γὰρ
2435 690 2766 763 ἐξεκρούσθη
2787 708 2801 723 ο
2833 689 2928 744 τοῦ
2974 691 3072 761 μὲν
3101 688 3529 759 καθηλουμένου,
3563 685 3659 741 τοῦ
3693 686 3755 740 δὲ

2170 785 2417 856 ῥέοντος,
2453 784 2560 839 οὐδ’
2604 779 2676 839 αὖ
2725 782 2888 837 πάλιν
2918 780 3256 846 δαπανᾶται,
3301 778 3445 833 κατά
3488 779 3581 831 τὸν
3614 778 3760 850 ἀέρα

2172 876 2278 929 ὑπὸ
2310 875 2527 930 πάντων
2556 873 2937 945 μετεχόμενος,
2967 873 3062 927 καὶ
3097 872 3274 942 μένων
3299 873 3328 924 ὁ
3361 870 3522 933 αὐτὸς
3545 871 3758 940 ἀμείω⁴

2171 984 2263 1031 τος
2289 966 2441 1032 Θεός.
2473 966 2555 1020 Τὰ
2585 967 2641 1020 δὲ
2682 964 2896 1019 Παύλου
2926 961 3353 1035 ὲπισφραγίζων,
3388 962 3481 1015 καὶ
3526 962 3622 1014 ῐσα
3646 959 3759 1014 τῶν

2170 1059 2421 1114 ἀπίστων
2446 1058 2659 1122 δεικνὺς
2686 1055 3106 1130 τιμωρήσασθαι
3129 1055 3255 1117 τοὺς
3277 1054 3463 1125 κλήσει
3492 1052 3591 1123 μὲν
3623 1051 3760 1122 Χριο

2177 1152 2445 1215 στιανοὺς,
2481 1151 2628 1223 ἔργῳ
2664 1151 2720 1204 δὲ
2757 1149 3047 1221 πονηροὺς,
3074 1147 3170 1201 καὶ
3192 1144 3445 1218 παροινίᾳ
3473 1144 3576 1215 τῆς
3605 1145 3760 1212 σφῶν

2175 1244 2523 1316 ἀμελούντων
2555 1243 2847 1315 σωτηρίας.
2886 1242 2974 1296 Ἐν
3005 1238 3357 1309 Εὐαγγελίοις
3385 1238 3567 1308 φησιν’
3615 1235 3759 1290 Ἐὰν

2176 1335 2244 1389 δὲ
2274 1336 2416 1404 εἴπῃ
2462 1335 2531 1390 ἐν
2571 1332 2764 1400 ἐαυτῷ
2812 1335 2845 1387 ὀ
2885 1332 3108 1397 δοῦλος
3135 1329 3397 1395 ἐκεῖνος,
3427 1326 3686 1396 Χρονίζει
3722 1330 3758 1380 d

2177 1428 2381 1495 κύριός
2402 1444 2515 1494 μου
2550 1425 2653 1480 τοῦ
2684 1423 2902 1488 ἐλθεῖν,
2940 1423 3041 1477 καὶ
3066 1421 3303 1491 ἄρξεται
3340 1421 3583 1475 τύπτειν
3613 1419 3756 1485 τοὺς

2178 1516 2580 1583 συνδούλους,
2606 1515 2834 1570 ἐσθίειν
2863 1531 2926 1568 τε
2953 1515 3051 1568 καὶ
3079 1515 3277 1568 πίνειν
3301 1511 3451 1583 μετὰ
3469 1510 3589 1565 τῶν
3607 1526 3756 1565 συν-

2179 1608 2418 1663 δούλων
2457 1606 2833 1676 μεθυόντωνο
2877 1604 3042 1675 ἀμὴν
3075 1605 3234 1675 λέγω
3279 1603 3444 1674 ὑμῖν,
3481 1602 3615 1671 ἥξει
3650 1603 3755 1656 xti-

2172 1718 2302 1771 ριος
2338 1698 2445 1754 τοῦ
2489 1698 2714 1754 δούλου
2757 1698 3017 1763 ἐκείνου,
3059 1697 3129 1751 ἐν
3156 1695 3347 1767 ἡμέρᾳ
3378 1689 3420 1768 ᾗ
3464 1697 3539 1751 οὐ
3565 1708 3752 1764 προσ·

2179 1789 2352 1857 δοκᾷ,
2376 1789 2477 1845 καί
2509 1790 2579 1844 ἐν
2609 1788 2727 1858 ὥρᾳ
2751 1783 2792 1861 ᾖ
2819 1790 2891 1843 οὐ
2921 1787 3217 1858 γινώσκει,
3247 1787 3347 1841 καὶ
3372 1783 3750 1857 διχοτομήσει

2181 1882 2390 1950 αὑτὸν,
2431 1881 2529 1935 καὶ
2566 1879 2739 1948 θήσει
2784 1879 2853 1933 τὸ
2871 1879 3055 1950 μέρος
3079 1878 3278 1937 ,αὐτοῦ
3302 1879 3452 1949 μετὰ
3472 1877 3592 1932 τῶν
3621 1875 3752 1933 ἀεί-

2182 1990 2372 2029 στων.
2404 1972 2840 2044 ’Διχοτομεῖσθαι
2890 1971 2982 2025 τὸν
3030 1970 3247 2041 οἰκέτην
3301 1971 3375 2042 μὴ
3429 1971 3751 2041 σωματικῶς

2179 2065 2462 2136 νοήσωμεν
2491 2061 2766 2135 (ἀμαθίας
2785 2061 2893 2134 γὰρ
2923 2059 3078 2115 τοῦτο
3105 2061 3196 2115 καὶ
3236 2060 3664 2134 γέλωτος),ωά
3686 2065 3751 2133 τῇ

2178 2154 2463 2227 ἀφαιρέσει
2509 2153 2618 2210 τῶν
2666 2152 3052 2225 πνευματικῶν
3096 2153 3450 2225 χαρισμάτων
3504 2154 3601 2207 καὶ
3658 2151 3751 2209 τοῦ

2180 2246 2580 2318 βαπτίσματος,
2623 2246 2716 2299 καὶ
2745 2245 2845 2317 τῆς
2870 2244 3002 2314 πρὸς
3035 2244 3198 2299 αὑτὸν
3244 2246 3577 2318 παρρησίας,
3611 2247 3753 2319 διχο-

2179 2337 2460 2410 τομείσθαι
2498 2337 2602 2393 ὑπὸ
2633 2335 2726 2391 τοῦ
2759 2336 2962 2413 κυρίου
2994 2336 3123 2401 τοὺς
3153 2334 3582 2408 κριθησομένους
3608 2339 3747 2409 ἡμᾶς

2179 2430 2481 2501 νοήσωμεν.
2519 2427 2594 2482 Οὐ
2628 2428 2738 2500 γάρ
2768 2422 2879 2481 οἷόν
2910 2444 2969 2480 τε
2990 2428 3117 2491 τοὺς
3148 2425 3363 2499 Χριστῷ
3392 2428 3749 2500 συνθεμένους

2180 2521 2280 2575 καὶ
2342 2514 2454 2573 οἷον
2498 2519 2836 2591 στρατιώτας
2879 2518 3398 2592 κατασημανθέντας
3429 2523 3496 2592 τῇ
3549 2522 3751 2575 ἐκείνου

2182 2611 2457 2682 σφραγίδι,
2488 2612 2581 2665 καὶ
2594 2613 2660 2683 τῇ
2687 2610 2833 2684 ζώνῃ
2854 2611 2949 2684 τῆς
2973 2611 3138 2666 αὐτοῦ
3164 2612 3419 2684 στρατιᾶς
3446 2612 3752 2684 διειλημμέ-

2185 2718 2311 2765 νους
2353 2700 2735 2772 τιμωρεῖσθαι,
2788 2701 2864 2773 μὴ
2927 2702 3191 2774 πρότερον
3242 2701 3463 2756 ἐκείνων
3509 2704 3746 2774 ἀπορρα-

2185 2793 2402 2863 γέντας,
2431 2792 2611 2858 καθὼς
2641 2794 2734 2848 καὶ
2759 2795 2809 2848 οί
2833 2795 3071 2867 τήμερον
3098 2795 3251 2867 νόμοι
3287 2795 3600 2850 παιδεύουσι
3629 2796 3751 2859 τοὺς

2182 2884 2386 2950 αἰτίους
2435 2884 2542 2938 τῶν
2588 2885 2936 2956 στρατιωτῶν
2966 2887 3040 2957 μὴ
3068 2884 3331 2959 πρότερον
3359 2887 3748 2959 τιμωρεῖσθαι,

2184 2976 2312 3049 πρὶν
2358 2976 2459 3047 τῆς
2511 2976 2689 3050 ζώνης
2735 2979 3136 3050 ἀπορραγῆναι,
3189 2978 3291 3050 τῆς
3336 2980 3593 3052 συμϐόλου
3648 2978 3752 3048 τῆς

2185 3069 2464 3139 στρατιᾶς,
2496 3067 2588 3120 καὶ
2620 3070 2688 3140 τῇ
2717 3068 2933 3141 ἐκείνης
2961 3067 3248 3141 ἀφαιρέσει
3288 3071 3380 3125 ίσα
3404 3071 3507 3125 τῶν
3530 3068 3751 3124 ἰδιωτῶν

2186 3156 2602 3224 καταξαίνεσθαι
2659 3158 2736 3231 τῷ
2799 3159 2996 3232 δημίῳ.
3045 3163 3441 3235 Ἐναργεστέρᾳ
3493 3160 3538 3215 δ’
3587 3162 3752 3215 εἰκόνι

2185 3250 2529 3322 χρησάμενος
2554 3252 2890 3322 παραστήσω
2909 3252 3007 3323 τὴν
3031 3251 3180 3306 Θείαν
3199 3252 3529 3325 διχοτομίαν.
3559 3254 3620 3308 0i
3648 3254 3752 3325 γὰρ

2184 3338 2275 3394 τὸν
2299 3339 2502 3409 ὑψηλὸν
2529 3339 2622 3393 τοῦ
2651 3341 2886 3411 Χριστοῦ
2929 3342 3204 3406 διέποντες
3235 3344 3423 3414 θρόνον
3450 3346 3750 3417 ἀρχιερεξ,

2185 3430 2278 3484 τοῦ
2309 3430 2493 3483 θιάσου
2526 3432 2584 3484 ἐν
2626 3431 2822 3503 ὁλίσθῳ
2852 3433 2996 3497 τινὸς
3040 3434 3146 3487 τῶν
3180 3436 3487 3506 ἱερωμένων
3530 3436 3754 3506 γενομέ·

2187 3536 2278 3574 νου
2299 3561 2313 3587 ,
2343 3520 2403 3572 οὐ
2434 3522 2700 3593 πρότερον
2722 3522 2885 3578 αὐτὸν
2908 3527 3090 3592 εἰςτὰς
3108 3527 3261 3593 δίκας
3274 3525 3495 3595 διδόασι,
3513 3528 3642 3598 πρὶν
3658 3529 3753 3599 τῆς

2188 3608 2340 3673 θείας
2366 3609 2676 3683 ἀπορρῆξαι
2718 3613 2969 3684 τελετῆς,
3001 3615 3068 3669 τὰ
3095 3613 3311 3688 ἐκείνης
3354 3618 3751 3690 ἀφαιρούμενον

2191 3698 2464 3771 σύμδολα·
2500 3701 2593 3755 καὶ
2625 3701 2799 3767 οὕτως
2826 3703 3221 3776 καθαιρεθέντα
3265 3707 3361 3762 ἕνα
3410 3708 3519 3761 τῶν
3558 3709 3753 3762 λαῖκῶν

2188 3791 2460 3864 ἡγεῖσθαι.
2492 3794 2569 3847 Δι’
2590 3788 2666 3849 ὧν
2690 3795 2790 3866 τῆς
2817 3796 3161 3867 ἀφαιρέσεως
3189 3797 3443 3869 δηλοῦται
3475 3801 3509 3870 ή
3537 3799 3753 3870 ρηθεεσα

2187 3882 2495 3954 διχοτομία,
2523 3884 2618 3939 καὶ
2647 3888 2714 3958 τῇ
2750 3888 3135 3956 συγκαταλέξει
3164 3887 3257 3942 τοῦ
3279 3889 3531 3959 ἀγελαίου
3564 3893 3596 3962 η
3622 3891 3754 3961 μετὰ

2187 3977 2296 4031 τῶν
2338 3979 2580 4033 ἀπίστων
2621 3980 2798 4051 μερίς.
2856 3981 3032 4053 Ὅπερ
3060 3983 3153 4035 καὶ
3184 3981 3348 4037 Δαόὶδ
3391 3985 3420 4038 ὁ
3460 3983 3567 4037 τῶν
3599 3983 3754 4037 θείων

2193 4062 2429 4138 μελίρδδς
2480 4067 2841 4140 προῃνίξατο,
2881 4068 3381 4142 διαμαρτυρόμενος
3416 4069 3608 4135 οὕτως,
3642 4071 3754 4124 Εὔ-

2191 4155 2399 4223 ξασθε,
2450 4157 2549 4210 καὶ
2579 4157 2836 4213 ἀπόδοτε
2878 4159 3075 4228 Κυρίῳ
3127 4161 3207 4227 τῷ
3260 4157 3383 4226 Θεῷ
3413 4160 3577 4232 ὑμῶν
3607 4161 3751 4232 (94)·

2191 4247 2413 4313 πάντες
2436 4249 2490 4301 οἱ
2520 4248 2723 4316 κύκλῳ
2748 4248 2935 4303 αὐτοῦ
2955 4250 3197 4305 οίσουσι
3223 4250 3379 4321 δῶρα
3409 4249 3489 4318 τῷ
3533 4251 3757 4323 φοϐερῷ

2190 4333 2289 4388 καὶ
2311 4334 2725 4404 ἀφαιρουμένῳ
2748 4337 3055 4406 πνεύματα
3080 4337 3407 4407 ἀρχόντων.

2260 4426 2468 4495 Μηδεὶς
2508 4427 2564 4480 δὲ
2610 4426 2805 4481 οἰέσθω
2836 4429 2964 4503 περὶ
2994 4426 3180 4499 ψυχῶν
3230 4430 3569 4501 ἀφαιρέσεως
3616 4431 3757 4501 ἔχειν

2192 4514 2291 4586 τὴν
2347 4514 2613 4586 μελῳδίαν
2658 4514 2798 4587 (οὐκ
2831 4517 3105 4589 ἀρχόντων
3138 4517 3246 4589 γὰρ
3277 4520 3434 4590 μόνον
3454 4559 3470 4587 ,
3502 4517 3635 4574 ἀλλά
3669 4521 3758 4575 καὶ

2193 4607 2511 4679 ἀρχομένων
2544 4607 2637 4660 καὶ
2663 4607 2936 4662 δεσποτῶν
2967 4608 3061 4662 καὶ
3089 4610 3332 4675 οἰκετῶν,
3363 4611 3579 4676 πάντως
3601 4612 3758 4675 αὐτὸς

2193 4699 2431 4769 ἐντίθησι
2459 4697 2549 4751 καὶ
2579 4697 2889 4769 ἀφαιρεῖται
2919 4700 2989 4754 τὰ
3015 4700 3219 4772 ψυχικά
3246 4702 3559 4773 πνεύματα)
3578 4742 3593 4765 ,
3628 4701 3760 4756 ἀλλὰ

2195 4786 2413 4850 πάντως
2443 4785 2571 4856 περὶ
2598 4784 2706 4839 τῶν
2730 4786 2993 4856 ψυχικῶν,
3020 4788 3218 4859 μᾶλλον
3254 4790 3351 4844 κα)⁹
3378 4791 3760 4861 πνευματικῶν

2192 4874 2547 4948 χαρισμάτων
2611 4872 2706 4926 καὶ
2752 4873 2847 4928 τοῦ
2907 4875 3302 4946 βαπτίσματος.
3365 4878 3658 4948 ’Ἄρχοντες
3706 4876 3760 4931 δέ

2191 4984 2288 5038 μοι
2314 4964 2529 5020 δοκοῦσι
2559 4964 2652 5017 καὶ
2683 4964 2860 5037 κύριοι
2903 4965 3009 5019 τῶν
3031 4968 3275 5021 ἀπίστων
3304 4969 3352 5021 oi
3383 4964 3583 5032 morai,
3612 4967 3763 5038 παρὰ

2192 5056 2289 5109 τοῦ
2322 5057 2379 5109 ὲν
2409 5055 2551 5125 ἀρχῇ
2596 5054 2770 5124 Λόγου
2808 5053 2943 5109 Θεοῦ
2990 5056 3052 5107 τὸ
3079 5057 3267 5128 ἄρχειν
3296 5058 3416 5111 κατ’
3456 5058 3635 5112 αὐτῶν
3673 5058 3763 5111 καὶ

2193 5147 2463 5217 δαιμόνων
2490 5145 2624 5217 (95).
2656 5146 2823 5200 Οὐδὲν
2856 5147 2963 5219 γάρ
3005 5140 3152 5202 οὗτοι
3186 5149 3410 5202 ἐκείνων
3453 5149 3760 5211 διοίσουσιν.

2194 5233 2527 5307 ὁμογνώμως
2554 5233 2672 5305 Θεῷ
2707 5235 3074 5308 ἀντικείμενοι
3097 5237 3193 5290 καὶ
3234 5238 3277 5290 Χ
3288 5240 3577 5309 ριστιανοῖς
3604 5236 3764 5290 πολεο

2198 5327 2443 5399 μοῦντες.
2478 5322 2572 5391 Οἷς
2594 5326 2655 5379 τὸ
2686 5325 2873 5398 ἄρχειν
2900 5329 2996 5382 καὶ
3026 5332 3218 5383 πατεῖν
3242 5329 3436 5394 αὐτοὺς
3454 5327 3488 5383 δ
3512 5329 3766 5400 θεοφόρος

2197 5418 2357 5472 Δαϐὶδ
2409 5418 2877 5490 προεπευχόμενος
2922 5419 3064 5485 ἀξιοῖ
3112 5422 3173 5474 τὸ
3209 5420 3362 5475 Θείον
3408 5420 3581 5484 οὕτως
3604 5438 3618 5452 ·
3652 5422 3767 5473 Κα-

2196 5508 2520 5577 ταστήσας
2548 5508 2769 5575 αὐτοὺς
2798 5509 3095 5580 ἄρχοντας
3118 5512 3215 5566 ἐπὶ
3252 5511 3460 5570 πᾶσαν
3488 5510 3605 5581 τὴν
3628 5508 3763 5580 γῆν.

589 5646 636 5678 ⁷ο
662 5645 826 5703 Hebr.
856 5661 932 5713 tv,
961 5644 1050 5700 12.
1126 5645 1168 5676 ⁷¹
1196 5642 1333 5698 Luc.
1364 5657 1462 5705 xu,
1485 5639 1578 5705 45,
1607 5638 1696 5693 46.
1774 5640 1818 5673 ⁷²
1852 5638 1999 5695 Psal.
2035 5658 2080 5697 [Α

2184 5686 2198 5709 ,
2236 5642 2325 5702 ιο,
2372 5642 2460 5695 ιδ.

596 5775 706 5845 194)
750 5776 836 5842 Τῷ
861 5781 925 5832 Θ.
956 5771 1315 5845 ὑμῶνημΧΧ
1345 5771 1521 5843 ἡμῶν.
1562 5769 1667 5825 Sed
1706 5769 1861 5843 Vulg.
1897 5784 2085 5840 restra,

527 5856 647 5914 qua:
675 5842 855 5899 tamen
886 5842 1071 5900 subdit
1100 5842 1328 5912 affertis.

2269 5774 2379 5845 (95)
2414 5772 2941 5845 Δίιιμόνωνηοσοει
2964 5775 3052 5830 hic
3095 5773 3317 5833 verbum
3356 5772 3640 5845 ’δεξάμενοι
3660 5777 3753 5826 aut

2194 5842 2606 5914 εἰληφότες,νώ
2638 5843 2767 5913 quid
2801 5845 2996 5915 simile.
