4000 6398
283 414 421 472 1069

282 526 725 597 Μνησθήσομαι
756 529 859 582 τοῦ
907 528 1196 596 ὀνόματός
1227 543 1343 581 σου
1366 529 1435 581 ἐν
1478 527 1646 594 πάσῃ
1683 522 1859 594 γενεᾷ

285 620 381 675 καί
407 618 607 691 γενεᾷ.
650 620 991 684 Ἐπακοὺσας
1017 620 1073 672 δὲ
1104 618 1199 673 τοῦ
1246 619 1526 690 προφήτου
1554 620 1582 670 6
1610 617 1742 681 Θεὸς
1767 618 1860 671 καὶ

284 711 490 779 Λόγος,
538 709 598 775 ἐξ
643 712 867 764 ἐκείνων
925 711 1216 782 ἀνδρωθεὶς
1260 710 1355 765 καὶ
1400 710 1622 763 ἐκείνων
1669 709 1859 778 κόσμῳ

283 801 647 870 ὲπεφοίτησε·
717 802 814 854 καὶ
873 801 1150 873 θεηγορῶν
1202 802 1261 853 ἐν
1317 800 1669 868 Εὑαγγελίοις
1725 799 1857 871 φησὶ

284 890 424 962 πρὸς
463 892 634 961 ἡμᾶς,
667 891 966 960 Θαρσεῖτε,
995 890 1110 960 ἐγὼ
1132 892 1418 958 νενίκηκα
1450 892 1556 944 τὸν
1597 892 1853 960 κόσμον,

283 984 402 1049 καὶ,
450 983 617 1047 Ἰδοὺ,
651 983 880 1037 δέδωκα
909 983 1051 1053 ὑμῖν
1086 983 1377 1047 ἐξουσίαν
1408 982 1617 1037 πατεῖν
1653 982 1852 1036 ἐπάνω

285 1074 479 1143 ὄφεων
505 1075 605 1128 καὶ
629 1075 952 1143 σκορπίων,
985 1074 1083 1130 καὶ
1103 1075 1199 1127 ἐπὶ
1230 1072 1437 1129 πᾶσαν
1465 1073 1581 1142 τὴν
1600 1073 1856 1144 δύναμιν

281 1163 389 1215 τοῦ
417 1164 664 1232 ἐχθροῦ’
701 1165 824 1233 ἥτις
865 1164 1110 1235 ὑπάρχειι
1152 1166 1300 1218 πᾶσα
1341 1166 1550 1235 αἵρεσις
1589 1165 1723 1236 (95).
1764 1164 1854 1219 Ἐν

248 1303 252 1309 .
283 1254 432 1326 πάσῃ
452 1254 511 1308 δὲ
533 1258 694 1325 γενεᾷ
728 1258 821 1309 καὶ
849 1259 1009 1329 γενεᾷ
1028 1258 1438 1329 μνημονεύομεν
1468 1258 1560 1312 τοῦ
1586 1259 1854 1329 ὀνόματος

279 1345 518 1418 Χριστοῦ
541 1346 799 1417 ἄρχοντες
815 1348 921 1401 τῶν
947 1348 1203 1402 ἐναντίων
1231 1352 1327 1403 καὶ
1358 1350 1536 1421 κύριοι
1592 1351 1685 1404 ὑπ’
1706 1352 1851 1404 ὲκεί-

280 1455 373 1492 νου
415 1438 785 1503 καταστάντες
825 1440 914 1493 διὰ
937 1440 1031 1493 τοῦ
1064 1440 1468 1511 βαπτίσματος,
1501 1443 1597 1495 καὶ
1646 1441 1741 1496 τοῦ
1793 1445 1850 1498 ὲν

279 1529 428 1601 αὑτῷ
443 1530 741 1601 sortema
752 1534 842 1600 μῖν
860 1531 1012 1600 ἁγίου
1035 1531 1555 1604 Πνεύματος.⁶Ἀπερ
1580 1533 1849 1604 ὲναρέτως

281 1620 526 1691 βιοῦντες
573 1622 853 1693 γεραίρειν
898 1623 1318 1694 σπουδάσωμεν,
1352 1624 1555 1694 μηδένα
1601 1625 1786 1679 σπῖλον
1816 1626 1850 1696 ἢ

282 1710 474 1782 μῶμον
504 1712 690 1776 αὐτοῖς
738 1711 798 1777 ἐξ
842 1712 1151 1785 ἀκαθάρτου
1189 1713 1465 1778 πολιτείας
1498 1716 1854 1787 προστρίϐον-

274 1818 396 1865 τες,
447 1804 663 1873 μήποτε
693 1802 894 1873 κρίνων
939 1803 1147 1874 Ἰησοῦς
1184 1803 1514 1876 διχοτομήσῃ
1543 1806 1712 1876 ἡμᾶς,
1760 1806 1855 1860 καὶ

279 1894 418 1964 μετὰ
450 1894 568 1949 τῶν
601 1896 921 1967 ἀρχομένων
955 1897 1198 1951 ἀπίστων
1253 1897 1624 1973 συναπολέσῃ,
1668 1903 1749 1965 είς
1795 1901 1856 1955 τὸ

278 1987 389 2059 πῦρ
416 1988 487 2042 τὸ
526 1990 777 2056 αἰώνιον,
816 1990 1132 2063 ἀπορρήξας
1183 1991 1279 2046 τοῦ
1338 1993 1709 2064 πνευματικοῦ
1753 2013 1852 2066 χα-

280 2082 549 2153 ρίσματος
589 2084 682 2137 καὶ
719 2084 1110 2156 βαπτίσματος.
1139 2087 1250 2157 υὺχ
1283 2087 1359 2150 ὦς
1382 2104 1487 2139 τινι
1517 2088 1573 2141 δὲ
1613 2088 1720 2140 τῶν
1754 2107 1857 2158 μυ-

279 2173 518 2244 θολόγων
558 2175 733 2240 ἔδοξεν
765 2176 921 2248 (96‘),
963 2178 1131 2240 ἀκοὰς
1163 2178 1260 2247 μὲν
1300 2176 1563 2247 θέλγοντι,
1593 2179 1768 2250 ψυχὰς
1799 2179 1856 2232 δὲ

279 2265 340 2318 οὑ
383 2265 664 2338 τρέφοντι,
709 2268 882 2338 πέρας
914 2268 1024 2335 ἕξει
1051 2269 1084 2338 ἡ
1112 2268 1218 2322 τῶν
1248 2269 1586 2340 ἁμαρτωλῶν
1614 2272 1855 2342 τιμωρία

278 2355 345 2410 ὲκ
374 2357 473 2411 τοῦ
503 2357 719 2412 αίὼνιον
751 2359 907 2437 μόνον
940 2360 1109 2429 φῆσαι
1137 2357 1228 2412 τὸν
1272 2355 1475 2431 Κύριον
1499 2361 1559 2414 τὸ
1595 2362 1856 2435 κολαστή-

280 2463 395 2517 ριον
426 2448 561 2520 πῦρ,
611 2450 706 2502 καὶ
734 2451 834 2503 οὐκ
865 2449 1079 2505 αἰώνιον
1111 2451 1343 2508 αἰώνων.
1377 2455 1489 2507 Οὑκ
1534 2455 1718 2527 ἐπειδὴ
1745 2457 1853 2529 γὰρ

276 2541 307 2592 6
336 2540 624 2611 προφήτης
647 2541 829 2610 φησιν,
862 2543 967 2606 Εἰς
992 2540 1111 2596 τῶν
1130 2543 1333 2607 αἰῶνα,
1364 2546 1561 2614 Κύριε,
1593 2550 1626 2601 ό
1665 2549 1854 2618 Λόγος

278 2645 395 2681 σου
429 2629 693 2697 διαμένει
741 2630 810 2683 ἐν
859 2629 939 2696 τῷ
972 2632 1233 2701 οὐρανῷ,
1284 2635 1433 2707 παρὰ
1483 2636 1639 2690 τοῦτο
1694 2639 1853 2710 μέχρι

275 2719 420 2783 τινος
446 2719 536 2774 τὸν
557 2720 687 2772 Θεὸν
711 2720 803 2775 καὶ
825 2720 994 2789 Λόγον
1016 2724 1073 2774 ὲν
1093 2723 1169 2793 τῷ
1201 2725 1260 2777 οὑ
1271 2725 1413 2796 ρανῷ
1443 2727 1708 2798 ὑπάρχειν
1729 2733 1853 2803 νοή-

278 2821 485 2875 σωμεν,
542 2806 680 2875 μετά
720 2806 776 2859 δὲ
818 2807 907 2860 τὸν
946 2807 1117 2863 αἰῶνα
1149 2811 1404 2883 ὲκφοιτᾷν
1438 2812 1547 2867 τῶν
1584 2816 1848 2888 οὐρανῶν.

274 2896 386 2949 Καὶ
443 2896 604 2950 πάλιν
637 2899 665 2949 6
706 2898 869 2961 αὑτός
922 2917 1086 2971 φησι,
1116 2903 1225 2956 Καὶ
1260 2904 1297 2971 ἡ
1340 2905 1590 2973 ἀλήθεια
1633 2912 1852 2978 Κυρίου

269 2991 439 3060 μένει
474 2992 561 3056 είς
590 2990 697 3044 τὸν
725 2990 931 3047 αἰῶνα.
963 2989 1088 3063 Ἆρ’
1136 2990 1229 3048 οὖν
1277 2998 1414 3067 μετά
1445 3016 1565 3053 τινα
1596 3004 1853 3074 χρονικὴν

276 3083 511 3154 πάροδον
541 3083 641 3136 οὑκ
668 3083 818 3138 ἔσται
839 3084 1090 3154 ἀληθινὸς
1117 3088 1151 3147 6,
1173 3088 1399 3160 Κύριος,
1425 3092 1565 3145 κατά
1588 3095 1685 3164 τὴν
1712 3113 1857 3161 παρ-

274 3176 449 3230 οινίαν
482 3173 703 3261 τοῦτῆς
741 3175 910 3245 ὀργῆς
954 3175 1273 3246 sror/dyon;
1307 3179 1476 3243 Αὐτὸς
1507 3181 1551 3234 δ’
1585 3184 1644 3235 έν
1675 3185 1850 3255 Εὐαγ-

273 3268 475 3335 γελίοις
520 3269 549 3319 6
577 3266 769 3337 κριτής
807 3284 940 3337 φησι
975 3269 1084 3331 τοῖς
1115 3268 1278 3332 θείοις
1303 3271 1467 3325 αὑτοῦ
1499 3274 1846 3341 ἀποστόλοις,

274 3358 385 3413 Καὶ
407 3359 523 3429 ἐγὼ
545 3359 673 3428 μεθ’
709 3356 874 3426 ὑμῶν
900 3359 1038 3427 ειμι,
1072 3358 1184 3425 ἕως
1216 3359 1324 3429 τῆς
1355 3366 1711 3431 συντελείας
1743 3367 1849 3422 τοῦ

275 3448 511 3516 αἰῶνος.
562 3444 687 3519 1Ἆρ’
714 3444 805 3502 οῦν
838 3447 942 3512 ἕως
971 3449 1161 3520 χρόνου
1195 3452 1510 3507 συνέσεσθαι
1546 3457 1708 3511 αὑτὸν
1735 3462 1849 3525 τοῖς

276 3540 451 3608 ἁγίοις
495 3541 914 3613 ὑπονοήσωμεν,
952 3541 986 3611 ἢ
1025 3541 1223 3614 μᾶλλον
1260 3545 1445 3609 ἀϊδίως
1492 3549 1584 3601 καὶ
1610 3549 1850 3621 ἀπεράν-

273 3647 416 3696 τως;
447 3630 573 3693 Πῶς
605 3632 662 3683 δὲ
689 3633 789 3684 οὐκ
826 3631 1060 3701 ἐσχάτης
1094 3634 1328 3704 ὑπάρχει
1361 3639 1705 3708 φρενητείας,
1750 3642 1850 3695 πέ-

277 3739 380 3794 ρας
411 3722 506 3776 τοῦ
549 3721 745 3785 αἰῶνος
793 3722 1162 3789 ὑποτίθεσθαι,
1193 3726 1298 3791 καὶ,
1319 3727 1508 3798 μέχρις
1536 3731 1744 3783 ἐκείνου
1770 3751 1850 3787 τι-

279 3813 602 3885 μωρηθέντα
627 3812 716 3866 τὸν
742 3812 983 3865 διάῦολον
1014 3814 1128 3883 ἅμα
1159 3815 1266 3867 τῶν
1296 3821 1851 3887 προσαπελασθέντων

279 3904 567 3977 μοχθηρῶν
611 3902 943 3977 ἀνθρώπων,
982 3905 1395 3978 ἐλευθεροῦσθαι
1433 3912 1541 3966 τῶν
1586 3915 1850 3982 ἀλγεινῶν

279 3997 475 4066 μηκέτι
521 3995 941 4066 κολαζομένους;
978 3997 1050 4050 Τὸ
1076 3996 1135 4061 ἐξ
1175 4000 1453 4056 ἀντιθέτου
1492 4003 1599 4076 γὰρ
1634 4006 1851 4073 πάντως

273 4088 503 4153 δικαίοις
548 4090 915 4160 συμϐήσεται,
951 4090 1115 4161 μέχρι
1139 4090 1282 4155 τινὸς
1320 4086 1512 4157 αἰῶνος
1565 4098 1850 4169 μακαρίως

272 4176 532 4249 βιώσασι,
580 4180 675 4231 καὶ
713 4180 770 4231 ἐν
814 4177 968 4249 ἀδείᾳ
999 4179 1157 4232 πάλιν
1207 4178 1520 4251 θνήσκεινῆ
1563 4201 1614 4236 τι
1646 4185 1851 4254 ὑπομέ-

271 4285 420 4335 νειν,
473 4268 870 4340 περαιουμένου
913 4269 1007 4320 τοῦ
1059 4269 1180 4323 κατ’
1207 4270 1403 4333 αὑτοὺς
1455 4258 1675 4337 αἰῶνος.
1712 4277 1851 4342 Τοὺς

277 4364 378 4433 μὲν
399 4365 507 4435 γὰρ
533 4365 610 4427 εἰς
633 4363 777 4433 ζωὴν
802 4360 1036 4427 αἰώνιον,
1061 4364 1184 4426 τοὺς
1206 4363 1262 4416 δὲ
1287 4365 1366 4427 είς
1390 4365 1609 4420 κόλασιν
1635 4370 1848 4426 αἰώνιον

274 4454 602 4526 πορεύεσθαι
641 4453 669 4504 6
712 4452 901 4522 κριτὴς
953 4452 1286 4521 ἀπεφήνατο.
1351 4452 1587 4525 Ἀνάγκη
1616 4452 1710 4510 οὖν
1748 4476 1846 4511 πε-

279 4546 605 4618 ραιουμένης
649 4543 869 4597 ἐκείνων
903 4543 1000 4613 τῆς
1040 4542 1314 4607 κολάσεως
1356 4546 1712 4613 περαιοῦσθαι
1751 4551 1848 4605 καὶ

273 4638 479 4691 τούτων
516 4637 613 4707 τὴν
640 4635 803 4705 ζωὴν,
839 4635 1020 4699 καθώς
1050 4653 1210 4704 φασιν
1235 4636 1284 4688 οἱ
1307 4634 1407 4705 τῆς
1430 4635 1598 4702 ὅντως
1626 4640 1848 4714 ἐστερη-

279 4727 434 4795 μένοι
472 4724 647 4793 ζωῆς,
693 4724 803 4776 τῶν
849 4724 1132 4795 ὲγκρατῶν
1181 4723 1280 4788 τάς
1305 4727 1490 4795 χεῖρας
1530 4726 1845 4795 ἐκλύοντες,

273 4815 352 4878 si;
383 4813 555 4883 πέρας
587 4812 859 4873 κολάσεως
897 4813 1092 4875 αὑτοὺς
1121 4813 1559 4882 μετεωρίζοντες.

1658 405 2002 463 DIALOGUS
2038 408 2125 487 lli.
2178 376 2183 381 ’

3397 414 3416 466 1
3429 416 3531 468 0ῗο

1961 524 2117 577 cibus
2163 540 2192 578 a
2241 525 2346 578 Deo
2408 524 2587 580 verbis
2634 525 2783 581 hisce
2835 524 3114 580 contendit
3166 545 3178 578 :
3235 524 3530 585 Constitues

1962 615 2102 684 ipsos
2128 616 2385 685 principes
2430 632 2585 685 super
2616 599 2913 671 universam
2943 627 3158 672 terram.
3200 616 3402 673 Memor
3441 638 3531 677 ero

1960 708 2186 760 nominis
2216 708 2292 760 tui
2336 707 2389 761 in
2432 709 2575 761 omni
2612 710 2946 778 generatione
3004 720 3054 763 et
3088 711 3423 779 generatione
3462 715 3528 768 ’³.

1957 798 2224 853 Exaudito
2257 808 2435 854 autem
2473 807 2612 865 vate,
2647 799 2789 855 Deus
2817 800 3054 857 Verbum
3091 802 3345 872 deinceps
3367 804 3532 860 homo

1957 889 2132 946 factus
2188 891 2294 945 vati
2350 891 2543 947 similis
2595 891 2647 945 in
2695 892 2961 946 mundum
3012 893 3187 960 venit,
3234 902 3288 947 et
3345 906 3531 951 sancte

1954 983 2258 1052 pnedicans
2299 982 2351 1036 in
2392 981 2685 1054 Evangelia
2726 983 2902 1052 inquit
2942 983 3010 1038 ad
3059 998 3160 1038 nos
3200 1003 3213 1038 :
3249 984 3528 1055 Conﬁdite,

1955 1089 2048 1141 ego
2085 1087 2199 1124 sum
2232 1073 2319 1140 qui
2369 1072 2471 1125 vici
2508 1071 2763 1125 mundum
2805 1071 2871 1126 ⁷⁸.
2914 1073 3044 1127 Item
3069 1113 3083 1138 ,
3114 1073 3250 1127 Ecce
3287 1076 3408 1128 dedi
3438 1093 3527 1130 vo-

1958 1161 2035 1214 bis
2075 1168 2387 1230 potestatem
2429 1160 2673 1213 calcandi
2705 1176 2860 1229 super
2904 1172 3167 1230 serpentes
3206 1173 3256 1216 et
3292 1167 3531 1234 scorpio-

1957 1266 2080 1316 nes,
2122 1261 2170 1303 et
2214 1267 2370 1320 super
2422 1266 2625 1304 omnem
2678 1260 2988 1322 potestatem
3035 1253 3240 1307 inimici
3286 1256 3364 1321 ";
3411 1274 3533 1327 qua,

1956 1341 2173 1412 quidem
2204 1350 2290 1396 est
2324 1340 2503 1396 omnis
2537 1340 2784 1396 haeresis.
2821 1338 2877 1394 ln
2927 1344 3077 1397 omni
3109 1348 3455 1413 generatione
3477 1357 3533 1403 et

1956 1433 2306 1505 generatione
2338 1448 2609 1488 memores
2643 1448 2835 1489 sumus
2862 1434 3101 1490 nominis
3124 1434 3352 1503 Christi,
3386 1439 3532 1507 prin-

1955 1528 2104 1596 cipes
2154 1525 2591 1581 adversariorum
2637 1534 2691 1580 et
2718 1524 2933 1579 Domini
2977 1525 3046 1580 ab
3104 1526 3195 1581 illo
3244 1530 3528 1585 constituti

1955 1633 2052 1688 per
2086 1618 2414 1688 baptismum
2438 1658 2454 1685 ,
2490 1625 2545 1672 et
2586 1632 2681 1687 per
2722 1615 2986 1686 Spiritum
3032 1628 3279 1673 sanctum
3327 1621 3380 1675 in
3435 1622 3530 1676 ba-

1955 1710 2158 1780 ptismo
2199 1710 2356 1765 nobis
2393 1710 2579 1764 datum
2617 1728 2629 1763 :
2661 1725 2783 1779 qua:
2808 1709 3024 1781 quidem
3052 1710 3195 1780 duo,
3220 1712 3435 1768 virtutis
3460 1730 3528 1768 ex

1954 1802 2273 1871 praescripto
2296 1801 2548 1866 vivendo,
2575 1801 2851 1857 honorare
2870 1802 3206 1871 Studeamus,
3234 1804 3380 1859 nulla
3411 1805 3531 1861 labe

1951 1892 2037 1947 vel
2084 1895 2297 1949 macula
2358 1908 2455 1962 per
2506 1892 2774 1962 impuram
2829 1893 3045 1948 vivendi
3098 1894 3364 1950 rationem
3411 1895 3529 1964 ipsa

1956 1995 2327 2056 aspergentes,
2351 2000 2419 2040 ne
2454 1987 2670 2055 quando
2689 1986 2945 2054 judicans
2965 2002 3066 2042 nos
3090 1985 3251 2042 Jesus
3273 1987 3525 2051 dissecet,

1958 2084 2013 2129 et
2069 2090 2193 2129 cum
2243 2075 2505 2145 subjeCtis
2558 2075 2852 2132 incredulis
2892 2078 3085 2147 perdat
3135 2086 3338 2133 aeterno
3393 2078 3526 2149 igni,

1958 2166 2139 2221 ablato
2174 2167 2443 2238 Spiuituali
2490 2169 2635 2225 dono
2676 2180 2730 2226 et
2775 2170 3117 2239 baptismate.
3158 2168 3275 2225 Non
3312 2180 3370 2224 ut
3415 2169 3529 2224 cui-

1957 2257 2082 2312 dam
2112 2274 2251 2313 vano
2275 2261 2524 2330 nugatori
2552 2261 2786 2327 videtur,
2810 2276 2970 2317 aures
3000 2261 3215 2332 quidem
3247 2261 3525 2327 mulcenti,

1957 2347 2051 2403 sed
2087 2363 2192 2403 non
2221 2349 2483 2403 nutrienti
2511 2350 2906 2420 animas,quod
2939 2350 3098 2405 ﬁnem
3130 2350 3525 2406 sithabiturum

1958 2449 2301 2510 peccatorum
2334 2440 2694 2511 supplicium,
2724 2451 3008 2511 proplerea
3036 2442 3180 2511 quod
3209 2440 3528 2510 simpliciter

1958 2540 2169 2587 tantum
2194 2540 2457 2587 aeternum
2490 2532 2692 2587 dixerit
2719 2530 2987 2587 Dominus
3027 2533 3207 2603 ignem
3244 2530 3525 2601 supplicii,

1956 2639 2064 2678 non
2110 2632 2372 2679 :eternum
2428 2625 2479 2677 in
2519 2625 2866 2680 teternilates.
2902 2622 3020 2678 Non
3060 2624 3204 2679 enim
3246 2633 3527 2693 propterea

1954 2717 2102 2787 quod
2148 2717 2325 2787 inquit
2369 2725 2540 2784 vates,
2581 2717 2649 2770 In
2694 2727 2970 2781 aeternum,
3013 2715 3257 2781 Domine,
3308 2714 3527 2768 Verbum

1957 2820 2106 2863 tuum
2135 2823 2401 2879 permanet
2423 2812 2476 2864 in
2506 2810 2632 2864 calo
2652 2811 2734 2864 7‘:
2772 2810 2893 2865 ideo
2910 2810 3267 2879 aliquousquc
3283 2806 3452 2863 Deum
3475 2817 3530 2863 et

1954 2898 2193 2955 Verbum
2230 2901 2285 2955 in
2326 2901 2465 2955 cado
2505 2917 2627 2956 esse
2656 2900 3058 2971 intelligamus,
3103 2908 3227 2970 post
3267 2899 3525 2954 saeculum

1954 2994 2316 3061 autemveoeiis
2340 2992 2542 3064 egredi.
2569 2993 2633 3049 Et
2661 2993 2855 3048 iterum
2887 2993 3067 3062 inquit
3093 2991 3232 3046 idem
3270 3011 3283 3045 :
3321 2990 3526 3045 Veritas

1954 3085 2170 3138 Domini
2202 3093 2378 3138 manet
2416 3085 2471 3137 in
2508 3092 2762 3138 aeternum
2788 3085 2854 3139 ⁷⁷.
2898 3082 3039 3138 Num
3082 3084 3246 3153 igitur
3276 3091 3398 3153 post
3429 3084 3528 3136 ali-

1952 3192 2114 3246 quem
2163 3176 2425 3246 temporis
2471 3191 2817 3245 progressum
2855 3190 2962 3230 non
3003 3174 3107 3228 erit
3150 3190 3312 3228 verax
3341 3174 3527 3229 Domi-~

1953 3283 2080 3332 nus,
2113 3267 2414 3323 secundum
2450 3267 2784 3322 dementiam
2811 3266 2966 3336 ejus,
3000 3265 3093 3336 qui
3124 3265 3193 3319 ab
3217 3265 3294 3320 ira
3322 3279 3526 3335 cogno-

1953 3360 2194 3414 minatus
2241 3359 2362 3413 est?
2404 3357 2577 3412 Etiam
2631 3358 2746 3427 ipse
2792 3357 2848 3411 in
2892 3337 3189 3428 Evangelio
3242 3356 3418 3427 inquit
3457 3357 3526 3411 ad

1951 3459 2175 3507 sanctos
2228 3465 2358 3506 suos
2413 3450 2694 3520 apostolos
2740 3447 3047 3519 :Equidem
3096 3449 3357 3503 uobiscum
3408 3464 3521 3501 sum

1951 3558 2116 3613 usque
2154 3543 2223 3596 ad
2270 3542 2776 3596 consummationem
2825 3538 3008 3595 seaculi
3052 3541 3118 3594 ⁷⁸.
3172 3540 3311 3595 Num
3362 3541 3526 3610 igitur

1951 3634 2020 3688 ad
2070 3642 2285 3703 tempus
2334 3633 2498 3687 modo
2558 3648 2683 3688 cum
2736 3633 2853 3688 suis
2909 3631 3111 3687 sanctis
3169 3632 3345 3701 ipsum
3409 3630 3525 3684 fore

1952 3726 2392 3795 suspicabimur?
2424 3742 2492 3779 an
2520 3727 2703 3795 potius
2742 3734 3001 3780 teternum
3037 3730 3091 3778 et
3137 3722 3346 3793 absque
3379 3721 3524 3775 ﬁne?

1951 3817 2235 3883 Quomodo
2266 3832 2397 3871 vero
2431 3832 2535 3868 non
2562 3824 2647 3871 est
2669 3827 2925 3870 extremae
2950 3813 3195 3878 insaniae,
3228 3812 3520 3867 terminum

1897 3907 1907 3916 '
1950 3905 2271 3961 aeternitatis
2297 3904 2651 3966 constituere,
2677 3910 2731 3956 et
2755 3917 2820 3957 eo
2846 3916 3018 3971 usque
3038 3901 3216 3970 pinnis
3239 3899 3522 3955 excrucia-

1949 4005 2066 4051 tum
2119 3995 2393 4051 diabolum
2446 4010 2553 4048 una
2598 4008 2721 4048 eum
2782 3992 3055 4061 adjun‘ctis
3093 3991 3196 4046 sibi
3239 3989 3521 4058 ﬂagitiosis

1950 4088 2267 4144 hominibus
2299 4088 2480 4143 dicere
2523 4088 2779 4155 deinceps
2825 4100 2856 4139 a
2895 4084 3228 4139 cruciatibus
3283 4083 3524 4138 liberan-

1950 4181 2114 4247 dum,
2158 4195 2258 4234 nec
2291 4178 2524 4247 amplius
2571 4176 2943 4247 partiendum?
2991 4173 3336 4229 Contrarium
3373 4171 3522 4225 enim

1948 4288 2177 4343 prorsus
2199 4271 2412 4328 eveniet
2447 4270 2637 4341 justis,
2678 4278 2965 4339 postquam
3001 4266 3065 4321 ad
3102 4266 3320 4335 aliquod
3348 4279 3523 4319 smcu-

1950 4368 2061 4421 lum
2119 4366 2276 4420 beate
2328 4363 2588 4425 vixerint,
2645 4369 2705 4415 ut
2748 4361 2802 4414 in
2837 4360 3129 4415 securitate
3169 4370 3362 4412 rursus
3406 4369 3524 4407 mo-

1949 4458 2187 4519 riantur,
2220 4455 2307 4509 vel
2356 4453 2565 4522 aliquid
2601 4453 2899 4523 patiantur,
2936 4464 3130 4518 nempe
3170 4450 3392 4517 peracto
3422 4460 3523 4498 suo

1951 4546 2191 4611 saeculo;
2234 4560 2358 4598 nam
2392 4545 2494 4598 hos
2536 4545 2755 4614 quidem
2789 4543 2842 4597 in
2884 4542 3049 4596 vitam
3080 4547 3371 4602 aeternam,
3402 4536 3524 4590 illos

1948 4647 2131 4693 autem
2178 4637 2244 4691 ad
2273 4644 2534 4691 aeternum
2571 4632 2896 4704 supplicium
2930 4631 3174 4685 abituros
3204 4627 3368 4698 judex
3394 4640 3520 4696 pro-

1945 4729 2183 4786 nuntiat.
2214 4725 2447 4783 Necesse
2478 4725 2640 4797 igitur
2660 4733 2779 4788 est,
2810 4731 2870 4777 ut
2902 4730 3122 4792 peracto
3146 4721 3358 4774 illorum
3392 4733 3524 4787 sup-

1944 4822 2127 4892 plicio,
2178 4819 2500 4874 terminetur
2543 4826 2597 4871 et
2640 4817 2834 4869 horum
2879 4814 3010 4875 vita,
3058 4810 3523 4882 quemadmodum

272 4911 463 4964 volunt
500 4905 749 4960 homines
782 4917 909 4956 vera
939 4904 1047 4957 vita
1095 4904 1319 4972 privati,
1349 4906 1443 4974 qui
1479 4922 1673 4963 manus
1706 4912 2013 4970 vinctorum
2044 4916 2293 4975 solvunt,
2328 4926 2393 4966 ac
2426 4909 2670 4965 futurum
2704 4907 2955 4975 supplicii
2986 4907 3146 4959 linem
3182 4904 3524 4973 praedicando

273 5004 486 5058 animos
514 5014 701 5056 eorum
733 4997 1047 5052 eﬂecerunt.

342 5096 483 5152 Πολὺ
524 5093 581 5146 δὲ
624 5090 731 5144 τῶν
778 5088 1032 5159 περὶτῆς
1078 5085 1324 5156 γλώττης
1355 5072 1731 5159 προκειμένων
1778 5097 1844 5165 τῇ

273 5187 420 5258 ῥύμῃ
453 5183 548 5239 τοῦ
593 5184 752 5252 λόγου
794 5179 1293 5249 ἀποφοιτήσαντες,
1343 5179 1503 5232 πάλιν
1552 5182 1639 5234 ἐπ’
1675 5185 1843 5257 αὐτὴν

273 5277 730 5347 ὼκυποδήσωμεν.
786 5274 959 5326 Ὠτων
990 5272 1097 5341 γὰρ
1154 5270 1249 5323 καὶ
1290 5270 1540 5338 γλωττῶν
1595 5274 1767 5344 μέγας
1813 5278 1841 5329 6

274 5368 534 5429 κίνδυνος.
582 5365 672 5418 Διὸ
702 5366 794 5418 καὶ
834 5364 1039 5436 ταύτην
1076 5364 1180 5418 ὑπὸ
1215 5362 1308 5415 δύο
1337 5362 1559 5433 χειλέων
1585 5369 1842 5438 φρουρεῖ-

343 5482 389 5515 "
422 5479 569 5536 Psal.
613 5495 763 5539 xuv,
807 5477 896 5544 17,
939 5479 1026 5533 18.
1101 5479 1148 5510 ⁷³
1187 5475 1343 5533 Joan.
1410 5492 1522 5543 xvr,
1556 5479 1640 5533 35.

266 5551 514 5608 "Matth.
556 5564 744 5612 xxvm,
779 5547 868 5601 20.
980 5564 985 5565 ί

337 5669 450 5740 (96)
487 5668 748 5740 Αἵρεσις..
814 5665 876 5718 In
938 5662 1171 5740 vulgatis
1223 5657 1640 5740 αἴνεσιςηςιιεε
1698 5673 1832 5740 sane

265 5728 743 5796 lec‘tio'contextui
793 5728 1084 5803 repugnat:
1122 5728 1694 5803 Emendatio‘debetur
1725 5728 1835 5784 Co-

266 5812 379 5871 tel.,
417 5804 718 5864 Illon.Ecct.
749 5799 1009 5860 Grﬁtoin.
1039 5801 1107 5864 ιι,
1139 5815 1193 5869 p.
1230 5799 1354 5852 542.

333 5866 467 5951 (96')
504 5880 602 5948 Ὣς
632 5892 747 5932 τινι
800 5873 918 5929 τῶν
957 5866 1310 5943 μυθολόγων
1353 5866 1585 5932 ἔδοξεν.
1628 5867 1836 5925 Auctor

1750 5480 1796 5512 ⁷⁸
1826 5479 1959 5537 Luc.
1994 5497 2050 5543 ι,
2085 5483 2170 5538 19.

2030 5094 2228 5151 Verum
2281 5094 2351 5149 ab
2405 5092 2468 5147 iis
2522 5104 2646 5160 quae
2695 5087 2932 5144 orationi
2994 5096 3195 5142 nostra:
3248 5085 3524 5155 proposita

1953 5199 2129 5255 erant,
2172 5188 2376 5257 impetu
2426 5181 2586 5253 quasi
2636 5179 2873 5249 quodam
2920 5178 3194 5234 sermonis
3233 5192 3337 5233 nos
3379 5176 3527 5232 abri-

1952 5281 2134 5350 piente
2162 5273 2416 5347 digressi,
2450 5272 2518 5326 ad
2547 5269 2794 5326 eamdem
2823 5269 2988 5324 celeri
3014 5284 3179 5323 cursu
3214 5267 3521 5323 redeamus.

1949 5371 2181 5424 Aurium
2205 5366 2455 5422 videlicet
2474 5363 2899 5433 linguarutnque
2927 5375 3186 5431 maguum
3218 5357 3523 5429 periculum

2279 5481 2326 5513 ⁷⁸
2367 5478 2514 5534 Psal.
2543 5489 2745 5541 cxvm,
2777 5473 2866 5529 89.
2983 5473 3027 5506 "
3068 5472 3213 5531 Psal.
3249 5486 3403 5537 cxvr,
3464 5471 3519 5525 2.

1941 5662 2030 5734 hic
2084 5660 2600 5734 origenemicarpit
2653 5661 3237 5734 :qnemipaulo‘post
3296 5657 3523 5734 manife-

1945 5732 2088 5803 stius
2131 5728 2341 5803 indicat
2389 5728 2676 5803 inqpiens,
2708 5728 2804 5785 τοῦ
2834 5728 2934 5803 τῆς
2982 5728 3477 5803 ὀργῆ’ς“ὲπωνρμου
3502 5751 3520 5786 :

1945 5749 2088 5788 suus
2131 5749 2341 5788 ilionea:
2389 5749 2676 5803 inquiens,
2708 5749 2804 5785 του
2834 5749 2934 5803 της
2982 5749 3010 5783 ο
3046 5749 3149 5800 γης
3186 5749 3477 5798 επωνυμου
3502 5751 3520 5786 :

1945 5802 2014 5859 ab
2040 5802 2212 5875 ὀργῆς
2234 5796 2506 5859 nimirum'
2525 5803 2805 5876 Ὠριγένης
2829 5749 3126 5858 όοάυοὲιις.
3148 5797 3309 5854 Eutr.
3331 5798 3520 5855 ΡΑιιιε.
