4000 6416
494 448 626 501 1071

486 570 588 615 est.
629 559 971 629 Quapropter
1010 567 1066 613 et
1105 558 1344 627 linguam
1377 556 1479 612 sub
1502 557 1718 613 duobus
1771 557 1929 612 labiis
1969 570 2064 609 cu-

489 651 846 710 stmliriDeus
884 653 1156 723 sapienter
1177 652 1427 716 instituit,
1453 651 1593 705 intra
1618 650 1858 705 dentium
1891 650 2067 704 firma-

494 755 735 801 mentum
812 745 987 813 ipsum
1056 742 1459 812 constringens,
1520 750 1580 796 ut
1641 750 1752 795 tam
1812 749 2068 797 accurata

492 838 735 892 adhibita
784 835 1033 890 custodia
1074 849 1104 889 a
1137 832 1280 889 facili
1330 843 1479 888 motu
1516 832 1881 888 coltibcretur.
1930 828 2068 887 Nam

494 944 620 983 cum
675 929 727 982 in
785 926 1013 982 humido
1062 926 1166 981 sita
1216 924 1307 989 sit,
1363 923 1656 993 aliquando
1693 924 1911 994 quidem
1954 936 2073 978 ma-

494 1018 779 1075 ledieeudo
826 1016 1076 1085 faetorem
1122 1022 1324 1081 movet,
1352 1014 1645 1085 aliquando
1680 1029 1810 1070 vero
1844 1013 2072 1070 benedi-

497 1109 671 1164 cendo
699 1107 928 1162 scaturit
955 1105 1280 1177 hymnorum
1311 1110 1638 1159 concentnm
1664 1103 1902 1159 offerens
1935 1102 2068 1157 Deo.

501 1201 640 1256 Cum
674 1196 877 1252 Davide
909 1193 1071 1263 igitur
1089 1209 1290 1249 canere
1316 1193 1578 1248 debemus
1603 1208 1617 1245 :
1643 1193 1805 1259 Pone,
1827 1192 2072 1256 Domine,

500 1289 796 1345 custodiam
827 1288 909 1342 ori
936 1304 1070 1351 meo,
1102 1296 1150 1341 et
1184 1286 1379 1340 ostium
1407 1285 1670 1338 munitum
1700 1284 1900 1338 circum
1928 1283 2074 1337 labia
2104 1291 2113 1299 ‘

500 1397 614 1434 mea
648 1381 714 1432 ⁷⁸.
744 1377 957 1448 Quippe
979 1391 1101 1430 cum
1146 1385 1332 1430 tenera
1381 1374 1453 1429 sit
1483 1381 1536 1427 et
1575 1373 1851 1439 volubilis,
1887 1372 2074 1429 faciles

504 1472 664 1526 habet
691 1470 744 1524 in
782 1484 917 1524 voce
954 1467 1309 1532 deﬂexiones,
1344 1466 1412 1520 ab
1441 1466 1609 1519 ommi
1651 1480 1784 1521 voce
1814 1466 1929 1536 ipsa
1966 1463 2075 1519 dif-

503 1564 703 1618 ferens.
753 1560 982 1615 Garrula
1026 1559 1171 1613 enim
1221 1566 1305 1612 est
1356 1556 1613 1619 hirundo,
1658 1565 1712 1611 et
1752 1567 2074 1627 perpetuum

503 1652 717 1720 strepit.
754 1650 921 1704 Dulce
948 1662 1079 1702 vero
1100 1646 1358 1716 quiddam
1389 1654 1568 1700 turtur
1600 1655 1778 1712 sonat,
1806 1656 1862 1702 et
1889 1646 2079 1701 solitu-

504 1743 653 1797 dinis
690 1752 774 1796 est
809 1755 1018 1793 amans.
1052 1737 1251 1791 Cicada
1290 1751 1485 1791 sonum
1516 1737 1744 1804 exilem,
1785 1737 1950 1792 veluti
1987 1751 2080 1806 per

506 1833 747 1889 fistulam
785 1830 931 1893 edit;
959 1828 1162 1899 elangit
1196 1843 1328 1883 voce
1357 1843 1508 1897 grus,
1548 1827 1801 1883 columba
1841 1844 2084 1883 murmu-

506 1934 613 1990 rat,
639 1939 766 1979 ursa
792 1923 1030 1993 suspirat
1061 1932 1115 1976 et
1144 1937 1333 1977 vocem
1361 1922 1580 1977 mollem
1613 1920 1808 1985 habet;
1835 1921 2084 1990 mugiens

508 2030 702 2074 taurus
751 2015 925 2080 instar
988 2014 1166 2082 tubae;
1219 2015 1305 2069 leo
1354 2014 1533 2084 rugitu
1588 2028 1690 2069 suo
1733 2011 2080 2068 solitudinem

504 2109 792 2173 concutit;
837 2106 1007 2161 allicit
1050 2105 1117 2160 ad
1152 2119 1211 2160 se
1253 2104 1483 2159 vitulum
1524 2104 1773 2175 mugiens
1819 2102 2082 2173 iuvenca;

512 2200 839 2257 crocitantcs
891 2198 1163 2252 clamores
1207 2196 1355 2251 corvi
1389 2196 1650 2266 populum
1703 2195 2087 2265 pcrturbantes

513 2291 807 2351 emittunt;
840 2301 1059 2342 carmen
1105 2286 1416 2341 luctuosum
1448 2285 1685 2342 bubonis
1713 2288 1818 2351 est,
1848 2284 2090 2354 nuptiale

516 2396 645 2435 vero
676 2380 804 2435 tibia
826 2386 1004 2441 sonat,
1026 2377 1370 2433 mortiferum
1398 2377 1550 2441 tuba,
1573 2375 1917 2431 saltatorium
1950 2375 2088 2446 lyra,

518 2470 956 2541 tripudiatorium
996 2476 1335 2540 tympanum.
1383 2466 1577 2537 omnia
1615 2481 1744 2522 vero
1780 2467 1835 2522 in
1873 2466 2094 2521 univer-

517 2576 641 2619 sum
684 2576 714 2615 a
754 2560 1038 2615 dulcisona
1084 2559 1370 2613 hominum
1423 2572 1556 2612 voce
1591 2564 1941 2627 superantur.
1988 2555 2093 2611 Ubi

519 2656 665 2709 enim
711 2653 767 2707 in
810 2652 945 2722 ipsis
970 2659 1056 2706 est
1102 2659 1305 2704 nostra:
1338 2649 1535 2716 linguas
1565 2647 1964 2717 significantia,
2013 2647 2097 2700 vel

518 2744 912 2815 perspicuitas,
947 2742 1031 2796 vel
1065 2748 1359 2795 accuratus
1399 2740 1489 2793 ille
1532 2752 1704 2794 sonus
1726 2778 1739 2800 ,
1770 2738 1854 2791 vel
1881 2737 2099 2791 concin-

519 2838 683 2901 nitas,
723 2835 807 2889 vel
850 2833 1098 2888 suavitas
1120 2832 1144 2885 ’ί
1165 2828 1501 2885 llirundines
1544 2830 1922 2884 columbarum
1949 2844 2101 2883 mur-

522 2944 646 2983 mur
693 2922 1092 2996 gemebundum
1160 2936 1269 2975 non
1337 2920 1667 2989 intelligunt,
1721 2935 1898 2991 neque
1938 2937 2100 2990 grues

523 3030 804 3081 anserum,
846 3028 1025 3083 neque
1078 3021 1278 3067 noctua
1331 3011 1652 3076 seleucidis,
1693 3020 1788 3067 aut
1833 3012 2099 3083 alryonis,

524 3122 619 3167 aut
644 3109 911 3181 pavonis;
947 3120 1125 3175 neque
1171 3104 1378 3176 reliqua
1415 3104 1713 3159 animantia
1750 3105 1906 3159 bruta
1942 3112 2104 3159 voces

527 3202 859 3270 alienigenas
888 3204 1109 3259 norunt,
1131 3196 1223 3250 sed
1261 3210 1438 3265 neque
1471 3208 1573 3250 nos
1606 3195 1722 3250 illas
1758 3194 2104 3264 interpretari

529 3295 610 3349 vel
642 3293 920 3346 declarare
956 3300 1271 3359 possumus.
1318 3287 1455 3354 Quis
1492 3286 1637 3342 enim
1676 3289 1813 3343 sciet
1841 3288 1971 3358 quid
2020 3288 2107 3341 leo

533 3383 799 3453 signiﬁcet
826 3381 1070 3451 rugiens,
1100 3380 1229 3449 quid
1260 3380 1398 3435 idem
1438 3388 1630 3435 taurus
1665 3380 1913 3450 mugiens
1933 3420 1946 3446 ,
1975 3378 2105 3449 quid

531 3488 661 3527 vero
704 3471 951 3525 halantes
998 3472 1139 3525 inter
1175 3469 1367 3525 haedos
1396 3468 1563 3524 oves?
1615 3469 1807 3523 Omnia
1851 3483 1981 3524 vero
2012 3474 2111 3522 ho-

539 3565 747 3619 minum
778 3560 1046 3617 facundiae
1070 3569 1408 3631 c0gnoscunt
1430 3560 1867 3632 significantiam.
1897 3558 2109 3615 Vocan-

535 3656 681 3711 tibus
721 3654 870 3712 enim
921 3654 1231 3726 pastoribus
1277 3654 1540 3710 accedunt
1574 3668 1731 3719 oves,
1773 3652 2109 3709 minantibus

536 3757 717 3803 autem
766 3761 960 3801 rursus
1004 3746 1287 3801 secedunt.
1324 3746 1590 3816 Caprario
1628 3751 1927 3816 clangente,
1971 3745 2109 3800 hirci

538 3855 567 3893 a
603 3838 854 3908 frugibus
875 3837 1169 3902 resiliunt,
1202 3846 1258 3892 et
1289 3852 1355 3892 ex
1390 3837 1537 3892 arvis
1576 3837 1885 3902 declinant;
1919 3834 2112 3890 simili-

538 3940 623 3985 ter
650 3945 824 4000 cquus
852 3937 906 3984 et
935 3931 1115 3985 multis
1154 3937 1209 3983 et
1239 3928 1470 3994 asellus,
1502 3929 1722 3999 quando
1756 3929 1823 3984 ad
1862 3926 2109 3983 dextram

540 4021 782 4091 quidem,
844 4028 939 4075 aut
999 4020 1219 4091 quando
1261 4019 1329 4076 ad
1380 4021 1657 4076 sinistram
1708 4020 1945 4076 eundum
2003 4029 2106 4086 est,

542 4110 777 4165 humana
818 4110 1003 4181 lingua
1030 4112 1594 4168 instruuntur.Canes
1632 4121 1813 4167 autem
1844 4111 1912 4165 ad
1943 4112 2111 4165 latra-

540 4213 655 4260 tum
697 4200 1065 4273 prosllietttes,
1102 4204 1148 4259 si
1193 4204 1451 4259 inclamet
1490 4204 1678 4267 herus,
1715 4205 2110 4268 extimescunt,

542 4304 596 4349 ct
626 4293 771 4347 illico
795 4293 863 4348 ad
904 4293 1293 4362 quiescendum
1335 4293 1619 4349 sedantur.
1655 4293 1953 4349 Considera
1988 4310 2115 4349 vero

544 4383 673 4437 mihi
713 4392 767 4437 ct
808 4398 962 4438 suem
1009 4391 1306 4448 errantem,
1354 4397 1418 4437 ac
1464 4397 1596 4438 voce
1621 4383 1856 4453 pastoris
1897 4384 1966 4439 ab
2024 4398 2116 4438 er-

548 4490 675 4530 rore
709 4482 1104 4528 recurrentem.
1150 4473 1455 4543 Aliquoties
1505 4474 1672 4527 etiam
1727 4473 1879 4529 canis
1908 4490 2118 4544 caprea:

544 4568 804 4620 insistens
854 4579 1040 4627 cursu,
1082 4573 1371 4633 postquam
1397 4564 1615 4635 longius
1655 4578 1687 4618 a
1735 4575 1993 4621 venatore
2030 4581 2118 4621 re-

545 4655 792 4717 cesserit,
818 4654 861 4707 si
891 4654 1087 4708 ﬁstulae
1113 4653 1330 4709 sibilum
1353 4655 1570 4710 eminus
1597 4640 2115 4722 audiverit,'latratu

547 4745 790 4799 vicissim
832 4744 1154 4813 respondet,
1199 4744 1461 4801 invocans
1488 4746 1750 4802 auxilium
1785 4748 1905 4819 eius
1943 4765 1972 4804 a
2007 4765 2117 4821 quo

547 4837 653 4892 fuit.
693 4836 953 4892 emissus.
996 4835 1194 4905 Aspice
1238 4850 1366 4891 vero
1410 4847 1464 4892 et
1502 4837 1878 4895 columbarum
1916 4856 2121 4897 convo-

548 4929 729 5003 latus,_
751 4927 1026 4999 quomodo
1073 4925 1265 4982 fistula:
1307 4927 1467 4982 sibilo
1504 4928 1691 4986 audito
1735 4931 1857 5002 ejus
1892 4934 1983 5003 qui
2027 4948 2120 4988 eas

545 5001 804 5088 possidet,
845 5019 1018 5072 instar
1051 5018 1211 5072 nubis
1244 5017 1308 5071 ad
1349 5020 1711 5079 eolumbarias
1747 5001 1927 5080 turres
1958 5025 2121 5080 devo-

548 5108 677 5163 lent.
706 5106 880 5162 Omne
910 5109 1038 5162 item
1070 5107 1489 5166 instrumentum
1522 5115 1790 5170 musicum
1832 5116 1899 5171 ad
1925 5116 2121 5184 lingua:

546 5209 747 5253 nostra:
781 5212 949 5254 sonos
994 5200 1345 5269 percussione
1400 5218 1594 5259 manus
1635 5214 1872 5275 aptatur.
1916 5206 2120 5277 Estque

547 5304 675 5344 vere
700 5290 1038 5358 admirabile,
1064 5294 1338 5362 quomodo
1364 5309 1487 5350 cum
1514 5305 1624 5351 tam
1657 5312 1821 5365 parva
1852 5298 1923 5352 sit
1952 5307 2115 5366 atque

545 5387 754 5444 tenera,
772 5379 1038 5450 duplicem
1060 5390 1238 5438 tamen
1264 5383 1576 5441 facultatem
1603 5386 1826 5452 habeat,
1863 5388 2117 5458 gustandi

548 5469 805 5524 nimirum
856 5472 1062 5539 habitu,
1104 5484 1159 5529 et
1204 5475 1545 5532 discernendi
1594 5486 1710 5531 tum
1755 5487 1948 5533 natura
2005 5488 2118 5534 tum

546 5561 858 5631 disciplina,
910 5562 1068 5632 idque
1127 5578 1225 5633 per
1264 5566 1587 5635 sapientiam
1645 5567 1764 5638 ejus
1793 5569 1905 5638 'qui
1944 5569 2117 5640 ipsam

482 5706 489 5712 ,
546 5653 772 5717 creavit,
811 5652 877 5707 ad
934 5667 1153 5708 omnem
1191 5654 1464 5712 sufﬁciens
1504 5658 1774 5713 sermonis
1826 5667 2033 5714 motum
2068 5667 2122 5715 et

549 5751 787 5806 gustum.
846 5740 950 5806 Qui
1006 5754 1138 5796 vero
1189 5754 1285 5809 per
1345 5756 1463 5797 eam
1513 5757 1622 5799 non
1675 5753 1894 5813 peccat,
1944 5746 1993 5800 is
2044 5745 2123 5799 vir

622 5897 669 5929 τ’
700 5897 839 5953 Psal.
871 5914 993 5965 οη,
1033 5903 1088 5956 ’5.

1551 446 1605 499 S.
1649 442 1975 505 CAESARI],
1990 439 2323 498 GREGORII
2369 439 2696 504 FRATRIS,

3612 434 3752 489 10ῖὲ

2175 554 2297 609 σθαι
2336 554 2397 607 τὸ
2422 552 2575 607 Θεϊον
2598 552 2884 622 ὲσοφίσατο
2905 568 2916 582 ·
2953 548 3213 621 ἐνδοτέρω
3247 549 3339 604 τοῦ
3377 550 3488 604 τῶν
3516 551 3753 605 ὀδόντων

2173 643 2493 715 ἐρείσματος
2554 642 2725 714 αὐτὴν
2777 641 3149 713 ἑναποδήσας,
3198 641 3263 694 ἶν’
3315 641 3598 709 ἀσφαλοῦς
3652 642 3752 695 τοῦ

2175 736 2430 808 φρουρίου
2479 734 2838 805 τυγχάνοντος
2887 733 2987 805 τῆς
3028 733 3278 796 εὐκολίας
3312 732 3749 805 σωφρονίζηται.

2186 827 2274 880 Ἐν
2308 824 2458 899 ὑγρῷ
2488 824 2597 897 γάρ
2627 826 2886 895 κειμένη,
2929 824 3058 878 ποτὲ
3098 824 3197 895 μὲν
3243 822 3564 896 λοιδοροῦσα
3614 829 3759 877 κινεῖ

2174 919 2471 985 δυσωδίαν,
2520 917 2650 971 ποτὲ
2692 916 2749 970 δὲ
2797 916 3125 986 εὐλογοῦσα,
3186 916 3421 986 πηγάζει
3475 913 3758 988 ὑμνῳδίαν

2176 1012 2294 1083 Θεῷ
2332 1011 2694 1082 ἀναφέρουσα,
2739 1010 2896 1066 Κατὰ
2928 1008 3090 1065 Δαϐὶδ
3130 1008 3308 1061 τοίνυν
3339 1008 3430 1061 τὸν
3464 1007 3756 1062 θεσπέσιον

2178 1104 2321 1176 ᾄδειν
2348 1105 2653 1175 ὀφείλομεν,
2681 1104 2817 1169 Θοῦ,
2846 1104 3042 1172 Κύριε,
3073 1099 3361 1172 φυλακὴν
3390 1098 3470 1164 τῷ
3499 1100 3759 1168 στόματί

2173 1213 2324 1265 μου,
2379 1195 2476 1250 καί
2522 1194 2710 1264 θύραν
2753 1194 3041 1265 περιοχῆς
3095 1193 3225 1262 περὶ
3273 1190 3345 1246 τὰ
3399 1193 3576 1261 χείλη
3596 1210 3755 1260 μου·

2180 1288 2361 1359 ἁπαλὴ
2382 1289 2489 1360 γάρ
2512 1286 2647 1341 οὖσα
2667 1289 2759 1343 καὶ
2780 1287 3078 1359 εὑστροφος
3110 1286 3272 1357 ῥᾴους
3294 1283 3409 1355 ἔχει
3442 1283 3542 1348 τὰς
3570 1285 3762 1354 ἐκτρο-

2182 1377 2291 1440 πάς
2321 1381 2387 1449 τῇ
2420 1380 2601 1448 φωνῇ,
2637 1376 2819 1448 πάσης
2848 1376 3031 1447 φωνῆς
3061 1375 3411 1447 διαφέρουσα.
3443 1376 3619 1441 Λάλος
3656 1377 3761 1447 μὲν

2182 1468 2293 1541 γάρ
2307 1469 2340 1540 ἠ
2353 1468 2575 1539 χελιδὼν
2590 1468 2683 1522 καὶ
2700 1468 2761 1522 ἀε
2771 1467 3046 1537 ίφθογγος,
3063 1465 3405 1536 γλυκόφωνος
3420 1466 3476 1520 δὲ
3493 1467 3525 1537 ἡ
3539 1465 3759 1537 τρυγὼν

2184 1560 2279 1614 καὶ
2305 1559 2625 1632 φιλέρημος,
2653 1561 2681 1614 6
2707 1558 2883 1624 τέττιξ
2908 1558 3309 1630 συριγγόφωνος
3334 1558 3561 1629 βραχὺς,
3593 1559 3763 1626 κλαγ-

2185 1649 2428 1718 γόφωνος
2487 1651 2516 1703 6
2563 1650 2827 1721 γέρανος,
2872 1650 2905 1720 ἡ
2952 1648 3244 1721 περιστερά
3298 1650 3665 1721 γογγύστρια,
3726 1653 3761 1722 ἡ

2186 1740 2384 1811 ἄρκτος
2417 1741 2649 1813 στεναρά
2677 1740 3016 1794 ὲκδεδυκῶσα
3047 1741 3138 1794 καὶ
3160 1740 3386 1804 ὕπουλος
3407 1759 3421 1773 ο
3458 1744 3709 1813 μυκαρὸς
3733 1746 3762 1795 6

2185 1833 2391 1904 ταῦρος
2416 1832 2557 1887 κατὰ
2603 1833 2877 1902 σάλπιγγα
2897 1846 2912 1866 δ
2953 1834 2983 1885 6
3017 1832 3153 1886 λέων
3186 1832 3472 1903 βρυκτικὸς
3507 1833 3761 1889 διασείων

2185 1923 2283 1993 τὴν
2313 1923 2551 1995 ἔρημον·
2601 1923 2749 1977 ἕλκει
2797 1924 2930 1995 πρὸς
2976 1923 3173 1995 ἑαυτὴν
3219 1924 3309 1977 τὸν
3340 1924 3540 1995 μόσχον
3579 1943 3760 1996 μυκω-

2191 2013 2325 2084 μένη
2374 2013 2640 2085 δάμαλις·
2683 2012 2930 2084 κραυγὰς
2976 2015 3023 2068 οἱ
3074 2014 3306 2085 κόρακες
3354 2013 3763 2086 δημοθορύῦοκ

2187 2105 2442 2173 ἀφιᾶσιν·
2501 2105 2661 2172 μέλος
2704 2106 2897 2177 γοερὸν
2945 2104 3021 2176 τῷ
3077 2104 3429 2175 νυκτικόρακι
3482 2105 3761 2175 πέφυκεν·

2188 2196 2423 2267 γαμικὸν
2453 2197 2510 2251 δὲ
2542 2198 2664 2267 ἠχεῖ
2705 2199 2733 2251 ό
2757 2197 2937 2262 αὐλὸς,
2969 2196 3186 2265 φονικὸν
3224 2197 3259 2266 ἠ
3302 2195 3564 2265 σάλπιγξ,
3595 2199 3764 2268 ὀρχη-

2191 2287 2374 2340 στικὸν
2422 2287 2455 2357 ἡ
2494 2288 2737 2358 πήττυς,
2792 2286 3109 2360 χορευτικὸν
3149 2284 3208 2340 δὲ
3238 2285 3334 2341 καὶ
3369 2285 3431 2340 τὸ
3459 2288 3762 2357 τύμπανον.

2193 2380 2375 2434 Πάντα
2398 2379 2453 2433 δὲ
2478 2379 2613 2451 ὁμοῦ
2637 2382 2736 2452 τῆς
2772 2379 2979 2452 βροτῶν
3015 2379 3325 2452 ήδυφωνίας
3358 2379 3625 2436 λείπεται.
3654 2380 3764 2436 Ποῦ

2192 2473 2299 2543 γὰρ
2319 2471 2376 2523 ὲν
2398 2471 2582 2535 αὐτοῖς
2617 2471 2718 2542 τῆς
2741 2471 3017 2542 ἡμετέρας
3038 2468 3281 2543 γλώττης
3323 2470 3385 2524 τὸ
3412 2469 3544 2542 εὖτ-η
3554 2487 3685 2542 μον,
3729 2473 3762 2543 ἢ

2193 2561 2420 2631 τρανὸν,
2465 2561 2498 2633 ἢ
2554 2561 2814 2631 εὐμελὲς,
2859 2561 2893 2632 ἢ
2915 2560 3203 2644 εὔρυθμον
3238 2561 3332 2616 καλ⁹
3373 2561 3667 2632 ήδύτατον;
3698 2562 3764 2619 Δί

2196 2653 2463 2724 χελιδόνες
2486 2652 2595 2706 τῶν
2618 2653 2956 2725 περιστερῶν
2978 2653 3070 2707 τὸν
3099 2654 3408 2725 γογγυσμὸν
3435 2655 3535 2708 οὐκ
3564 2654 3759 2719 ἴσασιν,

2196 2745 2320 2797 οὐδὲ
2353 2746 2576 2815 γέρανοι
2621 2745 2729 2799 τῶν
2770 2745 2971 2817 χηνῶν,
3007 2745 3127 2800 οὐδὲ
3151 2746 3364 2817 γλαύκη
3403 2748 3500 2818 τῆς
3524 2747 3765 2801 σελευκί-

2198 2835 2306 2900 δος,
2332 2835 2366 2907 ἢ
2394 2835 2652 2901 ἀλκύονος
2679 2837 2713 2909 ἢ
2745 2836 2968 2903 ταῶνος,
2991 2837 3111 2892 οὐδὲ
3143 2837 3212 2891 τὰ
3231 2837 3393 2893 λοιπά
3422 2840 3530 2894 τῶν
3555 2841 3769 2909 ἀλόγων

2200 2924 2299 2990 τὰς
2344 2926 2650 2994 ἀλλογενεῖς
2694 2926 2876 2996 φωνάς
2925 2928 3244 2982 ἐπίστανται
3269 2966 3286 2993 ,
3319 2927 3433 2982 ἀλλ’
3459 2928 3574 2983 οὐδὲ
3606 2931 3772 3002 ἡμεῖς

2203 3018 2419 3082 ἐκείνας
2471 3020 2791 3091 ἑρμηνεύειν
2840 3019 2874 3092 ἢ
2920 3020 3235 3092 σαφηνίζειν
3284 3023 3619 3094 πεφύκαμεν.
3666 3025 3773 3090 Τίς

2204 3109 2308 3179 γάρ
2358 3108 2560 3162 εἴσεται
2590 3110 2644 3163 τί
2672 3109 2772 3177 μὲν
2806 3111 2834 3164 6
2866 3110 3003 3165 λέων
3041 3111 3295 3183 σημαίνει
3322 3111 3684 3189 βρυχώμενος,
3714 3116 3773 3169 τί

2205 3199 2261 3253 δὲ
2310 3201 2339 3253 6
2385 3200 2583 3273 ταῦρος
2628 3200 2976 3272 μυκώμενος;
3027 3202 3080 3256 τί
3130 3201 3189 3256 δὲ
3227 3198 3528 3276 βληχόμενα
3568 3192 3772 3277 μεταξὺ

2207 3292 2315 3345 τῶν
2355 3293 2559 3363 ἐρίφων
2592 3294 2661 3348 τὰ
2708 3293 2988 3366 πρόϐατα;
3023 3296 3208 3351 Πάντα
3238 3296 3296 3351 δὲ
3326 3298 3423 3370 τῆς
3448 3297 3655 3369 βροτῶν
3682 3299 3773 3352 εὐ-

2209 3385 2474 3453 γλωττίας
2520 3386 2875 3455 ἐπιγινώσκει
2918 3386 2979 3440 τὸ
3019 3386 3276 3459 εὔσημον.
3313 3388 3634 3444 Καλούντων
3664 3390 3772 3463 γάρ

2209 3475 2317 3528 τῶν
2353 3475 2647 3545 ποιμένων,
2683 3475 2891 3545 ἐγγίζει
2920 3477 2988 3532 τὰ
3018 3478 3286 3549 πρόϐατα,
3316 3478 3676 3535 ἀπειλούντων
3693 3481 3773 3543 δὲ,

2211 3561 2367 3625 αὖθις
2409 3567 2704 3638 ὑποχωρεῖ.
2757 3568 2863 3622 Τοῦ
2916 3568 3137 3625 αἰπόλου
3183 3571 3677 3640 ὲπικλαγγάζοντος
3726 3577 3775 3627 οί

2211 3657 2404 3728 τράγοι
2443 3657 2552 3711 τῶν
2591 3659 2820 3728 καρπῶν
2865 3658 3211 3729 ἀφαλῶνται,
3262 3660 3357 3716 καὶ
3390 3660 3501 3715 τῶν
3528 3662 3776 3735 ἀρουρῶν

2215 3747 2575 3812 ἐκκλίνουσιν.
2640 3747 2917 3813 Ὡσαύτως
2968 3748 3025 3804 δὲ
3072 3750 3235 3815 ἵππος
3285 3751 3380 3805 καὶ
3423 3750 3644 3822 ἡμίονος
3684 3753 3779 3808 καὶ

2215 3839 2340 3909 βοῦς
2370 3838 2458 3893 καὶ
2482 3837 2797 3908 ὑποζύγιον,
2818 3836 2949 3894 πότε
2972 3839 3069 3910 μὲν
3089 3839 3260 3907 δεξιά,
3284 3838 3416 3893 πότε
3442 3838 3501 3895 δὲ
3526 3841 3779 3914 εὐώνυμα

2213 3931 2414 3999 ὀφείλει
2455 3929 2813 4001 πορεύεσθαι,
2854 3933 2922 4001 τῇ
2967 3929 3173 4003 βροτῶν
3203 3929 3416 4006 γλώττῃ
3443 3932 3775 3989 παιδεύεται.

2215 4022 2391 4083 Κύνες
2427 4020 2484 4074 δὲ
2539 4020 2675 4092 πρὸς
2723 4021 2927 4094 ὑλακὴν
2958 4021 3298 4093 ἐξαλλόμενος
3336 4025 3401 4095 τῇ
3434 4024 3645 4096 ὲπακοῇ
3682 4023 3779 4079 τοῦ

2215 4110 2477 4181 ⁴ἠχοῦντος
2508 4112 2844 4183 πτήσαντες,
2884 4111 3079 4191 ϐάττον
3108 4111 3240 4182 πρὸς
3268 4114 3499 4190 ἠρεμίαν
3535 4114 3783 4186 κομίζον-

2215 4219 2323 4255 ται.
2374 4200 2482 4253 Θέα
2517 4200 2575 4254 δέ
2617 4218 2706 4271 μοι
2762 4201 2856 4254 καὶ
2900 4200 2996 4256 σῦν
3035 4201 3410 4273 πλανωμένην,
3451 4207 3514 4275 τῇ
3546 4203 3604 4256 δὲ
3632 4208 3780 4275 φωνῇ

2216 4290 2311 4344 τοῦ
2357 4290 2612 4360 νέμοντος
2655 4289 2756 4359 τῆς
2801 4289 3012 4362 πλάνης
3062 4291 3482 4348 ἐπαναθέουσαν.
3530 4292 3691 4347 Κύων
3728 4294 3781 4347 δὲ

2219 4377 2478 4441 πολλάκις
2499 4378 2717 4450 δορκάδι
2739 4379 2970 4434 ἐπιθέων
3002 4381 3095 4435 καὶ
3121 4382 3309 4454 πόρρω
3339 4381 3432 4437 τοῦ
3461 4382 3781 4455 θηρολὰτου

2220 4469 2682 4540 συναπεφοίτησε·
2715 4471 2805 4525 τὸν
2843 4471 2900 4524 δὲ
2944 4473 3208 4545 συριγμὸν
3241 4475 3576 4541 ἐπακούσας,
3613 4476 3781 4547 ὑλακῇ

2219 4561 2670 4631 άνταπεκρίνατο,
2694 4561 3059 4637 ἐπιϐοώμενος
3087 4564 3337 4635 βοήθειαν
3366 4567 3516 4637 παρὰ
3552 4566 3647 4620 τοῦ
3688 4570 3787 4620 ἐπ-

2219 4651 2657 4715 αποστείλαντος.
2695 4634 2995 4727 Ἀθρεδδὴ
3049 4634 3144 4711 καὶ
3174 4634 3295 4710 τῶν
3326 4634 3664 4729 περιστερῶν
3718 4661 3787 4713 τὲ

2194 4786 2199 4791 υ
2223 4743 2616 4814 συμπτήματαν
2645 4741 2762 4806 πῶς
2775 4743 2872 4797 τοῦ
2895 4745 3162 4816 συριγμοῦ
3190 4747 3476 4802 ὲπαϊουσαι
3493 4748 3585 4801 τοῦ
3603 4749 3789 4819 ἠχοῦν-

2222 4852 2313 4897 τος
2348 4832 2576 4903 νεφηδὸν
2624 4831 2718 4886 ἐπὶ
2764 4833 2864 4898 τὰς
2896 4834 3121 4907 βάῤῥεις
3166 4836 3541 4892 καθίπτανται.
3570 4838 3686 4891 Πᾶν
3731 4839 3787 4893 δὲ

2226 4922 2483 4996 μουσικὸν
2526 4923 2757 4995 ὄργανον
2797 4926 2932 4996 πρὸς
2963 4926 3030 4978 τά
3058 4927 3158 4997 τῆς
3187 4926 3432 4999 γλώττης
3459 4927 3618 4999 ἡμῶν
3649 4929 3791 5000 ἀπηο

2223 5016 2448 5086 χὴματα
2486 5017 2550 5085 τῇ
2581 5014 2762 5085 πληγῇ
2800 5015 2900 5085 τῆς
2949 5017 3129 5087 χειρὸς
3155 5014 3450 5071 εὐθύνεται.
3479 5019 3590 5072 Καὶ
3626 5018 3795 5081 ὅντως

2227 5103 2574 5175 Θαυμαστὸν,
2625 5105 2741 5166 πῶς
2765 5106 2798 5175 ἡ
2833 5103 3061 5176 βραχεῖα
3108 5107 3202 5161 καὶ
3232 5107 3415 5179 ἁπαλὴ
3440 5104 3624 5179 διττῆς
3650 5110 3796 5180 ἐνερ-

2225 5196 2382 5264 γείας
2411 5195 2681 5265 ὑπάρχει,
2724 5197 2985 5266 γευστικὴ
3019 5196 3185 5261 ἕξεως
3232 5199 3325 5253 καὶ
3355 5199 3664 5271 διακριτικὴ
3693 5199 3796 5268 φύ-

2228 5284 2364 5349 σεώς
2392 5302 2452 5338 τε
2481 5286 2574 5339 καὶ
2623 5283 2868 5349 παιδείας
2887 5326 2903 5350 ,
2936 5286 3001 5359 τῇ
3037 5288 3200 5360 σοφίᾳ
3225 5288 3318 5342 τοῦ
3354 5289 3796 5361 δημιουργήσαν-

2226 5388 2346 5441 τος,
2402 5376 2537 5447 πρὸς
2594 5377 2775 5429 πᾶσαν
2828 5377 3075 5447 ἀρκοῦσα
3127 5379 3285 5449 λόγου
3339 5381 3549 5451 κίνησίν
3587 5399 3649 5435 τε
3702 5383 3798 5435 καὶ

2227 5466 2433 5537 γεῦσιν.
2480 5468 2537 5519 '0
2570 5465 2625 5518 δὲ
2670 5467 2729 5518 ἐν
2761 5467 2897 5538 αὐτῇ
2934 5468 3385 5541 μὴοάμαρτάνων,
3418 5467 3597 5539 οὗτος
3642 5472 3801 5541 ἀνὴρ

2223 5559 2444 5630 μέγας,
2496 5556 2755 5623 δυνατὸς
2816 5560 3303 5631 χαλιναγωγῆσαι
3372 5564 3471 5617 καὶ
3533 5563 3681 5619 ὅλον
3730 5563 3803 5618 τι)

2229 5647 2432 5720 σῶμα,
2466 5646 2631 5716 φησὶν
2661 5647 2989 5702 ἐπιστέλλων
3012 5652 3080 5722 τῇ
3109 5652 3199 5722 ὑφ’
3222 5652 3358 5724 ἡλίῳ
3382 5655 3411 5707 ὁ
3434 5653 3571 5718 θεῖος
3614 5655 3803 5709 Ἰάκω-

2232 5742 2343 5805 ϐος.
2398 5739 2638 5826 ’ρδόντες
2688 5739 2779 5793 καὶ
2831 5740 2979 5811 ὁμοῦ
3017 5744 3402 5816 συνεργοῦντες
3444 5747 3629 5820 ἐκείνῃ
3661 5748 3801 5819 πρὸς
