4000 6442
242 446 381 503 M75

242 560 537 627 διάλεκτον,
574 561 799 633 ἰσχυρὰν
825 562 963 634 αὐτῇ
999 564 1359 635 παρεχόμενοι
1390 566 1525 636 πρὸς
1547 567 1637 625 τὸν
1665 569 1819 637 λόγον

241 655 340 725 τὴν
379 654 733 726 ἀντίρρησιν,
775 656 938 711 οἱονεί
978 657 1254 728 πλήκτρου
1302 659 1522 729 χορδαῖς
1562 661 1819 733 κιννύρης

243 746 721 816 προσκρουομένης
784 748 970 818 αὑτῆς,
1035 748 1202 817 Ὁμοῦ
1256 748 1313 802 δὲ
1362 752 1457 807 καὶ
1483 754 1688 823 τροφῆς
1721 755 1822 807 ὑπ-

242 836 434 908 ηρέται
471 838 776 906 πεφύκασιν
799 880 812 904 ,
839 840 888 893 οί
921 840 1020 911 μὲν
1059 839 1377 911 τέμνοντες,
1427 843 1477 897 οἰ
1525 843 1582 897 δὲ
1633 844 1822 898 λεπτύ-

244 946 447 994 νοντες.
501 931 686 1002 Τομῆς
736 930 834 1002 μὲν
871 934 920 985 οἱ
959 930 1291 1003 ἔμπροσθεν,
1325 933 1482 1003 μύλοι
1507 933 1565 987 δὲ
1602 937 1650 988 οἱ
1681 936 1822 989 ἐνδό-

243 1033 426 1089 τεροι,
480 1018 570 1072 διὰ
612 1020 672 1073 τὸ
708 1020 1098 1076 ἀπολεπτύνειν
1143 1022 1239 1076 καὶ
1272 1022 1503 1077 λεαίνειν
1554 1024 1623 1078 τὰ
1662 1042 1823 1095 προσ-

246 1108 492 1179 αγόμενα
516 1110 862 1182 καταλλήλως
901 1111 1244 1182 καλούμενοι.
1288 1114 1352 1168 Ἠ
1377 1114 1434 1168 δὲ
1464 1115 1549 1185 ῥὶς
1582 1117 1702 1179 ταῖς
1724 1132 1823 1170 πα-

251 1201 421 1271 ρειαῖς
479 1201 865 1271 μεσιτεύουσα,
914 1203 1201 1272 ἐφέλκεται
1256 1205 1354 1275 μὲν
1393 1206 1485 1259 καὶ
1517 1206 1820 1261 ἀντιδίδωσι

247 1287 338 1341 τὸν
383 1289 554 1361 ἀέρα,
604 1289 990 1362 ἐξοχετεύουσα
1046 1295 1141 1351 καὶ
1188 1294 1280 1350 τὸν
1323 1298 1389 1350 ἐκ
1426 1297 1535 1350 τῶν
1579 1298 1819 1368 κρανίων

252 1379 456 1451 ξχῶρα,
507 1380 568 1435 τὸ
607 1382 808 1448 εὑῶδες
850 1385 1239 1457 ἐπισπωμένη,
1291 1387 1352 1441 τὸ
1380 1388 1424 1442 δ’
1451 1389 1696 1444 ἐναντίον
1726 1407 1820 1460 μυ-

253 1470 550 1542 σαττομένη
572 1489 584 1503 ο
615 1472 807 1539 ἰούλοις
833 1475 891 1531 δὲ
914 1476 1015 1542 τὰς
1047 1478 1280 1550 παρειὰς
1302 1479 1600 1544 σκιάζουσα
1616 1521 1631 1549 ,
1659 1480 1822 1553 ἡνίκα

250 1556 348 1628 τὴν
395 1560 740 1633 μειρακοειδῆ
767 1563 860 1617 καὶ
896 1564 1125 1627 ἄστατον
1165 1567 1382 1638 ἡλικίαν
1407 1571 1474 1640 τῇ
1505 1570 1824 1643 καθεστώσῃ

252 1648 604 1737 ἀμείψωμεν,
650 1652 720 1708 τά
764 1655 899 1726 πρὸς
943 1656 1004 1737 τδ
1043 1657 1144 1730 ζῇν
1191 1661 1684 1730 περισκοποῦντες·
1738 1663 1826 1734 δη-

254 1736 472 1811 λούσης,
504 1737 677 1812 οἶμαι,
701 1743 802 1814 τῆς
827 1745 1040 1814 φύσεως
1065 1747 1227 1822 μέχρι
1250 1751 1372 1803 τότε
1404 1751 1565 1822 μόνον
1600 1752 1826 1821 αὐξάνε-

257 1828 403 1895 σθαι,
435 1831 657 1899 καὶτῶν
678 1834 856 1891 πόνων
888 1837 1101 1894 ἐκεῖθεν
1128 1839 1414 1897 ἅπτεσθαι.

1618 451 1865 511 DIALOG
1875 454 1963 511 US
1994 453 2082 512 ili.

3352 451 3373 503 t
3387 451 3449 504 07
3459 448 3494 505 ι

1926 585 2145 640 magnus
2191 579 2286 634 est,
2324 570 2413 639 qui
2455 548 2623 638 potest
2668 569 2823 638 quasi
2871 567 3016 636 freno
3058 565 3288 621 cohibere
3331 568 3497 624 etiam

1920 668 2086 717 totum
2110 675 2297 728 corpus
2318 659 2386 723 3°,
2406 658 2583 728 inquit
2603 658 2848 715 scribens
2874 657 2940 712 ad
2965 657 3236 727 quoslibet
3259 656 3361 711 sub
3380 658 3496 712 sole

1916 750 2074 807 divus
2131 750 2220 803 ille
2258 748 2515 806 Jacobus.
2573 748 2775 817 Dentes
2832 748 3049 818 quidem
3101 763 3207 807 una
3242 762 3366 802 cum
3406 749 3495 802 illa

1917 850 2285 911 cooperantur
2320 842 2387 895 ad
2428 841 2699 899 sermonis
2738 840 2933 896 scitam
2974 838 3496 909 pronuntiationem,

1922 931 2134 995 ﬁrmam
2165 933 2240 987 illi
2279 932 2580 1003 praebentes
2620 931 2686 987 ad
2732 945 3042 988 sermonem
3081 929 3496 998 exprimendum

1924 1024 2393 1094 repercussionem
2415 1063 2429 1086 ,
2463 1023 2630 1076 veluti
2661 1022 2705 1078 si
2733 1023 2999 1093 plectrum
3023 1022 3245 1078 chordis
3274 1022 3499 1077 citharae

1922 1114 2198 1169 allidatur.
2245 1112 2419 1167 Simul
2465 1124 2646 1167 autem
2694 1122 2747 1167 et
2781 1112 2888 1167 cibi
2936 1112 3171 1165 ministri
3204 1121 3364 1176 sunt;
3406 1111 3499 1165 alii

1927 1207 2146 1276 quidem
2178 1205 2509 1268 incidentes,
2536 1204 2627 1259 alii
2656 1218 2786 1259 vero
2815 1210 3178 1258 attenuantes.
3213 1200 3391 1271 Atque
3416 1202 3500 1256 iu-

1927 1297 2155 1353 cisionis
2191 1296 2410 1366 quidem
2448 1295 2656 1365 priores
2685 1304 2850 1358 sunt,
2880 1294 3115 1353 molares
3140 1302 3322 1348 autem
3355 1293 3499 1348 inte-

1927 1387 2124 1454 riores,
2156 1387 2237 1442 sic
2260 1385 2512 1456 appellati
2555 1394 2681 1454 apto
2704 1384 2998 1449 vocabulo,
3029 1382 3175 1453 quod
3209 1392 3501 1439 extenuent

1927 1490 1982 1539 et
2016 1482 2391 1538 comminuant
2431 1481 2661 1551 ingesta.
2712 1480 2888 1535 Nasus
2935 1486 3116 1534 autem
3166 1478 3307 1532 inter
3334 1492 3502 1546 genas

1930 1577 2165 1630 medium
2194 1582 2402 1638 tenens,
2435 1573 2657 1628 attrahit
2680 1580 2735 1626 et
2764 1570 2948 1627 reddit
2980 1584 3128 1633 aera,
3155 1568 3405 1623 derivans
3435 1583 3503 1622 ex

1931 1665 2107 1735 capite
2148 1663 2437 1732 liquorem,
2471 1670 2527 1716 et
2562 1662 2767 1715 bonum
2815 1658 3035 1729 quidem
3078 1656 3505 1711 odorem'attra-

1930 1755 2102 1821 hens,
2145 1753 2484 1808 contrarium
2534 1760 2716 1813 autem
2773 1749 3050 1819 rejiciens.
3120 1746 3302 1801 Prima
3375 1760 3505 1800 vero

1930 1844 2099 1900 barba
2148 1860 2315 1916 genas
2356 1844 2506 1914 tegit,
2554 1842 2772 1912 quando
2815 1840 3078 1910 puerilem
3127 1848 3182 1895 et
3234 1839 3503 1892 inﬁrmam

255 1932 467 2021 εωιεηι
507 1943 630 2021 cum
693 1931 920 1991 robusta
962 1943 1373 2003 permutamus,
1425 1937 1494 1992 ad
1530 1954 1594 1994 ea
1637 1955 1759 2009 qua:
1798 1940 1864 1995 ad
1905 1940 2031 1995 vitae
2090 1939 2470 1994 necessitatem
2521 1938 2811 2008 pertinent,
2858 1936 3100 1989 animum
3167 1933 3507 2003 adjicientes,

261 2018 519 2072 iunuente
576 2018 660 2090 (ut
699 2021 958 2095 arbitror)
1003 2030 1230 2093 natura,
1283 2041 1349 2081 eo
1405 2034 1614 2082 tantum
1666 2044 1839 2100 usque
1872 2029 2147 2086 hominem
2182 2042 2449 2094 crescere,
2478 2037 2531 2082 et
2554 2026 2680 2081 inde
2711 2026 2926 2080 labores
2953 2039 3257 2094 capessere.

327 2154 597 2229 Εὔκαιρον
623 2161 805 2215 τοίνυν
835 2160 1212 2235 συμμελῳδεῖν
1234 2164 1382 2237 ἡμᾶς
1407 2163 1486 2236 τῷ
1517 2164 1701 2233 Δαϐὶδ,
1735 2165 1834 2233 Ὡς

184 2271 194 2279 ·
258 2247 631 2320 ἐμεγαλύνθη
651 2252 724 2306 τὰ
744 2252 889 2323 ἔργα
914 2271 1053 2319 σου,
1078 2242 1291 2323 Κύριε·
1323 2255 1520 2310 πάντα
1548 2256 1617 2310 ἐν
1645 2258 1834 2328 σοφίᾳ

259 2338 554 2408 ἐποίησας
573 2359 587 2374 ·
629 2343 689 2397 ὲν
726 2342 871 2397 οῦτω
897 2343 1128 2417 βραχείᾳ
1154 2348 1220 2421 τῇ
1252 2346 1463 2419 κεφαλῇ
1491 2348 1672 2412 πάσας
1701 2349 1833 2421 ἡμῖν

260 2429 358 2490 τὰς
382 2430 713 2498 τιμιωτέρας
738 2430 1023 2501 αἰσθήσεις
1054 2432 1363 2504 ἐνθέμενος,
1399 2436 1612 2506 ὅρασιν,
1638 2438 1829 2510 ἀκοὴν,

262 2518 471 2585 γεῦσιν,
525 2519 812 2591 ὄσφρησιν,
860 2523 1028 2590 ἐγγὺς
1053 2523 1298 2596 ἀλλήλων
1327 2528 1557 2598 ὁμόρους
1572 2530 1832 2603 δομήσας,

267 2607 571 2678 μηδετέρας
592 2610 770 2663 αὑτῶν
798 2611 1195 2678 ὲπισκοτούσας
1218 2617 1283 2685 τῇ
1319 2616 1568 2688 ἐνεργείᾳ
1598 2618 1695 2688 τῆς
1718 2619 1835 2687 γεί⁴

263 2714 435 2761 τονος.
472 2700 594 2753 Οὐδ’
629 2695 696 2754 αὖ
737 2701 898 2755 πάλιν
925 2703 1061 2774 πρὸς
1093 2707 1318 2770 ταύταις
1345 2709 1478 2777 ἡμῖν
1510 2708 1835 2780 ὑπάρχουσι,

265 2787 407 2860 πλὴν
440 2790 541 2861 τῆς
594 2791 683 2845 διὰ
723 2792 834 2846 τῶν
866 2794 1067 2866 χειρῶν
1093 2798 1258 2868 ἁφῆς.
1291 2799 1366 2852 Εύ
1391 2838 1406 2854 .
1443 2839 1456 2854 .
1486 2840 1499 2854 .
1534 2840 1547 2853 .
1586 2839 1600 2854 .
1633 2800 1652 2854 ’.
1689 2819 1780 2874 ρος
1811 2806 1839 2856 ὁ

266 2880 440 2954 αὐχήν
477 2882 573 2936 καὶ
600 2883 934 2959 σύμμετρος,
969 2887 1108 2941 ἀλλά
1136 2888 1204 2941 δι’
1233 2890 1397 2943 αὑτὸν
1441 2891 1783 2965 οὑρανόπτης
1811 2894 1840 2946 ὁ

265 2973 587 3046 ἄνθρωπος’
621 2978 656 3049 ἡ
696 2976 862 3045 εἰκὼν
890 2982 918 3033 ὁ
953 2979 1112 3052 ὀρθὸς
1154 2981 1481 3054 πρόσωποςο
1511 2979 1624 3038 οἷον
1664 2984 1842 3057 στύλῳ

269 3066 477 3140 κεφαλῇ
508 3068 949 3142 ἐπερηρεισμένη
968 3086 983 3104 ο
1013 3072 1223 3145 κεφαλὴ
1246 3075 1592 3145 καταλλήλως
1615 3079 1680 3149 τῇ
1714 3093 1841 3131 συν-

269 3155 460 3229 εργεία
486 3157 581 3211 τοῦ
605 3158 833 3229 αὐχένος
860 3159 1150 3231 κλινομένη
1180 3162 1274 3215 καί¹
1297 3163 1648 3219 ἀνανεύουσα.
1674 3166 1843 3219 Πέντε

270 3246 419 3318 δεξιᾷ
475 3248 639 3320 χειρὶ,
684 3249 930 3304 τοσοῦτοι
974 3249 1033 3303 δὲ
1083 3252 1179 3306 καὶ
1222 3255 1288 3325 τῇ
1332 3252 1461 3325 λαιᾷ
1507 3256 1845 3327 ὑπάρχοντες

272 3333 553 3388 δάκτυλον
597 3336 658 3389 ὲν
708 3336 894 3401 αὐτοῖς
939 3336 997 3390 δὲ
1038 3337 1139 3409 τὴν
1194 3340 1388 3411 χέρσον
1438 3341 1725 3415 τέμνομεν,
1778 3342 1847 3396 τὰ

272 3422 373 3494 ὅρη
413 3423 838 3508 μεταλλεύομεν,
860 3426 960 3490 τὰς
992 3428 1202 3499 κρήνας
1225 3429 1545 3501 ἀντλοῦμεν,
1570 3434 1847 3502 ποταμοὺς

281 3513 780 3586 μεταρυθμίζομεν.
832 3515 910 3569 Δι’
956 3517 1135 3571 αὐτῶν
1180 3519 1465 3584 καλωδίοις
1526 3522 1620 3575 καὶ
1674 3520 1849 3587 ξύλοις

277 3604 720 3676 ποντοποροῦμεν
749 3606 850 3677 τὴν
888 3607 1142 3673 ἄϐυσσον,
1174 3609 1524 3681 καταλλήλως
1557 3611 1649 3664 τοῦ
1686 3610 1849 3665 πνεύ-

283 3710 449 3763 ματος
472 3694 543 3746 τά
573 3694 716 3748 ἱστία
747 3695 847 3764 τῆς
879 3697 1007 3766 νηὸς
1044 3698 1363 3769 ἀνέλκομεν,
1393 3701 1489 3753 καὶ
1518 3702 1643 3764 τοὺς
1662 3702 1852 3764 οἰακας

284 3777 554 3848 ἰθύνομεν,
608 3776 782 3850 θῆρας
814 3779 1122 3850 ἀνημέρους
1163 3781 1487 3852 ζωγροῦμεν
1524 3785 1617 3836 καὶ
1668 3785 1855 3837 τιθασ-

283 3868 533 3940 σεύομεν,
565 3870 706 3940 κήτη
737 3869 1109 3940 σαγηνεύομεν
1143 3871 1350 3941 βουνοῖς
1375 3873 1470 3925 καὶ
1500 3874 1651 3943 ὄρεσι
1688 3874 1854 3942 μεγέ-

283 3959 367 4014 θει
406 3960 788 4033 παραπλήσια,
812 3962 905 4016 καὶ
932 3962 1053 4032 ὕψει
1084 3962 1327 4035 φοϐεράο
1358 3963 1449 4017 τὸν
1479 3963 1616 4034 ἀέρα
1646 3963 1856 4034 τρυγῶ-

288 4068 410 4123 μεν,
439 4056 555 4116 τοῖς
578 4052 845 4125 καλάμοις
867 4053 961 4107 τοῦ
998 4054 1107 4119 ἰξοῦ
1139 4054 1207 4109 τά
1235 4055 1459 4126 ἀερόῦια
1495 4056 1853 4128 χειρούμενοι.

284 4143 360 4196 Τὸ
390 4144 448 4198 δὲ
479 4145 589 4215 πῦρ
631 4143 805 4209 οὕτως
840 4145 938 4217 μὲν
980 4146 1204 4218 σφοδρὸν
1252 4147 1352 4218 τὴν
1394 4148 1592 4219 ὁρμὴν,
1629 4146 1858 4218 φοὸερόν

284 4237 343 4289 δὲ
391 4237 490 4307 τὴν
520 4237 687 4310 ἁφὴν,
718 4238 1049 4306 λυμαντικόν
1088 4256 1147 4291 τε
1177 4240 1270 4292 καὶ
1310 4238 1482 4309 βίαιον
1510 4240 1607 4311 τὴν
1645 4240 1857 4312 κίνησιν

284 4328 364 4399 τῷ
416 4330 669 4402 ἡμετέρῳ
712 4329 898 4400 σκοπῴ
947 4330 1240 4402 ὑπουργεῖν
1301 4328 1616 4401 βιαζόμεθα,
1660 4318 1757 4385 καὶ
1793 4335 1859 4404 τῇ

286 4420 519 4474 ἑκάστου
548 4419 740 4493 γνώμῃ
769 4422 1339 4492 συμμεταϐάλλεσθαι.
1373 4423 1462 4476 Ἐν
1478 4425 1659 4488 αὑτοῖς
1683 4424 1740 4477 δὲ
1770 4426 1863 4478 καὶ

287 4513 472 4578 πόλεις
515 4513 824 4586 ἐγείρομεν,
874 4515 968 4567 καὶ⁹
1013 4515 1270 4583 ἐπάλξεσι
1309 4516 1402 4569 καὶ
1446 4517 1665 4588 τειχίοις
1716 4535 1866 4589 περι-

287 4604 578 4675 ϐάλλομεν,
611 4605 924 4675 σφενδόναις
952 4607 1048 4660 καὶ
1078 4606 1254 4672 τόξοις
1281 4608 1376 4662 καὶ
1397 4608 1603 4679 ἑτέροις
1628 4608 1865 4679 ἀμυντη-

292 4695 430 4765 ρίοις
448 4695 619 4758 αὑτὰς
634 4695 1073 4761 καθοπλίζοντες.
1106 4697 1291 4768 Βραχὺ
1319 4697 1416 4768 μὲν
1449 4698 1542 4751 καὶ
1568 4697 1863 4768 περιφερὲς

288 4783 384 4835 καὶ
429 4782 800 4854 ἀδιάρθρωτον
826 4786 888 4838 τὸ
927 4786 1027 4857 τῆς
1058 4786 1287 4856 καρδίας
1322 4788 1554 4859 ὑπάρχει
1597 4787 1861 4858 ὄργανον·

290 4875 349 4927 ὲν
386 4871 533 4944 αὑτῷ
561 4872 616 4926 δὲ
642 4874 738 4927 καὶ
780 4875 860 4945 τῷ
899 4877 1209 4947 ἐγκεφάλῳ,
1254 4879 1382 4948 περί⁵
1409 4878 1567 4941 Θεοῦ,
1618 4879 1865 4947 ἀγγέλων

291 4966 385 5021 καὶ
411 4964 789 5037 ἀρχαγγέλων,
820 4967 1070 5037 ούρανοῦ,
1109 4969 1232 5038 γῆς,
1266 4968 1534 5039 θαλάττης
1566 4970 1660 5023 καὶ
1687 4971 1867 5041 πάσης

289 5057 428 5129 ὁμοῦ
486 5058 587 5130 τῆς
631 5058 863 5125 κτίσεως
908 5057 1306 5129 βουλευόμεθα’
1356 5062 1520 5115 οἱονεὶ
1561 5062 1785 5133 ταμείου
1830 5064 1864 5134 ἢ

292 5149 555 5222 φρουρίου
579 5150 916 5223 ὑπάρχοντος
935 5150 1036 5221 τῆς
1062 5150 1297 5221 ζωτικῆς
1330 5152 1387 5204 ὲν
1410 5153 1540 5223 ήμῖν
1570 5153 1750 5217 αἰτίας
1775 5155 1869 5207 καὶ

299 5237 487 5313 ῥώμης
501 5238 595 5301 τοῦ
618 5241 972 5313 περικαρδίου
1000 5242 1331 5313 πνεύματος.
1375 5243 1527 5296 Ἐπεὶ
1550 5239 1641 5297 οὖν
1666 5246 1871 5316 κρήνην

295 5327 420 5383 τινὰ
451 5330 546 5384 καὶ
570 5331 745 5403 ἀρχὴν
772 5333 870 5403 τῆς
911 5333 1187 5404 ήμετέρας
1236 5332 1381 5405 ζωῆς
1422 5334 1559 5405 μετὰ
1601 5335 1735 5389 Θεὸν
1770 5320 1881 5407 τὴν

299 5420 527 5492 καρδίαν
576 5424 710 5493 ἡμῖν
747 5423 924 5490 ἔδοξεν
976 5427 1264 5498 ὑπάρχειν,
1319 5427 1412 5498 ἀφ’
1461 5425 1528 5501 ἧς
1579 5428 1873 5492 αὐλοειδεῖς

298 5511 457 5583 πόροι
490 5511 801 5578 πολυειδῶς,
833 5515 1020 5586 ἔτερος
1059 5519 1126 5570 δι’
1159 5519 1345 5588 ἐτέρου
1381 5520 1731 5592 διαφυόμενοι
1765 5521 1871 5592 ὅλῳ

299 5604 377 5677 τῷ
394 5604 626 5677 σώματι,
656 5606 717 5660 τὸ
733 5606 936 5678 θερμὸν
953 5610 1044 5662 καὶ
1075 5612 1323 5682 πυρῶδες
1336 5613 1609 5684 διαχέουσι
1634 5611 1870 5684 πνεῦμα*

300 5695 489 5766 ἐπειδὴ
519 5695 736 5762 πάντως
770 5698 863 5750 καὶ
888 5697 1096 5768 τροφὴν
1131 5697 1236 5751 ἔδει
1264 5701 1385 5755 τινὰ
1415 5702 1492 5774 τῷ
1523 5701 1710 5774 θερμῷ
1736 5720 1870 5773 συμ-

372 5862 420 5911 δο
450 5876 566 5934 Jac.
605 5895 685 5943 ιιι,
715 5879 769 5937 2.
844 5879 884 5910 ’”
920 5877 1064 5934 Psal.
1096 5892 1209 5945 cur,
1243 5878 1331 5933 24.

2011 2163 2413 2234 Tempestivum
2445 2161 2691 2232 proinde,
2725 2173 2782 2214 ut
2814 2175 2938 2215 cum
2974 2158 3175 2213 Davide
3203 2174 3465 2213 canamus
3492 2176 3505 2211 :

1938 2256 2110 2323 Quam
2141 2256 2291 2311 valde
2326 2255 2609 2326 magniﬁca
2631 2265 2751 2307 sunt
2786 2269 2944 2322 opera
2977 2252 3105 2305 tua!
3137 2251 3315 2304 omnia
3343 2251 3397 2303 in
3425 2267 3514 2303 sa-

1935 2349 2135 2417 pientia
2162 2347 2393 2416 fecisti“
2425 2362 2438 2398 :
2470 2349 2524 2399 in
2557 2349 2734 2414 capite
2765 2357 2938 2413 usque
2968 2342 3103 2396 adeo
3129 2357 3296 2412 parvo
3326 2356 3523 2394 omnes

1937 2439 2341 2510 praestantiores
2371 2452 2566 2492 sensus
2599 2444 2821 2490 nostros
2861 2434 3156 2500 collocans,
3191 2433 3387 2495 visum,
3419 2448 3516 2487 au-

1939 2532 2134 2597 ditum,
2178 2540 2419 2601 gustum,
2463 2527 2749 2592 olfactum,
2791 2540 2959 2596 prope
3003 2525 3146 2579 inter
3177 2538 3236 2579 se
3273 2523 3515 2578 conﬁnes

1940 2622 2239 2689 aediﬁcans,
2278 2630 2445 2690 utque
2473 2627 2667 2674 neuter
2696 2617 2916 2672 illorum
2948 2616 3265 2686 operatione
3294 2629 3392 2669 sua
3431 2613 3515 2666 vi-

1941 2714 2065 2766 cino
2095 2713 2197 2767 sibi
2229 2712 2442 2766 otliciat.
2477 2708 2664 2781 Neque
2701 2709 2832 2764 item
2864 2718 3060 2778 praeter
3102 2707 3203 2762 hos
3236 2706 3325 2760 alii
3359 2705 3518 2759 nobis

1944 2816 2091 2869 sunt,
2145 2812 2339 2874 praeter
2382 2812 2589 2858 tactum
2639 2816 2858 2856 manus.
2912 2800 3082 2870 Agilis
3115 2799 3298 2854 cervix
3339 2805 3423 2853 est
3465 2807 3523 2851 et

1942 2894 2293 2966 proportione
2332 2906 2669 2965 congruens,
2692 2906 2789 2961 per
2811 2905 2976 2960 quam
3016 2898 3069 2944 et
3097 2890 3295 2946 ccelum
3329 2904 3519 2944 versus

1946 2996 2158 3058 spectat
2205 2987 2392 3052 homo,
2432 2986 2613 3053 imago
2661 2983 2751 3036 illa
2798 2992 2992 3036 erectae
3031 2978 3400 3042 faciei,veluti
3428 2994 3522 3033 co-

1945 3077 2145 3132 lumnae
2183 3077 2448 3131 innitente
2478 3074 2672 3142 rapite,
2710 3072 2854 3141 quod
2889 3070 3239 3126 conveniente
3284 3068 3518 3138 quadam

1950 3168 2158 3222 ratione
2212 3182 2308 3239 per
2352 3165 2794 3234 coeperationem
2846 3161 3075 3217 cervicis
3120 3174 3240 3214 sese
3294 3158 3377 3213 vel
3423 3158 3528 3212 de-

1948 3259 2137 3322 mittit,
2170 3258 2251 3311 vel
2302 3271 2519 3311 sursum
2564 3256 2723 3310 levat.
2772 3252 3024 3321 Quinque
3057 3251 3293 3305 dextera
3334 3250 3523 3303 manui

1950 3347 2285 3415 totidemque
2332 3346 2566 3400 sinistrae
2595 3343 2747 3414 digiti
2798 3351 2944 3406 sunt,
2990 3341 3190 3411 quibus
3229 3348 3282 3393 et
3324 3347 3525 3393 terram

1954 3450 2222 3501 sccamus,
2281 3451 2311 3489 e
2388 3434 2666 3488 montibus
2726 3432 2943 3486 metalla
2989 3429 3297 3495 etfodimus,
3349 3427 3531 3481 fontes

1954 3527 2259 3587 haurimus,
2312 3527 2535 3581 ﬂumina
2578 3525 2888 3596 dirigimus.
2939 3521 3041 3577 Per
3104 3523 3251 3592 ipsos
3305 3519 3533 3575 funibus

1953 3624 2007 3670 et
2055 3617 2217 3686 lignis
2263 3616 2581 3687 navigamus
2631 3616 2914 3687 abyssum,
2963 3629 3027 3668 ex
3079 3611 3330 3680 Opposito
3367 3609 3530 3664 ﬂatus

1954 3707 2069 3761 vela
2106 3708 2260 3760 navis
2286 3708 2646 3762 subducimus
2673 3716 2727 3760 et
2761 3704 3191 3775 gubernaculum
3218 3701 3526 3769 dirigimus.

1956 3800 2251 3852 lndomitas
2284 3797 2427 3852 feras
2467 3798 2716 3866 capimus
2744 3797 2897 3849 vivas
2934 3805 2986 3849 et
3016 3795 3350 3854 cicuramus,
3380 3799 3531 3845 cetos

1956 3891 2105 3959 ipsos
2132 3888 2399 3958 capimus,
2423 3889 2591 3942 c‘olles
2614 3896 2667 3941 et
2693 3894 2906 3940 montes
2930 3884 3300 3953 magnitudine
3320 3897 3535 3951 aequan-

1958 3985 2061 4039 tes,
2103 3988 2155 4032 et
2200 3986 2421 4045 aspectu
2458 3976 2746 4031 terribiles.
2797 3974 2938 4027 Aera
2987 3988 3083 4042 per
3111 3973 3328 4027 eosdem
3374 3972 3535 4041 quasi

1958 4067 2382 4133 vindemiamus,
2416 4065 2645 4122 calamis
2672 4064 2806 4120 visci
2848 4063 3092 4129 viventes
3136 4062 3190 4116 in
3221 4076 3347 4116 aere
3379 4060 3534 4115 volu-

1959 4174 2079 4214 cres
2104 4158 2399 4228 capientes.
2438 4156 2620 4228 Ignem
2658 4156 2819 4211 etiam
2864 4157 3001 4211 adeo
3031 4156 3400 4209 vehementem
3436 4154 3538 4207 im-

1960 4260 2111 4322 petu,
2146 4249 2448 4305 terribilem
2484 4257 2651 4314 tactu,
2678 4246 3126 4319 populabundum
3157 4255 3210 4299 et
3238 4244 3537 4299 violentum

1963 4350 2155 4404 motu,
2215 4346 2407 4393 nostro
2458 4339 2737 4408 proposito
2789 4336 2995 4391 servire
3042 4334 3314 4403 cogimus,
3366 4340 3421 4389 et
3470 4333 3539 4386 ad

1964 4432 2401 4501 uniuscujusque
2451 4430 2785 4485 voluntatem
2844 4443 2903 4482 se
2955 4425 3388 4481 accommodare.
3435 4420 3541 4478 Per

1965 4525 2065 4579 hos
2098 4532 2152 4577 et
2191 4522 2445 4576 civitates
2474 4521 2830 4585 cxstruimns,
2871 4529 2926 4574 et
2961 4515 3383 4587 prepugnaculis
3422 4529 3543 4568 mu-

1966 4613 2150 4683 risque
2176 4612 2606 4674 communimus,
2638 4610 2821 4664 fundis
2862 4616 2917 4663 et
2957 4606 3193 4661 arcubus
3226 4614 3279 4660 et
3323 4604 3444 4659 aliis
3474 4606 3541 4657 ad

1968 4702 2365 4758 defendentium
2428 4702 2636 4758 idoneis
2697 4700 2867 4755 armis
2915 4697 3262 4753 instruimus.
3308 4693 3542 4750 Parvum

1971 4794 2214 4863 quidem,
2248 4805 2302 4848 et
2329 4793 2624 4847 rotundum
2658 4791 3001 4859 articuloque
3035 4803 3229 4844 carens
3255 4786 3437 4841 cordis
3463 4795 3547 4840 est

1971 4885 2330 4955 organum,in
2368 4884 2487 4953 ipso
2523 4890 2703 4937 tamen
2737 4895 2790 4936 et
2815 4880 3062 4943 cerebro,
3090 4880 3156 4933 de
3179 4878 3307 4942 Deo,
3339 4876 3546 4947 angelis

1970 4987 2024 5030 et
2071 4974 2436 5044 archangelis,
2480 4973 2638 5037 coelo,
2687 4983 2852 5038 terra,
2891 4972 3051 5037 mari,
3103 4980 3156 5024 et
3192 4970 3259 5024 de
3296 4969 3445 5023 omni
3490 4968 3545 5020 in

1972 5066 2291 5121 universum
2321 5071 2574 5120 creatura
2598 5063 2988 5130 deliberamus,
3018 5061 3182 5117 veluti
3208 5074 3432 5130 promus
3454 5067 3549 5114 aut

1972 5164 2159 5212 custos
2190 5154 2375 5213 vitalis
2398 5156 2450 5209 in
2478 5155 2638 5210 nobis
2660 5169 2838 5209 causa:
2871 5163 2923 5209 et
2956 5152 3168 5208 roboris
3200 5151 3271 5208 sit
3298 5151 3544 5221 spiritus,

1973 5249 2069 5321 qui
2097 5249 2244 5304 circa
2272 5263 2370 5303 cor
2391 5256 2491 5304 est.
2518 5247 2627 5302 Cor
2659 5246 2876 5316 quidem
2900 5254 3046 5300 certe
3076 5241 3277 5299 fontem
3309 5241 3544 5310 aliquem

1975 5349 2028 5394 et
2074 5339 2403 5409 principium
2452 5344 2654 5393 nostra:
2685 5337 2810 5391 vitm
2858 5345 2980 5405 post
3031 5330 3192 5388 Deum
3233 5346 3357 5386 esse
3394 5340 3549 5400 puta-

1977 5445 2133 5495 mus;
2169 5444 2198 5483 a
2230 5443 2341 5498 quo
2374 5435 2584 5483 meatus
2612 5425 2808 5480 ﬁstulis
2840 5422 3152 5478 consimiles
3178 5420 3548 5490 multipliciter

1977 5523 2114 5577 alius
2140 5536 2236 5601 per
2258 5520 2423 5574 alium
2453 5519 2669 5586 ductus,
2698 5518 2951 5573 universo
2980 5514 3196 5587 corpori
3229 5512 3462 5568 calidum
3494 5521 3547 5565 et

1983 5615 2199 5685 igneum
2222 5612 2470 5683 spiritum
2501 5610 2829 5675 diﬁ‘undunt.
2856 5608 2995 5676 Quia
3035 5615 3214 5662 autem
3244 5604 3469 5658 omnino
3494 5609 3548 5657 et

1983 5705 2374 5763 nutrimentum
2416 5704 2633 5777 aliquod
2678 5703 2917 5775 oportuit
2942 5700 3133 5757 adesse
3172 5695 3338 5754 calori
3385 5709 3416 5750 a
3454 5709 3550 5748 na-
