4000 6420
503 428 642 483 1075

499 555 618 598 tura
659 544 791 608 (non
836 542 982 597 enim
1034 555 1130 612 per
1184 543 1539 613 semetipsum
1573 554 1758 601 manet
1806 547 1945 617 ignis
1980 545 2072 617 qui

497 633 659 689 nobis
695 634 861 698 inest,
896 634 999 689 nisi
1032 633 1274 690 vicissim
1308 637 1604 708 nutriatur)
1638 637 1804 694 :ideo
1844 646 1899 694 et
1939 655 2071 713 san-

495 725 678 794 guinis
709 725 923 792 ﬁstulm,
950 727 1098 781 velut
1119 742 1185 781 ex
1226 728 1410 799 aliquo
1441 728 1593 785 fonte
1634 731 1703 785 ab
1727 731 1921 800 hepate
1951 746 2076 801 pro-

494 825 805 880 nzanantes,
834 817 1066 872 calidum
1099 818 1251 873 illum
1277 820 1528 890 spiritum
1552 835 1649 891 per
1674 828 1844 876 totum
1874 836 2076 891 corpus

494 908 849 973 comitantur,
884 925 953 965 ne
977 911 1206 965 alterum
1237 913 1409 968 altero
1445 912 1785 979 destitutum,
1821 922 2074 970 naturam

493 999 627 1055 vitio
655 1001 936 1057 accidente
973 1013 1307 1074 corrumpat.

565 1177 837 1243 Quoniam
886 1195 1018 1236 vero
1060 1183 1237 1238 solum
1284 1186 1465 1241 omnis
1520 1186 1833 1258 indigentiaa
1876 1201 2074 1257 expers

493 1260 578 1326 εει
615 1271 863 1328 divinum
906 1275 1041 1330 illud
1090 1275 1321 1342 Numen,
1351 1288 1563 1350 egestas
1599 1290 1781 1336 autem
1827 1279 2073 1336 mortalis

493 1362 711 1419 aliunde
747 1367 1046 1437 assumptis
1096 1369 1300 1440 indiget
1343 1371 1408 1425 ad
1459 1372 1544 1427 sui
1572 1370 2069 1427 constitutionem:

493 1452 698 1508 ideirco
743 1470 866 1511 cum
920 1459 1206 1527 sanguinis
1242 1459 1365 1515 fons
1407 1460 1478 1516 sit
1512 1461 1699 1530 bepar,
1751 1462 2072 1516 nutrimeuti

490 1544 797 1601 subsidium
846 1548 895 1602 ei
940 1551 1315 1621 necessarium
1363 1562 1469 1608 est.
1502 1552 1659 1619 Quod
1703 1554 1846 1608 enim
1878 1569 1973 1624 per
2018 1552 2072 1608 id

492 1636 652 1692 nobis
696 1637 965 1708 ingestum
999 1648 1103 1704 est,
1142 1643 1427 1710 sanguinis
1462 1659 1528 1698 ex
1570 1645 1761 1714 hepate
1790 1646 2075 1716 scaturigi-

490 1744 617 1783 nem
650 1730 844 1785 reddit.
878 1731 1348 1799 Quemadmodum
1383 1737 1437 1790 in
1487 1746 1671 1793 monte
1701 1739 1814 1804 nix,
1846 1738 2069 1808 proprio

493 1821 726 1877 humore
758 1820 937 1879 fontes
981 1824 1049 1879 ad
1086 1827 1292 1882 montis
1325 1828 1538 1883 radices
1590 1839 1771 1900 auget,
1810 1845 1905 1900 per
1936 1845 2066 1902 pro-

492 1911 721 1967 fundum
771 1916 972 1970 sensim
1006 1918 1285 1987 proprium
1337 1920 1621 1975 humorem
1667 1921 1735 1976 ad
1777 1920 2068 1979 inferiores

489 2017 658 2059 venas
697 2004 1028 2074 deprimens.
1065 2007 1300 2078 Spiritus
1344 2020 1526 2067 autem
1560 2012 1710 2068 cordi
1759 2028 1855 2083 per
1881 2015 2070 2084 proxi-

489 2107 639 2147 mum
679 2093 912 2151 infertur
936 2098 1137 2167 viscus,
1163 2101 1311 2172 quod
1336 2104 1611 2174 pulmonis
1634 2105 1858 2175 quidem
1882 2104 2070 2162 viscus

489 2184 813 2254 appellatur,
850 2191 993 2246 aeris
1029 2201 1210 2248 autem
1259 2197 1662 2266 receptaculum
1707 2208 1812 2265 est,
1852 2214 1949 2269 per
1987 2199 2071 2253 in-

488 2284 691 2335 sertam
732 2282 990 2336 arteriam
1028 2285 1092 2338 ad
1120 2299 1181 2340 os
1217 2286 1610 2357 pertingentem
1638 2297 1925 2345 externum
1959 2289 2072 2361 spi-

486 2370 651 2424 ritum
689 2373 1012 2442 respirando
1041 2377 1345 2433 attrahens.
1380 2379 1559 2451 Atque
1601 2381 1767 2451 hujus
1797 2383 1854 2436 in
1889 2383 2070 2439 medio

485 2476 582 2517 cor
605 2463 933 2529 involutum,
962 2482 1177 2537 semper
1203 2479 1474 2536 movetur,
1507 2472 1865 2529 consimiliter
1893 2483 1954 2528 ut
1985 2484 2070 2529 est

485 2554 629 2625 ignis
655 2567 868 2625 natura,
906 2559 1068 2628 quale
1094 2560 1224 2630 quid
1260 2562 1315 2616 in
1359 2563 1591 2621 olIleiuis
1613 2567 1826 2622 atrariis
1856 2566 2064 2632 videas,

483 2660 550 2699 ex
585 2647 866 2717 adjacente
904 2652 1162 2721 pulmone
1201 2654 1453 2722 spiritum
1500 2655 1567 2711 ad
1600 2670 1660 2710 se
1685 2657 1930 2722 trahens,
1965 2658 2067 2711 im-

484 2736 754 2808 pletisque
789 2755 884 2808 per
915 2741 1284 2796 diductiouem
1327 2744 1411 2798 sui
1444 2746 1794 2811 cavitatibus,
1826 2746 2063 2801 calorem

485 2845 646 2883 suum
686 2833 902 2888 arteriis
951 2833 1147 2889 vicinis
1186 2835 1458 2904 praebens,
1494 2846 1755 2907 perpetuo
1790 2845 1944 2893 motu
1983 2839 2061 2893 cf-

484 2920 598 2987 !lat,
631 2922 831 2991 partim
893 2923 1233 2979 extrinsecus
1276 2924 1483 2996 aliquid
1527 2941 1627 2998 per
1667 2929 1754 2983 sui
1795 2928 2066 2985 diductio-

486 3026 607 3066 uem
646 3011 698 3065 in
737 3011 986 3082 preprias
1020 3014 1394 3071 coneavitates
1430 3016 1731 3084 attrahens,
1769 3019 1967 3089 partim
1997 3034 2066 3075 ex

482 3117 542 3157 se
589 3118 687 3173 per
725 3105 1188 3174 compressionem
1246 3107 1301 3161 in
1351 3108 1582 3165 arterias
1631 3124 1954 3172 excernens.
1999 3125 2065 3165 ac

420 3240 425 3245 .
481 3195 627 3250 velut
658 3195 711 3249 in
743 3195 964 3254 fornace
990 3213 1085 3268 per
1115 3199 1354 3254 calorem
1385 3202 1693 3257 naturalem
1727 3202 2065 3273 eolliquatio—

479 3301 603 3340 nem
632 3286 924 3356 quamdam
972 3298 1026 3343 et
1057 3289 1363 3345 coetionem
1408 3290 1669 3357 elileiens,
1708 3301 1968 3364 tanquam
1995 3310 2061 3349 ex

479 3377 664 3445 aliquo
706 3378 916 3433 fusorio
962 3395 1092 3435 vase
1122 3381 1189 3435 ad
1242 3391 1471 3438 emteros
1510 3393 1727 3439 meatus
1776 3387 2059 3443 materiem

481 3467 833 3523 transfundit.
867 3469 1161 3542 Postquam
1194 3481 1379 3528 autem
1407 3488 1656 3530 crassum
1681 3490 1712 3530 a
1752 3478 1903 3532 tenui
1945 3478 2061 3533 dis-

478 3560 674 3625 crevit,
736 3560 1003 3632 quidquid
1048 3564 1290 3619 crassius
1321 3572 1407 3620 est
1440 3566 1497 3620 in
1528 3566 1787 3621 intestina
1823 3569 2061 3638 repellit,

480 3652 664 3707 tenuia
695 3670 827 3709 vero
850 3664 906 3710 et
943 3670 972 3709 a
1005 3656 1261 3711 sordibus
1292 3666 1503 3713 secreta
1531 3658 1596 3713 ad
1634 3667 1822 3729 portas
1849 3660 2061 3731 bepatis

477 3742 670 3799 defert.
709 3744 990 3802 Ebulliens
1016 3756 1198 3802 autem
1231 3749 1364 3804 illud
1392 3751 1597 3815 calore,
1641 3752 1928 3808 humidum
1976 3754 2061 3808 in-

476 3845 566 3890 tus
594 3836 835 3906 deponit,
869 3848 924 3894 et
947 3840 1090 3908 quod
1127 3840 1239 3911 igni
1276 3827 1569 3912 cognatum
1600 3853 1705 3909 est,
1747 3845 1801 3900 in
1831 3847 2056 3917 sangui-

475 3944 600 3981 nem
634 3928 803 3983 rubeo
832 3928 1093 3985 infectum
1125 3931 1309 3988 colore
1337 3942 1532 3989 mutat.
1569 3934 1699 4002 Quae
1733 3946 1909 3991 autem
1946 3938 2055 3992 vim

474 4020 710 4075 mediam
749 4023 1041 4092 quamdam
1092 4024 1315 4093 habent,
1369 4043 1431 4081 ea
1478 4042 1572 4097 per
1603 4029 1901 4098 quamdam
1954 4031 2058 4085 mi-

474 4121 682 4168 stnram
741 4121 1275 4188 temperaturamque
1320 4120 1468 4174 unita
1519 4120 1757 4190 corpori,
1805 4121 2056 4176 nutriunt

473 4213 637 4276 atque
693 4219 1022 4263 conservant
1068 4225 1165 4279 per
1210 4211 1623 4281 evaporationes
1671 4212 1979 4277 cerebrum,
2025 4226 2057 4266 ο

471 4311 593 4366 quo,
618 4313 835 4351 rursum
866 4297 1057 4367 purius
1097 4312 1160 4351 ac
1207 4299 1463 4354 subtilius
1495 4309 1772 4354 attenuata
1816 4301 2057 4371 digesta-

471 4402 579 4456 que
610 4386 695 4440 illa
746 4387 1047 4451 exhalatio,
1076 4389 1303 4443 sublinit
1349 4389 1719 4444 continentem
1767 4390 2052 4445 cerebrum

473 4479 870 4541 membranam,
899 4493 1021 4547 qua:
1048 4494 1284 4548 superne
1310 4480 1376 4532 ad
1406 4478 1666 4534 inferiora
1696 4479 1871 4534 instar
1900 4478 2055 4534 fistu-

476 4568 540 4623 lae
566 4583 685 4623 sese
717 4582 1002 4637 spargens,
1041 4585 1136 4638 per
1161 4571 1490 4639 conjuuclas
1523 4570 1716 4625 ordine
1752 4571 1855 4626 sibi
1882 4570 2052 4641 spinae

471 4659 774 4723 vertebras,
831 4660 1179 4728 semetipsam
1223 4669 1276 4713 et
1304 4667 1613 4714 contentam
1647 4661 1700 4713 in
1751 4676 1810 4716 se
1841 4661 2051 4715 medul-

472 4754 578 4807 lam
608 4755 934 4825 perducens,
969 4754 1021 4808 in
1054 4754 1286 4809 verenda
1323 4752 1542 4817 desinit,
1577 4762 1768 4823 estque
1795 4754 2051 4810 omnibus

471 4846 678 4900 ossium
711 4852 761 4899 et
794 4859 1117 4916 compagum
1148 4842 1529 4899 commissuris
1566 4844 2051 4915 museulorumquc

470 4935 776 5007 principiis,
807 4936 974 4992 veluti
1011 4935 1361 5006 gubernatrix
1403 4936 1674 5006 quaedam,
1709 4937 1902 4997 iudens
1936 4938 2040 4994 sin-

470 5029 614 5098 gulis
649 5037 858 5084 motum
889 5036 1052 5097 atque
1082 5027 1341 5097 quietem.

552 5162 657 5218 Sed
695 5163 761 5218 ad
799 5162 1139 5236 propositum
1189 5172 1543 5220 revertamur.
1573 5164 1844 5233 Quoniam
1882 5181 2046 5236 quam

470 5256 704 5313 maxime
758 5257 1092 5328 praecipuum
1145 5265 1201 5312 et
1248 5259 1615 5315 necessarium
1670 5258 1796 5314 vitae
1848 5271 2067 5314 nostrae

467 5349 773 5404 membrum
811 5363 907 5402 cor
931 5359 1038 5412 est,
1070 5348 1191 5404 ideo
1226 5364 1336 5418 prae
1360 5351 1617 5406 omnibus
1653 5350 1858 5406 nostris
1889 5365 2048 5421 orga-

468 5439 554 5494 nis
588 5454 713 5493 cum
762 5438 953 5507 primis
989 5439 1165 5509 ipsum
1217 5439 1573 5494 communivit
1606 5436 1821 5509 Opifex,
1882 5440 2046 5495 robu-

466 5531 729 5589 stioribus
758 5530 1187 5600 circumquaque
1219 5531 1620 5586 munitionibus
1669 5532 1788 5600 ipso
1830 5531 1885 5586 in
1926 5540 2044 5588 tuto

467 5627 753 5688 collocato,
783 5632 834 5679 et
862 5634 1017 5694 septo
1051 5623 1422 5689 circumdato;
1449 5631 1595 5678 retro
1623 5623 1842 5693 quidem
1879 5625 2044 5680 dorso

468 5704 520 5770 et
565 5718 922 5771 humerorum
974 5715 1235 5783 scapulis,
1288 5715 1357 5768 ab
1402 5723 1635 5784 utroque
1694 5730 1825 5770 vero
1877 5716 2044 5772 latere

470 5815 746 5859 costarum
786 5808 894 5860 situ
923 5816 978 5861 et
1006 5805 1313 5873 Complexu,
1368 5822 1436 5859 ne
1478 5807 1716 5860 medium
1753 5806 1914 5862 facile
1943 5809 2040 5862 ali-

472 5895 599 5963 quid
656 5896 909 5964 patiatur,
963 5896 1158 5950 ell‘ecit.
1214 5895 1296 5949 Ab
1346 5896 1616 5951 anteriore
1670 5906 1848 5952 autem
1888 5908 2041 5970 parte

1534 428 1594 484 S.
1635 428 2309 492 CESARII,GREGONI
2343 428 2679 498 FRATRIS;
2760 488 2761 491 η

3637 427 3769 483 1076

2179 546 2437 617 παρεῖναι
2469 545 2623 616 παρά
2663 543 2767 615 τῆς
2808 541 3023 613 φύσεως
3044 541 3124 613 (οὐ
3156 540 3264 610 γὰρ
3289 540 3505 608 πέφυκε
3539 538 3601 593 τὸ
3638 539 3765 610 παρ’

2175 638 2310 707 ἡμῖν
2344 636 2457 709 πῦρ
2490 637 2672 709 μένειν
2704 636 2800 704 ἀφ’
2828 632 3025 689 ἑαυτοῦ
3074 634 3148 704 μὴ
3178 633 3267 687 διά
3289 633 3384 685 τοῦ
3421 631 3765 700 καταλλήλου

2174 726 2564 798 τρεφόμενον)·
2610 726 2690 780 διὸ
2734 724 2831 780 καὶ
2869 724 2962 779 τοῦ
2997 725 3227 794 αἵματος
3260 722 3461 793 ὀχετοὶ,
3507 721 3765 792 καθάπερ

2176 821 2242 874 ἐκ
2267 819 2479 889 κρήνης
2498 818 2644 882 τινὸς
2663 815 2759 871 τοῦ
2779 818 2990 888 ἥπατος
3012 815 3444 889 ἀφορμισθέντες
3471 813 3553 884 τῷ
3575 813 3765 884 θερμῷ

2176 908 2471 979 πνεύματι,
2495 906 2562 960 δι’
2589 906 2712 960 ὅλου
2740 905 2834 959 τοῦ
2859 904 3111 977 σώματος
3132 905 3663 976 σύμ-παροδεύουσιν,
3688 904 3763 967 ὡς

2175 998 2241 1054 ἂν
2277 999 2352 1070 μὴ
2388 997 2630 1070 μονωθὲν
2658 996 2753 1050 τοῦ
2793 996 2982 1069 ἐτέρου
3007 997 3068 1050 τὸ
3112 996 3299 1066 ἕτερον
3337 992 3633 1066 διαφθείρῃ
3662 993 3761 1064 τὴν

2177 1089 2341 1158 φύσιν
2362 1088 2537 1151 πάθος
2569 1087 2887 1158 γενόμενον.

2259 1180 2479 1253 Ἐπειδὴ
2517 1180 2695 1235 τοίνυν
2724 1180 3023 1251 ἀπροσδεὲς
3059 1179 3121 1233 τὸ
3147 1179 3383 1249 Θείον,ή
3423 1178 3480 1231 δὲ
3510 1176 3759 1247 πτωχεία

2178 1272 2385 1345 βροτῶν
2411 1270 2522 1325 τῶν
2543 1270 2737 1336 ἔξωθεν
2758 1271 3100 1325 ἐπεισάκτων
3115 1269 3283 1323 δεῖται
3310 1268 3448 1339 πρὸς
3469 1268 3756 1322 σύστασιν·

2176 1367 2224 1419 εἰ
2267 1364 2377 1435 γὰρ
2421 1365 2573 1435 πηγὴ
2606 1363 2964 1433 τοῦ.αἴματος
3006 1363 3241 1433 ὑπάρχει
3268 1361 3331 1414 τὸ
3378 1354 3555 1432 ἧπαρ,
3594 1361 3629 1430 ή
3661 1361 3758 1430 τῆς

2175 1459 2382 1529 τροφῆς
2398 1456 2629 1529 χορηγία
2644 1456 2925 1525 ἀναγκαία
2955 1455 3317 1526 καθέστηκεν.
3341 1454 3415 1509 Τὸ
3431 1453 3542 1525 γὰρ
3568 1455 3755 1506 ἐπεισ-

2175 1548 2441 1620 αγόμενον
2480 1552 2614 1619 ἡμῖν
2658 1547 2749 1602 διὰ
2796 1547 3024 1617 ταύτης,
3072 1546 3132 1599 τὸ
3167 1541 3303 1616 αἷμα
3347 1543 3533 1616 βρύειν
3566 1546 3633 1597 ἐκ
3662 1544 3752 1597 τοῦ

2173 1642 2382 1710 ἥπατος
2424 1641 2626 1695 δίδωσι.
2660 1639 2986 1712 Καθάπερή
3023 1640 3117 1693 ἐπὶ⁸
3149 1638 3244 1692 τοῦ
3291 1638 3447 1708 ὅρους
3490 1636 3626 1706 χιὼν
3666 1634 3753 1689 διά

2174 1731 2276 1802 τῆς
2291 1731 2499 1796 οἰκείας
2531 1730 2756 1801 ἰκμάδος
2796 1731 2897 1796 τὰς
2936 1730 3044 1787 ὑπὸ
3081 1729 3180 1801 τὴν
3211 1729 3484 1801 ὑπώρειαν
3518 1727 3750 1792 αὔξουσα

2174 1825 2404 1894 κρήνας,
2447 1822 2535 1877 διὰ
2559 1822 2653 1877 τοῦ
2694 1822 2893 1893 βάθους
2921 1822 2982 1876 τὸ
3017 1823 3217 1876 οίκεῖον
3246 1819 3414 1889 ὑγρὸν
3453 1818 3751 1889 λεληθότως

2175 1915 2268 1968 ἐπὶ
2293 1916 2391 1979 τὰς
2414 1916 2566 1970 κάτω
2602 1915 2808 1985 φλέόας
2852 1913 3233 1969 συνθλίϐουσα.
3274 1911 3347 1966 Τὸ
3381 1911 3439 1965 δέ
3464 1910 3747 1982 ἐγκάρδιον

2177 2005 2395 2078 πνεῦμα
2416 2006 2506 2060 διὰ
2522 2007 2617 2059 τοῦ
2650 2006 2893 2076 γείτονος
2915 2005 3194 2074 εἰσάγεται
3222 2004 3554 2073 σπλάγχνου,
3586 2001 3745 2056 πνεύ-

2179 2114 2339 2168 μονος
2369 2095 2467 2167 μὲν
2497 2096 3064 2167 προσαγορευομένου,
3097 2096 3307 2167 δοχείου
3334 2095 3391 2148 δὲ
3413 2094 3747 2166 ὑπάρχοντος

2169 2188 2264 2242 τοῦ
2298 2189 2479 2260 ἀέρος,
2520 2188 2609 2242 διὰ
2635 2189 2735 2261 τῆς
2764 2189 3094 2260 ἐγκειμένης
3123 2187 3393 2259 ἀρτηρίας
3437 2188 3536 2258 τῆς
3572 2187 3666 2239 ἐπὶ
3690 2185 3747 2238 τὸ

2172 2280 2345 2349 στόμα
2377 2280 2693 2351 διηκούσης,
2732 2279 2793 2333 τὸ
2822 2279 3019 2345 ἔξωθεν
3045 2278 3263 2349 πνεῦμα
3290 2281 3411 2341 ταῖς
3443 2277 3737 2339 ἀναπνοαῖς

2169 2371 2549 2442 ἐφελκόμενον.
2573 2367 2645 2442 ’ᾯ
2675 2371 2854 2442 μέσως
2878 2372 2912 2442 ἡ
2936 2370 3134 2441 καρδία
3169 2367 3540 2441 ἐνειλημμένη
3575 2368 3744 2421 ἀεικί-

2169 2480 2346 2534 νητος,
2384 2460 2779 2534 παραπλησίως
2809 2462 2911 2532 τῆς
2943 2460 3038 2514 τοῦ
3084 2459 3260 2531 πυρὸς
3286 2460 3526 2530 φύσεως,
3560 2452 3670 2511 οἶόν
3694 2474 3744 2510 τι

2167 2556 2374 2629 δράκῃς
2395 2558 2453 2609 ἐν
2487 2558 2600 2619 τοῖς
2626 2556 2924 2627 χαλκείοις,
2961 2557 3046 2624 ἐφ’
3077 2548 3160 2618 οἷς
3188 2553 3339 2607 ’ἐλκει
3372 2554 3431 2607 τὸ
3460 2552 3592 2622 πρὸς
3624 2553 3744 2605 ἐαυ-

2166 2645 2264 2718 τὴν
2293 2648 2357 2701 ἐκ
2384 2646 2480 2701 τοῦ
2520 2647 2930 2718 παρακειμένου
2962 2645 3275 2717 πνεύματος
3304 2642 3654 2715 πληρουμένη
3677 2646 3739 2713 τῇ

2165 2737 2415 2810 διαστολῇ
2465 2737 2565 2803 τάς
2601 2738 2947 2809 κοιλότητας,
3000 2738 3094 2792 καὶ¹
3140 2736 3202 2790 τὸ
3240 2735 3503 2807 πυρῶδες
3549 2733 3740 2803 ἑαυτῆς

2167 2830 2533 2901 ἐκπορίζουσα
2574 2833 2696 2895 ταῖς
2741 2829 3029 2907 ἐχομέναις
3066 2828 3391 2901 ἀρτηρίαις·
3428 2827 3741 2897 ἀεικινήτως

2166 2922 2376 2982 ἐκπνεῖ.
2407 2923 2466 2976 τὸ
2504 2922 2605 2994 μὲν
2635 2921 2836 2987 ἔξωθεν
2871 2920 3298 2992 διαστελλομένη
3333 2922 3415 2984 είς
3430 2917 3522 2981 τὰς
3537 2918 3741 2979 οἰκείας

2165 3013 2484 3085 κοιλότητας
2513 3014 2682 3079 ἕλκει,
2707 3014 2770 3069 τὸ
2792 3014 2851 3068 δὲ
2877 3016 3006 3085 παρ’
3038 3013 3235 3085 ἑαυτῆς
3263 3013 3353 3067 διὰ
3369 3013 3466 3085 τῆς
3495 3009 3740 3079 συμπτύ-

2166 3104 2302 3170 ξεως
2338 3111 2456 3171 ταῖς
2486 3108 2777 3180 ἀρτηρίαις
2811 3106 3057 3179 ἐκκρίνει
3082 3122 3095 3138 ο
3127 3104 3319 3177 ὥσπερ
3361 3104 3421 3158 δὲ
3447 3106 3503 3158 ἐν
3538 3119 3740 3173 χωνευ-

2163 3197 2337 3267 τηρίῳ
2386 3198 2476 3253 διὰ
2516 3200 2616 3271 τῆς
2663 3200 2899 3270 φυσικῆς
2945 3197 3279 3271 θερμότητος
3323 3197 3567 3268 σύντηξίν
3620 3213 3741 3251 τινα

2165 3287 2262 3340 καὶ
2291 3288 2456 3359 πέψιν
2477 3289 2578 3360 τῆς
2605 3289 2741 3361 ὕλης
2758 3290 3079 3360 ποιουμένη,
3109 3289 3273 3343 οἱονεὶ
3287 3290 3351 3341 ἐκ
3376 3287 3571 3359 χοάνης
3597 3288 3741 3351 τινὸς

2164 3379 2303 3450 πρὸς
2341 3368 2469 3445 τόὺς
2508 3382 2707 3450 ἑφεξῆς
2757 3383 2963 3454 πόρους
3002 3384 3246 3452 μεταχεῖ.
3279 3380 3351 3434 Τὸ
3380 3380 3526 3451 παχὺ
3559 3380 3615 3432 δὲ
3647 3377 3739 3432 τοῦ

2162 3472 2361 3526 λεπτοῦ
2392 3473 2719 3545 διακρίνασα
2752 3474 2852 3546 τὴν
2885 3473 3019 3546 ὓλην
3049 3477 3163 3538 τοῖς
3191 3473 3435 3546 ἐντέροις
3459 3472 3736 3533 ἀπώσατο,

2159 3565 2221 3617 τὺ
2248 3564 2442 3620 λεπτὸν
2477 3565 2572 3619 καὶ
2610 3566 2902 3638 εἱλικρινὲς
2936 3567 3030 3620 ἐπὶ
3056 3567 3156 3631 τὰς
3186 3566 3362 3631 πύλας
3393 3566 3486 3621 τοῦ
3529 3567 3735 3637 ἥπατος

2161 3655 2380 3710 ἔδωκεν.
2423 3657 2752 3721 Ἀναζέουσα
2776 3658 2834 3711 δὲ
2861 3658 2940 3729 τῷ
2968 3657 3160 3729 θερμῷ
3196 3657 3260 3710 τὸ
3296 3657 3463 3729 ὑγρὸν
3491 3656 3736 3711 ἐναποτί-

2160 3747 2332 3809 θεται,
2369 3748 2501 3802 αὐτὸ
2526 3748 2588 3802 τὸ
2613 3750 2872 3818 συγγενὲς
2901 3748 2993 3803 τοῦ
3024 3750 3197 3821 πυρὸς
3215 3750 3296 3812 εἰς
3323 3743 3464 3818 αἷμα
3483 3748 3544 3801 τὸ
3570 3747 3733 3815 ὑγρὸν

2159 3839 2606 3909 καταφοινίξασα,
2633 3839 2703 3892 τὰ
2720 3838 2778 3892 δέ
2809 3840 2940 3910 παρ’
2969 3839 3161 3911 ἐτέρας
3182 3838 3463 3908 δυνάμεως
3489 3838 3577 3891 διά
3591 3853 3734 3898 τινος

2109 3939 2114 3946 ’
2162 3929 2361 4000 μίξεως
2384 3948 2443 3983 τε
2477 3931 2573 3985 καὶ
2607 3929 3263 4002 συγκράσεως,ἐνωθέντα
3298 3929 3379 3997 τῷ
3405 3929 3617 4001 σώματι
3644 3929 3733 3982 διὰ

2155 4021 2251 4075 τοῦ
2294 4021 2549 4091 αἵματος,
2608 4022 2905 4093 ὑποτρέφει
2939 4040 3000 4076 τε
3054 4024 3150 4076 καὶ
3178 4024 3456 4093 συνίστησι
3502 4020 3589 4074 διὰ
3625 4020 3735 4073 τῶν

2155 4111 2344 4182 ἀτμῶν
2374 4112 2467 4166 τὸν
2495 4113 2821 4180 ἐγκέφαλον,
2857 4114 2949 4183 ἀφ’
2978 4106 3039 4166 οὗ
3070 4113 3230 4167 πάλιν
3260 4115 3353 4168 ἐπὶ
3386 4114 3448 4167 τὸ
3478 4111 3731 4184 καθαρὼ·

2155 4219 2312 4273 τερον
2354 4203 2792 4276 ἐκλεπτυνομένη
2840 4207 2871 4276 ἡ
2909 4207 3003 4259 ἀπ’
3048 4205 3258 4260 ἐκείνου
3311 4206 3581 4270 ἀνάδοσις,
3638 4205 3732 4258 ὑπ-

2154 4295 2368 4363 αλείφει
2387 4296 2479 4349 τὸν
2504 4298 2849 4366 περιεκτικὸν
2870 4298 2964 4350 τοῦ
2979 4299 3285 4367 ἐγκεφάλου
3303 4298 3496 4370 ὑμένα,
3516 4297 3574 4361 ὃς
3591 4299 3730 4352 ἀνω-

2154 4382 2245 4436 θεν
2275 4384 2368 4437 ἐπὶ
2395 4385 2456 4438 τὸ
2492 4385 2656 4456 βάθος
2684 4387 2976 4453 αὐλοειδῶς
2995 4389 3219 4460 διήκων,
3246 4388 3336 4444 διὰ
3358 4389 3466 4442 τῶν
3496 4387 3729 4458 καθεξῆς

2155 4472 2465 4540 σφονδύλων
2487 4475 2677 4530 ἑαυτόν
2711 4493 2772 4530 τε
2811 4477 2908 4531 καὶ
2945 4477 3035 4531 τὸν
3080 4480 3400 4550 ἐγκείμενον
3435 4477 3628 4548 μυελὸν
3654 4478 3731 4531 δι·-

2154 4564 2388 4633 εξάγων,
2424 4566 2513 4620 διὰ
2537 4567 2639 4636 τῆς
2669 4569 2874 4641 νύσσης
2909 4571 3278 4643 συναπολήγει
3318 4572 3413 4625 ἐπὶ⁸
3438 4571 3508 4625 τὰ
3533 4572 3727 4635 αἰδοῖα,

2155 4658 2359 4722 πάσαις
2391 4659 2593 4713 ὀστέων
2638 4662 2732 4714 καὶ
2776 4661 3056 4733 ἁρμονιῶν
3091 4664 3410 4736 συμϐολαῖς,
3449 4665 3545 4718 καὶ
3575 4663 3729 4734 μυῶν

2152 4751 2350 4821 ἀρχαῖς
2387 4745 2500 4813 οἷός
2535 4766 2619 4814 τις
2659 4750 2873 4823 ἡνίοχος
2928 4755 3119 4819 αὐταῖς
3161 4756 3398 4819 ἐνδιδοὺς
3448 4755 3551 4825 τῆς
3607 4753 3729 4813 καθ’

2152 4842 2381 4899 ἕκαστον
2415 4841 2682 4912 κινήσεώς
2710 4861 2770 4898 τε
2800 4846 2896 4899 καὶ
2921 4845 3184 4911 στάσεως.

2233 5174 2375 5230 Ἀλλ’
2403 5178 2496 5231 ἐπὶ
2528 5177 2589 5231 τὸ
2616 5181 2972 5251 προκείμενον
3005 5182 3384 5253 ἑπανὴξωμεν.
3401 5183 3522 5237 Ὅτι
3550 5182 3612 5235 τὸ
3642 5199 3735 5235 κυο

2155 5265 2417 5335 ριώτατον
2462 5270 2555 5324 καὶ
2583 5271 2882 5339 ἀναγκαῖον
2921 5272 3078 5343 ἡμῶν
3126 5275 3227 5346 τῆς
3264 5273 3408 5344 ζωῆς
3452 5276 3486 5345 ἡ
3530 5273 3730 5343 καρδία

2151 5358 2415 5430 ὑπᾶρχεν
2455 5360 2535 5413 διὸ
2558 5362 2656 5414 καὶ
2686 5362 2837 5434 παρά
2855 5363 3035 5418 πάντα
3056 5364 3215 5436 ἡμῶν
3231 5364 3299 5418 τὰ
3329 5366 3557 5436 ὄργανα,
3588 5364 3727 5435 μᾶλ-

2148 5450 2238 5503 λον
2283 5451 2451 5522 αὐτὴν
2488 5454 2517 5505 ὁ
2546 5451 2887 5525 Δημιουργὸς
2928 5455 3373 5525 κατησφαλίσατο
3397 5458 3517 5519 ταῖς
3544 5456 3601 5507 ἐν
3629 5452 3727 5507 κύ-

2147 5542 2261 5612 κλῳ
2282 5540 2390 5594 τῶν
2426 5542 2794 5614 στεῤῥοτέρων
2819 5549 3101 5616 περιοχαῖς
3124 5545 3409 5618 ὀχυρώσας
3438 5544 3607 5615 αὐτὴν
3633 5545 3728 5598 καὶ

2146 5629 2518 5701 περιφράξας*
2556 5632 2787 5685 κατόπιν
2836 5634 2935 5705 μὲν
2959 5638 3023 5705 τῇ
3075 5635 3248 5706 νύσσῃ
3284 5636 3378 5687 καὶ
3404 5637 3523 5697 ταῖς
3574 5634 3725 5703 ὠμο-

2144 5723 2375 5786 πλάταις
2398 5739 2412 5753 ·
2445 5720 2567 5775 καθ’
2597 5722 2860 5794 ἑκάτερον
2887 5725 2944 5779 δέ
2967 5726 3219 5796 πλάγιον,
3246 5729 3313 5798 τῇ
3335 5726 3441 5779 τῶν
3467 5724 3722 5794 πλευρῶν

2145 5816 2289 5869 θέσει
2321 5814 2681 5885 περιπτύξας,
2718 5816 2993 5882 δυσπαθὲς
3021 5819 3084 5872 τὸ
3124 5819 3291 5890 μέσον
3320 5818 3717 5889 ἀπειργάσατο.

2161 5906 2251 5960 Ἐν
2282 5905 2338 5958 δὲ
2375 5908 2487 5970 τοῖς
2519 5906 2828 5979 ἔμπροσθεν
2854 5910 2915 5964 τὸ
2952 5910 3173 5985 στέρνον
3207 5911 3300 5966 καὶ
3329 5910 3427 5981 τὴν
3464 5908 3722 5975 συζυγίαν
