4000 6400
256 361 395 414 i077

253 468 359 539 τῆς
396 466 613 532 κλειδὸς
633 467 1007 540 προεστήσατο
1024 483 1038 497 ·
1068 464 1329 521 πάντοθεν
1353 465 1492 537 αὐτῇ
1518 466 1576 519 τὸ
1604 463 1847 536 ἀσφαλὲς

258 559 376 615 ἀπὸ
417 558 526 612 τῶν
554 558 753 623 ἔξωθεν
781 559 1135 630 διοχλούντων
1170 556 1434 628 φυλάξας.
1479 559 1645 623 Ίδίως
1669 558 1727 612 δὲ
1757 557 1853 612 καὶ

271 651 412 721 περὶ
452 648 546 702 τοῦ
581 650 883 722 πνεύμονος
915 650 1130 720 φύσεως
1159 649 1248 703 διά
1280 648 1529 721 βραχέων
1567 650 1850 719 φήσωμεν.

273 740 373 810 Τῷ
415 739 624 811 θώρακι
675 742 853 796 τοίνυν
899 734 1050 806 οὗτος
1121 741 1507 814 ἐνηρτημένος,
1560 740 1856 813 γομφώδης

275 829 518 900 ὑπάρχει
566 832 661 884 καλ⁵
691 832 933 902 μαλακὸς
982 834 1076 886 καὶ
1107 833 1241 887 πολύ
1272 833 1464 905 ἀραιός
1494 848 1554 885 τε
1598 832 1693 885 καὶ
1721 831 1857 884 εἰδε-

275 919 420 991 χθής
439 936 450 947 ·
504 921 683 985 πάσας
717 922 773 975 δὲ
804 922 902 987 τάς
934 922 1129 977 ἐαυτοῦ
1161 925 1499 996 κυκλότητας
1533 939 1854 977 συνανεστο-

280 1026 374 1080 μω
383 1009 551 1079 μένας
585 1011 724 1082 ἔχων
758 1010 895 1084 πρὸς
913 1012 1007 1066 τὸν
1030 1013 1277 1084 πυθμένα
1298 1013 1399 1084 τῆς
1422 1014 1707 1085 ἀρτηρίας,
1736 1030 1860 1066 συν-

279 1102 553 1173 αγόμενος
588 1103 688 1174 μὲν
727 1104 821 1158 καὶ
863 1105 1196 1176 συμπέπτων
1230 1104 1292 1158 τὸ
1332 1104 1716 1174 ἐναπολειφθὲν
1748 1108 1860 1170 τοῖς

280 1191 510 1256 κόλποις
539 1193 774 1264 πνεῦμα,
806 1195 1017 1268 ἀνάγκῃ
1047 1196 1316 1261 ἐκπιέζων
1346 1200 1581 1269 προεῖτο.
1620 1197 1863 1267 Ὑποχω-

282 1283 403 1355 ρῶν
448 1284 505 1338 δέ
553 1289 649 1340 καὶ
693 1287 1044 1360 ἀνοιγόμενος
1073 1291 1375 1344 ἐπισπᾶται
1401 1292 1468 1362 τῇ
1506 1290 1598 1362 βίᾳ
1638 1289 1774 1361 πρὸς
1802 1291 1863 1344 τὸ

282 1373 611 1445 κινούμενον
660 1376 750 1430 διὰ
779 1378 877 1448 τῆς
908 1378 1073 1449 ὁλκῆς
1100 1379 1190 1431 τὸν
1224 1380 1381 1450 ἀέρα,
1418 1380 1511 1433 καὶ
1537 1381 1603 1451 τῇ
1654 1381 1867 1450 συνεχεῖ

286 1464 506 1535 κινήσει
539 1467 603 1536 τῇ
641 1464 837 1537 καρδίᾳ
868 1466 1335 1538 περιδονούμενος,
1378 1466 1439 1519 τὸ
1468 1465 1742 1535 φλογῶδες
1770 1465 1866 1518 αὐ-

286 1555 394 1625 τῆς
434 1556 529 1609 καὶ
551 1555 813 1628 διάπυρον
842 1556 920 1627 τῷ
948 1557 1193 1628 ριπισμῷ
1220 1558 1588 1629 διακρούεται.
1614 1551 1739 1610 Οἶον
1757 1555 1868 1627 γὰρ

289 1646 428 1715 φλὸξ
462 1647 537 1718 μὴ
564 1648 891 1702 διαπνέουσα
920 1648 1024 1701 ὑπὸ
1054 1647 1148 1701 τοῦ
1173 1648 1372 1701 οἰκείου
1404 1647 1612 1702 καπνοῦ
1645 1647 1866 1701 σϐέννυ-

290 1756 408 1802 ται,
441 1738 620 1792 καὶτὸ
650 1738 787 1803 ζῶον
819 1738 893 1809 μὴ
934 1738 1184 1792 διαπνέον
1213 1739 1289 1810 τῷ
1319 1739 1580 1810 πνεύμονι
1608 1738 1671 1792 τὸ
1712 1755 1869 1806 περι-

294 1829 521 1899 κάρδιον
549 1828 742 1882 ἑαυτοῦ
785 1829 914 1901 πῦρ.
956 1830 1047 1882 At?)
1091 1830 1534 1901 περιδονούμενος
1571 1832 1637 1901 τῇ
1671 1828 1869 1900 καρδίᾳ
1920 1846 1927 1853 ·

294 1921 399 1976 καὶ
438 1920 692 1991 πραείαις
731 1918 927 1991 αὔραις
960 1920 1292 1984 κολακεύων,
1329 1921 1550 1984 εὐθαλὲς
1584 1920 1676 1974 καὶ
1700 1922 1872 1992 ἐρρω-

302 2015 468 2082 μένον
502 2015 563 2067 τὸ
591 2010 729 2078 ζῶον
760 2010 1050 2065 δείκνυσιν.
1096 2012 1184 2064 Ἐν
1213 2011 1350 2081 αὐτῇ
1385 2010 1494 2081 γάρ
1524 2011 1619 2063 καὶ
1654 2009 1786 2080 μόνῃ
1812 2008 1873 2061 τὸ

301 2103 532 2167 ζωτικὸν
574 2107 742 2159 αἴτιον
773 2101 1023 2173 ἱδρύσθαι
1058 2120 1148 2173 μοι
1181 2102 1344 2157 δοκεῖ.
1389 2102 1463 2154 Τὸ
1493 2102 1547 2155 δὲ
1583 2097 1736 2173 ⁴ἧπαρ
1781 2100 1874 2152 καὶ

299 2195 436 2248 αὐτὸ
484 2196 685 2268 θερμὸν
726 2198 972 2269 ὑπάρχον
1002 2195 1138 2265 πρὸς
1172 2193 1270 2266 τὴν
1312 2193 1422 2247 τῶν
1475 2192 1875 2263 ἐγκρινομένων

299 2285 469 2354 πέψιν
496 2303 555 2339 τε
577 2287 671 2339 καὶ
694 2286 1062 2356 ἐξαιμάτωσιν
1085 2282 1163 2353 τῷ
1180 2281 1338 2352 δεξιῷ
1364 2282 1660 2353 ἐνήρτηται
1690 2279 1874 2353 μέρει·

299 2372 364 2431 οὗ
388 2360 846 2446 καταιζέυχθέντος,
879 2376 1167 2437 ἀλλοίωσις
1195 2373 1293 2445 μὲν
1317 2372 1393 2443 τῷ
1422 2373 1699 2444 προσώπῳ
1724 2369 1878 2437 αὖθις

301 2468 629 2536 ἐπιγίνεται,
682 2468 936 2537 σπασμὸς
978 2469 1034 2521 δέ
1076 2470 1173 2521 καὶ
1213 2464 1498 2536 ἀδυναμία
1520 2464 1664 2520 κατά
1691 2465 1876 2537 μέρος.

303 2559 398 2629 Τῷ
429 2559 486 2613 δὲ
512 2559 775 2630 εὐωνύμῳ
811 2563 839 2613 ὁ
864 2558 1037 2628 σπλὴν
1062 2558 1379 2629 ἐμπέφυκεν
1407 2556 1523 2628 ἅμα
1548 2573 1607 2609 τε
1635 2556 1880 2625 ὑφέλκων

304 2650 404 2702 καὶ
429 2648 720 2718 διακρίνων
748 2650 809 2702 τὸ
840 2649 1041 2713 ὑλῶδες
1077 2648 1171 2702 τοῦ
1201 2648 1435 2719 αἵματος
1456 2664 1469 2679 ·
1510 2646 1879 2714 καταγλυκαι-

304 2742 536 2811 νόμενος
566 2740 624 2794 δέ
673 2741 1006 2812 κορυφοῦται
1040 2741 1156 2810 ἅμα
1183 2741 1280 2793 καὶ
1318 2739 1582 2811 πυροῦται
1615 2737 1883 2792 ἐκϐαίνων

301 2832 435 2895 τοὺς
458 2831 652 2885 ἑαυτοῦ
672 2833 852 2903 ὄρους,
879 2832 973 2885 καὶ
998 2816 1337 2900 διατειχίζων
1355 2830 1455 2894 τὰς
1479 2829 1690 2899 πέψεις,
1723 2828 1884 2883 πολύ-

307 2936 512 2988 σαρκον
558 2921 659 2990 μὲν
702 2920 992 2989 φαίνεσθαι
1034 2921 1201 2982 ποιεῖ,
1237 2919 1444 2990 ὠχρίαν
1476 2919 1532 2972 δὲ
1566 2919 1663 2971 καὶ
1700 2920 1885 2973 ἀδυνα-

309 3009 444 3082 μίαν
476 3009 623 3062 κατά
668 3010 833 3081 μέρος
868 3011 1085 3078 ἐπάγει.
1131 3009 1393 3079 Ἐντέρων
1435 3009 1491 3062 δὲ
1534 3009 1747 3080 ἑλιγμοὶ
1793 3011 1887 3063 καὶ

311 3100 627 3170 συμπλοκαὶ
656 3102 786 3171 περὶ
831 3102 928 3172 τὴν
974 3101 1217 3172 γαστέρα
1239 3118 1252 3132 ⁸
1288 3101 1434 3163 ὅπως
1463 3103 1528 3170 τῇ
1578 3101 1762 3172 σκολιᾷ
1792 3119 1888 3154 πε-

312 3193 564 3262 ριαγωγῇ
615 3192 792 3263 χρόνῳ
844 3190 1325 3263 παρακατέχεσθαι
1380 3191 1481 3263 τὴν
1515 3191 1721 3262 τροφὴν
1779 3193 1888 3255 τοῖς

315 3282 683 3353 σπλάγχνοις·
719 3284 794 3347 ὡς
827 3282 892 3339 ἂν
940 3283 1013 3354 μὴ
1052 3283 1119 3337 δι’
1171 3282 1443 3351 εὐθύτητα
1492 3282 1587 3335 τοῦ
1670 3285 1838 3360 πόρου
1874 3322 1891 3349 ,

317 3373 518 3444 ῥᾳδίως
559 3373 653 3428 καὶ
697 3372 854 3439 αὖθις
896 3374 1291 3446 ἐκκρινομένης
1323 3373 1604 3445 ἀνακινοίη
1652 3374 1713 3427 τὸ
1757 3374 1893 3439 ζῶον

317 3464 456 3536 πρὸς
506 3464 720 3535 ὄρεξιν,
774 3466 1047 3537 μηδέποτε
1097 3467 1444 3537 ἀπαγόμενον
1486 3466 1585 3537 τῆς
1641 3466 1894 3538 τοιαύτης

317 3556 597 3626 ἀσχολίας,
633 3558 775 3613 κατά
806 3558 905 3628 τὴν
942 3558 1051 3611 τῶν
1092 3558 1303 3627 ἀλόγων
1349 3558 1530 3627 φύσιν.
1572 3558 1897 3629 Ύμενώδεις

318 3643 377 3695 δέ
402 3645 583 3709 οἴκους
614 3649 681 3716 τῇ
753 3649 895 3717 φορᾷ
947 3648 1056 3701 τῶν
1091 3649 1291 3719 ὑγρῶν,
1323 3651 1350 3702 ό
1376 3647 1715 3721 Δημιουργὺς
1762 3652 1895 3705 ὑπε-

321 3735 621 3803 τεχνήσατο
646 3736 733 3788 διά
755 3736 863 3788 τῶν
893 3737 1144 3806 ἀοράτων
1174 3740 1377 3806 πόρων,
1404 3740 1546 3793 κατὰ
1578 3740 1743 3812 μέρος
1771 3742 1895 3794 ἐπι-

323 3826 627 3897 σπωμένων
653 3827 711 3880 τὸ
740 3826 924 3897 ύγρδν,
964 3828 1111 3890 ὅπως
1141 3827 1215 3898 μὴ
1242 3831 1308 3898 τῇ
1348 3827 1524 3899 ἀθρόα
1569 3829 1897 3894 ἐξυδατώσει

322 3918 417 3971 καὶ
455 3919 796 3990 ἀναξηρασίᾳ
841 3919 983 3989 δίψει
1026 3919 1403 3990 ἐνεδρευθῆναι
1450 3919 1510 3973 τὸ
1558 3920 1717 3985 ζῶον,
1762 3922 1897 3977 ἀλλὰ

324 4009 466 4062 κατά
496 4010 661 4079 μέρος
686 4010 1147 4081 ὲξοικονομεῖσθαι
1175 4010 1236 4064 τὸ
1260 4009 1496 4081 ἀρυσθὲν
1519 4011 1682 4083 μέχρι
1703 4013 1895 4084 καιροῦ

321 4114 488 4161 τινος.
537 4098 709 4171 Σκέλη
760 4099 819 4153 δὲ
874 4101 1006 4170 ἡμῖν
1059 4098 1451 4170 διηρθρωμένα
1492 4103 1752 4171 στροφαῖς
1805 4102 1897 4156 καὶ

323 4188 547 4260 τόρμοις
588 4188 1031 4260 συμϐεὸλημένα,
1066 4189 1228 4243 οἱονεὶ
1259 4188 1442 4241 στύλοι
1474 4189 1794 4263 ἀχθοφόροι,
1838 4190 1899 4244 τὸ

326 4279 445 4334 ὅλον
489 4278 865 4349 ἐπερεισμένοι
896 4280 1106 4350 -σῶμαο
1150 4279 1505 4349 ἐπικεφαλίδα
1545 4280 1643 4351 μὲν
1674 4281 1735 4335 τὸ
1766 4282 1896 4350 γόνυ

326 4371 561 4441 ἔχοντες,
617 4370 775 4441 βάσιν
829 4371 887 4425 δὲ
945 4371 1038 4425 τὸν
1084 4371 1450 4443 ἀστράγαλον,
1513 4372 1749 4441 εὐσταλῆ
1803 4374 1899 4429 καὶ

327 4463 518 4534 ἕτοιμα
567 4462 703 4535 πρὸς
744 4463 924 4517 πᾶσαν
975 4462 1288 4536 ὐπάρχοντα
1317 4462 1553 4534 κίνησιν,
1588 4465 1897 4536 προσευχήν

326 4570 384 4606 τε
416 4555 512 4607 καὶ
543 4554 846 4619 ποτνίασιν,
875 4554 1076 4626 δρόμον
1097 4572 1157 4608 τε
1184 4556 1277 4609 καὶ
1304 4555 1539 4626 ἅλματα.
1567 4556 1630 4608 Οἱ
1661 4555 1718 4609 δέ
1743 4556 1902 4622 πόδες

329 4645 460 4714 ἡμῖν
489 4643 781 4716 τυλώτεροι
811 4645 1011 4708 παντὸς
1041 4642 1139 4699 τοῦ
1175 4645 1620 4717 ὑπερφερομένου
1652 4644 1902 4715 σώματος

331 4733 870 4803 κατεσκευάσθησαν,
912 4735 977 4804 τῇ
1022 4733 1203 4805 χέρσῳ
1248 4734 1336 4789 διά
1374 4735 1577 4799 παντὸς
1610 4735 1902 4805 κρούεσθαι

335 4821 639 4893 μέλλοντες,
670 4823 833 4876 οἱονεὶ
858 4823 1096 4891 δγκίνοις
1126 4825 1261 4896 πρὸς
1287 4825 1536 4880 διάόασιν
1561 4829 1674 4890 τοῖς
1701 4826 1903 4880 δακτύ-

330 4906 442 4971 λοις
473 4907 895 4980 συνεργούμενοι
915 4925 930 4941 ο
958 4908 1052 4972 οὓς
1076 4910 1324 4982 κρυμῷἢ
1353 4911 1500 4984 λώϐῃ
1530 4914 1637 4967 τινὶ
1663 4915 1902 4971 ἀποϐάλ-

331 5000 535 5066 λοντες,
570 4999 883 5072 μογιόαδεῖς
912 4999 1194 5070 γινόμεθα.

1562 369 1573 378 '
1645 349 1987 409 DlALOGUS
2025 350 2111 406 lli.

3392 349 3537 405 1073

1952 474 2141 534 pectus
2210 474 2262 520 et
2318 465 2485 521 clavis
2530 465 2841 536 juncturam
2908 464 3228 536 prmposuit,
3283 466 3531 534 undique

1953 553 2195 608 adhibita
2226 555 2495 621 custodia,
2530 571 2639 626 qua
2668 555 2737 610 ab
2758 555 2998 610 externis
3029 556 3532 625 perturbationibus

1955 654 2129 699 tutum
2162 645 2500 701 redderetur.
2539 645 2899 702 Peruliariter
2923 654 3105 701 autem
3151 654 3205 700 et
3232 646 3298 700 de
3326 647 3534 716 pulmo-

1955 737 2043 793 nis
2069 747 2262 793 natura
2290 739 2481 809 paucis
2517 739 2872 795 disseramus.
2910 738 3005 792 Est
3045 738 3136 793 hic
3164 739 3373 809 pectori
3406 746 3535 808 apte

1955 830 2301 901 conjunctus,
2330 846 2596 888 recurvus
2641 843 2696 887 et
2723 832 2925 899 mollis,
2957 840 3013 887 et
3046 831 3337 886 admodum
3374 846 3533 885 rarus

1957 931 2011 976 et
2037 922 2216 991 specie
2250 924 2725 995 parumelegans;
2778 937 3079 993 omnesque
3104 922 3366 978 circuitus
3406 937 3537 977 suos

1958 1011 2126 1066 veluti
2161 1026 2259 1081 per
2291 1013 2431 1067 ostia
2464 1014 2711 1084 quaedam
2742 1022 3003 1069 exeuntes
3047 1013 3254 1069 habens
3285 1012 3351 1067 ad
3391 1022 3538 1067 arte-

1958 1101 2056 1155 riae
2093 1100 2344 1168 fundum,
2379 1116 2580 1172 cogens
2612 1109 2668 1157 et
2699 1102 3080 1172 constringam
3105 1102 3158 1157 in
3189 1102 3391 1172 ﬁnibus
3420 1101 3538 1171 spi-

1963 1193 2125 1248 ritum
2152 1192 2427 1261 relictum,
2458 1208 2621 1264 quem
2654 1194 2967 1249 necessario
2988 1194 3359 1263 comprimens
3381 1192 3543 1248 emit-

1963 1286 2045 1340 tit.
2075 1284 2212 1340 Cum
2247 1300 2442 1341 rursus
2479 1292 2661 1341 autem
2693 1286 2930 1355 explicat
2973 1296 3145 1341 semet
3178 1301 3244 1342 ac
3273 1287 3535 1357 aperitur,

1962 1377 2227 1432 violenter
2259 1392 2387 1432 aera
2427 1377 2652 1431 attrahit
2681 1377 2751 1432 ad
2786 1378 2835 1430 id
2870 1377 3011 1446 quod
3061 1386 3326 1438 movetur,
3358 1388 3413 1431 et
3441 1392 3535 1432 as-

1966 1466 2127 1521 siduo
2169 1475 2319 1521 motu
2372 1466 2580 1521 circum
2620 1480 2715 1521 cor
2747 1467 3004 1535 agitatus,
3054 1465 3535 1519 inflammationem

1966 1567 2019 1613 et
2048 1557 2318 1614 fervorem
2349 1557 2470 1628 ejus
2512 1557 2867 1612 ventilatioue
2910 1572 3011 1611 sua
3044 1557 3314 1626 propellit.
3343 1557 3542 1622 Quem-

1969 1651 2267 1706 admodum
2314 1651 2460 1706 enim
2513 1650 2731 1705 ﬂamma
2782 1650 3142 1720 respiratione
3179 1663 3372 1701 carens
3417 1660 3549 1714 pro—

1972 1742 2091 1813 prio
2121 1726 2272 1798 fumo
2305 1743 2693 1813 exstinguitur,
2738 1744 2812 1797 ita
2850 1751 2905 1796 et
2934 1740 3138 1796 animal
3169 1755 3273 1793 non
3310 1737 3542 1807 pet-ﬂans

1974 1830 2234 1905 pulmone
2263 1834 2443 1905 ignem
2474 1834 2659 1889 cordis
2688 1834 2975 1889 emoritur.
3018 1831 3181 1902 Igitur
3209 1845 3333 1884 cum
3362 1827 3565 1897 pulmo.

1976 1924 2181 1978 circum
2210 1938 2305 1977 cor
2337 1922 2598 1993 agitatur,
2628 1932 2682 1977 et
2712 1922 2921 1977 levibus
2950 1922 3100 1974 auris
3131 1921 3307 1989 ipsum
3338 1915 3547 1971 demul-

1976 2026 2082 2072 cet.
2129 2022 2381 2083 vegetum
2419 2023 2474 2068 et
2523 2014 2807 2069 robustum
2853 2011 3056 2067 animal
3099 2009 3277 2064 eliicit-
3331 2007 3565 2080 lnipso.

1976 2105 2142 2171 enim,
2194 2112 2248 2160 et
2293 2104 2513 2173 quidem
2563 2104 2682 2159 solo
2727 2104 2908 2159 vitalis
2942 2116 3110 2158 causa
3157 2100 3289 2153 mihi
3332 2097 3546 2152 videtur

1978 2198 2083 2254 sita
2108 2212 2249 2253 esse.
2279 2195 2445 2253 Jecur
2471 2206 2652 2251 autem
2677 2204 2731 2249 et
2760 2194 2936 2265 ipsum
2967 2192 3225 2256 calidum,
3260 2188 3325 2243 ad
3355 2200 3547 2243 eorum

1978 2303 2100 2359 quae
2123 2288 2465 2359 ingeruntur,
2487 2286 2900 2343 concoctionem
2923 2294 2977 2339 et
3004 2280 3286 2353 sanguinis
3306 2279 3550 2335 eﬂectio-

1979 2394 2128 2442 nem,
2178 2380 2235 2433 in
2284 2378 2477 2434 dextra
2533 2378 2685 2432 cordi
2719 2375 3038 2446 adiunctum
3086 2383 3172 2429 est
3217 2382 3551 2444 partezquo

1981 2468 2211 2522 nimium
2243 2466 2582 2537 refrigerato,
2630 2467 2683 2520 in
2711 2465 2849 2521 facie
2879 2465 2937 2520 lit
2965 2464 3111 2518 illico
3140 2462 3386 2534 quaedam
3433 2475 3553 2514 mu-

1982 2564 2113 2616 tatio
2141 2562 2430 2617 accedente
2462 2560 2724 2631 paulatim
2754 2574 2975 2630 spasnio
2999 2568 3053 2615 et
3086 2557 3381 2613 debilitate.
3416 2551 3555 2607 Sini-

1981 2665 2107 2708 strae
2131 2668 2259 2709 vero
2292 2654 2432 2724 parti
2464 2654 2618 2724 splen
2656 2656 2815 2717 inest,
2850 2651 3170 2721 sanguinem
3206 2647 3559 2709 subtrahens,

1982 2754 2038 2800 et
2059 2746 2379 2800 discernens
2412 2745 2465 2799 id
2497 2744 2641 2811 quod
2674 2744 2915 2799 crassius
2945 2751 3027 2796 est
3054 2757 3083 2794 a
3118 2739 3417 2810 sanguine;
3460 2737 3554 2806 qui

1986 2837 2031 2891 si
2059 2835 2269 2891 dulcior
2300 2837 2412 2901 liat,
2446 2834 2667 2888 inﬂatur
2696 2843 2750 2888 et
2782 2832 3108 2893 incenditur,
3142 2830 3405 2884 terminos
3427 2841 3558 2882 suos

1989 2924 2394 2996 transgrediens
2421 2933 2475 2978 et
2508 2924 2801 2979 obstructis
2841 2929 3075 2984 meatus,
3109 2933 3402 2974 carnosum
3428 2915 3556 2986 qui-

1987 3016 2110 3071 dem
2156 3016 2430 3071 hominem
2477 3030 2739 3085 apparere
2783 3014 2933 3075 l'acit,
2968 3013 3225 3082 pallorem
3266 3019 3469 3073 tamen,
3505 3017 3560 3063 et

1989 3107 2247 3176 paulatim
2272 3090 2605 3159 debilitatem
2635 3119 2820 3159 secum
2845 3101 3018 3157 aﬂ'ert.
3054 3101 3321 3155 Praeterea
3348 3097 3559 3153 intesti—

1991 3212 2187 3251 norum
2216 3194 2626 3250 convolutiones
2665 3202 2719 3247 et
2746 3207 2920 3247 nexus
2949 3191 3092 3246 circa
3136 3198 3379 3245 ventrem
3412 3198 3559 3253 sunt,

1994 3296 2055 3341 ut
2081 3295 2331 3341 tortuose
2369 3285 2559 3348 ductu,
2596 3287 2859 3353 temporis
2887 3283 3074 3352 aliquo
3110 3281 3286 3350 spatio
3316 3279 3563 3334 detinea-

1994 3387 2083 3433 tur
2115 3378 2169 3432 in
2204 3376 2505 3432 visceribus
2539 3376 2716 3443 cibus,
2744 3390 2812 3430 ne
2849 3382 3071 3445 propter
3103 3380 3314 3427 meatus
3342 3370 3566 3425 rectitu-

1994 3469 2175 3526 dinem
2223 3468 2382 3525 facile
2430 3477 2481 3524 et
2531 3467 2677 3523 illico
2725 3476 2966 3539 egestus,
3013 3466 3214 3521 excitet
3259 3463 3462 3518 animal
3494 3463 3564 3517 ad

1996 3563 2316 3634 appetitum,
2350 3577 2382 3617 a
2437 3560 2531 3617 tali
2566 3560 2927 3631 occupatione
2975 3573 3252 3629 nunquam
3293 3555 3571 3611 abducen-

1996 3655 2127 3710 dum
2160 3653 2461 3710 secundum
2497 3662 2747 3708 naturam
2777 3652 3083 3707 lirutorum.
3115 3646 3398 3702 Domicilia
3440 3645 3569 3700 item

1995 3761 2063 3802 ex
2097 3746 2428 3801 membranis
2454 3744 2599 3800 facta
2622 3745 2688 3799 ad
2725 3744 3016 3798 humerum
3046 3739 3406 3811 gestationem
3441 3737 3571 3806 Opi-

1996 3833 2087 3890 fex
2139 3835 2411 3899 condidit,
2458 3850 2580 3904 qua:
2626 3848 2721 3903 per
2761 3833 3150 3888 subtilissimas
3202 3838 3256 3884 et
3289 3838 3569 3898 aspectum

1999 3925 2268 3995 fugientes
2296 3934 2510 3983 meatus
2539 3925 2799 3995 paulatim
2839 3924 3119 3979 attrahunt
3161 3923 3469 3986 humorem,
3504 3937 3574 3976 ne

1997 4016 2176 4073 subita
2214 4015 2582 4071 exundatione
2619 4022 2673 4070 et
2719 4013 3087 4070 exsiccatioue
3121 4012 3241 4068 sitis
3285 4011 3571 4065 insidietur

2000 4107 2261 4173 animali,
2311 4106 2404 4162 sed
2455 4105 2719 4177 paulatim
2768 4113 2917 4161 certa
2976 4102 3384 4174 dispensatione
3427 4102 3572 4170 quod

2000 4199 2257 4254 haustum
2305 4206 2406 4263 est,
2446 4196 2512 4252 ad
2563 4194 2785 4265 aliquod
2831 4203 3043 4265 tempus
3092 4201 3357 4248 retentum
3401 4192 3574 4262 expel-

2001 4291 2164 4345 latur.
2195 4290 2278 4345 Ad
2309 4290 2425 4345 haec
2451 4303 2613 4345 crura
2645 4288 2805 4345 nobis
2834 4296 2962 4343 sunt
2986 4286 3231 4341 articulis
3260 4284 3575 4346 commissa,

1999 4381 2266 4438 vertebris
2316 4390 2371 4437 et
2419 4380 2802 4451 iuncturarum
2863 4378 3189 4434 cavitatibus
3249 4377 3573 4446 conjuncta,

2007 4472 2165 4544 quasi
2193 4471 2460 4529 columnae
2487 4470 2554 4526 ad
2586 4470 2805 4526 ferenda
2836 4486 3026 4537 onera,
3070 4468 3270 4540 quibus
3312 4477 3425 4523 toto
3454 4481 3577 4523 cor-

2008 4578 2140 4635 pore.
2183 4562 2490 4618 innitimur.
2542 4561 2721 4632 Atque
2766 4562 2850 4617 his
2899 4561 3171 4617 columnis
3203 4559 3422 4630 capituli
3457 4558 3578 4613 loco

2008 4662 2095 4709 est
2122 4669 2286 4725 genu,
2318 4653 2468 4709 basis
2501 4668 2630 4708 vero
2662 4653 2803 4708 talus
2833 4671 2845 4707 :
2879 4661 3113 4722 suntque
3138 4666 3299 4707 crura
3329 4649 3578 4719 expedita

2006 4753 2063 4802 et
2096 4754 2351 4814 prompta
2384 4744 2450 4799 ad
2484 4740 2717 4800 omnem
2744 4752 2976 4808 motum,
3015 4742 3387 4799 adorationem
3415 4752 3471 4797 et
3493 4755 3579 4797 ve-

2012 4836 2374 4900 nerationem,
2420 4849 2644 4890 cursum
2671 4844 2727 4889 et
2762 4834 2959 4889 saltus.»
3001 4834 3176 4889 Etiam
3213 4834 3374 4903 pedes
3424 4832 3580 4887 nobis

2008 4927 2330 5009 callosiores
2362 4926 2512 4982 omni
2542 4926 2651 4981 alio
2698 4926 3124 4997 superimposito
3176 4938 3407 4995 corpore
3451 4923 3579 4978 facti

2005 5028 2155 5083 sunt,
2185 5017 2276 5088 qui
2303 5027 2501 5072 terram
2526 5031 2739 5088 semper
2775 5016 3043 5087 pulsaturi
3070 5024 3272 5081 essent,
3303 5015 3369 5069 ad
3401 5014 3581 5071 inces-

334 5108 456 5148 sum
509 5109 541 5149 a
588 5092 773 5164 digitis
810 5092 963 5149 velut
1008 5092 1165 5147 uncis
1195 5092 1391 5164 adiuti,
1447 5110 1589 5165 quos
1629 5097 1831 5170 frigore
1870 5105 1956 5162 vel
1996 5108 2102 5164 alia
2142 5111 2357 5180 jactura
2401 5109 2731 5176 amittentes,
2781 5111 2846 5166 ad
2882 5109 3234 5181 gradiendum
3286 5109 3426 5164 tardi
3464 5108 3581 5164 etii~

333 5182 528 5240 cimur.

405 5347 503 5413 Τίς
532 5347 590 5402 δέ
627 5350 966 5420 παραστήσει
1010 5350 1168 5421 λόγος
1198 5348 1296 5422 τὴν
1326 5349 1477 5414 ἐντὸς
1495 5350 1655 5422 ήμῶν
1692 5356 1786 5413 τοῦ
1802 5362 1907 5427 Δηο

340 5439 598 5511 μιουργοῦ
642 5439 833 5508 σοφίαν
860 5443 956 5494 καὶ
985 5441 1248 5513 δύναμιν;
1277 5442 1377 5507 τάς
1398 5457 1458 5495 τε
1474 5445 1789 5515 συντρήσεις
1811 5446 1905 5499 καὶ

338 5529 630 5600 ὐμενώδεις
657 5528 941 5600 σύριγγας,
982 5531 1079 5596 τάς
1112 5533 1219 5588 τῶν
1262 5532 1385 5587 ἰνῶν
1420 5534 1775 5604 περιπλοκὰς.
1809 5537 1905 5589 καὶ

338 5619 542 5692 νεύρων
566 5618 749 5684 τόνους
773 5620 865 5673 καὶ
887 5620 1087 5675 ὀστέων
1127 5624 1479 5696 στερρότητα,
1515 5625 1608 5678 καὶ
1638 5625 1785 5690 ὁδοὺς
1809 5626 1903 5681 καὶ

338 5708 554 5779 τρίϐους
573 5710 724 5774 τινάς
744 5710 961 5780 ἀφανῶς
983 5710 1417 5783 διοικονομούσας
1436 5714 1504 5769 τά
1521 5714 1900 5787 ἐγκρινόμενα,

346 5797 434 5856 διά
467 5803 595 5874 μιᾶς
643 5804 945 5876 συμπνοίας
977 5803 1068 5859 τοῦ
1115 5803 1400 5877 σώματος,
1447 5805 1610 5878 ὁλκῆς
1655 5807 1905 5880 πνεύμαο

2085 5352 2348 5419 Quzenam
2399 5356 2582 5404 autem
2623 5350 2893 5420 exprimet
2945 5349 3121 5405 oratio
3154 5351 3482 5406 declaratum
3523 5348 3579 5406 in

2013 5443 2279 5499 membris
2306 5440 2511 5497 nostris
2540 5440 2893 5496 interioribus
2919 5438 3142 5511 Opiiicis
3174 5441 3494 5510 sapientiam
3524 5448 3580 5495 et

2013 5531 2374 5607 potestatem?
2407 5539 2619 5585 meatus
2646 5538 2699 5585 et
2726 5530 3104 5586 membraneas
3147 5546 3431 5596 cavernas,
3484 5545 3574 5584 vc-

2012 5640 2204 5679 narutn
2235 5620 2658 5691 complexiones,
2686 5635 2977 5674 nervorum
2995 5619 3348 5685 intensioues,
3368 5618 3576 5673 ossium

2012 5716 2351 5781 ﬁrmitatem,
2384 5712 2499 5768 vias
2542 5722 2704 5783 atque
2744 5712 2972 5767 semitas
3022 5710 3286 5780 quasdam
3341 5709 3572 5763 latenter

2011 5803 2405 5863 distribuentes
2462 5818 2583 5873 qua:
2627 5803 2973 5874 ingeruntur,
3038 5800 3203 5871 idque
3254 5816 3351 5870 per
3402 5799 3572 5855 solam
