  <div class='ocr_page' id='page_1' title='image "/cluster/home/n/w/nwhite01/storage/ocr_20150623/38:no.4/coo.31924054869353/550.png"; bbox 0 0 4000 6442; ppageno 0'>
   <div class='ocr_carea' id='block_1_1' title="bbox 276 392 408 452">
    <p class='ocr_par' dir='ltr' id='par_1_1' title="bbox 276 392 408 452">
     <span class='ocr_line' id='line_1_1' title="bbox 276 392 408 452; baseline 0.015 -4"><span class='ocrx_word' id='word_1_1' title='bbox 276 392 408 452; x_wconf 74' lang='grc'><strong>1081</strong></span> 
     </span>
    </p>
   </div>
   <div class='ocr_carea' id='block_1_2' title="bbox 277 513 1836 592">
    <p class='ocr_par' dir='ltr' id='par_1_2' title="bbox 277 513 1836 592">
     <span class='ocr_line' id='line_1_2' title="bbox 277 513 1836 592; baseline 0.004 -25"><span class='ocrx_word' id='word_1_2' title='bbox 277 514 450 586; x_wconf 82' lang='grc' dir='ltr'>ρέοντι</span> <span class='ocrx_word' id='word_1_3' title='bbox 476 553 491 579; x_wconf 92' lang='grc'><strong>,</strong></span> <span class='ocrx_word' id='word_1_4' title='bbox 553 513 632 576; x_wconf 82' lang='grc' dir='ltr'>ὡς</span> <span class='ocrx_word' id='word_1_5' title='bbox 683 513 951 588; x_wconf 77' lang='grc' dir='ltr'>ποιητικῷ</span> <span class='ocrx_word' id='word_1_6' title='bbox 998 514 1173 590; x_wconf 79' lang='grc' dir='ltr'>αἰτίῳ,</span> <span class='ocrx_word' id='word_1_7' title='bbox 1209 515 1456 590; x_wconf 85' lang='grc' dir='ltr'>καθάπερ</span> <span class='ocrx_word' id='word_1_8' title='bbox 1507 520 1627 573; x_wconf 80' lang='grc' dir='ltr'>τινὰ</span> <span class='ocrx_word' id='word_1_9' title='bbox 1703 519 1836 592; x_wconf 82' lang='grc' dir='ltr'>ὕλην</span> 
     </span>
    </p>
   </div>
   <div class='ocr_carea' id='block_1_3' title="bbox 278 599 1847 678">
    <p class='ocr_par' dir='ltr' id='par_1_3' title="bbox 278 599 1847 678">
     <span class='ocr_line' id='line_1_3' title="bbox 278 599 1847 678; baseline 0.003 -23"><span class='ocrx_word' id='word_1_10' title='bbox 278 599 650 674; x_wconf 81' lang='grc' dir='ltr'><strong>παρεχόμενον</strong></span> <span class='ocrx_word' id='word_1_11' title='bbox 687 601 786 676; x_wconf 80' lang='grc' dir='ltr'>τὴν</span> <span class='ocrx_word' id='word_1_12' title='bbox 809 602 917 659; x_wconf 85' lang='grc' dir='ltr'><strong>τῶν</strong></span> <span class='ocrx_word' id='word_1_13' title='bbox 957 605 1310 675; x_wconf 82' lang='grc' dir='ltr'><strong>καταμηνίων</strong></span> <span class='ocrx_word' id='word_1_14' title='bbox 1338 607 1528 660; x_wconf 73' lang='grc' dir='ltr'>παισὶν</span> <span class='ocrx_word' id='word_1_15' title='bbox 1556 607 1847 678; x_wconf 80' lang='grc' dir='ltr'>ὑγρασίαν,</span> 
     </span>
    </p>
   </div>
   <div class='ocr_carea' id='block_1_4' title="bbox 273 686 1852 771">
    <p class='ocr_par' dir='ltr' id='par_1_4' title="bbox 273 686 1852 771">
     <span class='ocr_line' id='line_1_4' title="bbox 273 686 1852 771; baseline 0.004 -25"><span class='ocrx_word' id='word_1_16' title='bbox 273 686 472 762; x_wconf 72' lang='grc' dir='ltr'>οἷάπερ</span> <span class='ocrx_word' id='word_1_17' title='bbox 513 694 637 746; x_wconf 84' lang='grc' dir='ltr'>τινὰ</span> <span class='ocrx_word' id='word_1_18' title='bbox 683 689 881 764; x_wconf 82' lang='grc' dir='ltr'>χαλκὸν</span> <span class='ocrx_word' id='word_1_19' title='bbox 918 693 997 766; x_wconf 83' lang='grc' dir='ltr'>τῷ</span> <span class='ocrx_word' id='word_1_20' title='bbox 1040 695 1484 768; x_wconf 83' lang='grc' dir='ltr'><strong>ἀνδριαντοποιῷ.</strong></span> <span class='ocrx_word' id='word_1_21' title='bbox 1532 699 1696 752; x_wconf 78' lang='grc' dir='ltr'>Οὐδὲν</span> <span class='ocrx_word' id='word_1_22' title='bbox 1743 698 1852 771; x_wconf 87' lang='grc' dir='ltr'><strong>γὰρ</strong></span> 
     </span>
    </p>
   </div>
   <div class='ocr_carea' id='block_1_5' title="bbox 277 781 1853 860">
    <p class='ocr_par' dir='ltr' id='par_1_5' title="bbox 277 781 1853 860">
     <span class='ocr_line' id='line_1_5' title="bbox 277 781 1853 860; baseline 0.005 -26"><span class='ocrx_word' id='word_1_23' title='bbox 277 781 528 852; x_wconf 78' lang='grc' dir='ltr'>προῖεται</span> <span class='ocrx_word' id='word_1_24' title='bbox 575 783 607 856; x_wconf 88' lang='grc' dir='ltr'><strong>ή</strong></span> <span class='ocrx_word' id='word_1_25' title='bbox 663 781 800 854; x_wconf 83' lang='grc' dir='ltr'>γυνὴ</span> <span class='ocrx_word' id='word_1_26' title='bbox 847 784 1098 855; x_wconf 83' lang='grc' dir='ltr'>σπέρμα,</span> <span class='ocrx_word' id='word_1_27' title='bbox 1148 784 1262 838; x_wconf 85' lang='grc' dir='ltr'>ἀλλ’</span> <span class='ocrx_word' id='word_1_28' title='bbox 1290 787 1560 860; x_wconf 74' lang='grc' dir='ltr'>ἄχρηστόν</span> <span class='ocrx_word' id='word_1_29' title='bbox 1589 805 1641 842; x_wconf 89' lang='grc' dir='ltr'><strong>τι</strong></span> <span class='ocrx_word' id='word_1_30' title='bbox 1688 787 1853 860; x_wconf 81' lang='grc' dir='ltr'>ὑγρὸν</span> 
     </span>
    </p>
   </div>
   <div class='ocr_carea' id='block_1_6' title="bbox 277 870 1854 951">
    <p class='ocr_par' dir='ltr' id='par_1_6' title="bbox 277 870 1854 951">
     <span class='ocr_line' id='line_1_6' title="bbox 277 870 1854 951; baseline 0.006 -29"><span class='ocrx_word' id='word_1_31' title='bbox 277 870 621 942; x_wconf 82' lang='grc' dir='ltr'>συμϐεϐηκὸς</span> <span class='ocrx_word' id='word_1_32' title='bbox 663 875 776 938; x_wconf 85' lang='grc' dir='ltr'>τοῖς</span> <span class='ocrx_word' id='word_1_33' title='bbox 827 874 1030 940; x_wconf 86' lang='grc' dir='ltr'>τόποις.</span> <span class='ocrx_word' id='word_1_34' title='bbox 1067 876 1238 929; x_wconf 81' lang='grc' dir='ltr'>Ἐστι</span> <span class='ocrx_word' id='word_1_35' title='bbox 1287 876 1344 930; x_wconf 80' lang='grc' dir='ltr'><strong>δὲ</strong></span> <span class='ocrx_word' id='word_1_36' title='bbox 1397 877 1459 931; x_wconf 81' lang='grc' dir='ltr'>τὸ</span> <span class='ocrx_word' id='word_1_37' title='bbox 1503 877 1595 932; x_wconf 81' lang='grc' dir='ltr'>τοῦ</span> <span class='ocrx_word' id='word_1_38' title='bbox 1627 877 1854 951; x_wconf 69' lang='grc' dir='ltr'>ἄρρενος</span> 
     </span>
    </p>
   </div>
   <div class='ocr_carea' id='block_1_7' title="bbox 277 959 1851 1041">
    <p class='ocr_par' dir='ltr' id='par_1_7' title="bbox 277 959 1851 1041">
     <span class='ocr_line' id='line_1_7' title="bbox 277 959 1851 1041; baseline 0.006 -27"><span class='ocrx_word' id='word_1_39' title='bbox 277 961 498 1033; x_wconf 82' lang='grc' dir='ltr'>σπέρμα</span> <span class='ocrx_word' id='word_1_40' title='bbox 517 959 627 1017; x_wconf 75' lang='grc' dir='ltr'>οἷον</span> <span class='ocrx_word' id='word_1_41' title='bbox 642 964 971 1037; x_wconf 82' lang='grc' dir='ltr'>δημιουργὸν</span> <span class='ocrx_word' id='word_1_42' title='bbox 993 968 1086 1020; x_wconf 72' lang='grc' dir='ltr'>καὶ</span> <span class='ocrx_word' id='word_1_43' title='bbox 1100 967 1272 1041; x_wconf 80' lang='grc' dir='ltr'>ἀρχὴν</span> <span class='ocrx_word' id='word_1_44' title='bbox 1293 969 1554 1040; x_wconf 85' lang='grc' dir='ltr'>κινήσεως</span> <span class='ocrx_word' id='word_1_45' title='bbox 1571 968 1851 1040; x_wconf 74' lang='grc' dir='ltr'><strong>ἐμποιοῦν,</strong></span> 
     </span>
    </p>
   </div>
   <div class='ocr_carea' id='block_1_8' title="bbox 275 1051 1854 1130">
    <p class='ocr_par' dir='ltr' id='par_1_8' title="bbox 275 1051 1854 1130">
     <span class='ocr_line' id='line_1_8' title="bbox 275 1051 1854 1130; baseline 0.003 -22"><span class='ocrx_word' id='word_1_46' title='bbox 275 1053 464 1126; x_wconf 82' lang='grc' dir='ltr'>ὥσπερ</span> <span class='ocrx_word' id='word_1_47' title='bbox 515 1055 606 1110; x_wconf 73' lang='grc' dir='ltr'><strong>ἐπὶ</strong></span> <span class='ocrx_word' id='word_1_48' title='bbox 629 1056 730 1128; x_wconf 84' lang='grc' dir='ltr'>τῆς</span> <span class='ocrx_word' id='word_1_49' title='bbox 767 1055 968 1120; x_wconf 83' lang='grc' dir='ltr'>πιτύας</span> <span class='ocrx_word' id='word_1_50' title='bbox 1019 1059 1235 1128; x_wconf 83' lang='grc' dir='ltr'>ὁρῶμεν</span> <span class='ocrx_word' id='word_1_51' title='bbox 1261 1059 1360 1129; x_wconf 82' lang='grc' dir='ltr'><strong>τῆς</strong></span> <span class='ocrx_word' id='word_1_52' title='bbox 1410 1051 1750 1130; x_wconf 72' lang='grc' dir='ltr'>συναγούσης</span> <span class='ocrx_word' id='word_1_53' title='bbox 1793 1059 1854 1112; x_wconf 74' lang='grc' dir='ltr'>τὸ</span> 
     </span>
    </p>
   </div>
   <div class='ocr_carea' id='block_1_9' title="bbox 281 1141 1852 1221">
    <p class='ocr_par' dir='ltr' id='par_1_9' title="bbox 281 1141 1852 1221">
     <span class='ocr_line' id='line_1_9' title="bbox 281 1141 1852 1221; baseline 0.006 -27"><span class='ocrx_word' id='word_1_54' title='bbox 281 1141 444 1208; x_wconf 83' lang='grc' dir='ltr'>γάλα.</span> <span class='ocrx_word' id='word_1_55' title='bbox 507 1141 662 1196; x_wconf 71' lang='grc' dir='ltr'>Οὕτω</span> <span class='ocrx_word' id='word_1_56' title='bbox 701 1143 797 1196; x_wconf 75' lang='grc' dir='ltr'><strong>καὶ</strong></span> <span class='ocrx_word' id='word_1_57' title='bbox 833 1144 896 1197; x_wconf 83' lang='grc' dir='ltr'><strong>τὸ</strong></span> <span class='ocrx_word' id='word_1_58' title='bbox 934 1145 1154 1216; x_wconf 88' lang='grc' dir='ltr'>σπέρμα</span> <span class='ocrx_word' id='word_1_59' title='bbox 1192 1146 1358 1200; x_wconf 75' lang='grc' dir='ltr'>πεσὸν</span> <span class='ocrx_word' id='word_1_60' title='bbox 1407 1147 1482 1210; x_wconf 73' lang='grc' dir='ltr'>εἰς</span> <span class='ocrx_word' id='word_1_61' title='bbox 1543 1147 1644 1218; x_wconf 80' lang='grc' dir='ltr'>τὴν</span> <span class='ocrx_word' id='word_1_62' title='bbox 1677 1148 1852 1221; x_wconf 81' lang='grc' dir='ltr'>ὑγρὰν</span> 
     </span>
    </p>
   </div>
   <div class='ocr_carea' id='block_1_10' title="bbox 275 1231 1848 1309">
    <p class='ocr_par' dir='ltr' id='par_1_10' title="bbox 275 1231 1848 1309">
     <span class='ocr_line' id='line_1_10' title="bbox 275 1231 1848 1309; baseline 0.006 -25"><span class='ocrx_word' id='word_1_63' title='bbox 275 1231 529 1300; x_wconf 78' lang='grc' dir='ltr'><strong>μίσγεται</strong></span> <span class='ocrx_word' id='word_1_64' title='bbox 563 1233 643 1305; x_wconf 85' lang='grc' dir='ltr'>τῷ</span> <span class='ocrx_word' id='word_1_65' title='bbox 670 1231 1040 1308; x_wconf 77' lang='grc' dir='ltr'><strong>καθαρωτέρῳ</strong></span> <span class='ocrx_word' id='word_1_66' title='bbox 1074 1237 1175 1305; x_wconf 79' lang='grc' dir='ltr'>τῆς</span> <span class='ocrx_word' id='word_1_67' title='bbox 1195 1235 1414 1307; x_wconf 81' lang='grc' dir='ltr'>θηλείας</span> <span class='ocrx_word' id='word_1_68' title='bbox 1448 1237 1848 1309; x_wconf 85' lang='grc' dir='ltr'>περιττώματι.</span> 
     </span>
    </p>
   </div>
   <div class='ocr_carea' id='block_1_11' title="bbox 277 1313 1856 1402">
    <p class='ocr_par' dir='ltr' id='par_1_11' title="bbox 277 1313 1856 1402">
     <span class='ocr_line' id='line_1_11' title="bbox 277 1313 1856 1402; baseline 0.006 -28"><span class='ocrx_word' id='word_1_69' title='bbox 277 1321 350 1374; x_wconf 80' lang='grc' dir='ltr'>Τὸ</span> <span class='ocrx_word' id='word_1_70' title='bbox 374 1322 432 1376; x_wconf 84' lang='grc' dir='ltr'><strong>δὲ</strong></span> <span class='ocrx_word' id='word_1_71' title='bbox 479 1323 680 1378; x_wconf 82' lang='grc' dir='ltr'>συστὰν</span> <span class='ocrx_word' id='word_1_72' title='bbox 725 1324 786 1378; x_wconf 79' lang='grc' dir='ltr'><strong>ἐν</strong></span> <span class='ocrx_word' id='word_1_73' title='bbox 822 1326 894 1396; x_wconf 73' lang='grc' dir='ltr'>τῇ</span> <span class='ocrx_word' id='word_1_74' title='bbox 943 1327 1125 1396; x_wconf 83' lang='grc' dir='ltr'><strong>μήτρᾳ</strong></span> <span class='ocrx_word' id='word_1_75' title='bbox 1173 1326 1320 1396; x_wconf 83' lang='grc' dir='ltr'>λέγει</span> <span class='ocrx_word' id='word_1_76' title='bbox 1372 1328 1466 1382; x_wconf 73' lang='grc' dir='ltr'>καὶ</span> <span class='ocrx_word' id='word_1_77' title='bbox 1509 1313 1690 1400; x_wconf 52' lang='grc' dir='ltr'>ψυχῆς</span> <span class='ocrx_word' id='word_1_78' title='bbox 1733 1347 1856 1402; x_wconf 90' lang='grc' dir='ltr'>μετ-</span> 
     </span>
    </p>
   </div>
   <div class='ocr_carea' id='block_1_12' title="bbox 278 1412 1856 1490">
    <p class='ocr_par' dir='ltr' id='par_1_12' title="bbox 278 1412 1856 1490">
     <span class='ocr_line' id='line_1_12' title="bbox 278 1412 1856 1490; baseline 0.006 -25"><span class='ocrx_word' id='word_1_79' title='bbox 278 1412 448 1483; x_wconf 83' lang='grc' dir='ltr'>έχειν,</span> <span class='ocrx_word' id='word_1_80' title='bbox 504 1413 564 1466; x_wconf 87' lang='grc' dir='ltr'><strong>ού</strong></span> <span class='ocrx_word' id='word_1_81' title='bbox 612 1413 824 1478; x_wconf 80' lang='grc' dir='ltr'><strong>τελείας</strong></span> <span class='ocrx_word' id='word_1_82' title='bbox 863 1414 937 1480; x_wconf 66' lang='grc' dir='ltr'><strong>δὲ,</strong></span> <span class='ocrx_word' id='word_1_83' title='bbox 992 1415 1126 1471; x_wconf 80' lang='grc' dir='ltr'>ἀλλὰ</span> <span class='ocrx_word' id='word_1_84' title='bbox 1167 1415 1270 1486; x_wconf 82' lang='grc' dir='ltr'>τῆς</span> <span class='ocrx_word' id='word_1_85' title='bbox 1307 1416 1627 1490; x_wconf 77' lang='grc' dir='ltr'>θρεπτικῆς.</span> <span class='ocrx_word' id='word_1_86' title='bbox 1667 1420 1856 1476; x_wconf 88' lang='grc' dir='ltr'>Καθά-</span> 
     </span>
    </p>
   </div>
   <div class='ocr_carea' id='block_1_13' title="bbox 277 1501 1856 1582">
    <p class='ocr_par' dir='ltr' id='par_1_13' title="bbox 277 1501 1856 1582">
     <span class='ocr_line' id='line_1_13' title="bbox 277 1501 1856 1582; baseline 0.006 -28"><span class='ocrx_word' id='word_1_87' title='bbox 277 1518 383 1574; x_wconf 90' lang='grc' dir='ltr'><strong>περ</strong></span> <span class='ocrx_word' id='word_1_88' title='bbox 435 1501 544 1576; x_wconf 73' lang='grc' dir='ltr'>γὰρ</span> <span class='ocrx_word' id='word_1_89' title='bbox 590 1502 658 1556; x_wconf 70' lang='grc' dir='ltr'>τὰ</span> <span class='ocrx_word' id='word_1_90' title='bbox 712 1503 856 1573; x_wconf 81' lang='grc' dir='ltr'>φυτᾶ</span> <span class='ocrx_word' id='word_1_91' title='bbox 913 1504 972 1558; x_wconf 86' lang='grc' dir='ltr'><strong>ἐν</strong></span> <span class='ocrx_word' id='word_1_92' title='bbox 1034 1507 1100 1576; x_wconf 80' lang='grc' dir='ltr'>τῇ</span> <span class='ocrx_word' id='word_1_93' title='bbox 1163 1508 1259 1578; x_wconf 80' lang='grc' dir='ltr'>γῇ,</span> <span class='ocrx_word' id='word_1_94' title='bbox 1303 1505 1446 1564; x_wconf 75' lang='grc' dir='ltr'>οὕτω</span> <span class='ocrx_word' id='word_1_95' title='bbox 1493 1507 1594 1582; x_wconf 77' lang='grc' dir='ltr'>ζῇν</span> <span class='ocrx_word' id='word_1_96' title='bbox 1644 1510 1740 1568; x_wconf 77' lang='grc' dir='ltr'>καὶ</span> <span class='ocrx_word' id='word_1_97' title='bbox 1792 1510 1856 1564; x_wconf 76' lang='grc' dir='ltr'><strong>τὸ</strong></span> 
     </span>
    </p>
   </div>
   <div class='ocr_carea' id='block_1_14' title="bbox 275 1590 1855 1672">
    <p class='ocr_par' dir='ltr' id='par_1_14' title="bbox 275 1590 1855 1672">
     <span class='ocr_line' id='line_1_14' title="bbox 275 1590 1855 1672; baseline 0.004 -26"><span class='ocrx_word' id='word_1_98' title='bbox 275 1591 534 1664; x_wconf 73' lang='grc' dir='ltr'>ἔμϐρυον,</span> <span class='ocrx_word' id='word_1_99' title='bbox 565 1590 689 1665; x_wconf 75' lang='grc' dir='ltr'><strong>ῥίζῃ</strong></span> <span class='ocrx_word' id='word_1_100' title='bbox 721 1591 1000 1663; x_wconf 79' lang='grc' dir='ltr'>χρώμενον</span> <span class='ocrx_word' id='word_1_101' title='bbox 1031 1594 1110 1666; x_wconf 81' lang='grc' dir='ltr'>τῷ</span> <span class='ocrx_word' id='word_1_102' title='bbox 1149 1593 1378 1667; x_wconf 83' lang='grc' dir='ltr'>ὀμφαλῷ</span> <span class='ocrx_word' id='word_1_103' title='bbox 1407 1599 1472 1651; x_wconf 85' lang='grc' dir='ltr'><strong>ἐκ</strong></span> <span class='ocrx_word' id='word_1_104' title='bbox 1514 1600 1613 1669; x_wconf 84' lang='grc' dir='ltr'>τῆς</span> <span class='ocrx_word' id='word_1_105' title='bbox 1641 1599 1855 1672; x_wconf 81' lang='grc' dir='ltr'>μήτρας</span> 
     </span>
    </p>
   </div>
   <div class='ocr_carea' id='block_1_15' title="bbox 273 1682 1856 1762">
    <p class='ocr_par' dir='ltr' id='par_1_15' title="bbox 273 1682 1856 1762">
     <span class='ocr_line' id='line_1_15' title="bbox 273 1682 1856 1762; baseline 0.007 -26"><span class='ocrx_word' id='word_1_106' title='bbox 273 1682 374 1756; x_wconf 75' lang='grc' dir='ltr'>τὴν</span> <span class='ocrx_word' id='word_1_107' title='bbox 397 1683 562 1756; x_wconf 74' lang='grc' dir='ltr'>ὁλκὴν</span> <span class='ocrx_word' id='word_1_108' title='bbox 589 1683 692 1754; x_wconf 77' lang='grc' dir='ltr'>τῆς</span> <span class='ocrx_word' id='word_1_109' title='bbox 739 1685 948 1757; x_wconf 82' lang='grc' dir='ltr'>τροφῆς</span> <span class='ocrx_word' id='word_1_110' title='bbox 980 1686 1269 1742; x_wconf 86' lang='grc' dir='ltr'>ποιεῖσθαι.</span> <span class='ocrx_word' id='word_1_111' title='bbox 1328 1687 1500 1754; x_wconf 79' lang='grc' dir='ltr'>Ἐξιδν</span> <span class='ocrx_word' id='word_1_112' title='bbox 1536 1689 1593 1743; x_wconf 75' lang='grc' dir='ltr'><strong>δὲ</strong></span> <span class='ocrx_word' id='word_1_113' title='bbox 1637 1691 1730 1744; x_wconf 78' lang='grc' dir='ltr'>καὶ</span> <span class='ocrx_word' id='word_1_114' title='bbox 1754 1691 1856 1762; x_wconf 82' lang='grc' dir='ltr'><strong>τὴν</strong></span> 
     </span>
    </p>
   </div>
   <div class='ocr_carea' id='block_1_16' title="bbox 275 1772 1851 1846">
    <p class='ocr_par' dir='ltr' id='par_1_16' title="bbox 275 1772 1851 1846">
     <span class='ocr_line' id='line_1_16' title="bbox 275 1772 1851 1846; baseline 0.006 -20"><span class='ocrx_word' id='word_1_115' title='bbox 275 1773 595 1846; x_wconf 78' lang='grc' dir='ltr'>αἰσθητικὴν</span> <span class='ocrx_word' id='word_1_116' title='bbox 649 1774 962 1843; x_wconf 74' lang='grc' dir='ltr'>ἐπικτᾶται,</span> <span class='ocrx_word' id='word_1_117' title='bbox 1016 1777 1111 1829; x_wconf 82' lang='grc' dir='ltr'>καὶ</span> <span class='ocrx_word' id='word_1_118' title='bbox 1175 1772 1336 1844; x_wconf 75' lang='grc' dir='ltr'>αὔξον</span> <span class='ocrx_word' id='word_1_119' title='bbox 1391 1778 1710 1843; x_wconf 82' lang='grc' dir='ltr'>συναύξεται</span> <span class='ocrx_word' id='word_1_120' title='bbox 1756 1781 1851 1834; x_wconf 83' lang='grc' dir='ltr'>αὐ-</span> 
     </span>
    </p>
   </div>
   <div class='ocr_carea' id='block_1_17' title="bbox 275 1864 1848 1943">
    <p class='ocr_par' dir='ltr' id='par_1_17' title="bbox 275 1864 1848 1943">
     <span class='ocr_line' id='line_1_17' title="bbox 275 1864 1848 1943; baseline 0.005 -27"><span class='ocrx_word' id='word_1_121' title='bbox 275 1864 354 1936; x_wconf 79' lang='grc' dir='ltr'>τῷ</span> <span class='ocrx_word' id='word_1_122' title='bbox 423 1865 582 1936; x_wconf 77' lang='grc' dir='ltr'>καὶή</span> <span class='ocrx_word' id='word_1_123' title='bbox 637 1865 825 1936; x_wconf 84' lang='grc' dir='ltr'>λογικὴ</span> <span class='ocrx_word' id='word_1_124' title='bbox 857 1867 952 1922; x_wconf 74' lang='grc' dir='ltr'><strong>καὶ</strong></span> <span class='ocrx_word' id='word_1_125' title='bbox 1001 1867 1163 1939; x_wconf 85' lang='grc' dir='ltr'>νοερά</span> <span class='ocrx_word' id='word_1_126' title='bbox 1195 1869 1447 1942; x_wconf 86' lang='grc' dir='ltr'>ἐνέργεια</span> <span class='ocrx_word' id='word_1_127' title='bbox 1503 1871 1600 1942; x_wconf 83' lang='grc' dir='ltr'>τῆς</span> <span class='ocrx_word' id='word_1_128' title='bbox 1649 1870 1848 1943; x_wconf 77' lang='grc' dir='ltr'>ψυχῆς.</span> 
     </span>
    </p>
   </div>
   <div class='ocr_carea' id='block_1_18' title="bbox 281 1953 1850 2030">
    <p class='ocr_par' dir='ltr' id='par_1_18' title="bbox 281 1953 1850 2030">
     <span class='ocr_line' id='line_1_18' title="bbox 281 1953 1850 2030; baseline 0.006 -24"><span class='ocrx_word' id='word_1_129' title='bbox 281 1953 439 2008; x_wconf 82' lang='grc' dir='ltr'>Ἐστι</span> <span class='ocrx_word' id='word_1_130' title='bbox 467 1953 576 2024; x_wconf 81' lang='grc' dir='ltr'>γὰρ</span> <span class='ocrx_word' id='word_1_131' title='bbox 597 1955 655 2008; x_wconf 89' lang='grc' dir='ltr'><strong>ἐν</strong></span> <span class='ocrx_word' id='word_1_132' title='bbox 683 1955 760 2026; x_wconf 84' lang='grc' dir='ltr'>τῷ</span> <span class='ocrx_word' id='word_1_133' title='bbox 796 1956 1071 2028; x_wconf 89' lang='grc' dir='ltr'>σπέρματι</span> <span class='ocrx_word' id='word_1_134' title='bbox 1097 1957 1275 2028; x_wconf 75' lang='grc' dir='ltr'>ψυχῆς</span> <span class='ocrx_word' id='word_1_135' title='bbox 1307 1976 1360 2013; x_wconf 90' lang='grc' dir='ltr'><strong>τι</strong></span> <span class='ocrx_word' id='word_1_136' title='bbox 1397 1960 1582 2030; x_wconf 85' lang='grc' dir='ltr'>μόριον</span> <span class='ocrx_word' id='word_1_137' title='bbox 1613 1962 1672 2014; x_wconf 85' lang='grc' dir='ltr'><strong>τὸ</strong></span> <span class='ocrx_word' id='word_1_138' title='bbox 1697 1961 1850 2030; x_wconf 84' lang='grc' dir='ltr'>λεγό-</span> 
     </span>
    </p>
   </div>
   <div class='ocr_carea' id='block_1_19' title="bbox 281 2046 1852 2126">
    <p class='ocr_par' dir='ltr' id='par_1_19' title="bbox 281 2046 1852 2126">
     <span class='ocr_line' id='line_1_19' title="bbox 281 2046 1852 2126; baseline 0.005 -28"><span class='ocrx_word' id='word_1_139' title='bbox 281 2062 440 2116; x_wconf 87' lang='grc' dir='ltr'>μενον</span> <span class='ocrx_word' id='word_1_140' title='bbox 497 2046 722 2110; x_wconf 82' lang='grc' dir='ltr'>ζωτικὸν</span> <span class='ocrx_word' id='word_1_141' title='bbox 772 2047 970 2119; x_wconf 80' lang='grc' dir='ltr'>θερμὸν</span> <span class='ocrx_word' id='word_1_142' title='bbox 995 2089 1010 2112; x_wconf 90' lang='grc'><strong>,</strong></span> <span class='ocrx_word' id='word_1_143' title='bbox 1060 2047 1356 2118; x_wconf 75' lang='grc' dir='ltr'>ἀναλογοῦν</span> <span class='ocrx_word' id='word_1_144' title='bbox 1421 2053 1486 2126; x_wconf 80' lang='grc' dir='ltr'>τῇ</span> <span class='ocrx_word' id='word_1_145' title='bbox 1557 2051 1852 2124; x_wconf 73' lang='grc' dir='ltr'>θερμότητι</span> 
     </span>
    </p>
   </div>
   <div class='ocr_carea' id='block_1_20' title="bbox 277 2137 1850 2216">
    <p class='ocr_par' dir='ltr' id='par_1_20' title="bbox 277 2137 1850 2216">
     <span class='ocr_line' id='line_1_20' title="bbox 277 2137 1850 2216; baseline 0.005 -26"><span class='ocrx_word' id='word_1_146' title='bbox 277 2137 371 2194; x_wconf 82' lang='grc' dir='ltr'>τοῦ</span> <span class='ocrx_word' id='word_1_147' title='bbox 415 2137 598 2208; x_wconf 65' lang='grc' dir='ltr'>ήλίοιν</span> <span class='ocrx_word' id='word_1_148' title='bbox 651 2139 836 2211; x_wconf 79' lang='grc' dir='ltr'>ἐπειδὴ</span> <span class='ocrx_word' id='word_1_149' title='bbox 876 2141 1322 2212; x_wconf 81' lang='grc' dir='ltr'>εκείνη.ζωτικὴν</span> <span class='ocrx_word' id='word_1_150' title='bbox 1367 2141 1567 2214; x_wconf 80' lang='grc' dir='ltr'>ἔχουσα</span> <span class='ocrx_word' id='word_1_151' title='bbox 1619 2143 1850 2216; x_wconf 87' lang='grc' dir='ltr'>δύναμιν</span> 
     </span>
    </p>
   </div>
   <div class='ocr_carea' id='block_1_21' title="bbox 279 2227 1850 2306">
    <p class='ocr_par' dir='ltr' id='par_1_21' title="bbox 279 2227 1850 2306">
     <span class='ocr_line' id='line_1_21' title="bbox 279 2227 1850 2306; baseline 0.006 -25"><span class='ocrx_word' id='word_1_152' title='bbox 279 2227 550 2298; x_wconf 81' lang='grc' dir='ltr'>ξωογονεῖ.</span> <span class='ocrx_word' id='word_1_153' title='bbox 576 2229 936 2286; x_wconf 82' lang='grc' dir='ltr'>Διατυποῦται</span> <span class='ocrx_word' id='word_1_154' title='bbox 961 2231 1017 2284; x_wconf 82' lang='grc' dir='ltr'><strong>δὲ</strong></span> <span class='ocrx_word' id='word_1_155' title='bbox 1047 2233 1264 2304; x_wconf 74' lang='grc' dir='ltr'>πρῶτον</span> <span class='ocrx_word' id='word_1_156' title='bbox 1293 2235 1326 2306; x_wconf 91' lang='grc' dir='ltr'><strong>ή</strong></span> <span class='ocrx_word' id='word_1_157' title='bbox 1355 2234 1570 2306; x_wconf 77' lang='grc' dir='ltr'>καρδία,</span> <span class='ocrx_word' id='word_1_158' title='bbox 1596 2235 1716 2306; x_wconf 80' lang='grc' dir='ltr'>ἥτις</span> <span class='ocrx_word' id='word_1_159' title='bbox 1757 2237 1850 2290; x_wconf 79' lang='grc' dir='ltr'><strong>καὶ</strong></span> 
     </span>
    </p>
   </div>
   <div class='ocr_carea' id='block_1_22' title="bbox 277 2319 1876 2390">
    <p class='ocr_par' dir='ltr' id='par_1_22' title="bbox 277 2319 1876 2390">
     <span class='ocr_line' id='line_1_22' title="bbox 277 2319 1876 2390; baseline 0.007 -20"><span class='ocrx_word' id='word_1_160' title='bbox 277 2319 532 2389; x_wconf 85' lang='grc' dir='ltr'>τελευτὴν</span> <span class='ocrx_word' id='word_1_161' title='bbox 576 2319 874 2390; x_wconf 84' lang='grc' dir='ltr'>φθείρεται.</span> <span class='ocrx_word' id='word_1_162' title='bbox 938 2321 1210 2386; x_wconf 78' lang='grc' dir='ltr'>Ὡσαύτως</span> <span class='ocrx_word' id='word_1_163' title='bbox 1264 2323 1358 2376; x_wconf 72' lang='grc' dir='ltr'><strong>καὶ</strong></span> <span class='ocrx_word' id='word_1_164' title='bbox 1399 2323 1465 2378; x_wconf 82' lang='grc' dir='ltr'>τὰ</span> <span class='ocrx_word' id='word_1_165' title='bbox 1519 2324 1680 2378; x_wconf 84' lang='grc' dir='ltr'>λοιπά</span> <span class='ocrx_word' id='word_1_166' title='bbox 1707 2327 1876 2380; x_wconf 68' lang='grc' dir='ltr'>ἐντό-“</span> 
     </span>
    </p>
   </div>
   <div class='ocr_carea' id='block_1_23' title="bbox 279 2408 1852 2486">
    <p class='ocr_par' dir='ltr' id='par_1_23' title="bbox 279 2408 1852 2486">
     <span class='ocr_line' id='line_1_23' title="bbox 279 2408 1852 2486; baseline 0.006 -25"><span class='ocrx_word' id='word_1_167' title='bbox 279 2408 402 2463; x_wconf 87' lang='grc' dir='ltr'>σθια</span> <span class='ocrx_word' id='word_1_168' title='bbox 455 2411 561 2483; x_wconf 78' lang='grc' dir='ltr'><strong>πρὸ</strong></span> <span class='ocrx_word' id='word_1_169' title='bbox 619 2411 728 2463; x_wconf 85' lang='grc' dir='ltr'><strong>τῶν</strong></span> <span class='ocrx_word' id='word_1_170' title='bbox 781 2412 936 2476; x_wconf 82' lang='grc' dir='ltr'>ἐκτὸς</span> <span class='ocrx_word' id='word_1_171' title='bbox 973 2411 1357 2484; x_wconf 82' lang='grc' dir='ltr'>διαρθροῦται,</span> <span class='ocrx_word' id='word_1_172' title='bbox 1397 2414 1492 2468; x_wconf 69' lang='grc' dir='ltr'>καὶ</span> <span class='ocrx_word' id='word_1_173' title='bbox 1535 2415 1733 2486; x_wconf 82' lang='grc' dir='ltr'>μᾶλλον</span> <span class='ocrx_word' id='word_1_174' title='bbox 1782 2418 1852 2471; x_wconf 78' lang='grc' dir='ltr'>τὰ</span> 
     </span>
    </p>
   </div>
   <div class='ocr_carea' id='block_1_24' title="bbox 277 2499 1853 2580">
    <p class='ocr_par' dir='ltr' id='par_1_24' title="bbox 277 2499 1853 2580">
     <span class='ocr_line' id='line_1_24' title="bbox 277 2499 1853 2580; baseline 0.006 -29"><span class='ocrx_word' id='word_1_175' title='bbox 277 2499 390 2552; x_wconf 81' lang='grc' dir='ltr'>ἄνω</span> <span class='ocrx_word' id='word_1_176' title='bbox 424 2499 518 2558; x_wconf 80' lang='grc' dir='ltr'>τοῦ</span> <span class='ocrx_word' id='word_1_177' title='bbox 557 2500 918 2571; x_wconf 80' lang='grc' dir='ltr'>διαζώματος.</span> <span class='ocrx_word' id='word_1_178' title='bbox 983 2503 1408 2574; x_wconf 84' lang='grc' dir='ltr'>Ἑσχημάτισται</span> <span class='ocrx_word' id='word_1_179' title='bbox 1457 2505 1516 2559; x_wconf 88' lang='grc' dir='ltr'><strong>δὲ</strong></span> <span class='ocrx_word' id='word_1_180' title='bbox 1549 2507 1605 2559; x_wconf 85' lang='grc' dir='ltr'><strong>ἐν</strong></span> <span class='ocrx_word' id='word_1_181' title='bbox 1631 2511 1696 2580; x_wconf 83' lang='grc' dir='ltr'>τῇ</span> <span class='ocrx_word' id='word_1_182' title='bbox 1749 2509 1853 2580; x_wconf 82' lang='grc' dir='ltr'>μή·</span> 
     </span>
    </p>
   </div>
   <div class='ocr_carea' id='block_1_25' title="bbox 275 2591 1851 2669">
    <p class='ocr_par' dir='ltr' id='par_1_25' title="bbox 275 2591 1851 2669">
     <span class='ocr_line' id='line_1_25' title="bbox 275 2591 1851 2669; baseline 0.008 -27"><span class='ocrx_word' id='word_1_183' title='bbox 275 2607 382 2662; x_wconf 79' lang='grc' dir='ltr'>τρᾳ</span> <span class='ocrx_word' id='word_1_184' title='bbox 426 2593 454 2644; x_wconf 84' lang='grc' dir='ltr'><strong>ό</strong></span> <span class='ocrx_word' id='word_1_185' title='bbox 486 2591 789 2663; x_wconf 78' lang='grc' dir='ltr'>ἄνθρωπος,</span> <span class='ocrx_word' id='word_1_186' title='bbox 843 2593 938 2664; x_wconf 83' lang='grc' dir='ltr'>τὴν</span> <span class='ocrx_word' id='word_1_187' title='bbox 999 2595 1095 2667; x_wconf 81' lang='grc' dir='ltr'>μὲν</span> <span class='ocrx_word' id='word_1_188' title='bbox 1167 2597 1284 2666; x_wconf 76' lang='grc' dir='ltr'>ῥῖνα</span> <span class='ocrx_word' id='word_1_189' title='bbox 1317 2597 1480 2668; x_wconf 81' lang='grc' dir='ltr'>μέσον</span> <span class='ocrx_word' id='word_1_190' title='bbox 1531 2598 1642 2652; x_wconf 87' lang='grc' dir='ltr'><strong>τῶν</strong></span> <span class='ocrx_word' id='word_1_191' title='bbox 1690 2600 1851 2669; x_wconf 89' lang='grc' dir='ltr'>γονά-</span> 
     </span>
    </p>
   </div>
   <div class='ocr_carea' id='block_1_26' title="bbox 276 2682 1852 2760">
    <p class='ocr_par' dir='ltr' id='par_1_26' title="bbox 276 2682 1852 2760">
     <span class='ocr_line' id='line_1_26' title="bbox 276 2682 1852 2760; baseline 0.006 -25"><span class='ocrx_word' id='word_1_192' title='bbox 276 2697 384 2736; x_wconf 87' lang='grc' dir='ltr'><strong>των</strong></span> <span class='ocrx_word' id='word_1_193' title='bbox 419 2682 577 2754; x_wconf 72' lang='grc' dir='ltr'>ἔχων,</span> <span class='ocrx_word' id='word_1_194' title='bbox 615 2685 739 2747; x_wconf 83' lang='grc' dir='ltr'>τοὺς</span> <span class='ocrx_word' id='word_1_195' title='bbox 776 2683 1222 2756; x_wconf 74' lang='grc' dir='ltr'>ὀφθαλμοὺς-ἐπὶ</span> <span class='ocrx_word' id='word_1_196' title='bbox 1267 2690 1381 2752; x_wconf 82' lang='grc' dir='ltr'>τοῖς</span> <span class='ocrx_word' id='word_1_197' title='bbox 1433 2689 1668 2760; x_wconf 83' lang='grc' dir='ltr'>γόνασιν.</span> <span class='ocrx_word' id='word_1_198' title='bbox 1735 2691 1852 2744; x_wconf 85' lang='grc' dir='ltr'>Ἐν-</span> 
     </span>
    </p>
   </div>
   <div class='ocr_carea' id='block_1_27' title="bbox 279 2777 1853 2853">
    <p class='ocr_par' dir='ltr' id='par_1_27' title="bbox 279 2777 1853 2853">
     <span class='ocr_line' id='line_1_27' title="bbox 279 2777 1853 2853; baseline 0.004 -23"><span class='ocrx_word' id='word_1_199' title='bbox 279 2777 486 2848; x_wconf 84' lang='grc' dir='ltr'>ισχύειν</span> <span class='ocrx_word' id='word_1_200' title='bbox 522 2777 580 2832; x_wconf 85' lang='grc' dir='ltr'><strong>δέ</strong></span> <span class='ocrx_word' id='word_1_201' title='bbox 623 2779 684 2832; x_wconf 88' lang='grc' dir='ltr'><strong>τὸ</strong></span> <span class='ocrx_word' id='word_1_202' title='bbox 721 2778 957 2850; x_wconf 79' lang='grc' dir='ltr'>ἔμϐρυον</span> <span class='ocrx_word' id='word_1_203' title='bbox 989 2778 1235 2850; x_wconf 81' lang='grc' dir='ltr'>ἄρχεται,</span> <span class='ocrx_word' id='word_1_204' title='bbox 1283 2781 1373 2834; x_wconf 84' lang='grc' dir='ltr'>ὅτε</span> <span class='ocrx_word' id='word_1_205' title='bbox 1409 2784 1442 2852; x_wconf 84' lang='grc' dir='ltr'>ἠ</span> <span class='ocrx_word' id='word_1_206' title='bbox 1475 2783 1721 2853; x_wconf 83' lang='grc' dir='ltr'>ἁνακοπὴ</span> <span class='ocrx_word' id='word_1_207' title='bbox 1744 2783 1853 2837; x_wconf 81' lang='grc' dir='ltr'><strong>τῶν</strong></span> 
     </span>
    </p>
   </div>
   <div class='ocr_carea' id='block_1_28' title="bbox 277 2868 1856 2944">
    <p class='ocr_par' dir='ltr' id='par_1_28' title="bbox 277 2868 1856 2944">
     <span class='ocr_line' id='line_1_28' title="bbox 277 2868 1856 2944; baseline 0.002 -20"><span class='ocrx_word' id='word_1_208' title='bbox 277 2868 630 2940; x_wconf 79' lang='grc' dir='ltr'>καταμηνίων</span> <span class='ocrx_word' id='word_1_209' title='bbox 661 2871 752 2922; x_wconf 74' lang='grc' dir='ltr'><strong>ἐπὶ</strong></span> <span class='ocrx_word' id='word_1_210' title='bbox 789 2869 918 2933; x_wconf 78' lang='grc' dir='ltr'>τοὺς</span> <span class='ocrx_word' id='word_1_211' title='bbox 958 2871 1194 2942; x_wconf 83' lang='grc' dir='ltr'>μαστοὺς</span> <span class='ocrx_word' id='word_1_212' title='bbox 1241 2871 1323 2936; x_wconf 78' lang='grc' dir='ltr'><strong>εἰς</strong></span> <span class='ocrx_word' id='word_1_213' title='bbox 1356 2872 1494 2940; x_wconf 84' lang='grc' dir='ltr'>γάλα</span> <span class='ocrx_word' id='word_1_214' title='bbox 1521 2873 1856 2944; x_wconf 80' lang='grc' dir='ltr'>μεταϐάλλε-</span> 
     </span>
    </p>
   </div>
   <div class='ocr_carea' id='block_1_29' title="bbox 271 2960 1854 3030">
    <p class='ocr_par' dir='ltr' id='par_1_29' title="bbox 271 2960 1854 3030">
     <span class='ocr_line' id='line_1_29' title="bbox 271 2960 1854 3030; baseline 0.004 -19"><span class='ocrx_word' id='word_1_215' title='bbox 271 2975 380 3014; x_wconf 87' lang='grc' dir='ltr'>ται.</span> <span class='ocrx_word' id='word_1_216' title='bbox 422 2961 694 3030; x_wconf 78' lang='grc' dir='ltr'>Ἵστανται</span> <span class='ocrx_word' id='word_1_217' title='bbox 737 2960 936 3015; x_wconf 82' lang='grc' dir='ltr'>αὐτίκα</span> <span class='ocrx_word' id='word_1_218' title='bbox 969 2963 1090 3026; x_wconf 84' lang='grc' dir='ltr'>ταῖς</span> <span class='ocrx_word' id='word_1_219' title='bbox 1135 2961 1378 3030; x_wconf 77' lang='grc' dir='ltr'>γυναιξὶν</span> <span class='ocrx_word' id='word_1_220' title='bbox 1415 2965 1470 3016; x_wconf 77' lang='grc' dir='ltr'>αἱ</span> <span class='ocrx_word' id='word_1_221' title='bbox 1515 2963 1727 3018; x_wconf 89' lang='grc' dir='ltr'>ναυτίαι</span> <span class='ocrx_word' id='word_1_222' title='bbox 1761 2967 1854 3018; x_wconf 79' lang='grc' dir='ltr'><strong>καὶ</strong></span> 
     </span>
    </p>
   </div>
   <div class='ocr_carea' id='block_1_30' title="bbox 265 3047 1855 3124">
    <p class='ocr_par' dir='ltr' id='par_1_30' title="bbox 265 3047 1855 3124">
     <span class='ocr_line' id='line_1_30' title="bbox 265 3047 1855 3124; baseline 0.004 -24"><span class='ocrx_word' id='word_1_223' title='bbox 265 3048 318 3100; x_wconf 75' lang='lat' dir='ltr'><strong>ot</strong></span> <span class='ocrx_word' id='word_1_224' title='bbox 365 3047 591 3118; x_wconf 72' lang='grc' dir='ltr'>ἔμετοιο</span> <span class='ocrx_word' id='word_1_225' title='bbox 626 3049 792 3123; x_wconf 74' lang='grc' dir='ltr'>ἄρρεν</span> <span class='ocrx_word' id='word_1_226' title='bbox 831 3049 888 3104; x_wconf 80' lang='grc' dir='ltr'>δὲ</span> <span class='ocrx_word' id='word_1_227' title='bbox 939 3049 1188 3119; x_wconf 86' lang='grc' dir='ltr'>γίνεται,</span> <span class='ocrx_word' id='word_1_228' title='bbox 1241 3051 1290 3103; x_wconf 84' lang='grc' dir='ltr'><strong>εί</strong></span> <span class='ocrx_word' id='word_1_229' title='bbox 1342 3053 1692 3124; x_wconf 81' lang='grc' dir='ltr'>πεπεμμένον</span> <span class='ocrx_word' id='word_1_230' title='bbox 1738 3054 1855 3106; x_wconf 77' lang='grc' dir='ltr'>ἐστὶ</span> 
     </span>
    </p>
   </div>
   <div class='ocr_carea' id='block_1_31' title="bbox 267 3126 1850 3214">
    <p class='ocr_par' dir='ltr' id='par_1_31' title="bbox 267 3126 1850 3214">
     <span class='ocr_line' id='line_1_31' title="bbox 267 3126 1850 3214; baseline 0.004 -24"><span class='ocrx_word' id='word_1_231' title='bbox 267 3136 329 3190; x_wconf 81' lang='grc' dir='ltr'>τὺ</span> <span class='ocrx_word' id='word_1_232' title='bbox 359 3135 467 3190; x_wconf 81' lang='grc' dir='ltr'>τοῦ</span> <span class='ocrx_word' id='word_1_233' title='bbox 499 3137 726 3208; x_wconf 74' lang='grc' dir='ltr'>ἄρρενος</span> <span class='ocrx_word' id='word_1_234' title='bbox 765 3137 1004 3207; x_wconf 84' lang='grc' dir='ltr'>σπέρμα.</span> <span class='ocrx_word' id='word_1_235' title='bbox 1049 3137 1207 3192; x_wconf 87' lang='grc' dir='ltr'>Ὅθεν</span> <span class='ocrx_word' id='word_1_236' title='bbox 1249 3140 1297 3191; x_wconf 85' lang='grc' dir='ltr'>οἱ</span> <span class='ocrx_word' id='word_1_237' title='bbox 1338 3126 1572 3195; x_wconf 64' lang='grc' dir='ltr'>νέοικαὶ</span> <span class='ocrx_word' id='word_1_238' title='bbox 1611 3143 1659 3196; x_wconf 86' lang='grc' dir='ltr'>οἱ</span> <span class='ocrx_word' id='word_1_239' title='bbox 1712 3159 1850 3214; x_wconf 77' lang='grc' dir='ltr'>πρεο</span> 
     </span>
    </p>
   </div>
   <div class='ocr_carea' id='block_1_32' title="bbox 271 3224 1856 3302">
    <p class='ocr_par' dir='ltr' id='par_1_32' title="bbox 271 3224 1856 3302">
     <span class='ocr_line' id='line_1_32' title="bbox 271 3224 1856 3302; baseline 0.003 -22"><span class='ocrx_word' id='word_1_240' title='bbox 271 3225 532 3296; x_wconf 69' lang='grc' dir='ltr'>σϐύντεροι</span> <span class='ocrx_word' id='word_1_241' title='bbox 582 3225 658 3288; x_wconf 83' lang='grc' dir='ltr'>ὡς</span> <span class='ocrx_word' id='word_1_242' title='bbox 689 3225 916 3279; x_wconf 77' lang='grc' dir='ltr'>ἐπιπολὺ</span> <span class='ocrx_word' id='word_1_243' title='bbox 963 3224 1244 3296; x_wconf 77' lang='grc' dir='ltr'>θηλυγόνοι</span> <span class='ocrx_word' id='word_1_244' title='bbox 1269 3245 1283 3258; x_wconf 80' lang='grc'><em>’</em></span> <span class='ocrx_word' id='word_1_245' title='bbox 1313 3228 1404 3280; x_wconf 82' lang='grc' dir='ltr'><strong>τὸν</strong></span> <span class='ocrx_word' id='word_1_246' title='bbox 1435 3229 1492 3282; x_wconf 81' lang='grc' dir='ltr'>δὲ</span> <span class='ocrx_word' id='word_1_247' title='bbox 1521 3229 1856 3302; x_wconf 76' lang='grc' dir='ltr'>πλεονασμὸν</span> 
     </span>
    </p>
   </div>
   <div class='ocr_carea' id='block_1_33' title="bbox 271 3314 1854 3394">
    <p class='ocr_par' dir='ltr' id='par_1_33' title="bbox 271 3314 1854 3394">
     <span class='ocr_line' id='line_1_33' title="bbox 271 3314 1854 3394; baseline 0.004 -24"><span class='ocrx_word' id='word_1_248' title='bbox 271 3314 432 3390; x_wconf 63' lang='grc' dir='ltr'>ἣτῂν</span> <span class='ocrx_word' id='word_1_249' title='bbox 465 3314 637 3385; x_wconf 83' lang='grc' dir='ltr'>λείψιν</span> <span class='ocrx_word' id='word_1_250' title='bbox 673 3314 920 3384; x_wconf 87' lang='grc' dir='ltr'>γίνεσθαι</span> <span class='ocrx_word' id='word_1_251' title='bbox 959 3315 1017 3368; x_wconf 80' lang='grc' dir='ltr'><strong>ἐν</strong></span> <span class='ocrx_word' id='word_1_252' title='bbox 1045 3333 1158 3370; x_wconf 89' lang='grc' dir='ltr'>τισι</span> <span class='ocrx_word' id='word_1_253' title='bbox 1203 3320 1414 3390; x_wconf 81' lang='grc' dir='ltr'>μορίοις</span> <span class='ocrx_word' id='word_1_254' title='bbox 1443 3321 1593 3392; x_wconf 87' lang='grc' dir='ltr'>παρὰ</span> <span class='ocrx_word' id='word_1_255' title='bbox 1631 3321 1729 3394; x_wconf 82' lang='grc' dir='ltr'>τὴν</span> <span class='ocrx_word' id='word_1_256' title='bbox 1755 3323 1854 3393; x_wconf 83' lang='grc' dir='ltr'>τῆς</span> 
     </span>
    </p>
   </div>
   <div class='ocr_carea' id='block_1_34' title="bbox 279 3405 1857 3485">
    <p class='ocr_par' dir='ltr' id='par_1_34' title="bbox 279 3405 1857 3485">
     <span class='ocr_line' id='line_1_34' title="bbox 279 3405 1857 3485; baseline 0.006 -27"><span class='ocrx_word' id='word_1_257' title='bbox 279 3405 416 3480; x_wconf 74' lang='grc' dir='ltr'>ὕλης</span> <span class='ocrx_word' id='word_1_258' title='bbox 465 3405 698 3476; x_wconf 79' lang='grc' dir='ltr'>ἔλλειψιν</span> <span class='ocrx_word' id='word_1_259' title='bbox 743 3407 774 3479; x_wconf 75' lang='grc' dir='ltr'>ἢ</span> <span class='ocrx_word' id='word_1_260' title='bbox 825 3407 1195 3479; x_wconf 76' lang='grc' dir='ltr'>πλεονασμόνο</span> <span class='ocrx_word' id='word_1_261' title='bbox 1239 3409 1338 3481; x_wconf 73' lang='grc' dir='ltr'><strong>τὴν</strong></span> <span class='ocrx_word' id='word_1_262' title='bbox 1385 3410 1442 3464; x_wconf 79' lang='grc' dir='ltr'>δὲ</span> <span class='ocrx_word' id='word_1_263' title='bbox 1477 3411 1568 3465; x_wconf 81' lang='grc' dir='ltr'>τοῦ</span> <span class='ocrx_word' id='word_1_264' title='bbox 1610 3415 1857 3485; x_wconf 81' lang='grc' dir='ltr'>σπέρμα-</span> 
     </span>
    </p>
   </div>
   <div class='ocr_carea' id='block_1_35' title="bbox 281 3497 1861 3573">
    <p class='ocr_par' dir='ltr' id='par_1_35' title="bbox 281 3497 1861 3573">
     <span class='ocr_line' id='line_1_35' title="bbox 281 3497 1861 3573; baseline 0.006 -24"><span class='ocrx_word' id='word_1_265' title='bbox 281 3513 370 3561; x_wconf 83' lang='grc' dir='ltr'><strong>τος</strong></span> <span class='ocrx_word' id='word_1_266' title='bbox 413 3498 660 3568; x_wconf 75' lang='grc' dir='ltr'>ἔκκρισιν</span> <span class='ocrx_word' id='word_1_267' title='bbox 696 3497 762 3550; x_wconf 80' lang='grc' dir='ltr'><strong>ἐκ</strong></span> <span class='ocrx_word' id='word_1_268' title='bbox 798 3498 906 3552; x_wconf 84' lang='grc' dir='ltr'>τῶν</span> <span class='ocrx_word' id='word_1_269' title='bbox 933 3499 1060 3571; x_wconf 82' lang='grc' dir='ltr'>περὶ</span> <span class='ocrx_word' id='word_1_270' title='bbox 1091 3501 1190 3571; x_wconf 81' lang='grc' dir='ltr'>τὴν</span> <span class='ocrx_word' id='word_1_271' title='bbox 1225 3501 1464 3573; x_wconf 78' lang='grc' dir='ltr'>κεφαλὴν</span> <span class='ocrx_word' id='word_1_272' title='bbox 1497 3501 1742 3572; x_wconf 88' lang='grc' dir='ltr'>γίνεσθαι</span> <span class='ocrx_word' id='word_1_273' title='bbox 1771 3505 1861 3558; x_wconf 87' lang='grc' dir='ltr'><strong>τὸ-</strong></span> 
     </span>
    </p>
   </div>
   <div class='ocr_carea' id='block_1_36' title="bbox 283 3589 1860 3666">
    <p class='ocr_par' dir='ltr' id='par_1_36' title="bbox 283 3589 1860 3666">
     <span class='ocr_line' id='line_1_36' title="bbox 283 3589 1860 3666; baseline 0.006 -27"><span class='ocrx_word' id='word_1_274' title='bbox 283 3605 402 3642; x_wconf 88' lang='grc' dir='ltr'><strong>πων</strong></span> <span class='ocrx_word' id='word_1_275' title='bbox 423 3628 436 3653; x_wconf 84' lang='grc'><strong>,</strong></span> <span class='ocrx_word' id='word_1_276' title='bbox 467 3589 541 3651; x_wconf 85' lang='grc' dir='ltr'>ὡς</span> <span class='ocrx_word' id='word_1_277' title='bbox 573 3589 732 3659; x_wconf 83' lang='grc' dir='ltr'>δῆλον</span> <span class='ocrx_word' id='word_1_278' title='bbox 757 3592 822 3642; x_wconf 80' lang='grc' dir='ltr'><strong>ἐκ</strong></span> <span class='ocrx_word' id='word_1_279' title='bbox 863 3589 956 3643; x_wconf 80' lang='grc' dir='ltr'><strong>τοῦ</strong></span> <span class='ocrx_word' id='word_1_280' title='bbox 1000 3590 1360 3645; x_wconf 81' lang='grc' dir='ltr'>κοιλαίνεσθαι</span> <span class='ocrx_word' id='word_1_281' title='bbox 1398 3595 1520 3656; x_wconf 75' lang='grc' dir='ltr'>τοὺς</span> <span class='ocrx_word' id='word_1_282' title='bbox 1549 3594 1860 3666; x_wconf 80' lang='grc' dir='ltr'>ὀφθαλμοὺς</span> 
     </span>
    </p>
   </div>
   <div class='ocr_carea' id='block_1_37' title="bbox 282 3674 1856 3755">
    <p class='ocr_par' dir='ltr' id='par_1_37' title="bbox 282 3674 1856 3755">
     <span class='ocr_line' id='line_1_37' title="bbox 282 3674 1856 3755; baseline 0.008 -29"><span class='ocrx_word' id='word_1_283' title='bbox 282 3674 392 3726; x_wconf 87' lang='grc' dir='ltr'><strong>τῶν</strong></span> <span class='ocrx_word' id='word_1_284' title='bbox 420 3676 645 3728; x_wconf 78' lang='grc' dir='ltr'>πλεῖστα</span> <span class='ocrx_word' id='word_1_285' title='bbox 666 3678 1122 3740; x_wconf 77' lang='grc' dir='ltr'>συνουσιαζόντων</span> <span class='ocrx_word' id='word_1_286' title='bbox 1143 3719 1156 3733; x_wconf 94' lang='grc'><strong>.</strong></span> <span class='ocrx_word' id='word_1_287' title='bbox 1199 3683 1544 3748; x_wconf 82' lang='grc' dir='ltr'>Συγκινεϊται</span> <span class='ocrx_word' id='word_1_288' title='bbox 1563 3682 1620 3735; x_wconf 79' lang='grc' dir='ltr'><strong>δὲ</strong></span> <span class='ocrx_word' id='word_1_289' title='bbox 1651 3688 1716 3755; x_wconf 77' lang='grc' dir='ltr'>τῇ</span> <span class='ocrx_word' id='word_1_290' title='bbox 1746 3685 1856 3738; x_wconf 86' lang='grc' dir='ltr'>δια-</span> 
     </span>
    </p>
   </div>
   <div class='ocr_carea' id='block_1_38' title="bbox 285 3765 1857 3842">
    <p class='ocr_par' dir='ltr' id='par_1_38' title="bbox 285 3765 1857 3842">
     <span class='ocr_line' id='line_1_38' title="bbox 285 3765 1857 3842; baseline 0.006 -26"><span class='ocrx_word' id='word_1_291' title='bbox 285 3765 404 3836; x_wconf 72' lang='grc' dir='ltr'>νοίᾳ</span> <span class='ocrx_word' id='word_1_292' title='bbox 453 3767 486 3836; x_wconf 82' lang='grc' dir='ltr'><strong>ή</strong></span> <span class='ocrx_word' id='word_1_293' title='bbox 519 3767 722 3836; x_wconf 81' lang='grc' dir='ltr'>μήτρα,</span> <span class='ocrx_word' id='word_1_294' title='bbox 755 3767 830 3830; x_wconf 84' lang='grc' dir='ltr'>ὡς</span> <span class='ocrx_word' id='word_1_295' title='bbox 859 3769 952 3820; x_wconf 73' lang='grc' dir='ltr'>καὶ</span> <span class='ocrx_word' id='word_1_296' title='bbox 989 3769 1050 3820; x_wconf 85' lang='grc' dir='ltr'><strong>τὸ</strong></span> <span class='ocrx_word' id='word_1_297' title='bbox 1091 3769 1186 3822; x_wconf 80' lang='grc' dir='ltr'>τοῦ</span> <span class='ocrx_word' id='word_1_298' title='bbox 1234 3771 1459 3842; x_wconf 77' lang='grc' dir='ltr'>ἄρρενος</span> <span class='ocrx_word' id='word_1_299' title='bbox 1507 3771 1732 3824; x_wconf 78' lang='grc' dir='ltr'>αἰδοῖον·</span> <span class='ocrx_word' id='word_1_300' title='bbox 1758 3789 1857 3826; x_wconf 83' lang='grc' dir='ltr'>πο-</span> 
     </span>
    </p>
   </div>
   <div class='ocr_carea' id='block_1_39' title="bbox 284 3855 1856 3931">
    <p class='ocr_par' dir='ltr' id='par_1_39' title="bbox 284 3855 1856 3931">
     <span class='ocr_line' id='line_1_39' title="bbox 284 3855 1856 3931; baseline 0.003 -23"><span class='ocrx_word' id='word_1_301' title='bbox 284 3855 341 3908; x_wconf 82' lang='grc' dir='ltr'><strong>τὲ</strong></span> <span class='ocrx_word' id='word_1_302' title='bbox 382 3855 440 3909; x_wconf 78' lang='grc' dir='ltr'><strong>δὲ</strong></span> <span class='ocrx_word' id='word_1_303' title='bbox 469 3859 563 3911; x_wconf 80' lang='grc' dir='ltr'><strong>καὶ</strong></span> <span class='ocrx_word' id='word_1_304' title='bbox 594 3857 994 3928; x_wconf 79' lang='grc' dir='ltr'>ἀπροαιρέτως·</span> <span class='ocrx_word' id='word_1_305' title='bbox 1021 3859 1217 3928; x_wconf 84' lang='grc' dir='ltr'>δίδυμα</span> <span class='ocrx_word' id='word_1_306' title='bbox 1244 3859 1302 3912; x_wconf 83' lang='grc' dir='ltr'><strong>δὲ</strong></span> <span class='ocrx_word' id='word_1_307' title='bbox 1331 3860 1539 3928; x_wconf 85' lang='grc' dir='ltr'>γίνεται</span> <span class='ocrx_word' id='word_1_308' title='bbox 1576 3861 1716 3914; x_wconf 74' lang='grc' dir='ltr'>κατὰ</span> <span class='ocrx_word' id='word_1_309' title='bbox 1739 3863 1856 3931; x_wconf 85' lang='grc' dir='ltr'>σχί-</span> 
     </span>
    </p>
   </div>
   <div class='ocr_carea' id='block_1_40' title="bbox 285 3948 1852 4022">
    <p class='ocr_par' dir='ltr' id='par_1_40' title="bbox 285 3948 1852 4022">
     <span class='ocr_line' id='line_1_40' title="bbox 285 3948 1852 4022; baseline 0.005 -24"><span class='ocrx_word' id='word_1_310' title='bbox 285 3962 370 4000; x_wconf 90' lang='grc' dir='ltr'><strong>σιν</strong></span> <span class='ocrx_word' id='word_1_311' title='bbox 395 3948 487 4000; x_wconf 79' lang='grc' dir='ltr'>τοῦ</span> <span class='ocrx_word' id='word_1_312' title='bbox 517 3948 828 4020; x_wconf 84' lang='grc' dir='ltr'>σπέρματος</span> <span class='ocrx_word' id='word_1_313' title='bbox 859 3949 917 4002; x_wconf 84' lang='grc' dir='ltr'><strong>ἐν</strong></span> <span class='ocrx_word' id='word_1_314' title='bbox 943 3951 1002 4019; x_wconf 83' lang='grc' dir='ltr'>τῇ</span> <span class='ocrx_word' id='word_1_315' title='bbox 1034 3951 1217 4022; x_wconf 65' lang='grc' dir='ltr'>μήτρᾳ</span> <span class='ocrx_word' id='word_1_316' title='bbox 1235 3966 1250 3980; x_wconf 75' lang='grc' dir='ltr'><strong><em>ο</em></strong></span> <span class='ocrx_word' id='word_1_317' title='bbox 1277 3953 1325 4003; x_wconf 81' lang='grc' dir='ltr'><strong>εί</strong></span> <span class='ocrx_word' id='word_1_318' title='bbox 1355 3950 1452 4020; x_wconf 82' lang='grc' dir='ltr'>μὲν</span> <span class='ocrx_word' id='word_1_319' title='bbox 1481 3952 1852 4022; x_wconf 82' lang='grc' dir='ltr'>πεπεμμένον,</span> 
     </span>
    </p>
   </div>
   <div class='ocr_carea' id='block_1_41' title="bbox 285 4037 1857 4110">
    <p class='ocr_par' dir='ltr' id='par_1_41' title="bbox 285 4037 1857 4110">
     <span class='ocr_line' id='line_1_41' title="bbox 285 4037 1857 4110; baseline 0.003 -20"><span class='ocrx_word' id='word_1_320' title='bbox 285 4037 492 4109; x_wconf 74' lang='grc' dir='ltr'>ἄρρενα</span> <span class='ocrx_word' id='word_1_321' title='bbox 533 4039 663 4106; x_wconf 89' lang='grc' dir='ltr'>δύο,</span> <span class='ocrx_word' id='word_1_322' title='bbox 725 4037 775 4090; x_wconf 78' lang='grc' dir='ltr'><strong>εί</strong></span> <span class='ocrx_word' id='word_1_323' title='bbox 835 4038 893 4092; x_wconf 84' lang='grc' dir='ltr'><strong>δὲ</strong></span> <span class='ocrx_word' id='word_1_324' title='bbox 959 4040 1068 4110; x_wconf 83' lang='grc' dir='ltr'>μὴ,</span> <span class='ocrx_word' id='word_1_325' title='bbox 1123 4039 1447 4094; x_wconf 82' lang='grc' dir='ltr'>τούναντίον.</span> <span class='ocrx_word' id='word_1_326' title='bbox 1499 4041 1740 4096; x_wconf 82' lang='grc' dir='ltr'>Γίνονται</span> <span class='ocrx_word' id='word_1_327' title='bbox 1797 4042 1857 4094; x_wconf 79' lang='grc' dir='ltr'><strong>δὲ</strong></span> 
     </span>
    </p>
   </div>
   <div class='ocr_carea' id='block_1_42' title="bbox 286 4121 1870 4205">
    <p class='ocr_par' dir='ltr' id='par_1_42' title="bbox 286 4121 1870 4205">
     <span class='ocr_line' id='line_1_42' title="bbox 286 4121 1870 4205; baseline 0.004 -25"><span class='ocrx_word' id='word_1_328' title='bbox 286 4131 381 4181; x_wconf 72' lang='grc' dir='ltr'><strong>καὶ</strong></span> <span class='ocrx_word' id='word_1_329' title='bbox 432 4131 552 4184; x_wconf 84' lang='grc' dir='ltr'>κατ’</span> <span class='ocrx_word' id='word_1_330' title='bbox 610 4129 1000 4205; x_wconf 79' lang='grc' dir='ltr'>ἐπισύλληψιν·</span> <span class='ocrx_word' id='word_1_331' title='bbox 1049 4129 1170 4184; x_wconf 81' lang='grc' dir='ltr'>ὅθεν</span> <span class='ocrx_word' id='word_1_332' title='bbox 1232 4131 1489 4195; x_wconf 81' lang='grc' dir='ltr'>πολλάκις</span> <span class='ocrx_word' id='word_1_333' title='bbox 1543 4132 1637 4185; x_wconf 78' lang='grc' dir='ltr'><strong>καὶ</strong></span> <span class='ocrx_word' id='word_1_334' title='bbox 1691 4121 1870 4202; x_wconf 76' lang='grc' dir='ltr'>ἄρσεν’</span> 
     </span>
    </p>
   </div>
   <div class='ocr_carea' id='block_1_43' title="bbox 284 4221 1854 4296">
    <p class='ocr_par' dir='ltr' id='par_1_43' title="bbox 284 4221 1854 4296">
     <span class='ocr_line' id='line_1_43' title="bbox 284 4221 1854 4296; baseline 0.003 -22"><span class='ocrx_word' id='word_1_335' title='bbox 284 4221 382 4274; x_wconf 76' lang='grc' dir='ltr'>καὶ</span> <span class='ocrx_word' id='word_1_336' title='bbox 429 4222 564 4293; x_wconf 80' lang='grc' dir='ltr'>θῆλυ</span> <span class='ocrx_word' id='word_1_337' title='bbox 639 4222 866 4290; x_wconf 87' lang='grc' dir='ltr'>γίνεται.</span> <span class='ocrx_word' id='word_1_338' title='bbox 933 4221 1212 4296; x_wconf 84' lang='grc' dir='ltr'>Τρόφιμον</span> <span class='ocrx_word' id='word_1_339' title='bbox 1264 4223 1320 4276; x_wconf 82' lang='grc' dir='ltr'><strong>δὲ</strong></span> <span class='ocrx_word' id='word_1_340' title='bbox 1369 4224 1541 4292; x_wconf 83' lang='grc' dir='ltr'>γάλα,</span> <span class='ocrx_word' id='word_1_341' title='bbox 1599 4223 1659 4276; x_wconf 79' lang='grc' dir='ltr'><strong>τὸ</strong></span> <span class='ocrx_word' id='word_1_342' title='bbox 1711 4231 1854 4296; x_wconf 76' lang='grc' dir='ltr'>παχὺ</span> 
     </span>
    </p>
   </div>
   <div class='ocr_carea' id='block_1_44' title="bbox 287 4313 1856 4392">
    <p class='ocr_par' dir='ltr' id='par_1_44' title="bbox 287 4313 1856 4392">
     <span class='ocr_line' id='line_1_44' title="bbox 287 4313 1856 4392; baseline 0.004 -26"><span class='ocrx_word' id='word_1_343' title='bbox 287 4313 380 4366; x_wconf 79' lang='grc' dir='ltr'><strong>καὶ</strong></span> <span class='ocrx_word' id='word_1_344' title='bbox 411 4316 598 4387; x_wconf 72' lang='grc' dir='ltr'>κιῤῥόν</span> <span class='ocrx_word' id='word_1_345' title='bbox 620 4331 634 4344; x_wconf 83' lang='grc'><strong>’</strong></span> <span class='ocrx_word' id='word_1_346' title='bbox 663 4316 759 4368; x_wconf 74' lang='grc' dir='ltr'>καὶ</span> <span class='ocrx_word' id='word_1_347' title='bbox 801 4316 958 4386; x_wconf 83' lang='grc' dir='ltr'>δῆλον</span> <span class='ocrx_word' id='word_1_348' title='bbox 985 4318 1050 4370; x_wconf 88' lang='grc' dir='ltr'><strong>ἐκ</strong></span> <span class='ocrx_word' id='word_1_349' title='bbox 1092 4316 1201 4370; x_wconf 85' lang='grc' dir='ltr'><strong>τῶν</strong></span> <span class='ocrx_word' id='word_1_350' title='bbox 1233 4317 1430 4388; x_wconf 78' lang='grc' dir='ltr'>τυρῶν.</span> <span class='ocrx_word' id='word_1_351' title='bbox 1465 4318 1543 4374; x_wconf 84' lang='grc' dir='ltr'><strong>Δι’</strong></span> <span class='ocrx_word' id='word_1_352' title='bbox 1575 4318 1715 4375; x_wconf 76' lang='grc' dir='ltr'>ἑπτὰ</span> <span class='ocrx_word' id='word_1_353' title='bbox 1753 4339 1856 4392; x_wconf 79' lang='grc' dir='ltr'><strong>μη-</strong></span> 
     </span>
    </p>
   </div>
   <div class='ocr_carea' id='block_1_45' title="bbox 287 4405 1857 4477">
    <p class='ocr_par' dir='ltr' id='par_1_45' title="bbox 287 4405 1857 4477">
     <span class='ocr_line' id='line_1_45' title="bbox 287 4405 1857 4477; baseline 0.004 -19"><span class='ocrx_word' id='word_1_354' title='bbox 287 4405 393 4459; x_wconf 84' lang='grc' dir='ltr'><strong>νῶν</strong></span> <span class='ocrx_word' id='word_1_355' title='bbox 447 4407 582 4477; x_wconf 81' lang='grc' dir='ltr'>γυνὴ</span> <span class='ocrx_word' id='word_1_356' title='bbox 635 4407 912 4474; x_wconf 81' lang='grc' dir='ltr'>πολλάκις,</span> <span class='ocrx_word' id='word_1_357' title='bbox 953 4409 1028 4472; x_wconf 85' lang='grc' dir='ltr'><strong>ὡς</strong></span> <span class='ocrx_word' id='word_1_358' title='bbox 1075 4409 1302 4462; x_wconf 82' lang='grc' dir='ltr'>ἐπιπολὺ</span> <span class='ocrx_word' id='word_1_359' title='bbox 1340 4410 1396 4462; x_wconf 84' lang='grc' dir='ltr'>δὲ</span> <span class='ocrx_word' id='word_1_360' title='bbox 1429 4410 1600 4474; x_wconf 84' lang='grc' dir='ltr'>ἐννέα,</span> <span class='ocrx_word' id='word_1_361' title='bbox 1661 4412 1857 4466; x_wconf 83' lang='grc' dir='ltr'>πολλά-</span> 
     </span>
    </p>
   </div>
   <div class='ocr_carea' id='block_1_46' title="bbox 287 4498 1852 4572">
    <p class='ocr_par' dir='ltr' id='par_1_46' title="bbox 287 4498 1852 4572">
     <span class='ocr_line' id='line_1_46' title="bbox 287 4498 1852 4572; baseline 0.004 -22"><span class='ocrx_word' id='word_1_362' title='bbox 287 4513 374 4562; x_wconf 87' lang='grc' dir='ltr'><strong>κις</strong></span> <span class='ocrx_word' id='word_1_363' title='bbox 405 4498 460 4552; x_wconf 76' lang='grc' dir='ltr'><strong>δὲ</strong></span> <span class='ocrx_word' id='word_1_364' title='bbox 504 4505 554 4561; x_wconf 83' lang='grc' dir='ltr'>ι’,</span> <span class='ocrx_word' id='word_1_365' title='bbox 598 4499 976 4569; x_wconf 84' lang='grc' dir='ltr'>προσλαϐοῦσα</span> <span class='ocrx_word' id='word_1_366' title='bbox 997 4540 1012 4564; x_wconf 90' lang='grc'><strong>,</strong></span> <span class='ocrx_word' id='word_1_367' title='bbox 1047 4501 1138 4553; x_wconf 77' lang='grc' dir='ltr'><strong>καὶ</strong></span> <span class='ocrx_word' id='word_1_368' title='bbox 1187 4502 1252 4553; x_wconf 87' lang='grc' dir='ltr'><strong>ἐκ</strong></span> <span class='ocrx_word' id='word_1_369' title='bbox 1286 4499 1379 4553; x_wconf 81' lang='grc' dir='ltr'>τοῦ</span> <span class='ocrx_word' id='word_1_370' title='bbox 1418 4507 1484 4554; x_wconf 88' lang='grc' dir='ltr'>ια’</span> <span class='ocrx_word' id='word_1_371' title='bbox 1515 4502 1669 4572; x_wconf 83' lang='grc' dir='ltr'>μόλις</span> <span class='ocrx_word' id='word_1_372' title='bbox 1701 4504 1852 4560; x_wconf 84' lang='grc' dir='ltr'>ποτέ.</span> 
     </span>
    </p>
   </div>
   <div class='ocr_carea' id='block_1_47' title="bbox 291 4587 1856 4668">
    <p class='ocr_par' dir='ltr' id='par_1_47' title="bbox 291 4587 1856 4668">
     <span class='ocr_line' id='line_1_47' title="bbox 291 4587 1856 4668; baseline 0.005 -27"><span class='ocrx_word' id='word_1_373' title='bbox 291 4587 362 4641; x_wconf 84' lang='grc' dir='ltr'>Ἢ</span> <span class='ocrx_word' id='word_1_374' title='bbox 385 4593 474 4664; x_wconf 81' lang='grc' dir='ltr'>ζῇ,</span> <span class='ocrx_word' id='word_1_375' title='bbox 519 4592 554 4663; x_wconf 77' lang='grc' dir='ltr'>ἦ</span> <span class='ocrx_word' id='word_1_376' title='bbox 597 4593 740 4660; x_wconf 82' lang='grc' dir='ltr'>τέξει</span> <span class='ocrx_word' id='word_1_377' title='bbox 772 4593 862 4646; x_wconf 86' lang='grc' dir='ltr'><strong>τὸν</strong></span> <span class='ocrx_word' id='word_1_378' title='bbox 893 4593 1221 4664; x_wconf 81' lang='grc' dir='ltr'>καλούμενον</span> <span class='ocrx_word' id='word_1_379' title='bbox 1255 4593 1440 4666; x_wconf 88' lang='grc' dir='ltr'>μύλον,</span> <span class='ocrx_word' id='word_1_380' title='bbox 1471 4595 1528 4658; x_wconf 82' lang='grc' dir='ltr'>ὃς</span> <span class='ocrx_word' id='word_1_381' title='bbox 1571 4595 1688 4648; x_wconf 83' lang='grc' dir='ltr'>ἐστι</span> <span class='ocrx_word' id='word_1_382' title='bbox 1721 4595 1856 4668; x_wconf 76' lang='grc' dir='ltr'>σὰρξ</span> 
     </span>
    </p>
   </div>
   <div class='ocr_carea' id='block_1_48' title="bbox 289 4679 1853 4758">
    <p class='ocr_par' dir='ltr' id='par_1_48' title="bbox 289 4679 1853 4758">
     <span class='ocr_line' id='line_1_48' title="bbox 289 4679 1853 4758; baseline 0.003 -25"><span class='ocrx_word' id='word_1_383' title='bbox 289 4679 601 4753; x_wconf 82' lang='grc' dir='ltr'>σκληρὰ,ἢ</span> <span class='ocrx_word' id='word_1_384' title='bbox 659 4683 1006 4738; x_wconf 84' lang='grc' dir='ltr'>κινδυνεύσει.</span> <span class='ocrx_word' id='word_1_385' title='bbox 1054 4685 1188 4754; x_wconf 75' lang='grc' dir='ltr'>Περὶ</span> <span class='ocrx_word' id='word_1_386' title='bbox 1213 4683 1298 4752; x_wconf 67' lang='grc' dir='ltr'>,τὰ</span> <span class='ocrx_word' id='word_1_387' title='bbox 1345 4685 1717 4756; x_wconf 87' lang='grc' dir='ltr'>δεκατέσσαρα</span> <span class='ocrx_word' id='word_1_388' title='bbox 1759 4685 1853 4758; x_wconf 80' lang='grc' dir='ltr'><strong>ἔτη</strong></span> 
     </span>
    </p>
   </div>
   <div class='ocr_carea' id='block_1_49' title="bbox 291 4771 1854 4847">
    <p class='ocr_par' dir='ltr' id='par_1_49' title="bbox 291 4771 1854 4847">
     <span class='ocr_line' id='line_1_49' title="bbox 291 4771 1854 4847; baseline 0.004 -26"><span class='ocrx_word' id='word_1_389' title='bbox 291 4771 685 4836; x_wconf 85' lang='grc' dir='ltr'>μεταϐάλλουσι</span> <span class='ocrx_word' id='word_1_390' title='bbox 731 4774 830 4835; x_wconf 82' lang='grc' dir='ltr'>τὰς</span> <span class='ocrx_word' id='word_1_391' title='bbox 877 4773 1017 4838; x_wconf 80' lang='grc' dir='ltr'>’ἐξεις</span> <span class='ocrx_word' id='word_1_392' title='bbox 1037 4777 1086 4826; x_wconf 89' lang='grc' dir='ltr'>οἱ</span> <span class='ocrx_word' id='word_1_393' title='bbox 1129 4775 1354 4846; x_wconf 72' lang='grc' dir='ltr'>ἄρρενες</span> <span class='ocrx_word' id='word_1_394' title='bbox 1396 4777 1488 4830; x_wconf 76' lang='grc' dir='ltr'><strong>καὶ</strong></span> <span class='ocrx_word' id='word_1_395' title='bbox 1519 4777 1576 4832; x_wconf 84' lang='grc' dir='ltr'>αἱ</span> <span class='ocrx_word' id='word_1_396' title='bbox 1615 4776 1854 4847; x_wconf 80' lang='grc' dir='ltr'>θήλειαι·</span> 
     </span>
    </p>
   </div>
   <div class='ocr_carea' id='block_1_50' title="bbox 287 4858 1856 4934">
    <p class='ocr_par' dir='ltr' id='par_1_50' title="bbox 287 4858 1856 4934">
     <span class='ocr_line' id='line_1_50' title="bbox 287 4858 1856 4934; baseline 0.005 -22"><span class='ocrx_word' id='word_1_397' title='bbox 287 4858 348 4924; x_wconf 80' lang='grc' dir='ltr'><strong>ἐξ</strong></span> <span class='ocrx_word' id='word_1_398' title='bbox 377 4860 612 4914; x_wconf 81' lang='grc' dir='ltr'>εύεκτῶν</span> <span class='ocrx_word' id='word_1_399' title='bbox 658 4862 1009 4920; x_wconf 84' lang='grc' dir='ltr'>κακοεύεκτοι</span> <span class='ocrx_word' id='word_1_400' title='bbox 1053 4863 1344 4934; x_wconf 85' lang='grc' dir='ltr'>γινόμενοι,</span> <span class='ocrx_word' id='word_1_401' title='bbox 1381 4866 1473 4918; x_wconf 77' lang='grc' dir='ltr'><strong>καὶ</strong></span> <span class='ocrx_word' id='word_1_402' title='bbox 1517 4865 1818 4925; x_wconf 74' lang='grc' dir='ltr'>τούναντίον</span> <span class='ocrx_word' id='word_1_403' title='bbox 1843 4909 1856 4920; x_wconf 90' lang='grc'><strong>.</strong></span> 
     </span>
    </p>
   </div>
   <div class='ocr_carea' id='block_1_51' title="bbox 289 4951 1862 5026">
    <p class='ocr_par' dir='ltr' id='par_1_51' title="bbox 289 4951 1862 5026">
     <span class='ocr_line' id='line_1_51' title="bbox 289 4951 1862 5026; baseline 0.004 -22"><span class='ocrx_word' id='word_1_404' title='bbox 289 4951 425 5004; x_wconf 84' lang='grc' dir='ltr'>Τότε</span> <span class='ocrx_word' id='word_1_405' title='bbox 461 4951 556 5005; x_wconf 72' lang='grc' dir='ltr'>καὶ</span> <span class='ocrx_word' id='word_1_406' title='bbox 589 4954 707 5015; x_wconf 86' lang='grc' dir='ltr'>ταῖς</span> <span class='ocrx_word' id='word_1_407' title='bbox 743 4951 982 5020; x_wconf 75' lang='grc' dir='ltr'>θηλείαις</span> <span class='ocrx_word' id='word_1_408' title='bbox 1009 4952 1080 5005; x_wconf 84' lang='grc' dir='ltr'>τὰ</span> <span class='ocrx_word' id='word_1_409' title='bbox 1107 4953 1248 5007; x_wconf 77' lang='grc' dir='ltr'>κατὰ</span> <span class='ocrx_word' id='word_1_410' title='bbox 1277 4955 1450 5026; x_wconf 84' lang='grc' dir='ltr'>μῆνας</span> <span class='ocrx_word' id='word_1_411' title='bbox 1475 4955 1721 5026; x_wconf 83' lang='grc' dir='ltr'>ἄρχεται,</span> <span class='ocrx_word' id='word_1_412' title='bbox 1749 4959 1862 5022; x_wconf 82' lang='grc' dir='ltr'>τοῖς</span> 
     </span>
    </p>
   </div>
   <div class='ocr_carea' id='block_1_52' title="bbox 287 5040 1862 5118">
    <p class='ocr_par' dir='ltr' id='par_1_52' title="bbox 287 5040 1862 5118">
     <span class='ocr_line' id='line_1_52' title="bbox 287 5040 1862 5118; baseline 0.005 -25"><span class='ocrx_word' id='word_1_413' title='bbox 287 5041 346 5094; x_wconf 79' lang='grc' dir='ltr'><strong>δὲ</strong></span> <span class='ocrx_word' id='word_1_414' title='bbox 394 5043 590 5115; x_wconf 71' lang='grc' dir='ltr'>ἄρρεσι</span> <span class='ocrx_word' id='word_1_415' title='bbox 631 5040 692 5093; x_wconf 78' lang='grc' dir='ltr'>τὸ</span> <span class='ocrx_word' id='word_1_416' title='bbox 732 5042 994 5114; x_wconf 88' lang='grc' dir='ltr'>σπέρμα,</span> <span class='ocrx_word' id='word_1_417' title='bbox 1025 5043 1119 5098; x_wconf 73' lang='grc' dir='ltr'>καὶ</span> <span class='ocrx_word' id='word_1_418' title='bbox 1166 5045 1200 5113; x_wconf 88' lang='grc' dir='ltr'><strong>ή</strong></span> <span class='ocrx_word' id='word_1_419' title='bbox 1252 5045 1402 5116; x_wconf 82' lang='grc' dir='ltr'>φωνὴ</span> <span class='ocrx_word' id='word_1_420' title='bbox 1459 5043 1781 5118; x_wconf 80' lang='grc' dir='ltr'>βαρύνεται·</span> <span class='ocrx_word' id='word_1_421' title='bbox 1813 5049 1862 5101; x_wconf 81' lang='grc' dir='ltr'><strong>οἱ</strong></span> 
     </span>
    </p>
   </div>
   <div class='ocr_carea' id='block_1_53' title="bbox 292 5133 1859 5213">
    <p class='ocr_par' dir='ltr' id='par_1_53' title="bbox 292 5133 1859 5213">
     <span class='ocr_line' id='line_1_53' title="bbox 292 5133 1859 5213; baseline 0.005 -27"><span class='ocrx_word' id='word_1_422' title='bbox 292 5137 484 5204; x_wconf 77' lang='grc' dir='ltr'>μαστοὶ</span> <span class='ocrx_word' id='word_1_423' title='bbox 500 5135 557 5190; x_wconf 82' lang='grc' dir='ltr'>δὲ</span> <span class='ocrx_word' id='word_1_424' title='bbox 582 5137 674 5189; x_wconf 74' lang='grc' dir='ltr'><strong>καὶ</strong></span> <span class='ocrx_word' id='word_1_425' title='bbox 694 5136 762 5187; x_wconf 76' lang='grc' dir='ltr'>τὰ</span> <span class='ocrx_word' id='word_1_426' title='bbox 789 5135 961 5188; x_wconf 82' lang='grc' dir='ltr'>αἰδοῖα</span> <span class='ocrx_word' id='word_1_427' title='bbox 986 5133 1236 5199; x_wconf 73' lang='grc' dir='ltr'>αὔξονται</span> <span class='ocrx_word' id='word_1_428' title='bbox 1257 5151 1269 5164; x_wconf 88' lang='grc'><strong>·</strong></span> <span class='ocrx_word' id='word_1_429' title='bbox 1303 5134 1564 5207; x_wconf 55' lang='grc' dir='ltr'>δύσχφυς</span> <span class='ocrx_word' id='word_1_430' title='bbox 1586 5138 1644 5192; x_wconf 82' lang='grc' dir='ltr'><strong>δὲ</strong></span> <span class='ocrx_word' id='word_1_431' title='bbox 1665 5139 1699 5210; x_wconf 80' lang='grc' dir='ltr'><strong>ἡ</strong></span> <span class='ocrx_word' id='word_1_432' title='bbox 1723 5141 1859 5213; x_wconf 82' lang='grc' dir='ltr'>γυνὴ</span> 
     </span>
    </p>
   </div>
   <div class='ocr_carea' id='block_1_54' title="bbox 291 5221 1010 5302">
    <p class='ocr_par' dir='ltr' id='par_1_54' title="bbox 291 5221 1010 5302">
     <span class='ocr_line' id='line_1_54' title="bbox 291 5221 1010 5302; baseline 0.008 -28"><span class='ocrx_word' id='word_1_433' title='bbox 291 5221 388 5274; x_wconf 82' lang='grc' dir='ltr'>ἐὰν</span> <span class='ocrx_word' id='word_1_434' title='bbox 423 5225 558 5296; x_wconf 81' lang='grc' dir='ltr'>θῆλυ</span> <span class='ocrx_word' id='word_1_435' title='bbox 585 5226 786 5298; x_wconf 78' lang='grc' dir='ltr'>κυῆσαι</span> <span class='ocrx_word' id='word_1_436' title='bbox 821 5226 1010 5302; x_wconf 74' lang='grc' dir='ltr'>μέλλῃ.</span> 
     </span>
    </p>
   </div>
   <div class='ocr_carea' id='block_1_55' title="bbox 1649 392 2113 454">
    <p class='ocr_par' dir='ltr' id='par_1_55' title="bbox 1649 392 2113 454">
     <span class='ocr_line' id='line_1_55' title="bbox 1649 392 2113 454; baseline 0.002 -4"><span class='ocrx_word' id='word_1_437' title='bbox 1649 392 1995 454; x_wconf 63' lang='lat' dir='ltr'><strong>unum:le</strong></span> <span class='ocrx_word' id='word_1_438' title='bbox 2030 395 2113 452; x_wconf 85' lang='lat' dir='ltr'><strong>Ill.</strong></span> 
     </span>
    </p>
   </div>
   <div class='ocr_carea' id='block_1_56' title="bbox 3382 394 3524 452">
    <p class='ocr_par' dir='ltr' id='par_1_56' title="bbox 3382 394 3524 452">
     <span class='ocr_line' id='line_1_56' title="bbox 3382 394 3524 452; baseline 0.021 -3"><span class='ocrx_word' id='word_1_439' title='bbox 3382 394 3524 452; x_wconf 65' lang='grc'><strong>1082</strong></span> 
     </span>
    </p>
   </div>
   <div class='ocr_carea' id='block_1_57' title="bbox 1964 515 3524 592">
    <p class='ocr_par' dir='ltr' id='par_1_57' title="bbox 1964 515 3524 592">
     <span class='ocr_line' id='line_1_57' title="bbox 1964 515 3524 592; baseline -0.001 -18"><span class='ocrx_word' id='word_1_440' title='bbox 1964 520 2042 575; x_wconf 87' lang='lat' dir='ltr'><strong>illi</strong></span> <span class='ocrx_word' id='word_1_441' title='bbox 2070 519 2318 575; x_wconf 88' lang='lat' dir='ltr'><strong>conferre</strong></span> <span class='ocrx_word' id='word_1_442' title='bbox 2352 515 2556 592; x_wconf 77' lang='lat' dir='ltr'><strong>aliquid</strong></span> <span class='ocrx_word' id='word_1_443' title='bbox 2589 519 2848 576; x_wconf 78' lang='lat' dir='ltr'><strong>feminam</strong></span> <span class='ocrx_word' id='word_1_444' title='bbox 2881 518 2949 574; x_wconf 89' lang='lat' dir='ltr'><strong>ad</strong></span> <span class='ocrx_word' id='word_1_445' title='bbox 3001 518 3212 574; x_wconf 79' lang='lat' dir='ltr'><strong>vitalem</strong></span> <span class='ocrx_word' id='word_1_446' title='bbox 3267 533 3524 591; x_wconf 84' lang='lat' dir='ltr'><strong>procrea-</strong></span> 
     </span>
    </p>
   </div>
   <div class='ocr_carea' id='block_1_58' title="bbox 1954 611 3522 684">
    <p class='ocr_par' dir='ltr' id='par_1_58' title="bbox 1954 611 3522 684">
     <span class='ocr_line' id='line_1_58' title="bbox 1954 611 3522 684; baseline 0.001 -19"><span class='ocrx_word' id='word_1_447' title='bbox 1954 611 2156 668; x_wconf 78' lang='lat' dir='ltr'><strong>tionem</strong></span> <span class='ocrx_word' id='word_1_448' title='bbox 2181 611 2247 668; x_wconf 85' lang='lat' dir='ltr'><strong>ad</strong></span> <span class='ocrx_word' id='word_1_449' title='bbox 2297 612 2349 666; x_wconf 91' lang='lat' dir='ltr'><strong>id</strong></span> <span class='ocrx_word' id='word_1_450' title='bbox 2391 612 2534 684; x_wconf 92' lang='lat' dir='ltr'><strong>quod</strong></span> <span class='ocrx_word' id='word_1_451' title='bbox 2585 627 2618 674; x_wconf 82' lang='lat' dir='ltr'><strong>a</strong></span> <span class='ocrx_word' id='word_1_452' title='bbox 2641 613 2761 674; x_wconf 84' lang='lat' dir='ltr'><strong>viro</strong></span> <span class='ocrx_word' id='word_1_453' title='bbox 2791 611 3126 677; x_wconf 79' lang='lat' dir='ltr'><strong>excernitur,</strong></span> <span class='ocrx_word' id='word_1_454' title='bbox 3179 619 3438 684; x_wconf 89' lang='lat' dir='ltr'><strong>tanquam</strong></span> <span class='ocrx_word' id='word_1_455' title='bbox 3473 625 3522 666; x_wconf 78' lang='grc' dir='ltr'><strong>ει</strong></span> 
     </span>
    </p>
   </div>
   <div class='ocr_carea' id='block_1_59' title="bbox 1957 699 3568 773">
    <p class='ocr_par' dir='ltr' id='par_1_59' title="bbox 1957 699 3568 773">
     <span class='ocr_line' id='line_1_59' title="bbox 1957 699 3568 773; baseline -0.001 -15"><span class='ocrx_word' id='word_1_456' title='bbox 1957 718 2138 758; x_wconf 72' lang='lat' dir='ltr'><strong>causa:</strong></span> <span class='ocrx_word' id='word_1_457' title='bbox 2197 703 2446 760; x_wconf 79' lang='lat' dir='ltr'><strong>eﬂicicnti</strong></span> <span class='ocrx_word' id='word_1_458' title='bbox 2477 703 2716 773; x_wconf 85' lang='lat' dir='ltr'><strong>aliquam</strong></span> <span class='ocrx_word' id='word_1_459' title='bbox 2757 703 3040 758; x_wconf 83' lang='lat' dir='ltr'><strong>materiam</strong></span> <span class='ocrx_word' id='word_1_460' title='bbox 3070 699 3326 769; x_wconf 60' lang='lat' dir='ltr'><strong>praebeat,</strong></span> <span class='ocrx_word' id='word_1_461' title='bbox 3367 699 3520 754; x_wconf 84' lang='lat' dir='ltr'><strong>vide-</strong></span> <span class='ocrx_word' id='word_1_462' title='bbox 3557 750 3568 757; x_wconf 91' lang='lat'><strong>.</strong></span> 
     </span>
    </p>
   </div>
   <div class='ocr_carea' id='block_1_60' title="bbox 1955 790 3525 862">
    <p class='ocr_par' dir='ltr' id='par_1_60' title="bbox 1955 790 3525 862">
     <span class='ocr_line' id='line_1_60' title="bbox 1955 790 3525 862; baseline -0.003 -15"><span class='ocrx_word' id='word_1_463' title='bbox 1955 793 2080 848; x_wconf 87' lang='lat' dir='ltr'><strong>licet</strong></span> <span class='ocrx_word' id='word_1_464' title='bbox 2107 802 2507 850; x_wconf 88' lang='lat' dir='ltr'><strong>menstruorum</strong></span> <span class='ocrx_word' id='word_1_465' title='bbox 2547 793 2788 862; x_wconf 83' lang='lat' dir='ltr'><strong>aliquam</strong></span> <span class='ocrx_word' id='word_1_466' title='bbox 2813 792 3110 849; x_wconf 90' lang='lat' dir='ltr'><strong>humorum</strong></span> <span class='ocrx_word' id='word_1_467' title='bbox 3145 799 3376 860; x_wconf 86' lang='lat' dir='ltr'><strong>partem,</strong></span> <span class='ocrx_word' id='word_1_468' title='bbox 3409 790 3525 844; x_wconf 89' lang='lat' dir='ltr'><strong>vel-</strong></span> 
     </span>
    </p>
   </div>
   <div class='ocr_carea' id='block_1_61' title="bbox 1956 882 3519 956">
    <p class='ocr_par' dir='ltr' id='par_1_61' title="bbox 1956 882 3519 956">
     <span class='ocr_line' id='line_1_61' title="bbox 1956 882 3519 956; baseline -0.004 -16"><span class='ocrx_word' id='word_1_469' title='bbox 1956 886 2034 942; x_wconf 90' lang='lat' dir='ltr'><strong>uti</strong></span> <span class='ocrx_word' id='word_1_470' title='bbox 2089 887 2370 956; x_wconf 81' lang='lat' dir='ltr'><strong>quoddam‘</strong></span> <span class='ocrx_word' id='word_1_471' title='bbox 2411 902 2486 942; x_wconf 69' lang='lat' dir='ltr'><strong>aes</strong></span> <span class='ocrx_word' id='word_1_472' title='bbox 2543 883 2832 942; x_wconf 89' lang='lat' dir='ltr'><strong>statuario.</strong></span> <span class='ocrx_word' id='word_1_473' title='bbox 2889 883 3106 941; x_wconf 78' lang='lat' dir='ltr'><strong>Nullum</strong></span> <span class='ocrx_word' id='word_1_474' title='bbox 3159 882 3303 936; x_wconf 85' lang='lat' dir='ltr'><strong>enim</strong></span> <span class='ocrx_word' id='word_1_475' title='bbox 3337 897 3519 938; x_wconf 91' lang='lat' dir='ltr'><strong>semen</strong></span> 
     </span>
    </p>
   </div>
   <div class='ocr_carea' id='block_1_62' title="bbox 1959 971 3522 1047">
    <p class='ocr_par' dir='ltr' id='par_1_62' title="bbox 1959 971 3522 1047">
     <span class='ocr_line' id='line_1_62' title="bbox 1959 971 3522 1047; baseline -0.005 -15"><span class='ocrx_word' id='word_1_476' title='bbox 1959 977 2158 1036; x_wconf 86' lang='lat' dir='ltr'><strong>emittit</strong></span> <span class='ocrx_word' id='word_1_477' title='bbox 2191 977 2404 1044; x_wconf 88' lang='lat' dir='ltr'><strong>mulier,</strong></span> <span class='ocrx_word' id='word_1_478' title='bbox 2429 977 2521 1032; x_wconf 88' lang='lat' dir='ltr'><strong>sed</strong></span> <span class='ocrx_word' id='word_1_479' title='bbox 2551 977 2801 1032; x_wconf 89' lang='lat' dir='ltr'><strong>inutilem</strong></span> <span class='ocrx_word' id='word_1_480' title='bbox 2825 974 3113 1047; x_wconf 79' lang='lat' dir='ltr'><strong>quemdam</strong></span> <span class='ocrx_word' id='word_1_481' title='bbox 3151 973 3434 1027; x_wconf 86' lang='lat' dir='ltr'><strong>humorem</strong></span> <span class='ocrx_word' id='word_1_482' title='bbox 3465 971 3522 1025; x_wconf 92' lang='lat' dir='ltr'><strong>in</strong></span> 
     </span>
    </p>
   </div>
   <div class='ocr_carea' id='block_1_63' title="bbox 1959 1059 3526 1124">
    <p class='ocr_par' dir='ltr' id='par_1_63' title="bbox 1959 1059 3526 1124">
     <span class='ocr_line' id='line_1_63' title="bbox 1959 1059 3526 1124; baseline -0.004 -2"><span class='ocrx_word' id='word_1_483' title='bbox 1959 1067 2096 1123; x_wconf 88' lang='lat' dir='ltr'><strong>locis</strong></span> <span class='ocrx_word' id='word_1_484' title='bbox 2146 1068 2505 1124; x_wconf 82' lang='lat' dir='ltr'><strong>muliebribus</strong></span> <span class='ocrx_word' id='word_1_485' title='bbox 2551 1068 2926 1123; x_wconf 81' lang='lat' dir='ltr'><strong>exsistentem.</strong></span> <span class='ocrx_word' id='word_1_486' title='bbox 2973 1059 3068 1118; x_wconf 83' lang='lat' dir='ltr'><strong>Est</strong></span> <span class='ocrx_word' id='word_1_487' title='bbox 3125 1071 3306 1122; x_wconf 86' lang='lat' dir='ltr'><strong>autem</strong></span> <span class='ocrx_word' id='word_1_488' title='bbox 3353 1061 3526 1116; x_wconf 84' lang='lat' dir='ltr'><strong>maris</strong></span> 
     </span>
    </p>
   </div>
   <div class='ocr_carea' id='block_1_64' title="bbox 1956 1150 3521 1229">
    <p class='ocr_par' dir='ltr' id='par_1_64' title="bbox 1956 1150 3521 1229">
     <span class='ocr_line' id='line_1_64' title="bbox 1956 1150 3521 1229; baseline -0.005 -17"><span class='ocrx_word' id='word_1_489' title='bbox 1956 1171 2143 1212; x_wconf 88' lang='lat' dir='ltr'><strong>semen</strong></span> <span class='ocrx_word' id='word_1_490' title='bbox 2197 1156 2360 1225; x_wconf 90' lang='lat' dir='ltr'><strong>quasi</strong></span> <span class='ocrx_word' id='word_1_491' title='bbox 2412 1155 2616 1229; x_wconf 82' lang='lat' dir='ltr'><strong>opifex,</strong></span> <span class='ocrx_word' id='word_1_492' title='bbox 2645 1163 2700 1210; x_wconf 87' lang='lat' dir='ltr'><strong>et</strong></span> <span class='ocrx_word' id='word_1_493' title='bbox 2740 1152 3066 1224; x_wconf 87' lang='lat' dir='ltr'><strong>principium</strong></span> <span class='ocrx_word' id='word_1_494' title='bbox 3119 1161 3300 1207; x_wconf 90' lang='lat' dir='ltr'><strong>motus</strong></span> <span class='ocrx_word' id='word_1_495' title='bbox 3339 1150 3521 1215; x_wconf 82' lang='lat' dir='ltr'><strong>efficit,</strong></span> 
     </span>
    </p>
   </div>
   <div class='ocr_carea' id='block_1_65' title="bbox 1957 1239 3527 1324">
    <p class='ocr_par' dir='ltr' id='par_1_65' title="bbox 1957 1239 3527 1324">
     <span class='ocr_line' id='line_1_65' title="bbox 1957 1239 3527 1324; baseline -0.002 -27"><span class='ocrx_word' id='word_1_496' title='bbox 1957 1243 2415 1324; x_wconf 86' lang='lat' dir='ltr'><strong>quemadmodum</strong></span> <span class='ocrx_word' id='word_1_497' title='bbox 2457 1243 2510 1296; x_wconf 92' lang='lat' dir='ltr'><strong>in</strong></span> <span class='ocrx_word' id='word_1_498' title='bbox 2571 1242 2796 1314; x_wconf 72' lang='lat' dir='ltr'><strong>coagulo</strong></span> <span class='ocrx_word' id='word_1_499' title='bbox 2818 1240 3082 1306; x_wconf 87' lang='lat' dir='ltr'><strong>videmus,</strong></span> <span class='ocrx_word' id='word_1_500' title='bbox 3123 1239 3268 1308; x_wconf 88' lang='lat' dir='ltr'><strong>quod</strong></span> <span class='ocrx_word' id='word_1_501' title='bbox 3305 1239 3390 1294; x_wconf 87' lang='lat' dir='ltr'><strong>lac</strong></span> <span class='ocrx_word' id='word_1_502' title='bbox 3430 1253 3527 1294; x_wconf 89' lang='lat' dir='ltr'><strong>co-</strong></span> 
     </span>
    </p>
   </div>
   <div class='ocr_carea' id='block_1_66' title="bbox 1959 1329 3530 1406">
    <p class='ocr_par' dir='ltr' id='par_1_66' title="bbox 1959 1329 3530 1406">
     <span class='ocr_line' id='line_1_66' title="bbox 1959 1329 3530 1406; baseline -0.003 -18"><span class='ocrx_word' id='word_1_503' title='bbox 1959 1333 2184 1406; x_wconf 49' lang='lat' dir='ltr'><strong>git.‘Sic</strong></span> <span class='ocrx_word' id='word_1_504' title='bbox 2217 1334 2362 1395; x_wconf 88' lang='lat' dir='ltr'><strong>enim</strong></span> <span class='ocrx_word' id='word_1_505' title='bbox 2397 1342 2451 1391; x_wconf 83' lang='lat' dir='ltr'><strong>et</strong></span> <span class='ocrx_word' id='word_1_506' title='bbox 2484 1349 2670 1390; x_wconf 85' lang='lat' dir='ltr'><strong>semen</strong></span> <span class='ocrx_word' id='word_1_507' title='bbox 2725 1332 2779 1387; x_wconf 92' lang='lat' dir='ltr'><strong>in</strong></span> <span class='ocrx_word' id='word_1_508' title='bbox 2815 1340 3058 1386; x_wconf 76' lang='lat' dir='ltr'><strong>ventrem</strong></span> <span class='ocrx_word' id='word_1_509' title='bbox 3117 1331 3382 1396; x_wconf 84' lang='lat' dir='ltr'><strong>incidens,</strong></span> <span class='ocrx_word' id='word_1_510' title='bbox 3420 1329 3530 1384; x_wconf 81' lang='lat' dir='ltr'><strong>mi-</strong></span> 
     </span>
    </p>
   </div>
   <div class='ocr_carea' id='block_1_67' title="bbox 1956 1421 3526 1495">
    <p class='ocr_par' dir='ltr' id='par_1_67' title="bbox 1956 1421 3526 1495">
     <span class='ocr_line' id='line_1_67' title="bbox 1956 1421 3526 1495; baseline -0.003 -14"><span class='ocrx_word' id='word_1_511' title='bbox 1956 1435 2138 1482; x_wconf 89' lang='lat' dir='ltr'><strong>scetur</strong></span> <span class='ocrx_word' id='word_1_512' title='bbox 2185 1441 2306 1481; x_wconf 88' lang='lat' dir='ltr'><strong>cum</strong></span> <span class='ocrx_word' id='word_1_513' title='bbox 2333 1425 2624 1495; x_wconf 86' lang='lat' dir='ltr'><strong>purissima</strong></span> <span class='ocrx_word' id='word_1_514' title='bbox 2677 1422 2893 1480; x_wconf 60' lang='lat' dir='ltr'><strong>feminae</strong></span> <span class='ocrx_word' id='word_1_515' title='bbox 2919 1423 3311 1492; x_wconf 87' lang='lat' dir='ltr'><strong>superfluitate.</strong></span> <span class='ocrx_word' id='word_1_516' title='bbox 3367 1421 3526 1488; x_wconf 86' lang='lat' dir='ltr'><strong>Quod</strong></span> 
     </span>
    </p>
   </div>
   <div class='ocr_carea' id='block_1_68' title="bbox 1957 1509 3526 1579">
    <p class='ocr_par' dir='ltr' id='par_1_68' title="bbox 1957 1509 3526 1579">
     <span class='ocr_line' id='line_1_68' title="bbox 1957 1509 3526 1579; baseline 0 -15"><span class='ocrx_word' id='word_1_517' title='bbox 1957 1520 2138 1566; x_wconf 86' lang='lat' dir='ltr'><strong>autem</strong></span> <span class='ocrx_word' id='word_1_518' title='bbox 2169 1513 2227 1567; x_wconf 88' lang='lat' dir='ltr'><strong>in</strong></span> <span class='ocrx_word' id='word_1_519' title='bbox 2257 1513 2483 1568; x_wconf 85' lang='lat' dir='ltr'><strong>matrice</strong></span> <span class='ocrx_word' id='word_1_520' title='bbox 2508 1511 2743 1576; x_wconf 67' lang='lat' dir='ltr'><strong>exsistit,</strong></span> <span class='ocrx_word' id='word_1_521' title='bbox 2771 1509 2938 1565; x_wconf 88' lang='lat' dir='ltr'><strong>etiam</strong></span> <span class='ocrx_word' id='word_1_522' title='bbox 2971 1510 3161 1565; x_wconf 86' lang='lat' dir='ltr'><strong>dicunt</strong></span> <span class='ocrx_word' id='word_1_523' title='bbox 3191 1509 3388 1563; x_wconf 68' lang='lat' dir='ltr'><strong>anima:</strong></span> <span class='ocrx_word' id='word_1_524' title='bbox 3408 1525 3526 1579; x_wconf 49' lang='lat' dir='ltr'><strong>par‘</strong></span> 
     </span>
    </p>
   </div>
   <div class='ocr_carea' id='block_1_69' title="bbox 1955 1597 3527 1674">
    <p class='ocr_par' dir='ltr' id='par_1_69' title="bbox 1955 1597 3527 1674">
     <span class='ocr_line' id='line_1_69' title="bbox 1955 1597 3527 1674; baseline -0.003 -18"><span class='ocrx_word' id='word_1_525' title='bbox 1955 1601 2128 1674; x_wconf 88' lang='lat' dir='ltr'><strong>ticeps</strong></span> <span class='ocrx_word' id='word_1_526' title='bbox 2153 1616 2292 1670; x_wconf 88' lang='lat' dir='ltr'><strong>esse,</strong></span> <span class='ocrx_word' id='word_1_527' title='bbox 2319 1617 2430 1656; x_wconf 91' lang='lat' dir='ltr'><strong>non</strong></span> <span class='ocrx_word' id='word_1_528' title='bbox 2455 1601 2598 1656; x_wconf 87' lang='lat' dir='ltr'><strong>illius</strong></span> <span class='ocrx_word' id='word_1_529' title='bbox 2626 1601 2844 1672; x_wconf 88' lang='lat' dir='ltr'><strong>quidem</strong></span> <span class='ocrx_word' id='word_1_530' title='bbox 2865 1597 3134 1670; x_wconf 78' lang='lat' dir='ltr'><strong>perfectae,</strong></span> <span class='ocrx_word' id='word_1_531' title='bbox 3164 1597 3257 1654; x_wconf 84' lang='lat' dir='ltr'><strong>sed</strong></span> <span class='ocrx_word' id='word_1_532' title='bbox 3281 1599 3527 1652; x_wconf 89' lang='lat' dir='ltr'><strong>nutrien-</strong></span> 
     </span>
    </p>
   </div>
   <div class='ocr_carea' id='block_1_70' title="bbox 1958 1688 3527 1760">
    <p class='ocr_par' dir='ltr' id='par_1_70' title="bbox 1958 1688 3527 1760">
     <span class='ocr_line' id='line_1_70' title="bbox 1958 1688 3527 1760; baseline -0.004 -12"><span class='ocrx_word' id='word_1_533' title='bbox 1958 1693 2048 1748; x_wconf 91' lang='lat' dir='ltr'><strong>tis.</strong></span> <span class='ocrx_word' id='word_1_534' title='bbox 2106 1691 2578 1760; x_wconf 86' lang='lat' dir='ltr'><strong>Quemadmodum</strong></span> <span class='ocrx_word' id='word_1_535' title='bbox 2613 1692 2757 1747; x_wconf 91' lang='lat' dir='ltr'><strong>enim</strong></span> <span class='ocrx_word' id='word_1_536' title='bbox 2791 1691 3006 1760; x_wconf 88' lang='lat' dir='ltr'><strong>plantas</strong></span> <span class='ocrx_word' id='word_1_537' title='bbox 3061 1689 3114 1743; x_wconf 93' lang='lat' dir='ltr'><strong>in</strong></span> <span class='ocrx_word' id='word_1_538' title='bbox 3150 1697 3315 1752; x_wconf 89' lang='lat' dir='ltr'><strong>terra,</strong></span> <span class='ocrx_word' id='word_1_539' title='bbox 3352 1688 3422 1742; x_wconf 86' lang='lat' dir='ltr'><strong>ita</strong></span> <span class='ocrx_word' id='word_1_540' title='bbox 3470 1694 3527 1742; x_wconf 87' lang='lat' dir='ltr'><strong>et</strong></span> 
     </span>
    </p>
   </div>
   <div class='ocr_carea' id='block_1_71' title="bbox 1957 1777 3525 1848">
    <p class='ocr_par' dir='ltr' id='par_1_71' title="bbox 1957 1777 3525 1848">
     <span class='ocr_line' id='line_1_71' title="bbox 1957 1777 3525 1848; baseline -0.005 -10"><span class='ocrx_word' id='word_1_541' title='bbox 1957 1785 2126 1840; x_wconf 86' lang='lat' dir='ltr'><strong>fetum</strong></span> <span class='ocrx_word' id='word_1_542' title='bbox 2156 1784 2356 1848; x_wconf 82' lang='lat' dir='ltr'><strong>vivere,</strong></span> <span class='ocrx_word' id='word_1_543' title='bbox 2388 1781 2575 1838; x_wconf 82' lang='lat' dir='ltr'><strong>radice</strong></span> <span class='ocrx_word' id='word_1_544' title='bbox 2612 1788 2852 1836; x_wconf 80' lang='lat' dir='ltr'><strong>utentem</strong></span> <span class='ocrx_word' id='word_1_545' title='bbox 2897 1777 3190 1838; x_wconf 86' lang='lat' dir='ltr'><strong>.umbilico,</strong></span> <span class='ocrx_word' id='word_1_546' title='bbox 3235 1792 3332 1847; x_wconf 89' lang='lat' dir='ltr'><strong>per</strong></span> <span class='ocrx_word' id='word_1_547' title='bbox 3357 1791 3525 1846; x_wconf 86' lang='lat' dir='ltr'><strong>quem</strong></span> 
     </span>
    </p>
   </div>
   <div class='ocr_carea' id='block_1_72' title="bbox 1955 1867 3524 1936">
    <p class='ocr_par' dir='ltr' id='par_1_72' title="bbox 1955 1867 3524 1936">
     <span class='ocr_line' id='line_1_72' title="bbox 1955 1867 3524 1936; baseline -0.006 -8"><span class='ocrx_word' id='word_1_548' title='bbox 1955 1889 2022 1928; x_wconf 78' lang='lat' dir='ltr'><strong>ex</strong></span> <span class='ocrx_word' id='word_1_549' title='bbox 2055 1873 2282 1928; x_wconf 85' lang='lat' dir='ltr'><strong>matrice</strong></span> <span class='ocrx_word' id='word_1_550' title='bbox 2312 1871 2560 1928; x_wconf 86' lang='lat' dir='ltr'><strong>attractio</strong></span> <span class='ocrx_word' id='word_1_551' title='bbox 2584 1869 2690 1926; x_wconf 85' lang='lat' dir='ltr'><strong>cibi</strong></span> <span class='ocrx_word' id='word_1_552' title='bbox 2714 1868 2824 1924; x_wconf 83' lang='lat' dir='ltr'><strong>ﬁat.</strong></span> <span class='ocrx_word' id='word_1_553' title='bbox 2852 1867 2910 1923; x_wconf 88' lang='lat' dir='ltr'><strong>ln</strong></span> <span class='ocrx_word' id='word_1_554' title='bbox 2938 1869 3114 1926; x_wconf 86' lang='lat' dir='ltr'><strong>lucem</strong></span> <span class='ocrx_word' id='word_1_555' title='bbox 3134 1876 3314 1920; x_wconf 86' lang='lat' dir='ltr'><strong>autem</strong></span> <span class='ocrx_word' id='word_1_556' title='bbox 3339 1880 3524 1936; x_wconf 81' lang='lat' dir='ltr'><strong>egres-</strong></span> 
     </span>
    </p>
   </div>
   <div class='ocr_carea' id='block_1_73' title="bbox 1956 1958 3521 2032">
    <p class='ocr_par' dir='ltr' id='par_1_73' title="bbox 1956 1958 3521 2032">
     <span class='ocr_line' id='line_1_73' title="bbox 1956 1958 3521 2032; baseline -0.007 -12"><span class='ocrx_word' id='word_1_557' title='bbox 1956 1979 2072 2032; x_wconf 87' lang='lat' dir='ltr'><strong>sus,</strong></span> <span class='ocrx_word' id='word_1_558' title='bbox 2099 1963 2262 2019; x_wconf 88' lang='lat' dir='ltr'><strong>etiam</strong></span> <span class='ocrx_word' id='word_1_559' title='bbox 2325 1962 2650 2018; x_wconf 89' lang='lat' dir='ltr'><strong>sentientem</strong></span> <span class='ocrx_word' id='word_1_560' title='bbox 2686 1959 2925 2014; x_wconf 90' lang='lat' dir='ltr'><strong>animam</strong></span> <span class='ocrx_word' id='word_1_561' title='bbox 2986 1958 3367 2026; x_wconf 89' lang='lat' dir='ltr'><strong>consequitur,</strong></span> <span class='ocrx_word' id='word_1_562' title='bbox 3401 1971 3521 2010; x_wconf 83' lang='lat' dir='ltr'><strong>cre-</strong></span> 
     </span>
    </p>
   </div>
   <div class='ocr_carea' id='block_1_74' title="bbox 1956 2046 3528 2122">
    <p class='ocr_par' dir='ltr' id='par_1_74' title="bbox 1956 2046 3528 2122">
     <span class='ocr_line' id='line_1_74' title="bbox 1956 2046 3528 2122; baseline -0.008 -12"><span class='ocrx_word' id='word_1_563' title='bbox 1956 2067 2225 2122; x_wconf 90' lang='lat' dir='ltr'><strong>scensque</strong></span> <span class='ocrx_word' id='word_1_564' title='bbox 2257 2067 2381 2107; x_wconf 89' lang='lat' dir='ltr'><strong>cum</strong></span> <span class='ocrx_word' id='word_1_565' title='bbox 2419 2066 2646 2121; x_wconf 86' lang='lat' dir='ltr'><strong>corpore</strong></span> <span class='ocrx_word' id='word_1_566' title='bbox 2673 2057 2954 2106; x_wconf 89' lang='lat' dir='ltr'><strong>crescente</strong></span> <span class='ocrx_word' id='word_1_567' title='bbox 2999 2047 3246 2118; x_wconf 83' lang='lat' dir='ltr'><strong>augescit</strong></span> <span class='ocrx_word' id='word_1_568' title='bbox 3275 2054 3329 2100; x_wconf 92' lang='lat' dir='ltr'><strong>et</strong></span> <span class='ocrx_word' id='word_1_569' title='bbox 3359 2046 3528 2100; x_wconf 87' lang='lat' dir='ltr'><strong>ratio-</strong></span> 
     </span>
    </p>
   </div>
   <div class='ocr_carea' id='block_1_75' title="bbox 1957 2135 3525 2199">
    <p class='ocr_par' dir='ltr' id='par_1_75' title="bbox 1957 2135 3525 2199">
     <span class='ocr_line' id='line_1_75' title="bbox 1957 2135 3525 2199; baseline -0.006 0"><span class='ocrx_word' id='word_1_570' title='bbox 1957 2144 2100 2199; x_wconf 85' lang='lat' dir='ltr'><strong>nalis</strong></span> <span class='ocrx_word' id='word_1_571' title='bbox 2129 2159 2196 2198; x_wconf 92' lang='lat' dir='ltr'><strong>ac</strong></span> <span class='ocrx_word' id='word_1_572' title='bbox 2224 2142 2554 2198; x_wconf 89' lang='lat' dir='ltr'><strong>intellectilis</strong></span> <span class='ocrx_word' id='word_1_573' title='bbox 2603 2141 2695 2196; x_wconf 90' lang='lat' dir='ltr'><strong>illa</strong></span> <span class='ocrx_word' id='word_1_574' title='bbox 2729 2139 2962 2196; x_wconf 81' lang='lat' dir='ltr'><strong>facultas</strong></span> <span class='ocrx_word' id='word_1_575' title='bbox 3009 2138 3224 2195; x_wconf 85' lang='lat' dir='ltr'><strong>animae.</strong></span> <span class='ocrx_word' id='word_1_576' title='bbox 3258 2135 3354 2193; x_wconf 88' lang='lat' dir='ltr'><strong>Est</strong></span> <span class='ocrx_word' id='word_1_577' title='bbox 3379 2135 3525 2190; x_wconf 88' lang='lat' dir='ltr'><strong>enim</strong></span> 
     </span>
    </p>
   </div>
   <div class='ocr_carea' id='block_1_76' title="bbox 1958 2215 3526 2302">
    <p class='ocr_par' dir='ltr' id='par_1_76' title="bbox 1958 2215 3526 2302">
     <span class='ocr_line' id='line_1_76' title="bbox 1958 2215 3526 2302; baseline -0.005 -14"><span class='ocrx_word' id='word_1_578' title='bbox 1958 2235 2011 2288; x_wconf 91' lang='lat' dir='ltr'><strong>in</strong></span> <span class='ocrx_word' id='word_1_579' title='bbox 2033 2234 2240 2292; x_wconf 88' lang='lat' dir='ltr'><strong>semine</strong></span> <span class='ocrx_word' id='word_1_580' title='bbox 2263 2233 2459 2290; x_wconf 75' lang='lat' dir='ltr'><strong>anima:</strong></span> <span class='ocrx_word' id='word_1_581' title='bbox 2484 2232 2748 2302; x_wconf 88' lang='lat' dir='ltr'><strong>particula</strong></span> <span class='ocrx_word' id='word_1_582' title='bbox 2785 2229 3056 2301; x_wconf 69' lang='lat' dir='ltr'><strong>quaedam,</strong></span> <span class='ocrx_word' id='word_1_583' title='bbox 3087 2243 3210 2298; x_wconf 85' lang='lat' dir='ltr'><strong>quae</strong></span> <span class='ocrx_word' id='word_1_584' title='bbox 3229 2215 3405 2280; x_wconf 81' lang='lat' dir='ltr'><strong>vitalis</strong></span> <span class='ocrx_word' id='word_1_585' title='bbox 3427 2241 3526 2282; x_wconf 88' lang='lat' dir='ltr'><strong>ca-</strong></span> 
     </span>
    </p>
   </div>
   <div class='ocr_carea' id='block_1_77' title="bbox 1958 2315 3520 2390">
    <p class='ocr_par' dir='ltr' id='par_1_77' title="bbox 1958 2315 3520 2390">
     <span class='ocr_line' id='line_1_77' title="bbox 1958 2315 3520 2390; baseline -0.007 -11"><span class='ocrx_word' id='word_1_586' title='bbox 1958 2325 2040 2379; x_wconf 89' lang='lat' dir='ltr'><strong>lor</strong></span> <span class='ocrx_word' id='word_1_587' title='bbox 2061 2324 2282 2390; x_wconf 89' lang='lat' dir='ltr'><strong>dicitur,</strong></span> <span class='ocrx_word' id='word_1_588' title='bbox 2317 2321 2616 2379; x_wconf 81' lang='lat' dir='ltr'><strong>conformis</strong></span> <span class='ocrx_word' id='word_1_589' title='bbox 2651 2321 2821 2376; x_wconf 88' lang='lat' dir='ltr'><strong>calori</strong></span> <span class='ocrx_word' id='word_1_590' title='bbox 2851 2319 3017 2376; x_wconf 88' lang='lat' dir='ltr'><strong>solis:</strong></span> <span class='ocrx_word' id='word_1_591' title='bbox 3075 2318 3120 2374; x_wconf 79' lang='lat' dir='ltr'><strong>si</strong></span> <span class='ocrx_word' id='word_1_592' title='bbox 3171 2317 3392 2387; x_wconf 88' lang='lat' dir='ltr'><strong>quidem</strong></span> <span class='ocrx_word' id='word_1_593' title='bbox 3433 2315 3520 2370; x_wconf 88' lang='lat' dir='ltr'><strong>ille</strong></span> 
     </span>
    </p>
   </div>
   <div class='ocr_carea' id='block_1_78' title="bbox 1957 2405 3522 2480">
    <p class='ocr_par' dir='ltr' id='par_1_78' title="bbox 1957 2405 3522 2480">
     <span class='ocr_line' id='line_1_78' title="bbox 1957 2405 3522 2480; baseline -0.006 -10"><span class='ocrx_word' id='word_1_594' title='bbox 1957 2417 2175 2470; x_wconf 87' lang='lat' dir='ltr'><strong>vitalem</strong></span> <span class='ocrx_word' id='word_1_595' title='bbox 2203 2415 2314 2470; x_wconf 87' lang='lat' dir='ltr'><strong>vim</strong></span> <span class='ocrx_word' id='word_1_596' title='bbox 2347 2414 2531 2479; x_wconf 81' lang='lat' dir='ltr'><strong>habet,</strong></span> <span class='ocrx_word' id='word_1_597' title='bbox 2562 2421 2616 2468; x_wconf 88' lang='lat' dir='ltr'><strong>et</strong></span> <span class='ocrx_word' id='word_1_598' title='bbox 2653 2412 2874 2467; x_wconf 87' lang='lat' dir='ltr'><strong>vitalem</strong></span> <span class='ocrx_word' id='word_1_599' title='bbox 2899 2410 3068 2466; x_wconf 88' lang='lat' dir='ltr'><strong>fetum</strong></span> <span class='ocrx_word' id='word_1_600' title='bbox 3103 2416 3348 2480; x_wconf 78' lang='lat' dir='ltr'><strong>generat.</strong></span> <span class='ocrx_word' id='word_1_601' title='bbox 3385 2405 3522 2462; x_wconf 84' lang='lat' dir='ltr'><strong>For-</strong></span> 
     </span>
    </p>
   </div>
   <div class='ocr_carea' id='block_1_79' title="bbox 1959 2497 3528 2576">
    <p class='ocr_par' dir='ltr' id='par_1_79' title="bbox 1959 2497 3528 2576">
     <span class='ocr_line' id='line_1_79' title="bbox 1959 2497 3528 2576; baseline -0.008 -14"><span class='ocrx_word' id='word_1_602' title='bbox 1959 2514 2139 2562; x_wconf 89' lang='lat' dir='ltr'><strong>matur</strong></span> <span class='ocrx_word' id='word_1_603' title='bbox 2166 2516 2346 2562; x_wconf 88' lang='lat' dir='ltr'><strong>autem</strong></span> <span class='ocrx_word' id='word_1_604' title='bbox 2385 2506 2619 2576; x_wconf 89' lang='lat' dir='ltr'><strong>primum</strong></span> <span class='ocrx_word' id='word_1_605' title='bbox 2659 2519 2776 2570; x_wconf 90' lang='lat' dir='ltr'><strong>cor,</strong></span> <span class='ocrx_word' id='word_1_606' title='bbox 2805 2501 2950 2572; x_wconf 88' lang='lat' dir='ltr'><strong>quod</strong></span> <span class='ocrx_word' id='word_1_607' title='bbox 2983 2509 3038 2556; x_wconf 89' lang='lat' dir='ltr'><strong>et</strong></span> <span class='ocrx_word' id='word_1_608' title='bbox 3078 2507 3414 2572; x_wconf 86' lang='lat' dir='ltr'><strong>postremum</strong></span> <span class='ocrx_word' id='word_1_609' title='bbox 3441 2497 3528 2550; x_wconf 87' lang='lat' dir='ltr'><strong>in-</strong></span> 
     </span>
    </p>
   </div>
   <div class='ocr_carea' id='block_1_80' title="bbox 1958 2589 3518 2665">
    <p class='ocr_par' dir='ltr' id='par_1_80' title="bbox 1958 2589 3518 2665">
     <span class='ocr_line' id='line_1_80' title="bbox 1958 2589 3518 2665; baseline -0.007 -13"><span class='ocrx_word' id='word_1_610' title='bbox 1958 2599 2102 2652; x_wconf 80' lang='lat' dir='ltr'><strong>terit.</strong></span> <span class='ocrx_word' id='word_1_611' title='bbox 2139 2596 2401 2652; x_wconf 88' lang='lat' dir='ltr'><strong>Similiter</strong></span> <span class='ocrx_word' id='word_1_612' title='bbox 2429 2604 2482 2650; x_wconf 91' lang='lat' dir='ltr'><strong>et</strong></span> <span class='ocrx_word' id='word_1_613' title='bbox 2499 2595 2706 2665; x_wconf 83' lang='lat' dir='ltr'><strong>reliqua</strong></span> <span class='ocrx_word' id='word_1_614' title='bbox 2737 2594 2950 2648; x_wconf 90' lang='lat' dir='ltr'><strong>interna</strong></span> <span class='ocrx_word' id='word_1_615' title='bbox 2993 2599 3118 2646; x_wconf 88' lang='lat' dir='ltr'><strong>ante</strong></span> <span class='ocrx_word' id='word_1_616' title='bbox 3149 2597 3369 2645; x_wconf 83' lang='lat' dir='ltr'><strong>externa</strong></span> <span class='ocrx_word' id='word_1_617' title='bbox 3402 2589 3518 2642; x_wconf 86' lang='lat' dir='ltr'><strong>dis-</strong></span> 
     </span>
    </p>
   </div>
   <div class='ocr_carea' id='block_1_81' title="bbox 1957 2679 3519 2758">
    <p class='ocr_par' dir='ltr' id='par_1_81' title="bbox 1957 2679 3519 2758">
     <span class='ocr_line' id='line_1_81' title="bbox 1957 2679 3519 2758; baseline -0.007 -18"><span class='ocrx_word' id='word_1_618' title='bbox 1957 2694 2256 2758; x_wconf 88' lang='lat' dir='ltr'><strong>ponuntur,</strong></span> <span class='ocrx_word' id='word_1_619' title='bbox 2283 2694 2339 2740; x_wconf 90' lang='lat' dir='ltr'><strong>et</strong></span> <span class='ocrx_word' id='word_1_620' title='bbox 2391 2699 2515 2740; x_wconf 88' lang='lat' dir='ltr'><strong>cum</strong></span> <span class='ocrx_word' id='word_1_621' title='bbox 2551 2683 2744 2752; x_wconf 90' lang='lat' dir='ltr'><strong>primis</strong></span> <span class='ocrx_word' id='word_1_622' title='bbox 2777 2697 2842 2736; x_wconf 89' lang='lat' dir='ltr'><strong>ea</strong></span> <span class='ocrx_word' id='word_1_623' title='bbox 2898 2696 3019 2751; x_wconf 68' lang='lat' dir='ltr'><strong>quae</strong></span> <span class='ocrx_word' id='word_1_624' title='bbox 3047 2685 3174 2735; x_wconf 88' lang='lat' dir='ltr'><strong>sunt</strong></span> <span class='ocrx_word' id='word_1_625' title='bbox 3206 2694 3374 2748; x_wconf 85' lang='lat' dir='ltr'><strong>supra</strong></span> <span class='ocrx_word' id='word_1_626' title='bbox 3397 2679 3519 2734; x_wconf 88' lang='lat' dir='ltr'><strong>cin-</strong></span> 
     </span>
    </p>
   </div>
   <div class='ocr_carea' id='block_1_82' title="bbox 1959 2771 3522 2834">
    <p class='ocr_par' dir='ltr' id='par_1_82' title="bbox 1959 2771 3522 2834">
     <span class='ocr_line' id='line_1_82' title="bbox 1959 2771 3522 2834; baseline -0.007 -1"><span class='ocrx_word' id='word_1_627' title='bbox 1959 2787 2192 2834; x_wconf 89' lang='lat' dir='ltr'><strong>cturam.</strong></span> <span class='ocrx_word' id='word_1_628' title='bbox 2223 2775 2516 2831; x_wconf 85' lang='lat' dir='ltr'><strong>Formatus</strong></span> <span class='ocrx_word' id='word_1_629' title='bbox 2543 2783 2724 2830; x_wconf 87' lang='lat' dir='ltr'><strong>autem</strong></span> <span class='ocrx_word' id='word_1_630' title='bbox 2761 2774 2816 2828; x_wconf 91' lang='lat' dir='ltr'><strong>in</strong></span> <span class='ocrx_word' id='word_1_631' title='bbox 2855 2772 3082 2828; x_wconf 82' lang='lat' dir='ltr'><strong>matrice</strong></span> <span class='ocrx_word' id='word_1_632' title='bbox 3111 2771 3300 2834; x_wconf 86' lang='lat' dir='ltr'><strong>homo,</strong></span> <span class='ocrx_word' id='word_1_633' title='bbox 3325 2785 3522 2824; x_wconf 89' lang='lat' dir='ltr'><strong>nasum</strong></span> 
     </span>
    </p>
   </div>
   <div class='ocr_carea' id='block_1_83' title="bbox 1959 2863 3534 2939">
    <p class='ocr_par' dir='ltr' id='par_1_83' title="bbox 1959 2863 3534 2939">
     <span class='ocr_line' id='line_1_83' title="bbox 1959 2863 3534 2939; baseline -0.003 -16"><span class='ocrx_word' id='word_1_634' title='bbox 1959 2867 2179 2939; x_wconf 82' lang='lat' dir='ltr'><strong>quidem</strong></span> <span class='ocrx_word' id='word_1_635' title='bbox 2209 2867 2449 2924; x_wconf 88' lang='lat' dir='ltr'><strong>medium</strong></span> <span class='ocrx_word' id='word_1_636' title='bbox 2506 2866 2646 2922; x_wconf 90' lang='lat' dir='ltr'><strong>inter</strong></span> <span class='ocrx_word' id='word_1_637' title='bbox 2693 2881 2867 2936; x_wconf 82' lang='lat' dir='ltr'><strong>genua</strong></span> <span class='ocrx_word' id='word_1_638' title='bbox 2923 2865 3108 2929; x_wconf 88' lang='lat' dir='ltr'><strong>habet,</strong></span> <span class='ocrx_word' id='word_1_639' title='bbox 3174 2863 3364 2918; x_wconf 87' lang='lat' dir='ltr'><strong>oculos</strong></span> <span class='ocrx_word' id='word_1_640' title='bbox 3401 2877 3534 2919; x_wconf 86' lang='lat' dir='ltr'><strong>vero</strong></span> 
     </span>
    </p>
   </div>
   <div class='ocr_carea' id='block_1_84' title="bbox 1961 2951 3528 3031">
    <p class='ocr_par' dir='ltr' id='par_1_84' title="bbox 1961 2951 3528 3031">
     <span class='ocr_line' id='line_1_84' title="bbox 1961 2951 3528 3031; baseline -0.006 -17"><span class='ocrx_word' id='word_1_641' title='bbox 1961 2975 2125 3031; x_wconf 84' lang='lat' dir='ltr'><strong>supra</strong></span> <span class='ocrx_word' id='word_1_642' title='bbox 2171 2975 2365 3029; x_wconf 81' lang='lat' dir='ltr'><strong>genua.</strong></span> <span class='ocrx_word' id='word_1_643' title='bbox 2411 2958 2708 3014; x_wconf 81' lang='lat' dir='ltr'><strong>Rohustior</strong></span> <span class='ocrx_word' id='word_1_644' title='bbox 2743 2967 2925 3012; x_wconf 86' lang='lat' dir='ltr'><strong>autem</strong></span> <span class='ocrx_word' id='word_1_645' title='bbox 2956 2956 3072 3010; x_wconf 87' lang='lat' dir='ltr'><strong>fieri</strong></span> <span class='ocrx_word' id='word_1_646' title='bbox 3125 2953 3268 3010; x_wconf 88' lang='lat' dir='ltr'><strong>fctus</strong></span> <span class='ocrx_word' id='word_1_647' title='bbox 3316 2951 3528 3021; x_wconf 73' lang='lat' dir='ltr'><strong>incipit,</strong></span> 
     </span>
    </p>
   </div>
   <div class='ocr_carea' id='block_1_85' title="bbox 1961 3045 3529 3120">
    <p class='ocr_par' dir='ltr' id='par_1_85' title="bbox 1961 3045 3529 3120">
     <span class='ocr_line' id='line_1_85' title="bbox 1961 3045 3529 3120; baseline -0.006 -15"><span class='ocrx_word' id='word_1_648' title='bbox 1961 3052 2178 3120; x_wconf 87' lang='lat' dir='ltr'><strong>quando</strong></span> <span class='ocrx_word' id='word_1_649' title='bbox 2197 3050 2427 3104; x_wconf 92' lang='lat' dir='ltr'><strong>inhibita</strong></span> <span class='ocrx_word' id='word_1_650' title='bbox 2456 3060 2736 3104; x_wconf 90' lang='lat' dir='ltr'><strong>menstrua</strong></span> <span class='ocrx_word' id='word_1_651' title='bbox 2773 3049 2830 3102; x_wconf 87' lang='lat' dir='ltr'><strong>in</strong></span> <span class='ocrx_word' id='word_1_652' title='bbox 2874 3047 3136 3102; x_wconf 85' lang='lat' dir='ltr'><strong>uberibus</strong></span> <span class='ocrx_word' id='word_1_653' title='bbox 3188 3046 3241 3098; x_wconf 91' lang='lat' dir='ltr'><strong>in</strong></span> <span class='ocrx_word' id='word_1_654' title='bbox 3283 3045 3366 3099; x_wconf 90' lang='lat' dir='ltr'><strong>lac</strong></span> <span class='ocrx_word' id='word_1_655' title='bbox 3404 3059 3529 3096; x_wconf 88' lang='lat' dir='ltr'><strong>mu-</strong></span> 
     </span>
    </p>
   </div>
   <div class='ocr_carea' id='block_1_86' title="bbox 1961 3132 3530 3214">
    <p class='ocr_par' dir='ltr' id='par_1_86' title="bbox 1961 3132 3530 3214">
     <span class='ocr_line' id='line_1_86' title="bbox 1961 3132 3530 3214; baseline -0.006 -18"><span class='ocrx_word' id='word_1_656' title='bbox 1961 3151 2165 3196; x_wconf 88' lang='lat' dir='ltr'><strong>tantur.</strong></span> <span class='ocrx_word' id='word_1_657' title='bbox 2186 3141 2306 3208; x_wconf 81' lang='lat' dir='ltr'><strong>Quo</strong></span> <span class='ocrx_word' id='word_1_658' title='bbox 2330 3141 2549 3214; x_wconf 89' lang='lat' dir='ltr'><strong>quidem</strong></span> <span class='ocrx_word' id='word_1_659' title='bbox 2583 3149 2829 3208; x_wconf 86' lang='lat' dir='ltr'><strong>tempore</strong></span> <span class='ocrx_word' id='word_1_660' title='bbox 2855 3153 2979 3192; x_wconf 82' lang='lat' dir='ltr'><strong>mox</strong></span> <span class='ocrx_word' id='word_1_661' title='bbox 3015 3138 3176 3190; x_wconf 86' lang='lat' dir='ltr'><strong>linem</strong></span> <span class='ocrx_word' id='word_1_662' title='bbox 3210 3135 3262 3188; x_wconf 89' lang='lat' dir='ltr'><strong>in</strong></span> <span class='ocrx_word' id='word_1_663' title='bbox 3288 3132 3530 3187; x_wconf 83' lang='lat' dir='ltr'><strong>mulieri-</strong></span> 
     </span>
    </p>
   </div>
   <div class='ocr_carea' id='block_1_87' title="bbox 1960 3223 3524 3296">
    <p class='ocr_par' dir='ltr' id='par_1_87' title="bbox 1960 3223 3524 3296">
     <span class='ocr_line' id='line_1_87' title="bbox 1960 3223 3524 3296; baseline -0.008 -8"><span class='ocrx_word' id='word_1_664' title='bbox 1960 3233 2062 3288; x_wconf 92' lang='lat' dir='ltr'><strong>hus</strong></span> <span class='ocrx_word' id='word_1_665' title='bbox 2080 3233 2280 3286; x_wconf 87' lang='lat' dir='ltr'><strong>habent</strong></span> <span class='ocrx_word' id='word_1_666' title='bbox 2321 3223 2562 3296; x_wconf 73' lang='lat' dir='ltr'><strong>nausete,</strong></span> <span class='ocrx_word' id='word_1_667' title='bbox 2614 3239 2669 3284; x_wconf 89' lang='lat' dir='ltr'><strong>et</strong></span> <span class='ocrx_word' id='word_1_668' title='bbox 2699 3229 2953 3283; x_wconf 84' lang='lat' dir='ltr'><strong>vomitus.</strong></span> <span class='ocrx_word' id='word_1_669' title='bbox 2988 3226 3290 3282; x_wconf 82' lang='lat' dir='ltr'><strong>Generatur</strong></span> <span class='ocrx_word' id='word_1_670' title='bbox 3343 3234 3524 3278; x_wconf 88' lang='lat' dir='ltr'><strong>autem</strong></span> 
     </span>
    </p>
   </div>
   <div class='ocr_carea' id='block_1_88' title="bbox 1962 3315 3530 3392">
    <p class='ocr_par' dir='ltr' id='par_1_88' title="bbox 1962 3315 3530 3392">
     <span class='ocr_line' id='line_1_88' title="bbox 1962 3315 3530 3392; baseline -0.004 -16"><span class='ocrx_word' id='word_1_671' title='bbox 1962 3339 2100 3389; x_wconf 89' lang='lat' dir='ltr'><strong>mas,</strong></span> <span class='ocrx_word' id='word_1_672' title='bbox 2125 3323 2169 3377; x_wconf 85' lang='lat' dir='ltr'><strong>si</strong></span> <span class='ocrx_word' id='word_1_673' title='bbox 2205 3329 2516 3392; x_wconf 84' lang='lat' dir='ltr'><strong>percoctqu</strong></span> <span class='ocrx_word' id='word_1_674' title='bbox 2539 3329 2625 3375; x_wconf 86' lang='lat' dir='ltr'><strong>est</strong></span> <span class='ocrx_word' id='word_1_675' title='bbox 2673 3319 2842 3374; x_wconf 81' lang='lat' dir='ltr'><strong>maris</strong></span> <span class='ocrx_word' id='word_1_676' title='bbox 2874 3333 3082 3382; x_wconf 85' lang='lat' dir='ltr'><strong>semen,</strong></span> <span class='ocrx_word' id='word_1_677' title='bbox 3112 3316 3256 3371; x_wconf 88' lang='lat' dir='ltr'><strong>unde</strong></span> <span class='ocrx_word' id='word_1_678' title='bbox 3295 3315 3530 3386; x_wconf 83' lang='lat' dir='ltr'><strong>juvenes</strong></span> 
     </span>
    </p>
   </div>
   <div class='ocr_carea' id='block_1_89' title="bbox 1962 3405 3531 3484">
    <p class='ocr_par' dir='ltr' id='par_1_89' title="bbox 1962 3405 3531 3484">
     <span class='ocr_line' id='line_1_89' title="bbox 1962 3405 3531 3484; baseline -0.009 -13"><span class='ocrx_word' id='word_1_679' title='bbox 1962 3425 2016 3471; x_wconf 90' lang='lat' dir='ltr'><strong>et</strong></span> <span class='ocrx_word' id='word_1_680' title='bbox 2041 3429 2199 3470; x_wconf 89' lang='lat' dir='ltr'><strong>senes</strong></span> <span class='ocrx_word' id='word_1_681' title='bbox 2233 3415 2556 3484; x_wconf 88' lang='lat' dir='ltr'><strong>plerumque</strong></span> <span class='ocrx_word' id='word_1_682' title='bbox 2595 3410 2836 3467; x_wconf 84' lang='lat' dir='ltr'><strong>femellas</strong></span> <span class='ocrx_word' id='word_1_683' title='bbox 2869 3417 3182 3482; x_wconf 87' lang='lat' dir='ltr'><strong>procreant.</strong></span> <span class='ocrx_word' id='word_1_684' title='bbox 3229 3405 3531 3462; x_wconf 85' lang='lat' dir='ltr'><strong>Abundan-</strong></span> 
     </span>
    </p>
   </div>
   <div class='ocr_carea' id='block_1_90' title="bbox 1961 3497 3530 3569">
    <p class='ocr_par' dir='ltr' id='par_1_90' title="bbox 1961 3497 3530 3569">
     <span class='ocr_line' id='line_1_90' title="bbox 1961 3497 3530 3569; baseline -0.006 -9"><span class='ocrx_word' id='word_1_685' title='bbox 1961 3506 2090 3560; x_wconf 88' lang='lat' dir='ltr'><strong>tiam</strong></span> <span class='ocrx_word' id='word_1_686' title='bbox 2125 3512 2306 3559; x_wconf 86' lang='lat' dir='ltr'><strong>autem</strong></span> <span class='ocrx_word' id='word_1_687' title='bbox 2333 3503 2416 3558; x_wconf 84' lang='lat' dir='ltr'><strong>vel</strong></span> <span class='ocrx_word' id='word_1_688' title='bbox 2446 3501 2716 3557; x_wconf 88' lang='lat' dir='ltr'><strong>defectum</strong></span> <span class='ocrx_word' id='word_1_689' title='bbox 2748 3502 2862 3556; x_wconf 87' lang='lat' dir='ltr'><strong>fieri</strong></span> <span class='ocrx_word' id='word_1_690' title='bbox 2907 3501 3095 3555; x_wconf 88' lang='lat' dir='ltr'><strong>volunt</strong></span> <span class='ocrx_word' id='word_1_691' title='bbox 3121 3498 3174 3552; x_wconf 90' lang='lat' dir='ltr'><strong>in</strong></span> <span class='ocrx_word' id='word_1_692' title='bbox 3199 3497 3530 3569; x_wconf 84' lang='lat' dir='ltr'><strong>quibusdam</strong></span> 
     </span>
    </p>
   </div>
   <div class='ocr_carea' id='block_1_91' title="bbox 1959 3589 3530 3670">
    <p class='ocr_par' dir='ltr' id='par_1_91' title="bbox 1959 3589 3530 3670">
     <span class='ocr_line' id='line_1_91' title="bbox 1959 3589 3530 3670; baseline -0.008 -17"><span class='ocrx_word' id='word_1_693' title='bbox 1959 3597 2228 3670; x_wconf 84' lang='lat' dir='ltr'><strong>partibus,</strong></span> <span class='ocrx_word' id='word_1_694' title='bbox 2265 3605 2485 3666; x_wconf 83' lang='lat' dir='ltr'><strong>propter</strong></span> <span class='ocrx_word' id='word_1_695' title='bbox 2513 3594 2758 3650; x_wconf 67' lang='lat' dir='ltr'><strong>materiae</strong></span> <span class='ocrx_word' id='word_1_696' title='bbox 2796 3592 3066 3648; x_wconf 88' lang='lat' dir='ltr'><strong>defectum</strong></span> <span class='ocrx_word' id='word_1_697' title='bbox 3101 3599 3196 3644; x_wconf 89' lang='lat' dir='ltr'><strong>aut</strong></span> <span class='ocrx_word' id='word_1_698' title='bbox 3244 3589 3530 3644; x_wconf 77' lang='lat' dir='ltr'><strong>abundan-</strong></span> 
     </span>
    </p>
   </div>
   <div class='ocr_carea' id='block_1_92' title="bbox 1960 3680 3530 3754">
    <p class='ocr_par' dir='ltr' id='par_1_92' title="bbox 1960 3680 3530 3754">
     <span class='ocr_line' id='line_1_92' title="bbox 1960 3680 3530 3754; baseline -0.006 -14"><span class='ocrx_word' id='word_1_699' title='bbox 1960 3688 2112 3742; x_wconf 88' lang='lat' dir='ltr'><strong>tiam.</strong></span> <span class='ocrx_word' id='word_1_700' title='bbox 2143 3687 2378 3741; x_wconf 84' lang='lat' dir='ltr'><strong>Seminis</strong></span> <span class='ocrx_word' id='word_1_701' title='bbox 2414 3695 2593 3740; x_wconf 87' lang='lat' dir='ltr'><strong>autem</strong></span> <span class='ocrx_word' id='word_1_702' title='bbox 2627 3685 2962 3754; x_wconf 83' lang='lat' dir='ltr'><strong>egestionem</strong></span> <span class='ocrx_word' id='word_1_703' title='bbox 3001 3697 3064 3736; x_wconf 79' lang='lat' dir='ltr'><strong>ex</strong></span> <span class='ocrx_word' id='word_1_704' title='bbox 3099 3681 3237 3735; x_wconf 88' lang='lat' dir='ltr'><strong>locis</strong></span> <span class='ocrx_word' id='word_1_705' title='bbox 3261 3680 3406 3734; x_wconf 90' lang='lat' dir='ltr'><strong>circa</strong></span> <span class='ocrx_word' id='word_1_706' title='bbox 3433 3693 3530 3732; x_wconf 83' lang='lat' dir='ltr'><strong>ca-</strong></span> 
     </span>
    </p>
   </div>
   <div class='ocr_carea' id='block_1_93' title="bbox 1959 3766 3530 3844">
    <p class='ocr_par' dir='ltr' id='par_1_93' title="bbox 1959 3766 3530 3844">
     <span class='ocr_line' id='line_1_93' title="bbox 1959 3766 3530 3844; baseline -0.006 -15"><span class='ocrx_word' id='word_1_707' title='bbox 1959 3783 2057 3844; x_wconf 86' lang='lat' dir='ltr'><strong>put</strong></span> <span class='ocrx_word' id='word_1_708' title='bbox 2087 3775 2205 3828; x_wconf 86' lang='lat' dir='ltr'><strong>fieri</strong></span> <span class='ocrx_word' id='word_1_709' title='bbox 2237 3775 2588 3828; x_wconf 86' lang='lat' dir='ltr'><strong>manifestum</strong></span> <span class='ocrx_word' id='word_1_710' title='bbox 2645 3789 2710 3828; x_wconf 74' lang='lat' dir='ltr'><strong>ex</strong></span> <span class='ocrx_word' id='word_1_711' title='bbox 2742 3787 2808 3827; x_wconf 89' lang='lat' dir='ltr'><strong>eo</strong></span> <span class='ocrx_word' id='word_1_712' title='bbox 2841 3781 2942 3838; x_wconf 90' lang='lat' dir='ltr'><strong>est,</strong></span> <span class='ocrx_word' id='word_1_713' title='bbox 2979 3770 3124 3840; x_wconf 91' lang='lat' dir='ltr'><strong>quod</strong></span> <span class='ocrx_word' id='word_1_714' title='bbox 3160 3783 3350 3824; x_wconf 91' lang='lat' dir='ltr'><strong>eorum</strong></span> <span class='ocrx_word' id='word_1_715' title='bbox 3385 3766 3530 3820; x_wconf 82' lang='lat' dir='ltr'><strong>oculi</strong></span> 
     </span>
    </p>
   </div>
   <div class='ocr_carea' id='block_1_94' title="bbox 1959 3859 3530 3934">
    <p class='ocr_par' dir='ltr' id='par_1_94' title="bbox 1959 3859 3530 3934">
     <span class='ocr_line' id='line_1_94' title="bbox 1959 3859 3530 3934; baseline -0.007 -13"><span class='ocrx_word' id='word_1_716' title='bbox 1959 3873 2246 3932; x_wconf 85' lang='lat' dir='ltr'><strong>cavantur,</strong></span> <span class='ocrx_word' id='word_1_717' title='bbox 2285 3865 2382 3934; x_wconf 84' lang='lat' dir='ltr'><strong>qui</strong></span> <span class='ocrx_word' id='word_1_718' title='bbox 2402 3865 2630 3920; x_wconf 92' lang='lat' dir='ltr'><strong>multum</strong></span> <span class='ocrx_word' id='word_1_719' title='bbox 2667 3871 2888 3920; x_wconf 89' lang='lat' dir='ltr'><strong>coeunt.</strong></span> <span class='ocrx_word' id='word_1_720' title='bbox 2920 3860 3166 3918; x_wconf 78' lang='lat' dir='ltr'><strong>Movetur</strong></span> <span class='ocrx_word' id='word_1_721' title='bbox 3200 3859 3366 3914; x_wconf 90' lang='lat' dir='ltr'><strong>etiam</strong></span> <span class='ocrx_word' id='word_1_722' title='bbox 3397 3872 3530 3912; x_wconf 87' lang='lat' dir='ltr'><strong>cum</strong></span> 
     </span>
    </p>
   </div>
   <div class='ocr_carea' id='block_1_95' title="bbox 1959 3950 3536 4026">
    <p class='ocr_par' dir='ltr' id='par_1_95' title="bbox 1959 3950 3536 4026">
     <span class='ocr_line' id='line_1_95' title="bbox 1959 3950 3536 4026; baseline -0.004 -16"><span class='ocrx_word' id='word_1_723' title='bbox 1959 3966 2138 4010; x_wconf 88' lang='lat' dir='ltr'><strong>mente</strong></span> <span class='ocrx_word' id='word_1_724' title='bbox 2171 3955 2612 4026; x_wconf 73' lang='lat' dir='ltr'><strong>cogitationeque</strong></span> <span class='ocrx_word' id='word_1_725' title='bbox 2669 3955 2898 4019; x_wconf 84' lang='lat' dir='ltr'><strong>matrix,</strong></span> <span class='ocrx_word' id='word_1_726' title='bbox 2959 3950 3422 4023; x_wconf 87' lang='lat' dir='ltr'><strong>quemadmodum</strong></span> <span class='ocrx_word' id='word_1_727' title='bbox 3475 3961 3536 4003; x_wconf 84' lang='lat' dir='ltr'><strong>et</strong></span> 
     </span>
    </p>
   </div>
   <div class='ocr_carea' id='block_1_96' title="bbox 1957 4039 3526 4113">
    <p class='ocr_par' dir='ltr' id='par_1_96' title="bbox 1957 4039 3526 4113">
     <span class='ocr_line' id='line_1_96' title="bbox 1957 4039 3526 4113; baseline -0.003 -14"><span class='ocrx_word' id='word_1_728' title='bbox 1957 4053 2230 4101; x_wconf 88' lang='lat' dir='ltr'><strong>veretrum</strong></span> <span class='ocrx_word' id='word_1_729' title='bbox 2263 4044 2385 4100; x_wconf 91' lang='lat' dir='ltr'><strong>viri.</strong></span> <span class='ocrx_word' id='word_1_730' title='bbox 2433 4043 2742 4113; x_wconf 85' lang='lat' dir='ltr'><strong>Aliquando</strong></span> <span class='ocrx_word' id='word_1_731' title='bbox 2769 4043 2892 4096; x_wconf 88' lang='lat' dir='ltr'><strong>item</strong></span> <span class='ocrx_word' id='word_1_732' title='bbox 2942 4051 3136 4112; x_wconf 87' lang='lat' dir='ltr'><strong>sponte</strong></span> <span class='ocrx_word' id='word_1_733' title='bbox 3185 4039 3396 4110; x_wconf 83' lang='lat' dir='ltr'><strong>gemelli</strong></span> <span class='ocrx_word' id='word_1_734' title='bbox 3430 4054 3526 4111; x_wconf 79' lang='lat' dir='ltr'><strong>ge-</strong></span> 
     </span>
    </p>
   </div>
   <div class='ocr_carea' id='block_1_97' title="bbox 1957 4131 3528 4208">
    <p class='ocr_par' dir='ltr' id='par_1_97' title="bbox 1957 4131 3528 4208">
     <span class='ocr_line' id='line_1_97' title="bbox 1957 4131 3528 4208; baseline -0.003 -17"><span class='ocrx_word' id='word_1_735' title='bbox 1957 4146 2238 4204; x_wconf 87' lang='lat' dir='ltr'><strong>nerantur,</strong></span> <span class='ocrx_word' id='word_1_736' title='bbox 2273 4153 2370 4208; x_wconf 88' lang='lat' dir='ltr'><strong>per</strong></span> <span class='ocrx_word' id='word_1_737' title='bbox 2397 4137 2722 4193; x_wconf 87' lang='lat' dir='ltr'><strong>divisionem</strong></span> <span class='ocrx_word' id='word_1_738' title='bbox 2755 4134 2986 4190; x_wconf 90' lang='lat' dir='ltr'><strong>seminis</strong></span> <span class='ocrx_word' id='word_1_739' title='bbox 3043 4133 3096 4187; x_wconf 91' lang='lat' dir='ltr'><strong>in</strong></span> <span class='ocrx_word' id='word_1_740' title='bbox 3155 4131 3421 4188; x_wconf 88' lang='lat' dir='ltr'><strong>matrice:</strong></span> <span class='ocrx_word' id='word_1_741' title='bbox 3463 4147 3528 4187; x_wconf 85' lang='lat' dir='ltr'><strong>ac</strong></span> 
     </span>
    </p>
   </div>
   <div class='ocr_carea' id='block_1_98' title="bbox 1956 4223 3524 4300">
    <p class='ocr_par' dir='ltr' id='par_1_98' title="bbox 1956 4223 3524 4300">
     <span class='ocr_line' id='line_1_98' title="bbox 1956 4223 3524 4300; baseline -0.005 -17"><span class='ocrx_word' id='word_1_742' title='bbox 1956 4228 2002 4283; x_wconf 90' lang='lat' dir='ltr'><strong>si</strong></span> <span class='ocrx_word' id='word_1_743' title='bbox 2037 4228 2259 4298; x_wconf 82' lang='lat' dir='ltr'><strong>quidem</strong></span> <span class='ocrx_word' id='word_1_744' title='bbox 2293 4231 2344 4284; x_wconf 92' lang='lat' dir='ltr'><strong>id</strong></span> <span class='ocrx_word' id='word_1_745' title='bbox 2379 4236 2692 4300; x_wconf 89' lang='lat' dir='ltr'><strong>percoctum</strong></span> <span class='ocrx_word' id='word_1_746' title='bbox 2736 4225 2919 4292; x_wconf 90' lang='lat' dir='ltr'><strong>fuerit,</strong></span> <span class='ocrx_word' id='word_1_747' title='bbox 2956 4226 3066 4280; x_wconf 88' lang='lat' dir='ltr'><strong>duo</strong></span> <span class='ocrx_word' id='word_1_748' title='bbox 3119 4223 3382 4278; x_wconf 88' lang='lat' dir='ltr'><strong>masculi:</strong></span> <span class='ocrx_word' id='word_1_749' title='bbox 3441 4223 3524 4276; x_wconf 89' lang='lat' dir='ltr'><strong>sin</strong></span> 
     </span>
    </p>
   </div>
   <div class='ocr_carea' id='block_1_99' title="bbox 1957 4313 3528 4386">
    <p class='ocr_par' dir='ltr' id='par_1_99' title="bbox 1957 4313 3528 4386">
     <span class='ocr_line' id='line_1_99' title="bbox 1957 4313 3528 4386; baseline -0.006 -12"><span class='ocrx_word' id='word_1_750' title='bbox 1957 4319 2160 4383; x_wconf 86' lang='lat' dir='ltr'><strong>minus,</strong></span> <span class='ocrx_word' id='word_1_751' title='bbox 2233 4321 2558 4374; x_wconf 84' lang='lat' dir='ltr'><strong>diversum.-</strong></span> <span class='ocrx_word' id='word_1_752' title='bbox 2589 4317 2854 4372; x_wconf 76' lang='lat' dir='ltr'><strong>Praeterea</strong></span> <span class='ocrx_word' id='word_1_753' title='bbox 2905 4331 3002 4386; x_wconf 90' lang='lat' dir='ltr'><strong>per</strong></span> <span class='ocrx_word' id='word_1_754' title='bbox 3040 4313 3528 4384; x_wconf 81' lang='lat' dir='ltr'><strong>superfetationem</strong></span> 
     </span>
    </p>
   </div>
   <div class='ocr_carea' id='block_1_100' title="bbox 1955 4402 3526 4480">
    <p class='ocr_par' dir='ltr' id='par_1_100' title="bbox 1955 4402 3526 4480">
     <span class='ocr_line' id='line_1_100' title="bbox 1955 4402 3526 4480; baseline -0.005 -16"><span class='ocrx_word' id='word_1_755' title='bbox 1955 4419 2321 4480; x_wconf 81' lang='lat' dir='ltr'><strong>generantur,</strong></span> <span class='ocrx_word' id='word_1_756' title='bbox 2376 4410 2519 4465; x_wconf 88' lang='lat' dir='ltr'><strong>unde</strong></span> <span class='ocrx_word' id='word_1_757' title='bbox 2570 4409 2859 4480; x_wconf 87' lang='lat' dir='ltr'><strong>aliquoties</strong></span> <span class='ocrx_word' id='word_1_758' title='bbox 2913 4415 2966 4462; x_wconf 86' lang='lat' dir='ltr'><strong>et</strong></span> <span class='ocrx_word' id='word_1_759' title='bbox 3018 4405 3297 4460; x_wconf 84' lang='lat' dir='ltr'><strong>masculus</strong></span> <span class='ocrx_word' id='word_1_760' title='bbox 3339 4413 3394 4458; x_wconf 87' lang='lat' dir='ltr'><strong>et</strong></span> <span class='ocrx_word' id='word_1_761' title='bbox 3453 4402 3526 4457; x_wconf 87' lang='lat' dir='ltr'><strong>fe-</strong></span> 
     </span>
    </p>
   </div>
   <div class='ocr_carea' id='block_1_101' title="bbox 1957 4494 3524 4558">
    <p class='ocr_par' dir='ltr' id='par_1_101' title="bbox 1957 4494 3524 4558">
     <span class='ocr_line' id='line_1_101' title="bbox 1957 4494 3524 4558; baseline -0.005 -2"><span class='ocrx_word' id='word_1_762' title='bbox 1957 4502 2117 4557; x_wconf 90' lang='lat' dir='ltr'><strong>mella</strong></span> <span class='ocrx_word' id='word_1_763' title='bbox 2191 4501 2354 4558; x_wconf 90' lang='lat' dir='ltr'><strong>simul</strong></span> <span class='ocrx_word' id='word_1_764' title='bbox 2407 4510 2726 4556; x_wconf 87' lang='lat' dir='ltr'><strong>nascuntur.</strong></span> <span class='ocrx_word' id='word_1_765' title='bbox 2805 4498 3109 4554; x_wconf 67' lang='lat' dir='ltr'><strong>Plurimum</strong></span> <span class='ocrx_word' id='word_1_766' title='bbox 3173 4511 3302 4551; x_wconf 87' lang='lat' dir='ltr'><strong>vero</strong></span> <span class='ocrx_word' id='word_1_767' title='bbox 3352 4494 3524 4548; x_wconf 86' lang='lat' dir='ltr'><strong>nutrit</strong></span> 
     </span>
    </p>
   </div>
   <div class='ocr_carea' id='block_1_102' title="bbox 1960 4587 3528 4660">
    <p class='ocr_par' dir='ltr' id='par_1_102' title="bbox 1960 4587 3528 4660">
     <span class='ocr_line' id='line_1_102' title="bbox 1960 4587 3528 4660; baseline -0.004 -14"><span class='ocrx_word' id='word_1_768' title='bbox 1960 4594 2042 4647; x_wconf 90' lang='lat' dir='ltr'><strong>lac</strong></span> <span class='ocrx_word' id='word_1_769' title='bbox 2087 4592 2324 4660; x_wconf 85' lang='lat' dir='ltr'><strong>spissum</strong></span> <span class='ocrx_word' id='word_1_770' title='bbox 2394 4599 2450 4646; x_wconf 87' lang='lat' dir='ltr'><strong>et</strong></span> <span class='ocrx_word' id='word_1_771' title='bbox 2507 4591 2746 4658; x_wconf 87' lang='lat' dir='ltr'><strong>lulvum,</strong></span> <span class='ocrx_word' id='word_1_772' title='bbox 2806 4598 2865 4644; x_wconf 89' lang='lat' dir='ltr'><strong>ut</strong></span> <span class='ocrx_word' id='word_1_773' title='bbox 2933 4605 2998 4644; x_wconf 76' lang='lat' dir='ltr'><strong>ex</strong></span> <span class='ocrx_word' id='word_1_774' title='bbox 3051 4587 3228 4643; x_wconf 88' lang='lat' dir='ltr'><strong>caseis</strong></span> <span class='ocrx_word' id='word_1_775' title='bbox 3291 4592 3528 4641; x_wconf 82' lang='lat' dir='ltr'><strong>constat.</strong></span> 
     </span>
    </p>
   </div>
   <div class='ocr_carea' id='block_1_103' title="bbox 1963 4679 3536 4754">
    <p class='ocr_par' dir='ltr' id='par_1_103' title="bbox 1963 4679 3536 4754">
     <span class='ocr_line' id='line_1_103' title="bbox 1963 4679 3536 4754; baseline -0.003 -18"><span class='ocrx_word' id='word_1_776' title='bbox 1963 4683 2154 4738; x_wconf 83' lang='lat' dir='ltr'><strong>Mulier</strong></span> <span class='ocrx_word' id='word_1_777' title='bbox 2212 4681 2382 4737; x_wconf 86' lang='lat' dir='ltr'><strong>fetum</strong></span> <span class='ocrx_word' id='word_1_778' title='bbox 2428 4691 2606 4754; x_wconf 77' lang='lat' dir='ltr'><strong>gestat</strong></span> <span class='ocrx_word' id='word_1_779' title='bbox 2653 4683 2718 4736; x_wconf 91' lang='lat' dir='ltr'><strong>ad</strong></span> <span class='ocrx_word' id='word_1_780' title='bbox 2797 4697 3011 4737; x_wconf 88' lang='lat' dir='ltr'><strong>menses</strong></span> <span class='ocrx_word' id='word_1_781' title='bbox 3045 4690 3253 4750; x_wconf 87' lang='lat' dir='ltr'><strong>septem</strong></span> <span class='ocrx_word' id='word_1_782' title='bbox 3282 4679 3536 4748; x_wconf 79' lang='lat' dir='ltr'><strong>aliquan-</strong></span> 
     </span>
    </p>
   </div>
   <div class='ocr_carea' id='block_1_104' title="bbox 1963 4769 3534 4844">
    <p class='ocr_par' dir='ltr' id='par_1_104' title="bbox 1963 4769 3534 4844">
     <span class='ocr_line' id='line_1_104' title="bbox 1963 4769 3534 4844; baseline -0.004 -15"><span class='ocrx_word' id='word_1_783' title='bbox 1963 4777 2051 4840; x_wconf 83' lang='lat' dir='ltr'><strong>do,</strong></span> <span class='ocrx_word' id='word_1_784' title='bbox 2121 4774 2442 4844; x_wconf 76' lang='lat' dir='ltr'><strong>plerumque</strong></span> <span class='ocrx_word' id='word_1_785' title='bbox 2515 4773 2582 4828; x_wconf 91' lang='lat' dir='ltr'><strong>ad</strong></span> <span class='ocrx_word' id='word_1_786' title='bbox 2649 4788 2841 4826; x_wconf 85' lang='lat' dir='ltr'><strong>novem</strong></span> <span class='ocrx_word' id='word_1_787' title='bbox 2871 4811 2886 4832; x_wconf 90' lang='lat'><strong>,</strong></span> <span class='ocrx_word' id='word_1_788' title='bbox 2931 4785 3306 4842; x_wconf 66' lang='lat' dir='ltr'><strong>smpcnumero</strong></span> <span class='ocrx_word' id='word_1_789' title='bbox 3341 4769 3406 4824; x_wconf 89' lang='lat' dir='ltr'><strong>ad</strong></span> <span class='ocrx_word' id='word_1_790' title='bbox 3436 4769 3534 4823; x_wconf 87' lang='lat' dir='ltr'><strong>de-</strong></span> 
     </span>
    </p>
   </div>
   <div class='ocr_carea' id='block_1_105' title="bbox 1963 4859 3534 4937">
    <p class='ocr_par' dir='ltr' id='par_1_105' title="bbox 1963 4859 3534 4937">
     <span class='ocr_line' id='line_1_105' title="bbox 1963 4859 3534 4937; baseline -0.004 -15"><span class='ocrx_word' id='word_1_791' title='bbox 1963 4883 2078 4922; x_wconf 89' lang='lat' dir='ltr'><strong>cem</strong></span> <span class='ocrx_word' id='word_1_792' title='bbox 2137 4875 2422 4937; x_wconf 83' lang='lat' dir='ltr'><strong>postquam</strong></span> <span class='ocrx_word' id='word_1_793' title='bbox 2474 4865 2756 4932; x_wconf 85' lang='lat' dir='ltr'><strong>concepit,</strong></span> <span class='ocrx_word' id='word_1_794' title='bbox 2812 4863 2900 4918; x_wconf 82' lang='lat' dir='ltr'><strong>vix</strong></span> <span class='ocrx_word' id='word_1_795' title='bbox 2967 4873 3146 4917; x_wconf 81' lang='lat' dir='ltr'><strong>autem</strong></span> <span class='ocrx_word' id='word_1_796' title='bbox 3201 4873 3323 4931; x_wconf 85' lang='lat' dir='ltr'><strong>post</strong></span> <span class='ocrx_word' id='word_1_797' title='bbox 3365 4859 3534 4915; x_wconf 87' lang='lat' dir='ltr'><strong>unde-</strong></span> 
     </span>
    </p>
   </div>
   <div class='ocr_carea' id='block_1_106' title="bbox 1965 4949 3538 5020">
    <p class='ocr_par' dir='ltr' id='par_1_106' title="bbox 1965 4949 3538 5020">
     <span class='ocr_line' id='line_1_106' title="bbox 1965 4949 3538 5020; baseline -0.006 -7"><span class='ocrx_word' id='word_1_798' title='bbox 1965 4959 2189 5013; x_wconf 83' lang='lat' dir='ltr'><strong>cimum.</strong></span> <span class='ocrx_word' id='word_1_799' title='bbox 2229 4956 2394 5011; x_wconf 85' lang='lat' dir='ltr'><strong>Fetus</strong></span> <span class='ocrx_word' id='word_1_800' title='bbox 2427 4956 2478 5008; x_wconf 88' lang='lat' dir='ltr'><strong>ln</strong></span> <span class='ocrx_word' id='word_1_801' title='bbox 2507 4956 2679 5010; x_wconf 89' lang='lat' dir='ltr'><strong>lucem</strong></span> <span class='ocrx_word' id='word_1_802' title='bbox 2709 4953 2885 5009; x_wconf 83' lang='lat' dir='ltr'><strong>editus</strong></span> <span class='ocrx_word' id='word_1_803' title='bbox 2919 4962 3014 5008; x_wconf 91' lang='lat' dir='ltr'><strong>aut</strong></span> <span class='ocrx_word' id='word_1_804' title='bbox 3035 4952 3184 5018; x_wconf 82' lang='lat' dir='ltr'><strong>vivit,</strong></span> <span class='ocrx_word' id='word_1_805' title='bbox 3235 4961 3328 5005; x_wconf 92' lang='lat' dir='ltr'><strong>aut</strong></span> <span class='ocrx_word' id='word_1_806' title='bbox 3361 4949 3538 5020; x_wconf 76' lang='lat' dir='ltr'><strong>pariet</strong></span> 
     </span>
    </p>
   </div>
   <div class='ocr_carea' id='block_1_107' title="bbox 1969 5043 3537 5120">
    <p class='ocr_par' dir='ltr' id='par_1_107' title="bbox 1969 5043 3537 5120">
     <span class='ocr_line' id='line_1_107' title="bbox 1969 5043 3537 5120; baseline -0.007 -15"><span class='ocrx_word' id='word_1_807' title='bbox 1969 5051 2166 5105; x_wconf 88' lang='lat' dir='ltr'><strong>mulier</strong></span> <span class='ocrx_word' id='word_1_808' title='bbox 2188 5048 2334 5120; x_wconf 82' lang='lat' dir='ltr'><strong>quod</strong></span> <span class='ocrx_word' id='word_1_809' title='bbox 2365 5048 2508 5102; x_wconf 89' lang='lat' dir='ltr'><strong>mola</strong></span> <span class='ocrx_word' id='word_1_810' title='bbox 2538 5057 2926 5116; x_wconf 78' lang='lat' dir='ltr'><strong>vocatur,qu:e</strong></span> <span class='ocrx_word' id='word_1_811' title='bbox 2967 5053 3050 5100; x_wconf 86' lang='lat' dir='ltr'><strong>est</strong></span> <span class='ocrx_word' id='word_1_812' title='bbox 3098 5059 3224 5098; x_wconf 90' lang='lat' dir='ltr'><strong>caro</strong></span> <span class='ocrx_word' id='word_1_813' title='bbox 3249 5043 3406 5108; x_wconf 90' lang='lat' dir='ltr'><strong>dura,</strong></span> <span class='ocrx_word' id='word_1_814' title='bbox 3439 5048 3537 5095; x_wconf 87' lang='lat' dir='ltr'><strong>aut.</strong></span> 
     </span>
    </p>
   </div>
   <div class='ocr_carea' id='block_1_108' title="bbox 1969 5137 3531 5213">
    <p class='ocr_par' dir='ltr' id='par_1_108' title="bbox 1969 5137 3531 5213">
     <span class='ocr_line' id='line_1_108' title="bbox 1969 5137 3531 5213; baseline -0.007 -18"><span class='ocrx_word' id='word_1_815' title='bbox 1969 5141 2386 5213; x_wconf 84' lang='lat' dir='ltr'><strong>periclitabitur.</strong></span> <span class='ocrx_word' id='word_1_816' title='bbox 2419 5138 2573 5194; x_wconf 84' lang='lat' dir='ltr'><strong>Circa</strong></span> <span class='ocrx_word' id='word_1_817' title='bbox 2605 5153 2806 5192; x_wconf 90' lang='lat' dir='ltr'><strong>annum</strong></span> <span class='ocrx_word' id='word_1_818' title='bbox 2837 5137 3106 5192; x_wconf 84' lang='lat' dir='ltr'><strong>decimum</strong></span> <span class='ocrx_word' id='word_1_819' title='bbox 3131 5142 3383 5204; x_wconf 89' lang='lat' dir='ltr'><strong>quartum</strong></span> <span class='ocrx_word' id='word_1_820' title='bbox 3414 5145 3531 5184; x_wconf 85' lang='lat' dir='ltr'><strong>mu-</strong></span> 
     </span>
    </p>
   </div>
   <div class='ocr_carea' id='block_1_109' title="bbox 1976 5225 3536 5303">
    <p class='ocr_par' dir='ltr' id='par_1_109' title="bbox 1976 5225 3536 5303">
     <span class='ocr_line' id='line_1_109' title="bbox 1976 5225 3536 5303; baseline -0.008 -14"><span class='ocrx_word' id='word_1_821' title='bbox 1976 5243 2094 5290; x_wconf 89' lang='lat' dir='ltr'><strong>tant</strong></span> <span class='ocrx_word' id='word_1_822' title='bbox 2125 5231 2616 5303; x_wconf 83' lang='lat' dir='ltr'><strong>eorporishabitus</strong></span> <span class='ocrx_word' id='word_1_823' title='bbox 2643 5238 2753 5284; x_wconf 89' lang='lat' dir='ltr'><strong>tam</strong></span> <span class='ocrx_word' id='word_1_824' title='bbox 2790 5243 2970 5284; x_wconf 88' lang='lat' dir='ltr'><strong>mares</strong></span> <span class='ocrx_word' id='word_1_825' title='bbox 2991 5243 3152 5298; x_wconf 89' lang='lat' dir='ltr'><strong>quam</strong></span> <span class='ocrx_word' id='word_1_826' title='bbox 3187 5225 3449 5289; x_wconf 58' lang='lat' dir='ltr'><strong>femella‘;</strong></span> <span class='ocrx_word' id='word_1_827' title='bbox 3481 5233 3536 5278; x_wconf 73' lang='lat' dir='ltr'><strong>et</strong></span> 
     </span>
    </p>
   </div>
   <div class='ocr_carea' id='block_1_110' title="bbox 291 5314 3538 5390">
    <p class='ocr_par' dir='ltr' id='par_1_110' title="bbox 291 5314 3538 5390">
     <span class='ocr_line' id='line_1_110' title="bbox 291 5314 3538 5390; baseline -0 -24"><span class='ocrx_word' id='word_1_828' title='bbox 291 5325 360 5366; x_wconf 75' lang='lat' dir='ltr'><strong>ex</strong></span> <span class='ocrx_word' id='word_1_829' title='bbox 385 5314 521 5370; x_wconf 78' lang='lat' dir='ltr'><strong>bene</strong></span> <span class='ocrx_word' id='word_1_830' title='bbox 552 5317 755 5374; x_wconf 79' lang='lat' dir='ltr'><strong>affectis</strong></span> <span class='ocrx_word' id='word_1_831' title='bbox 793 5317 934 5371; x_wconf 90' lang='lat' dir='ltr'><strong>male</strong></span> <span class='ocrx_word' id='word_1_832' title='bbox 959 5316 1207 5388; x_wconf 85' lang='lat' dir='ltr'><strong>dispositi</strong></span> <span class='ocrx_word' id='word_1_833' title='bbox 1251 5317 1406 5386; x_wconf 87' lang='lat' dir='ltr'><strong>fiunt,</strong></span> <span class='ocrx_word' id='word_1_834' title='bbox 1435 5317 1518 5374; x_wconf 85' lang='lat' dir='ltr'><strong>vel</strong></span> <span class='ocrx_word' id='word_1_835' title='bbox 1541 5335 1572 5374; x_wconf 89' lang='lat' dir='ltr'><strong>e</strong></span> <span class='ocrx_word' id='word_1_836' title='bbox 1603 5320 1837 5379; x_wconf 88' lang='lat' dir='ltr'><strong>diverso.</strong></span> <span class='ocrx_word' id='word_1_837' title='bbox 1903 5325 2057 5382; x_wconf 91' lang='lat' dir='ltr'><strong>Tunc</strong></span> <span class='ocrx_word' id='word_1_838' title='bbox 2084 5333 2138 5380; x_wconf 89' lang='lat' dir='ltr'><strong>et</strong></span> <span class='ocrx_word' id='word_1_839' title='bbox 2173 5322 2403 5378; x_wconf 88' lang='lat' dir='ltr'><strong>femellis</strong></span> <span class='ocrx_word' id='word_1_840' title='bbox 2450 5329 2728 5377; x_wconf 88' lang='lat' dir='ltr'><strong>menstrua</strong></span> <span class='ocrx_word' id='word_1_841' title='bbox 2784 5320 3069 5390; x_wconf 90' lang='lat' dir='ltr'><strong>incipiunt,</strong></span> <span class='ocrx_word' id='word_1_842' title='bbox 3100 5319 3344 5373; x_wconf 86' lang='lat' dir='ltr'><strong>maribus</strong></span> <span class='ocrx_word' id='word_1_843' title='bbox 3404 5327 3538 5369; x_wconf 89' lang='lat' dir='ltr'><strong>vero</strong></span> 
     </span>
    </p>
   </div>
   <div class='ocr_carea' id='block_1_111' title="bbox 296 5405 3535 5481">
    <p class='ocr_par' dir='ltr' id='par_1_111' title="bbox 296 5405 3535 5481">
     <span class='ocr_line' id='line_1_111' title="bbox 296 5405 3535 5481; baseline -0.001 -23"><span class='ocrx_word' id='word_1_844' title='bbox 296 5416 504 5470; x_wconf 83' lang='lat' dir='ltr'><strong>semen,</strong></span> <span class='ocrx_word' id='word_1_845' title='bbox 533 5415 586 5460; x_wconf 88' lang='lat' dir='ltr'><strong>et</strong></span> <span class='ocrx_word' id='word_1_846' title='bbox 621 5423 724 5461; x_wconf 84' lang='lat' dir='ltr'><strong>vox</strong></span> <span class='ocrx_word' id='word_1_847' title='bbox 765 5408 822 5462; x_wconf 83' lang='lat' dir='ltr'><strong>fit</strong></span> <span class='ocrx_word' id='word_1_848' title='bbox 849 5408 1084 5478; x_wconf 78' lang='lat' dir='ltr'><strong>gravior.</strong></span> <span class='ocrx_word' id='word_1_849' title='bbox 1120 5405 1298 5481; x_wconf 74' lang='lat' dir='ltr'><strong>Ubera</strong></span> <span class='ocrx_word' id='word_1_850' title='bbox 1326 5408 1453 5480; x_wconf 72' lang='lat' dir='ltr'><strong>item</strong></span> <span class='ocrx_word' id='word_1_851' title='bbox 1501 5417 1555 5464; x_wconf 85' lang='lat' dir='ltr'><strong>et</strong></span> <span class='ocrx_word' id='word_1_852' title='bbox 1604 5411 1835 5467; x_wconf 87' lang='lat' dir='ltr'><strong>verenda</strong></span> <span class='ocrx_word' id='word_1_853' title='bbox 1895 5423 2172 5470; x_wconf 85' lang='lat' dir='ltr'><strong>crescunt.</strong></span> <span class='ocrx_word' id='word_1_854' title='bbox 2223 5410 2394 5466; x_wconf 88' lang='lat' dir='ltr'><strong>Pallet</strong></span> <span class='ocrx_word' id='word_1_855' title='bbox 2458 5409 2694 5480; x_wconf 80' lang='lat' dir='ltr'><strong>denique</strong></span> <span class='ocrx_word' id='word_1_856' title='bbox 2749 5407 2967 5472; x_wconf 87' lang='lat' dir='ltr'><strong>mulier,</strong></span> <span class='ocrx_word' id='word_1_857' title='bbox 3005 5422 3126 5478; x_wconf 84' lang='lat' dir='ltr'><strong>quae</strong></span> <span class='ocrx_word' id='word_1_858' title='bbox 3149 5406 3418 5462; x_wconf 84' lang='lat' dir='ltr'><strong>femellam</strong></span> <span class='ocrx_word' id='word_1_859' title='bbox 3447 5417 3535 5473; x_wconf 86' lang='lat' dir='ltr'><strong>pa-</strong></span> 
     </span>
    </p>
   </div>
   <div class='ocr_carea' id='block_1_112' title="bbox 295 5493 601 5552">
    <p class='ocr_par' dir='ltr' id='par_1_112' title="bbox 295 5493 601 5552">
     <span class='ocr_line' id='line_1_112' title="bbox 295 5493 601 5552; baseline 0.013 -4"><span class='ocrx_word' id='word_1_860' title='bbox 295 5493 467 5551; x_wconf 87' lang='lat' dir='ltr'><strong>ritura</strong></span> <span class='ocrx_word' id='word_1_861' title='bbox 499 5505 601 5552; x_wconf 89' lang='lat' dir='ltr'><strong>est.</strong></span> 
     </span>
    </p>
   </div>
   <div class='ocr_carea' id='block_1_113' title="bbox 529 5635 1666 5706">
    <p class='ocr_par' dir='ltr' id='par_1_113' title="bbox 529 5635 1666 5706">
     <span class='ocr_line' id='line_1_113' title="bbox 529 5635 1666 5706; baseline 0.002 -18"><span class='ocrx_word' id='word_1_862' title='bbox 529 5635 638 5690; x_wconf 85' lang='grc' dir='ltr'><strong>Τοῦ</strong></span> <span class='ocrx_word' id='word_1_863' title='bbox 667 5635 852 5692; x_wconf 83' lang='grc' dir='ltr'>αὐτοῦ</span> <span class='ocrx_word' id='word_1_864' title='bbox 886 5637 1214 5706; x_wconf 76' lang='grc' dir='ltr'>Γρηγορίου</span> <span class='ocrx_word' id='word_1_865' title='bbox 1246 5636 1354 5692; x_wconf 85' lang='grc' dir='ltr'>τοῦ</span> <span class='ocrx_word' id='word_1_866' title='bbox 1391 5638 1666 5704; x_wconf 83' lang='grc' dir='ltr'>Νύσσης.</span> 
     </span>
    </p>
   </div>
   <div class='ocr_carea' id='block_1_114' title="bbox 377 5746 1864 5822">
    <p class='ocr_par' dir='ltr' id='par_1_114' title="bbox 377 5746 1864 5822">
     <span class='ocr_line' id='line_1_114' title="bbox 377 5746 1864 5822; baseline 0.001 -19"><span class='ocrx_word' id='word_1_867' title='bbox 377 5749 444 5803; x_wconf 84' lang='grc' dir='ltr'>Ἥ</span> <span class='ocrx_word' id='word_1_868' title='bbox 477 5749 532 5804; x_wconf 84' lang='grc' dir='ltr'>δὲ</span> <span class='ocrx_word' id='word_1_869' title='bbox 560 5747 655 5802; x_wconf 83' lang='grc' dir='ltr'>τοῦ</span> <span class='ocrx_word' id='word_1_870' title='bbox 695 5746 786 5802; x_wconf 79' lang='grc' dir='ltr'>νοῦ</span> <span class='ocrx_word' id='word_1_871' title='bbox 819 5749 952 5821; x_wconf 86' lang='grc' dir='ltr'>πρὸς</span> <span class='ocrx_word' id='word_1_872' title='bbox 989 5748 1052 5802; x_wconf 80' lang='grc' dir='ltr'>τὸ</span> <span class='ocrx_word' id='word_1_873' title='bbox 1099 5749 1258 5822; x_wconf 82' lang='grc' dir='ltr'>σῶμα</span> <span class='ocrx_word' id='word_1_874' title='bbox 1306 5751 1556 5804; x_wconf 84' lang='grc' dir='ltr'>κοινωνία</span> <span class='ocrx_word' id='word_1_875' title='bbox 1587 5748 1864 5820; x_wconf 84' lang='grc' dir='ltr'>ἄφραστόν</span> 
     </span>
    </p>
   </div>
   <div class='ocr_carea' id='block_1_115' title="bbox 298 5837 1861 5909">
    <p class='ocr_par' dir='ltr' id='par_1_115' title="bbox 298 5837 1861 5909">
     <span class='ocr_line' id='line_1_115' title="bbox 298 5837 1861 5909; baseline -0.002 -13"><span class='ocrx_word' id='word_1_876' title='bbox 298 5857 356 5896; x_wconf 80' lang='grc' dir='ltr'><strong>τε</strong></span> <span class='ocrx_word' id='word_1_877' title='bbox 386 5844 477 5898; x_wconf 69' lang='grc' dir='ltr'>καὶ</span> <span class='ocrx_word' id='word_1_878' title='bbox 510 5842 876 5907; x_wconf 84' lang='grc' dir='ltr'>άκατανόητον</span> <span class='ocrx_word' id='word_1_879' title='bbox 917 5839 1014 5894; x_wconf 74' lang='grc' dir='ltr'><strong>τὴν</strong></span> <span class='ocrx_word' id='word_1_880' title='bbox 1051 5838 1338 5908; x_wconf 81' lang='grc' dir='ltr'>συνάφειαν</span> <span class='ocrx_word' id='word_1_881' title='bbox 1376 5839 1486 5909; x_wconf 80' lang='grc' dir='ltr'>ἔχει</span> <span class='ocrx_word' id='word_1_882' title='bbox 1507 5856 1520 5869; x_wconf 88' lang='grc'><strong>·</strong></span> <span class='ocrx_word' id='word_1_883' title='bbox 1556 5837 1680 5892; x_wconf 77' lang='grc' dir='ltr'>οὕτε</span> <span class='ocrx_word' id='word_1_884' title='bbox 1713 5839 1861 5903; x_wconf 75' lang='grc' dir='ltr'>ἐντὸς</span> 
     </span>
    </p>
   </div>
   <div class='ocr_carea' id='block_1_116' title="bbox 2324 5623 3185 5696">
    <p class='ocr_par' dir='ltr' id='par_1_116' title="bbox 2324 5623 3185 5696">
     <span class='ocr_line' id='line_1_116' title="bbox 2324 5623 3185 5696; baseline -0.003 -16"><span class='ocrx_word' id='word_1_885' title='bbox 2324 5625 2406 5680; x_wconf 81' lang='lat' dir='ltr'><strong>Ea:</strong></span> <span class='ocrx_word' id='word_1_886' title='bbox 2435 5626 2611 5680; x_wconf 80' lang='lat' dir='ltr'><strong>eodem</strong></span> <span class='ocrx_word' id='word_1_887' title='bbox 2645 5623 2892 5696; x_wconf 77' lang='lat' dir='ltr'><strong>Gregorio</strong></span> <span class='ocrx_word' id='word_1_888' title='bbox 2925 5623 3185 5696; x_wconf 77' lang='lat' dir='ltr'><strong>Nysseno.</strong></span> 
     </span>
    </p>
   </div>
   <div class='ocr_carea' id='block_1_117' title="bbox 2043 5733 3538 5810">
    <p class='ocr_par' dir='ltr' id='par_1_117' title="bbox 2043 5733 3538 5810">
     <span class='ocr_line' id='line_1_117' title="bbox 2043 5733 3538 5810; baseline -0.004 -14"><span class='ocrx_word' id='word_1_889' title='bbox 2043 5741 2236 5796; x_wconf 77' lang='lat' dir='ltr'><strong>Mentis</strong></span> <span class='ocrx_word' id='word_1_890' title='bbox 2261 5749 2442 5796; x_wconf 88' lang='lat' dir='ltr'><strong>autem</strong></span> <span class='ocrx_word' id='word_1_891' title='bbox 2478 5740 2545 5795; x_wconf 88' lang='lat' dir='ltr'><strong>ad</strong></span> <span class='ocrx_word' id='word_1_892' title='bbox 2571 5755 2768 5810; x_wconf 89' lang='lat' dir='ltr'><strong>corpus</strong></span> <span class='ocrx_word' id='word_1_893' title='bbox 2793 5739 3108 5796; x_wconf 86' lang='lat' dir='ltr'><strong>communio</strong></span> <span class='ocrx_word' id='word_1_894' title='bbox 3135 5733 3453 5791; x_wconf 78' lang='lat' dir='ltr'><strong>ineffabilem</strong></span> <span class='ocrx_word' id='word_1_895' title='bbox 3481 5742 3538 5790; x_wconf 85' lang='lat' dir='ltr'><strong>et</strong></span> 
     </span>
    </p>
   </div>
   <div class='ocr_carea' id='block_1_118' title="bbox 1971 5825 3532 5906">
    <p class='ocr_par' dir='ltr' id='par_1_118' title="bbox 1971 5825 3532 5906">
     <span class='ocr_line' id='line_1_118' title="bbox 1971 5825 3532 5906; baseline -0.005 -18"><span class='ocrx_word' id='word_1_896' title='bbox 1971 5833 2569 5906; x_wconf 81' lang='lat' dir='ltr'><strong>incomprehensibilem</strong></span> <span class='ocrx_word' id='word_1_897' title='bbox 2590 5832 2867 5890; x_wconf 84' lang='lat' dir='ltr'><strong>intellectu</strong></span> <span class='ocrx_word' id='word_1_898' title='bbox 2887 5829 3324 5904; x_wconf 69' lang='lat' dir='ltr'><strong>coniunctionem</strong></span> <span class='ocrx_word' id='word_1_899' title='bbox 3348 5825 3532 5894; x_wconf 80' lang='lat' dir='ltr'><strong>habet,</strong></span> 
     </span>
    </p>
   </div>
  </div>
