4000 6428
556 417 692 477 1093

553 552 674 606 quae
699 549 875 604 neque
906 535 1052 591 intus
1075 545 1160 592 est
1184 535 1296 610 (98)
1328 539 1525 608 (neque
1551 540 1696 595 enim
1726 541 1986 597 miscetur
2009 557 2132 597 cor-

552 624 672 694 pori
703 623 851 694 quod
885 624 1267 694 incorporeum
1293 629 1398 694 est)
1442 645 1454 680 :
1490 641 1665 698 neque
1695 627 2028 684 circumfusa
2053 636 2136 682 est

555 722 704 783 (non
739 717 886 770 enim
920 715 1787 788 circumscribiturincorporeum
1824 735 1853 773 a
1885 719 2134 788 corpori-

555 805 658 859 bus
682 802 743 878 ):
778 804 872 858 sed
908 805 1069 859 modo
1107 806 1343 876 quodam
1387 807 1693 862 incredibili
1732 818 1786 862 et
1827 809 2133 876 intelligen-

555 897 684 948 tiam
724 903 965 950 nostram
1001 906 1298 966 superante
1323 913 1476 952 mens
1501 901 1943 969 appropinquans
1966 908 2020 954 et
2041 916 2135 970 ap-

557 987 752 1054 plicata
782 996 1019 1053 naturae,
1054 997 1107 1043 et
1142 989 1197 1043 in
1230 989 1349 1060 ipsa
1369 1028 1386 1055 ,
1421 998 1475 1043 et
1504 993 1650 1045 circa
1680 991 1851 1060 ipsam
1883 992 2132 1057 exsistit,

555 1078 636 1131 sic
667 1088 844 1132 tamen
876 1086 934 1132 ut
966 1079 1230 1149 explicari
1262 1081 1345 1134 vel
1385 1080 1716 1151 cogitatione
1743 1082 2133 1151 comprehendi

555 1166 750 1221 modus
777 1177 1040 1236 nequeat,
1071 1169 1175 1223 nisi
1208 1169 1355 1238 quod
1383 1171 1436 1223 in
1465 1177 1609 1224 statu
1641 1185 1743 1226 suo
1771 1181 1916 1226 recte
1942 1171 2131 1227 aﬂ‘ecta

555 1265 750 1310 natura
770 1296 784 1318 ,
811 1258 975 1312 etiam
1005 1274 1162 1314 mens
1186 1259 1373 1315 eilicax
1403 1270 1527 1328 est;
1564 1263 1611 1316 si
1645 1277 1775 1317 vero
1808 1262 1997 1317 vitium
2034 1264 2134 1317 ali-

554 1347 697 1416 quod
726 1348 869 1403 circa
898 1349 1046 1404 illam
1074 1352 1384 1422 contingat,
1411 1353 1685 1410 claudicat
1709 1365 1936 1410 eatenus
1965 1354 2130 1411 etiam

555 1451 734 1496 motus
772 1441 1102 1502 intellectus.

618 1529 812 1600 Operae
850 1534 1084 1602 pretium
1125 1545 1211 1591 est
1250 1537 1428 1601 scire,
1469 1538 1630 1607 cujus
1657 1537 2129 1609 reigratiaeterra

553 1623 891 1676 nascentium
913 1625 1156 1694 germina
1191 1625 1244 1679 in
1275 1635 1399 1680 ortu
1427 1642 1612 1682 rerum
1639 1627 1979 1697 praecedant,
2007 1635 2130 1696 post

552 1727 673 1780 quae
711 1713 973 1782 producta
1015 1724 1142 1770 sunt
1190 1716 1491 1772 animantia
1555 1718 1752 1781 bruta,
1794 1729 1848 1773 et
1876 1726 1997 1787 post
2033 1718 2125 1773 illa

552 1798 771 1851 demum
807 1799 990 1856 homo.
1022 1800 1140 1857 Non
1170 1800 1351 1877 solum
1383 1805 1528 1875 quod
1566 1807 1732 1862 herba
1765 1807 1981 1876 quidem
2015 1808 2124 1862 ani-

553 1891 786 1947 malibus
824 1901 909 1948 est
944 1895 1091 1950 utilis
1114 1937 1128 1961 ,
1164 1905 1212 1951 et
1234 1905 1458 1970 propter
1475 1898 1750 1954 hominem
1787 1895 2001 1954 exsistit
2031 1914 2124 1967 pe-

548 1997 739 2039 corum
769 1985 952 2054 copia,
989 1995 1249 2057 tanquam
1287 1989 1362 2041 illi
1401 1989 1777 2044 ministratura
1802 2029 1816 2053 ,
1854 1993 1947 2044 sed
1978 1990 2124 2058 quod

552 2080 642 2134 hic
671 2091 789 2130 eam
825 2093 948 2145 quae
991 2077 1059 2132 de
1107 2079 1289 2134 anima
1338 2088 1456 2145 est,
1509 2079 1914 2150 philosophiam
1972 2079 2128 2134 nobis

551 2167 728 2222 tradat
771 2168 968 2226 Moses.
991 2170 1259 2241 Explicari
1294 2181 1473 2226 autem
1505 2172 1750 2228 oratione
1783 2173 1909 2227 talis
1942 2188 2127 2227 rerum

550 2259 832 2316 distinctio
861 2270 1040 2331 potest
1069 2283 1082 2317 :
1120 2263 1227 2319 Res
1261 2266 1528 2319 universae
1563 2265 1756 2334 partim
1792 2265 2128 2320 intellectiles

550 2361 709 2419 sunt,
739 2355 931 2422 partim
967 2372 1262 2424 corporeae.
1291 2355 1626 2410 Omittantur
1650 2363 1830 2410 autem
1864 2370 2012 2409 nunc
2037 2355 2122 2408 in-

551 2443 852 2500 tellectiles.
881 2445 1172 2515 Corporea:
1200 2448 1401 2517 partim
1431 2446 1772 2501 efﬁcacitatis
1799 2447 1983 2500 vitalis
2009 2460 2128 2513 par-

549 2534 742 2604 ticipes
775 2546 940 2600 sunt,
971 2539 1164 2604 partim
1197 2549 1449 2608 expertes
1480 2538 1706 2594 omnino
1739 2541 1880 2593 vitae.
1914 2539 2128 2594 Rursus

550 2624 716 2680 vitale
745 2641 943 2696 corpus
973 2629 1168 2696 partim
1201 2630 1424 2698 quidem
1457 2629 1693 2696 sensile,
1735 2631 1936 2698 partim
1985 2645 2116 2685 vero

551 2731 747 2772 sensus
786 2727 870 2772 est
905 2734 1119 2787 expers.
1162 2719 1376 2775 Rursus
1431 2701 1669 2784 sensile,
1712 2721 1860 2775 aliud
1907 2722 2124 2790 quidem

551 2807 852 2871 rationale,
902 2810 1050 2863 aliud
1095 2819 1278 2864 autem
1326 2811 1556 2864 rationis
1588 2820 1673 2866 est
1697 2828 1908 2882 expers.
1947 2813 1989 2865 A
2023 2813 2127 2867 mi-

551 2899 780 2954 noribus
819 2900 983 2969 igitur
1025 2901 1091 2954 ad
1134 2901 1188 2956 id
1227 2903 1373 2971 quod
1411 2901 1714 2970 perfectum
1756 2912 1874 2968 est,
1934 2911 2127 2957 natura

550 2991 918 3061 progreditur.
970 2992 1204 3064 Ideoque
1253 3003 1378 3064 post
1431 2995 1731 3050 inanimam
1795 2997 2122 3062 materiam,

549 3081 705 3149 quasi
739 3080 943 3148 gradus
971 3084 1238 3152 quosdam
1281 3083 1472 3140 formae
1513 3087 1878 3141 animatorum
1904 3132 1918 3155 ,
1961 3095 2128 3142 natu-

548 3170 719 3224 ralem
757 3171 898 3226 hanc
933 3173 1104 3227 vitam
1133 3175 1410 3230 exstitisse
1439 3175 1573 3230 dicit
1606 3175 1905 3246 lcgislator,
1943 3177 1996 3231 in
2026 3193 2124 3232 na-

549 3263 806 3317 turalium
838 3265 1234 3333 germinatione
1269 3268 1736 3336 prazcxsistcntem
1758 3308 1771 3331 ,
1800 3278 1985 3338 utpote
2016 3269 2121 3323 vim

547 3356 881 3409 nutrientem
910 3365 962 3410 et
990 3369 1374 3428 augescentem
1393 3399 1407 3422 ,
1442 3360 1631 3430 sicque
1659 3361 1851 3415 deinde
1880 3361 2121 3430 sulijicit,

545 3455 600 3498 et
632 3445 908 3500 sentiendi
959 3446 1314 3516 facultatem,
1347 3467 1470 3520 qua:
1526 3452 1581 3504 in
1629 3452 1957 3505 animalibus
2001 3461 2123 3517 est,

547 3535 714 3590 etiam
745 3537 866 3605 ejus
903 3540 1224 3610 participem
1256 3557 1378 3612 quae
1407 3551 1535 3595 ante
1573 3543 1744 3611 ipsam
1785 3543 1906 3597 fuit.
1942 3541 2126 3610 Siqui-

547 3626 671 3682 dem
701 3645 824 3700 quze
850 3645 946 3700 per
967 3647 1189 3688 carnem
1218 3636 1440 3700 vivunt,
1466 3634 1630 3688 etiam
1661 3635 1871 3704 absque
1912 3634 2125 3688 intelle-

546 3721 658 3775 ctili
684 3729 878 3776 natura
903 3739 1025 3780 esse
1048 3735 1298 3794 possunt.
1332 3725 1618 3781 Rationale
1651 3734 1831 3779 autem
1863 3726 2128 3780 exsistere

548 3827 655 3867 non
704 3824 920 3884 potest,
980 3817 1086 3872 nisi
1139 3834 1263 3872 cum
1319 3819 1586 3872 sentiente
1631 3819 1982 3872 eommistum
2032 3819 2122 3872 sit.

550 3903 674 3959 Ideo
707 3915 1016 3975 postremus
1046 3907 1226 3963 factus
1273 3917 1358 3962 est
1412 3910 1599 3962 homo.
1655 3907 1732 3962 Ex
1781 3908 1930 3961 omni
1980 3909 2124 3961 enim

548 3994 726 4061 specie
749 3996 1058 4052 animarum
1085 4007 1448 4066 temperatum
1475 4007 1559 4052 est
1584 3999 1789 4052 animal
1821 3998 2085 4052 rationale
2111 4015 2125 4063 ;

549 4086 792 4140 nutritur
817 4088 962 4144 enim
995 4090 1297 4144 secundum
1322 4089 1558 4158 Speciem
1588 4091 1785 4143 animae
1815 4105 1936 4159 quae
1963 4099 2045 4142 est
2075 4090 2126 4142 in

549 4176 781 4244 plantis;
814 4181 1129 4248 augescenti
1162 4196 1292 4235 vero
1327 4182 1574 4236 facultati
1603 4183 1845 4238 sentiens
1870 4199 1898 4234 a
1933 4189 2127 4234 natura

539 4257 807 4338 adjuncta
834 4279 948 4340 est;
981 4271 1034 4324 in
1072 4271 1344 4326 sentiente
1389 4275 1610 4344 demum
1647 4273 1813 4327 intell~
1836 4273 1980 4327 ctilis
2033 4287 2131 4325 na-

549 4366 683 4414 turae
725 4361 1022 4416 ellicacitas
1068 4362 1268 4417 elucet.
1317 4362 1472 4417 Unde
1505 4364 1670 4417 etiam
1702 4363 1920 4432 proprie
1960 4363 2129 4417 ratio-

551 4453 690 4507 nalis
724 4452 909 4506 anima
939 4460 995 4506 et
1022 4453 1356 4507 intellectilis
1390 4453 1614 4517 dicitur,
1646 4471 1768 4523 qua:
1811 4470 1907 4523 per
1945 4453 2130 4508 omnia

1620 421 1675 476 S.
1717 418 2401 488 CESARII,GREGORII
2441 418 2764 485 FRATItIS,

3656 419 3759 475 i081

2239 536 2371 594 οὖσα
2399 541 2477 613 (οὐ
2508 541 2616 611 γὰρ
2643 541 2989 613 ἐγκρατεῖται
3013 537 3224 610 σώματι
3245 539 3306 592 τὸ
3323 537 3640 609 ἀσώματον),
3667 538 3768 593 οὔτε

2236 632 2393 694 ἐκτὸς
2429 632 2758 702 περιέχουσα
2790 632 2870 701 (ού
2902 633 3008 702 γὰρ
3054 629 3365 700 περιέχεται
3413 629 3470 682 τὸ
3519 629 3769 699 ἀσώματον

2235 722 2341 775 ὑπὸ
2375 723 2682 792 σωμάτων),
2713 722 2848 776 ἀλλὰ
2880 721 3018 776 κατά
3053 739 3174 775 τινα
3200 720 3400 792 τρόπον
3438 721 3692 790 ἀμήχανόν
3718 738 3762 772 τε

2235 815 2328 868 καὶ
2358 815 2708 884 άνεπινόητον
2740 815 2973 883 ὲγγίζων
3000 813 3027 864 6
3054 813 3178 876 νοῦς
3197 815 3262 884 τῇ
3300 809 3457 882 φύσει
3500 813 3588 865 καὶ
3626 830 3761 882 atpos-

2234 905 2557 976 απτόμενος,
2595 905 2688 958 καὶ
2734 907 2792 958 ὲν
2840 907 2975 975 αὐτῇ
3017 905 3110 957 καὶ
3132 904 3258 974 περὶ
3302 903 3468 973 αὐτὴν
3499 904 3762 974 θεωρεῖται,

2233 998 2349 1051 ἀλλ’
2401 999 2476 1061 ὡς
2512 997 2612 1050 οὐκ
2663 997 2811 1051 ἐστιν
2857 999 3054 1060 εἰπεῖν,
3106 996 3226 1048 οὐδὲ
3276 995 3485 1065 νοῆσαι,
3537 994 3660 1066 πλὴν
3700 997 3763 1047 ὃτι

2232 1090 2372 1145 κατὰ
2398 1091 2487 1142 τὸν
2509 1089 2638 1142 ἴδιον
2665 1089 2834 1158 αὐτῆς
2856 1087 3042 1159 εἱρμὸν
3075 1086 3432 1157 εὑοδουμένης
3450 1085 3544 1156 τῆς
3566 1085 3761 1153 φύσεως,

2232 1181 2327 1234 καὶ
2372 1183 2400 1233 6
2443 1179 2566 1243 νοῦς
2598 1180 2825 1250 ἐνεργὴς
2873 1180 3110 1248 γίνεται·
3147 1178 3194 1230 εἰ
3243 1176 3615 1247 πλημμέλημα
3664 1179 3764 1245 περὶ

2229 1273 2434 1343 ταύτην
2489 1271 2775 1342 συμπέσοι,
2809 1271 2996 1335 σκάζει
3033 1269 3154 1323 κατ’
3203 1269 3379 1322 ἐκεῖνο
3432 1269 3523 1320 καὶ¹
3562 1268 3650 1336 τῆς
3669 1267 3761 1319 δια-

2231 1364 2380 1428 νοίας
2408 1365 2440 1434 ή
2478 1362 2707 1433 κίνησις.

2302 1535 2514 1590 Εξδέναι
2543 1533 2648 1606 χρὴ
2680 1534 2822 1598 τινος
2848 1533 3006 1606 χάριν
3031 1535 3122 1588 ἐπὶ
3151 1534 3255 1605 γῆς
3284 1536 3318 1604 ἡ
3355 1534 3552 1604 βλάστη
3580 1533 3675 1586 τῶν
3691 1532 3760 1585 ἐπὶ

2228 1631 2333 1699 γῆς
2382 1627 2666 1698 φυομένων
2714 1629 3056 1697 προηγεῖται,
3097 1625 3401 1695 ἐπιγίνεται
3429 1625 3486 1678 δὲ
3524 1624 3588 1678 τὰ
3624 1625 3758 1690 ἄλογα

2229 1717 2336 1770 τῶν
2359 1715 2531 1781 ζώων,
2558 1716 2648 1768 καὶ
2677 1713 2812 1786 μετὰ
2838 1713 3012 1768 ταῦτα
3039 1717 3067 1768 6
3089 1714 3391 1786 ἅνθρωπος.
3421 1715 3494 1767 Οὐ
3526 1714 3668 1783 μόνον
3697 1713 3757 1764 ὅτι

2229 1811 2264 1878 ἡ
2303 1808 2399 1879 μὲν
2433 1807 2541 1860 πόα
2570 1807 2836 1877 χρήσιμος
2863 1807 2976 1869 τοῖς
3009 1805 3188 1870 ζώοις,
3222 1806 3311 1860 διὰ
3359 1807 3414 1859 δὲ
3461 1805 3548 1858 τὸν
3587 1803 3756 1872 ἄνθρω-

2231 1916 2329 1952 πον
2359 1899 2425 1952 τὰ
2461 1898 2612 1970 βοτά,
2649 1899 2724 1963 ὡς
2764 1899 3055 1968 ὑπηρετεῖν
3092 1897 3387 1967 μέλλονταο
3429 1896 3539 1950 ἀλλ’
3587 1896 3656 1948 ὅτι
3685 1895 3756 1963 τὴν

2231 1993 2360 2062 περὶ
2381 1990 2559 2061 ψυχῆς
2593 1990 2904 2060 φιλοσοφίαν
2935 1990 2962 2041 6
2992 1989 3606 2062 Μωσῆςπαραδίᾶυσιν.
3634 1987 3755 2038 Ἐστι

2227 2084 2284 2137 δὲ
2329 2085 2361 2154 ἡ
2411 2083 2503 2136 τοῦ
2543 2083 2702 2152 λόγου
2745 2082 3007 2152 διαίρεσις
3055 2083 3311 2153 τοιαύτη’
3355 2082 3474 2134 Τῶν
3524 2076 3755 2142 ὖντων,τὸ

2233 2173 2331 2244 μὲν
2383 2172 2589 2243 νοητὸν,
2628 2171 2686 2225 τὸ
2734 2171 2791 2223 δὲ
2844 2173 3154 2241 σωματικόν
3201 2173 3372 2224 ἐστιν.
3425 2171 3680 2222 Ἔστωσαν
3714 2165 3754 2216 δὲ

2229 2264 2324 2318 νῦν
2353 2265 2421 2317 τὰ
2458 2263 2716 2335 περὶ,τοῦ
2749 2263 2959 2334 νοητοῦ.
2993 2263 3099 2316 Τοῦ
3131 2263 3186 2316 δὲ
3231 2261 3562 2333 σωματικοῦ,
3607 2256 3753 2326 τὸμὲν

2233 2355 2445 2426 μετέχει
2499 2354 2733 2425 ζωτικῆς
2778 2355 3078 2424 ἐνεργείας,
3128 2355 3189 2406 τὸ
3237 2354 3294 2407 δὲ
3329 2355 3541 2424 ἀμοιρεῖ
3572 2348 3751 2402 καθόλου

2230 2447 2396 2516 ζωῆς.
2431 2446 2600 2499 Πάλιν
2635 2446 2726 2498 τοῦ
2757 2446 2988 2510 ζωτικοῦ
3025 2444 3298 2516 σώματος,
3323 2445 3384 2496 τὸ
3411 2443 3506 2515 μὲν
3529 2439 3751 2509 αξσθητὸν,

2229 2536 2288 2590 τὸ
2315 2537 2370 2588 δὲ
2407 2536 2728 2606 ἀναίσθητον
2749 2553 2762 2566 ·
2809 2538 2902 2589 καὶ
2928 2536 3022 2588 τοῦ
3062 2535 3404 2607 αἰσθητικοῦ,
3442 2534 3498 2586 τὸ
3531 2533 3618 2603 μὲν
3643 2530 3752 2595 λογιο

2230 2626 2346 2690 κον,
2377 2626 2436 2679 τὸ
2470 2627 2526 2679 δὲ
2570 2625 2785 2693 ἄλογον.
2839 2626 2969 2678 Ἀπὸ
2995 2625 3101 2679 τῶν
3140 2625 3483 2696 μικροτέρων
3513 2624 3594 2675 ἐπὶ
3619 2619 3670 2671 τὸ
3689 2617 3751 2668 τέ-

2227 2718 2370 2771 λειον
2401 2719 2432 2788 ἡ
2468 2716 2627 2786 φύσις
2663 2719 2895 2770 ποιεῖται
2939 2717 3038 2788 τὴν
3084 2716 3290 2770 ἄνοδον.
3325 2715 3424 2768 Διὰ
3464 2713 3608 2767 τοῦτο
3647 2706 3749 2780 μετὰ

2228 2809 2324 2881 τὴν
2363 2808 2567 2879 ἄψυχον
2614 2808 2767 2880 ὓλην,
2803 2804 2913 2863 οἷον
2949 2807 3231 2880 ύπόϐαθρά
3269 2825 3391 2860 τινα
3414 2809 3510 2878 τῆς
3531 2806 3624 2857 τῶν
3648 2797 3748 2866 ἀψύ-

2229 2919 2338 2970 χων
2378 2899 2519 2962 ἰδέας
2548 2898 2644 2971 τὴν
2681 2900 2914 2970 φυσικὴν
2943 2897 3145 2970 ταύτην
3187 2899 3335 2970 ζωὴν
3365 2897 3605 2965 συστῆναι
3638 2891 3748 2956 λέγει

2228 2995 2256 3044 6
2283 2991 2601 3062 νομοθέτης,
2651 2993 2707 3044 ὲν
2746 2994 2812 3063 τῇ
2863 2991 2971 3045 τῶν
3008 2990 3186 3060 φυτῶν
3223 2990 3428 3060 βλάστῃ
3460 2980 3748 3058 προϋποστά-

2231 3098 2352 3146 σαν,
2382 3081 2448 3151 ἦν
2475 3098 2533 3134 τε
2562 3079 2660 3152 τὴν
2694 3079 2993 3150 θρεπτικὴν
3025 3078 3118 3132 καὶ
3147 3077 3468 3149 αὐξητικὴν,
3498 3067 3588 3125 εἷθ’
3616 3066 3748 3124 οὕτως

2231 3174 2426 3241 ὲπάγει
2467 3174 2559 3227 καὶ
2591 3174 2689 3244 τὴν
2722 3173 2779 3223 ἐν
2811 3175 2922 3235 τοῖς
2966 3171 3122 3236 ζώοις
3170 3167 3508 3239 αἰσθητικὴν,
3550 3160 3750 3233 μετέχουο

2232 3283 2330 3318 σαν
2359 3265 2452 3319 καὶ
2476 3265 2575 3334 τῆς
2597 3263 2702 3334 πρὸ
2730 3263 2918 3333 αὐτῆς.
2955 3261 3173 3332 Ἐπειδὴ
3201 3261 3270 3314 τὰ
3302 3260 3389 3313 διὰ
3418 3255 3598 3328 σαρκὸς
3614 3251 3748 3315 iam“

2228 3359 2321 3411 καὶ
2350 3359 2474 3429 δίχα
2512 3359 2610 3428 τῆς
2635 3358 2826 3428 νοερᾶς
2854 3356 3070 3426 φύσεως
3101 3355 3330 3408 δύναται
3364 3350 3524 3408 εἶναι·
3553 3346 3666 3401 τὸδὲ
3687 3342 3749 3392 λθ·

2227 3451 2378 3518 γικὸν
2437 3450 2496 3502 οὐ
2529 3449 2772 3514 δύναται,
2809 3451 2856 3502 εἰ
2893 3449 2967 3520 μὴ
3009 3447 3086 3518 τῷ
3114 3446 3416 3518 αἰσθητικῷ
3451 3433 3745 3510 συγκραθείη.

2227 3543 2324 3596 Διὰ
2375 3540 2534 3594 τοῦτο
2580 3540 2886 3602 τελευταῖος
2917 3542 2945 3592 6
2987 3539 3294 3611 ἄνθρωπος.
3340 3537 3436 3590 Δια
3479 3536 3636 3599 πάσης
3671 3524 3748 3592 γὰρ

2231 3634 2374 3696 ἰδέας
2405 3632 2514 3685 τῶν
2557 3630 2863 3701 ὁμωνύμως
2894 3631 3200 3701 λεγομένων
3229 3629 3418 3700 ψυχῶν
3451 3618 3746 3713 ἀνακιρνᾶτῗι

2227 3727 2287 3779 τὸ
2311 3723 2526 3792 λογικὸν
2556 3723 2715 3788 ζῶον.
2755 3723 3028 3793 Τρέφεται
3057 3723 3150 3775 καὶ
3191 3721 3337 3774 κατὰ
3376 3721 3435 3772 τὸ
3463 3711 3657 3802 φυτικζον
3677 3711 3749 3802 τῆξ

2225 3815 2402 3886 ψυχῆς
2448 3809 2603 3876 εἶδος.
2637 3814 2714 3884 Τῇ
2749 3812 2805 3864 δὲ
2856 3811 3122 3884 αὐξητικῇ
3171 3810 3403 3882 δυνάμει
3443 3810 3472 3877 ἡ
3516 3800 3748 3898 aia-emittit,

2229 3906 2492 3979 προσφύει
2513 3924 2526 3936 ο
2547 3899 2665 3958 εἶτα
2680 3908 2743 3976 τῇ
2779 3903 3068 3974 αἰσθητικῇ
3096 3903 3128 3972 ἡ
3155 3901 3254 3972 τῆς
3273 3903 3462 3973 νοερᾶς
3497 3893 3658 3952 οὐσίας
3671 3887 3750 3979 διες

2226 3973 2438 4069 λάμψὲν
2472 3973 2741 4067 ἐνέργεια.
2771 3973 2937 4048 Ὅθεν
2967 3994 3060 4046 καὶ
3095 3992 3302 4062 κυρίως
3331 3988 3513 4058 λογικῇ
3681 3973 3750 4076 καὶ

2228 4087 2392 4160 νοερὰ
2441 4086 2686 4154 λέγεται,
2740 4085 2772 4153 ἡ
2827 4081 2914 4134 διὰ
2954 4081 3170 4134 πάντων
3223 4081 3503 4150 διήκουσα.
3569 4071 3643 4122 Ἐν

2229 4159 2336 4249 γὰρ
2367 4176 2446 4247 τῷ
2483 4173 2687 4244 λογικῷ
2729 4173 2822 4226 καὶ
2853 4172 2920 4225 τὰ
2949 4170 3111 4223 λοιπὰ
3148 4170 3498 4240 περιέλαϐεν,
3544 4164 3594 4213 ὲν
3619 4159 3664 4210 δὲ
3692 4166 3748 4217 τῳ

2229 4264 2530 4337 αἰσθητικῷ
2565 4265 2660 4318 καὶ
2687 4263 2747 4316 τὸ
2785 4260 3008 4332 φυτικὸν
3035 4260 3250 4323 πάντως
3282 4260 3416 4318 ἐστὶ,
3447 4257 3507 4308 τὸ
3545 4252 3595 4305 δὲ
3633 4258 3748 4337 (post:

2231 4361 2326 4414 κὸν
2354 4329 2481 4426 περὶ
2503 4329 2567 4408 τὸ
2592 4356 2775 4409 ὑλικὸν
2796 4329 2886 4406 νθε.
2921 4391 2933 4405 .
2972 4393 2984 4405 .
3021 4392 3032 4405 .
3066 4392 3079 4405 .
3117 4391 3132 4406 .
3167 4390 3181 4404 .
3217 4391 3228 4403 .
3266 4391 3280 4405 .
3317 4391 3332 4406 .
3370 4390 3383 4404 .
3415 4387 3428 4402 .
3461 4389 3474 4402 .
3527 4339 3645 4409 πλὴν
3681 4329 3746 4432 x31"-

2231 4448 2403 4504 ταῦτα
2453 4445 2540 4498 διὰ
2580 4446 2678 4516 τὴν
2715 4445 2952 4515 ζωτικὴν
3002 4443 3307 4513 ἐνέργειαν,
3358 4435 3745 4506 καταχρηστικως

549 4553 670 4596 sese
700 4539 857 4594 didit.
895 4536 1029 4592 Nam
1064 4539 1116 4592 in
1146 4539 1400 4592 rationali
1430 4540 1594 4592 etiam
1626 4541 1833 4609 reliqua
1869 4555 2121 4610 compre-

2230 4539 2392 4611 ψυχαὶ
2422 4536 2800 4608 ὀνομάζονται.
3472 4569 3476 4575 ι
3669 4605 3677 4615 ⁸

551 4629 768 4693 hendit,
814 4643 938 4683 cum
981 4628 1036 4682 in
1083 4629 1352 4682 sentiente
1397 4630 1697 4698 vegetativa
1748 4631 1853 4694 sit,
1877 4646 1999 4699 quae
2034 4631 2330 4702 vegetativa
2363 4637 2575 4684 tantum
2609 4627 2662 4680 in
2692 4627 2854 4680 rebus
2881 4624 3086 4680 crassis
3115 4623 3352 4678 exsistit.
3383 4618 3572 4673 Verum
3602 4617 3646 4664 et
3669 4612 3742 4658 ista

551 4731 771 4790 propter
797 4715 1014 4773 vitalem
1038 4718 1331 4775 eﬂicaeiatn
1360 4721 1584 4777 abusive
1606 4723 1800 4777 animae
1828 4731 2112 4778 vocantur.

621 4810 918 4867 Sciendum
954 4812 1099 4882 quod
1133 4828 1256 4881 qua:
1282 4811 1425 4868 facta
1455 4823 1582 4868 sunt
1611 4813 1679 4868 ad
1712 4813 1764 4868 id
1801 4815 2124 4885 simpliciter

560 4913 622 4960 ut
658 4906 940 4971 vivamus,
983 4911 1112 4961 sunt
1143 4904 1426 4961 cerebrum
1449 4947 1462 4972 ,
1497 4921 1591 4961 cor
1623 4915 1678 4962 et
1705 4907 1925 4977 pulmo,
1955 4908 2124 4980 bepar

547 5004 604 5050 et
652 5009 862 5052 venter.
920 4996 1125 5053 Horum
1170 4997 1315 5051 enim
1365 4997 1550 5067 aliquo
1597 4998 1758 5064 lteso,
1810 5002 2125 5056 necessario

548 5088 785 5142 moritur
815 5088 1038 5142 animal.
1074 5085 1229 5142 Oculi
1264 5095 1484 5156 autem,
1517 5106 1710 5146 manus
1737 5099 1791 5146 et
1823 5090 1986 5160 pedes
2009 5131 2024 5158 ,
2057 5091 2125 5146 ad

550 5177 603 5232 id
630 5187 690 5233 ut
715 5179 853 5234 bene
879 5179 1125 5234 vivamus
1143 5219 1158 5242 ,
1195 5180 1335 5236 facta
1363 5191 1509 5236 sunt.
1539 5180 1633 5238 llis
1659 5184 1805 5246 enim
1840 5182 1983 5237 laesis
2004 5223 2018 5247 ,
2044 5183 2126 5235 vi-

551 5272 626 5325 vit
654 5271 873 5340 quidem
905 5272 1143 5338 animal,
1178 5291 1285 5329 non
1316 5285 1498 5329 autem
1535 5276 1692 5330 bene.
1731 5275 1851 5329 Alia
1885 5274 2124 5343 denique

550 5362 615 5416 ad
654 5365 1100 5433 propagationem
1139 5365 1475 5434 posteritatis
1510 5366 1802 5434 pertinent.

621 5451 940 5507 Postremus
983 5462 1104 5522 post
1134 5455 1466 5508 creationem
1499 5469 1529 5507 a
1565 5451 1673 5507 Deo
1707 5451 2006 5522 productus
2039 5459 2122 5506 est

549 5540 735 5598 homo.
777 5542 894 5599 Non
939 5545 1084 5614 quod
1133 5545 1280 5600 velut
1322 5545 1443 5597 vilis
1477 5544 1619 5598 inter
1654 5551 1937 5612 postrema
1968 5539 2120 5608 abje-

550 5645 670 5689 ctus
703 5635 808 5700 sit,
837 5637 929 5690 sed
963 5651 1059 5705 par
1082 5644 1200 5690 erat
1233 5635 1534 5704 principem
1574 5645 1700 5690 ante
1732 5633 1986 5690 subditos
2014 5646 2119 5684 non

2315 4810 2509 4865 Ἰστέον
2540 4809 2621 4861 ὅτι
2648 4806 2714 4861 τά
2747 4807 3009 4876 γεγονότα
3040 4806 3175 4878 πρὸς
3206 4807 3266 4858 τὸ
3293 4802 3470 4864 ἁπλῶς
3506 4798 3594 4868 ζῇν
3617 4793 3740 4878 ἡμῖιῆ

2230 4903 2388 4968 εἰσὶν,
2437 4873 2768 4970 ἐγκέφαλος,
2808 4873 3006 4969 καρδία
3054 4873 3145 4952 καὶ
3189 4897 3460 4968 πνεύμων,
3501 4885 3636 4958 ἧπαρ
3676 4873 3743 4929 καὶ

2231 4994 2464 5064 γαστήρο
2495 4989 2602 5043 Καί
2632 5007 2772 5054 τινος
2794 4989 2901 5060 γὰρ
2925 4987 3127 5042 τούτων
3171 4987 3448 5046 παθόντος»
3476 4978 3531 5042 ἐξ
3549 4972 3740 5064 ad?“

2230 5056 2292 5140 ’ἑδ
2321 5056 2456 5150 ξῶδν
2490 5083 2743 5152 τελευτᾷ’
2780 5056 3045 5152 ὀφθαλμοὶ
3073 5081 3129 5133 δὲ
3159 5082 3250 5134 καὶ
3281 5080 3456 5148 χεῖρες
3500 5069 3582 5122 καὶ

2231 5142 2366 5246 πρὸς
2395 5173 2457 5225 τὸ
2481 5167 2538 5223 εὖ
2581 5142 2858 5242 ζῇνιὴμᾶίς
2889 5142 3169 5238 γεγόνασι.
3211 5142 3422 5220 Τούτων
3450 5142 3739 5246 γᾶρῘ-αθόξξ

2224 5231 2362 5329 των,
2390 5263 2458 5334 ζῇ
2495 5231 2690 5331 μὲν-’τὸ
2719 5231 2879 5326 ξεορ,
2902 5231 2986 5312 ⁷ού
3025 5258 3205 5320 καλῶς
3249 5257 3322 5310 δέ.
3369 5252 3527 5306 Ἀλλα
3562 5243 3610 5297 δὲ
3640 5231 3741 5303 πβδῖ

2224 5353 2475 5424 διαδοχὴν
2503 5351 2612 5406 τῶν
2646 5351 3038 5422 ἐπιγινομένων
3073 5350 3201 5403 εἰσί.

2300 5408 2616 5506 Τελευταῖος
2661 5408 2796 5514 μετὰ
2844 5408 2942 5512 τὴν
2979 5441 3154 5494 κτίσιν
3209 5442 3271 5492 ὲκ
3315 5435 3443 5490 Θεοῦ
3483 5408 3739 5514 παρήχεξτζδ

2230 5533 2536 5604 ἄνθρωπος.
2720 5533 2796 5595 ὼς
2839 5502 3145 5599 ἀπόϐλητος
3192 5533 3248 5582 ὲν
3296 5523 3526 5596 ἐσχάτοις
3551 5502 3737 5604 ἀπορῤξ’

2231 5587 2383 5692 φεές·
2425 5587 2536 5675 ἀλλ’
2587 5587 2732 5685 εἰκὸς
2777 5587 2844 5692 ip;
2889 5621 2979 5674 τὸν
3012 5587 3246 5689 έρχοντα
3281 5587 3386 5686 πρδ
3417 5610 3517 5665 τῶν
3545 5587 3736 5671 ἀρχομέ’

623 5777 732 5846 (98)
764 5778 850 5850 _F.x
897 5774 1062 5850 libi-0‘
1104 5780 1176 5834 De
1205 5781 1429 5834 hominis
1468 5781 1672 5850 ορῑβεξο
1724 5781 1950 5850 passim,
1992 5777 2083 5833 sed
2135 5767 2314 5826 omnia
2347 5766 2633 5821 commista
2673 5774 2722 5821 et
2767 5767 2885 5822 aliis
2931 5763 3111 5819 verbis
3163 5773 3430 5837 expressa.
3473 5750 3586 5805 Vide
3611 5748 3732 5805 CIPP-

553 5847 644 5906 ει).
678 5847 730 5910 8,
763 5847 850 5911 so,
884 5848 940 5916 ε,
974 5849 1028 5913 1,
1063 5858 1170 5904 etc.
