4000 6398
359 449 493 505 1085

355 573 459 617 νων
484 563 561 633 μὴ
595 562 966 632 ἀναφανῆναι·
1002 561 1137 632 μηδὲ
1180 560 1284 632 πρὸ
1328 561 1427 633 τὴν
1473 560 1797 616 πανδαισίαν
1840 562 1930 615 εὑ-

357 652 726 723 τρεπισθῆναι,
762 651 1150 724 εἰσοικισθῆναι
1186 651 1279 705 τὸν
1311 652 1626 724 δαιτυμόνα.

422 743 735 814 Τιμιωτέρα
762 743 819 796 δὲ
840 744 1019 814 πάσης
1053 743 1382 814 φαινομένης
1400 744 1498 814 τῆς
1528 744 1756 807 κτίσεως
1781 744 1813 813 ἡ
1835 740 1927 795 τοῦ

352 831 636 905 ἀνθρώπου
659 832 839 902 φύσις.
879 832 944 885 Ἦ
990 832 1088 903 μὲν
1113 831 1223 904 γὰρ
1262 832 1437 895 κτίσις
1466 832 1572 884 ὑπὸ
1609 829 1747 884 Θεοῦ
1793 832 1930 884 ἀποο

351 922 663 993 σχεδιάσθη,
706 922 840 994 ὁμοῦ
879 922 958 992 τῷ
992 923 1375 995 προστάγματι
1409 922 1689 974 συστᾶσα·
1739 920 1832 973 ἐπὶ
1872 920 1930 973 δὲ

348 1018 450 1087 τῆς
476 1016 569 1070 τοῦ
600 1017 884 1088 ἀνθρώπου
904 1018 1271 1088 κατασκευῆς,
1312 1015 1557 1089 [βουλῆς]
1602 1014 1764 1086 βουλὴ
1795 1033 1930 1088 προ-

349 1111 584 1180 ηγεῖται,
615 1110 709 1162 καὶ
738 1110 913 1163 πάντα
940 1110 1067 1180 περὶ
1094 1108 1259 1163 αὐτοῦ
1283 1108 1761 1181 προδιασκοπείται
1784 1110 1812 1162 6
1842 1108 1929 1161 λό-

350 1217 465 1269 γος·
486 1196 605 1253 εἷπε
638 1199 746 1272 γὰρ
763 1202 791 1253 6
818 1200 971 1264 Θεὸς,
1002 1201 1356 1270 Ποιήσωμεν
1383 1200 1717 1269 ἄνθρωπον,
1745 1199 1840 1253 καὶ
1857 1198 1926 1252 τά

349 1289 477 1361 ἑξῆς
498 1291 565 1344 τά
597 1292 723 1362 περὶ
748 1291 912 1346 αὐτοῦ
934 1310 947 1322 ο
976 1293 1052 1357 ὡς
1076 1293 1180 1364 πρὸ
1209 1293 1311 1362 τῆς
1351 1295 1616 1361 γενέσεως
1639 1290 1739 1361 τὴν
1771 1289 1927 1354 ἀξίαν

348 1382 513 1436 αὐτὸν
542 1382 746 1439 λαϐεῖν.
796 1384 888 1437 Διὸ
936 1386 1030 1438 καὶ
1079 1384 1209 1456 ὕλην
1255 1388 1354 1457 τῆς
1400 1383 1565 1438 αὑτοῦ
1616 1384 1927 1449 συστάσεως

349 1473 717 1545 προητοίμασε
758 1475 852 1528 καὶ
892 1476 1026 1546 πρὸς
1054 1478 1204 1529 ποῖον
1244 1474 1575 1548 ἀρχέτυπον
1609 1476 1707 1547 τὴν
1739 1475 1924 1545 ὁμοιό-

347 1580 482 1632 τητα
514 1562 643 1628 ἕξει,
674 1563 1000 1635 διενοήσατο.
1035 1566 1146 1637 Τὴν
1185 1565 1533 1638 ἀνθρωπίνην
1560 1562 1655 1620 οὖν
1693 1566 1854 1636 φύσιν
1896 1567 1924 1619 6

348 1655 727 1725 ἀριστότεχνος
759 1656 910 1719 Θεὸς,
949 1651 1061 1710 οἷόν
1089 1675 1140 1711 τι
1168 1657 1398 1732 ὄργανον
1432 1658 1514 1721 εἰς
1555 1657 1919 1728 βασιλείας....

347 1746 670 1818 ἐπιτήδειον,
702 1747 1122 1818 ἐδημιούργησε,
1148 1752 1261 1812 τοῖς
1298 1766 1358 1801 τε
1394 1750 1535 1802 κατὰ
1574 1748 1753 1820 ψυχὴν
1794 1764 1923 1820 προ-

344 1838 638 1909 τερήμασι,
687 1841 779 1893 καὶ
828 1840 973 1912 αὐτῷ
1001 1840 1079 1911 τῷ
1104 1841 1201 1895 τοῦ
1242 1841 1493 1913 σώματος
1541 1843 1798 1913 σχήματι.
1856 1842 1920 1894 Ἡ

349 1925 446 1994 μὲν
499 1928 603 1999 γὰρ
655 1929 800 2001 ψυχὴ
853 1931 914 1983 τὸ
967 1930 1244 2002 βασιλικὸν
1291 1931 1579 1998 δείκνυσιν,
1630 1932 1921 1995 ἀδέσποτος

344 2011 498 2081 οῧσα,
552 2020 645 2071 καὶ
684 2022 1047 2088 αὑτεξούσιος,
1098 2024 1174 2088 ὠς
1213 2024 1375 2077 εἰκὼν
1412 2023 1547 2077 Θεοῦ
1590 2022 1921 2078 κοινωνοῦσα

342 2106 421 2176 τῷ
445 2109 758 2182 ἀρχετύπῳ,
791 2113 910 2166 ἀντὶ
948 2112 1242 2183 βασιλικῶν
1291 2114 1512 2185 ἁμερίων
1542 2114 1641 2185 τὴν
1666 2113 1916 2185 λαμπρό-

342 2216 477 2270 τητα
514 2203 833 2275 ἑνδεδυμένη
862 2206 969 2259 τῶν
1004 2204 1233 2277 ἀρετῶν,
1270 2204 1366 2259 καὶ
1394 2206 1493 2274 τῆς
1526 2204 1800 2274 ἰδιωτικῆς
1826 2221 1921 2257 τα-

343 2294 655 2365 πεινότητος
686 2294 759 2366 μὴ
795 2296 1115 2366 μετέχουσα.

411 2470 526 2522 Μία
551 2470 607 2523 δὲ
633 2469 861 2541 δύναμις
880 2470 1238 2544 ἀντιληπτικὴ
1263 2472 1371 2527 τῶν
1395 2474 1732 2543 πραγμάτων
1755 2472 1918 2537 αὐτὸς

340 2557 369 2607 6
387 2556 464 2627 τῷ
488 2557 758 2629 ἀνθρώπῳ
779 2559 1095 2631 ἐγκείμενος
1117 2561 1259 2624 νοῦς·
1292 2563 1320 2613 6
1352 2561 1417 2614 δι’
1448 2562 1680 2615 ἑκάστου
1699 2560 1809 2615 τῶν
1835 2562 1918 2615 αἰ-

343 2649 653 2720 σθητηρίων
682 2648 913 2715 διεξιὼν,
958 2652 1051 2705 καὶ
1088 2652 1195 2705 τῶν
1221 2652 1391 2705 ὄντων
1420 2652 1901 2723 ἐπιδρασσόμενος,

338 2737 447 2795 εἲόν
474 2759 556 2804 τις
582 2744 870 2815 χαρακτὴρ
895 2744 990 2811 τῆς
1010 2744 1104 2798 τοῦ
1130 2744 1265 2797 Θεοῦ
1296 2747 1425 2816 μιᾶς
1448 2746 1655 2810 οὐσίας,
1676 2745 1785 2799 τῶν
1805 2763 1917 2799 ποι-

341 2830 503 2884 κίλων
549 2833 868 2903 ποιημάτων
922 2836 1289 2906 ἐνεργητικὸς.
1350 2836 1916 2907 Ἐπιστομιζὲσθωσαν

339 2924 387 2975 οἰ
418 2922 667 2992 λέγοντες
702 2925 949 2996 ἀνόμοιον
978 2926 1054 2997 τῷ
1084 2928 1259 2999 Πατρὶ
1287 2929 1379 2981 τὸν
1402 2929 1550 2991 Υἱὸν,
1588 2929 1620 3000 ἢ
1663 2929 1723 2982 τὸ
1761 2930 1916 2999 ἅγιον

339 3014 566 3086 Πνεῦμα
598 3016 739 3069 κατά
758 3018 857 3087 τὴν
877 3018 1061 3071 οὐσίαν
1082 3036 1094 3049 ·
1117 3022 1145 3072 6
1170 3020 1297 3091 γὰρ,
1326 3020 1701 3090 Ποιήσωμεν,
1722 3020 1912 3086 εἰπὼν,

337 3105 434 3159 καὶ
461 3105 547 3160 διά
573 3107 672 3175 τῆς
703 3106 1068 3179 πληθυντικῆς
1088 3111 1491 3181 σημασίας,τὴν
1520 3110 1683 3180 ἁγίαν
1711 3112 1916 3184 Τριάδα

336 3195 601 3266 δηλώσας,
634 3199 735 3251 οὐκ
775 3197 840 3252 ἂν
870 3201 969 3271 τῆς
998 3201 1203 3263 εἰκόνος
1249 3201 1551 3271 μοναδικῶς
1582 3204 1918 3274 ἐμνημόνευ-

336 3304 450 3352 σεν,
488 3287 646 3359 εἴπερ
676 3288 942 3360 ἀνομοίως
977 3286 1088 3362 εἶχε
1129 3290 1264 3363 πρὸς
1301 3290 1362 3345 τὸ
1404 3290 1746 3363 ἀρχέτυπον·
1787 3290 1913 3346 ἁδύ·

336 3391 495 3429 γατον
542 3375 649 3447 γὰρ
689 3378 818 3447 μίαν
863 3380 1045 3433 εἰκόνα
1087 3380 1363 3454 διαφόροις
1409 3381 1737 3454 ὁμοιωθῆναι
1783 3399 1916 3455 μορ-

337 3469 496 3536 φαῖς·
551 3470 599 3522 εἰ
650 3469 759 3541 γὰρ
812 3471 1054 3544 διάφοροι
1101 3468 1241 3544 ἦσαν
1279 3474 1335 3527 αἱ
1378 3474 1587 3543 φύσεις,
1626 3474 1917 3547 διαφόρους

334 3557 428 3609 καὶ
458 3558 557 3621 τὰς
579 3560 792 3623 εἰκόνας
822 3562 1205 3633 ἀνεστήσαντο.

407 3648 616 3717 Γυμνὸς
658 3650 716 3703 δὲ
756 3651 860 3704 τῶν
890 3654 954 3706 ἐκ
979 3654 1077 3724 τῆς
1119 3654 1333 3722 φύσεως
1364 3655 1543 3709 ὃπλων
1574 3658 1668 3709 καὶ
1702 3673 1912 3726 προκα-

336 3733 633 3806 λυμμάτων
675 3741 703 3790 ὁ
752 3738 1056 3810 ἄνθρωπος,
1100 3744 1162 3795 οὐ
1206 3744 1401 3815 κέρασι
1441 3745 1907 3817 καθωπλισμένος,

332 3825 433 3878 οὐκ
470 3826 673 3896 ὀνύχων
711 3831 935 3899 ἀκμαῖς,
966 3833 1066 3885 οὐκ
1097 3832 1330 3897 ὀδοῦσιν,
1358 3836 1391 3906 ἢ
1433 3837 1642 3907 κέντρῳ
1680 3837 1842 3902 ἰώδει,
1875 3837 1908 3906 ἢ

329 3918 532 3989 τριχῶν
584 3920 862 3993 περιϐολῇ,
911 3922 943 3993 ἢ
989 3925 1287 3995 πτερωτὸς,
1339 3928 1400 3979 οὐ
1447 3928 1745 3998 ταχύπους,
1786 3930 1907 3983 οὐδὲ

330 4009 691 4082 πολύσαρκοςο
724 4014 818 4067 καὶ
842 4016 1012 4069 ταῦτα
1036 4016 1243 4087 μέλλων
1264 4019 1473 4090 ἄρχειν,
1496 4020 1716 4084 οἰκείοις
1747 4021 1908 4075 αὐτὸν

328 4097 513 4163 ὅπλοις
572 4102 881 4173 πεφράχθαι
935 4106 1134 4177 ἐχρῆν·
1197 4107 1332 4163 ἀλλά
1386 4109 1643 4174 εἰκότως·
1700 4112 1749 4164 εἰ
1797 4112 1906 4183 γὰρ

327 4190 499 4255 οὕτως
543 4187 676 4264 εἶχε,
702 4193 970 4267 θηριώδης
998 4215 1081 4261 τις
1108 4196 1174 4253 ἂν
1206 4195 1396 4271 ἦνκαὶ
1434 4201 1780 4273 δυσάντητος,
1812 4205 1906 4257 καὶ

325 4281 425 4352 τὴν
451 4282 591 4336 κατὰ
639 4284 810 4339 ἄλλων
866 4288 1115 4358 παρεῖδεν
1173 4290 1380 4362 ἀρχὴν,
1429 4291 1529 4362 τῆς
1588 4295 1914 4366 συνεργείας

326 4374 550 4429 ἐκείνων
595 4376 670 4447 μὴ
699 4376 969 4447 δεόμενος.
1000 4379 1116 4434 Νῦν
1144 4380 1200 4434 δὲ
1240 4382 1300 4435 τὸ
1328 4382 1517 4437 δοκοῦν
1560 4384 1773 4449 ὲπιδεὲς
1803 4387 1904 4457 τῆς
1936 4462 1945 4469 η

326 4465 559 4534 φύσεως,
610 4468 831 4539 ἀφορμὴ
879 4470 1015 4540 πρὸς
1059 4471 1120 4524 τὸ
1162 4477 1384 4544 κρατεῖν
1421 4474 1529 4528 τῶν
1574 4475 1901 4548 ὑποχειρίων

322 4557 461 4609 ὲστί.
493 4556 589 4610 Διά
610 4558 765 4611 τοῦτο
787 4562 914 4630 παρ’
935 4561 1098 4615 αὑτοῦ
1128 4564 1157 4615 ὁ
1178 4563 1303 4634 βοῦς
1328 4565 1433 4618 ὑπὸ
1460 4564 1623 4635 ζυγὸν
1648 4569 1897 4643 εἰσήχθη,

321 4647 352 4699 6
382 4646 545 4711 ἵππος
574 4649 948 4721 ὲπεδαμάσθη,
980 4655 1013 4723 ἠ
1045 4654 1335 4709 ἐπιστασία
1365 4657 1471 4710 τῶν
1498 4658 1783 4731 προϐάτων
1813 4663 1903 4718 διὰ

320 4737 419 4799 τὰς
460 4737 520 4802 ἐξ
545 4739 722 4793 αὐτῶν
771 4745 1153 4814 προσαγωγὰς,
1197 4746 1266 4800 τά
1313 4748 1591 4821 ἀχθοφόρα
1623 4751 1737 4815 ζῶα
1770 4753 1903 4806 ὺπέ-

323 4823 561 4889 ζευκται.
624 4826 682 4879 Ὀ
727 4827 871 4881 κύων
908 4831 997 4884 διὰ
1044 4834 1144 4903 τῆς
1180 4835 1289 4889 τῶν
1328 4837 1555 4893 ὀδόντων
1593 4839 1783 4911 λαϐῆς,
1840 4843 1900 4897 τὸ

322 4914 787 4985 καταγωνίζεσθαί
836 4936 949 4972 τινα
995 4924 1233 4996 παρέσχε
1268 4927 1375 4981 τῶν
1410 4928 1596 4992 ζώων·
1650 4936 1896 5004 κεράτων

320 5005 413 5096 καὶ
466 5003 670 5076 ὀνύχων
739 5007 1082 5081 ἰσχυρότερος
1137 5013 1478 5087 ἐπινενόηται
1547 5020 1576 5071 6
1654 5003 1889 5096 σίδηρος.

329 5091 691 5166 ’Υπηιρετοῦσι
722 5096 778 5150 δὲ
813 5100 906 5152 καὶ
938 5100 1005 5152 τὰ
1027 5100 1205 5172 ὄρνεα,
1246 5107 1341 5160 καὶ
1374 5108 1433 5161 τὸ
1467 5111 1651 5166 πτίλον
1680 5091 1857 5169 αὐτῶν
1876 5135 1888 5148 ⁸

318 5181 411 5233 καὶ
439 5186 503 5236 ἐκ
522 5185 802 5263 δερμάτων
831 5190 940 5244 τῶν
971 5191 1124 5257 ζώων
1156 5195 1219 5248 τὸ
1259 5195 1545 5269 εὖτριπτον
1578 5203 1684 5258 τῶν
1718 5206 1893 5261 ποδῶν

317 5272 471 5342 ήμῶν
498 5275 810 5349 διετηρήθη.
1090 5270 1096 5275 ”

384 5553 551 5649 Τδῌδὲ
593 5556 771 5649 ὄρθιον
786 5561 981 5649 ,σχῆμα
1009 5566 1103 5619 τοῦ
1144 5568 1452 5641 ἀνθρώπου,
1493 5573 1585 5626 καὶ
1625 5575 1681 5628 αἰ
1710 5579 1890 5649 χεῖρες

314 5643 406 5731 τῆς
433 5645 589 5710 ἀξίας
618 5646 920 5703 δεικνύουσι
950 5653 1048 5725 τὴν
1075 5656 1353 5729 διαφορὰν,
1384 5661 1492 5715 τῶν
1519 5662 1691 5716 ἄλλων
1710 5643 1885 5731 ’ζώων

308 5726 765 5800 ὑποκυπτόντων,
835 5738 1001 5803 πόδας
1060 5726 1292 5811 ἐχόντων
1340 5726 1497 5803 ἰκατά
1568 5726 1872 5827 ἔμπροσθεν

384 5913 431 5950 ’³
476 5917 609 5976 Gen.
658 5935 697 5986 ι,
729 5923 821 5980 26.

1722 443 2070 502 DIALDGUS
2143 444 2228 500 Ill.

3474 443 3611 502 1086

2030 561 2247 632 prodire
2267 600 2283 625 ,
2321 573 2498 629 neque
2523 570 2816 631 antequam
2847 559 3159 632 omnigenis
3185 559 3449 616 refertum
3478 573 3612 628 epu-

2029 653 2099 708 lis
2124 653 2433 707 convivium
2463 660 2839 722 appararetur,
2865 652 3143 708 introduci
3168 651 3604 707 convivatorem.

2101 743 2396 799 Pretiosior
2436 753 2617 798 autem
2655 751 2741 798 est
2770 743 3011 799 humana
3042 752 3239 798 natura
3269 743 3419 797 omni
3451 757 3608 798 crea-

2031 842 2151 889 tura
2173 851 2294 905 qua:
2315 834 2496 889 oculis
2517 834 2783 889 cernitur.
2806 832 2941 889 Nam
2967 842 3162 889 caetera
3185 833 3404 904 quidem
3426 842 3608 889 creata

2030 941 2059 979 a
2092 926 2200 981 Deo
2227 927 2383 997 quasi
2404 942 2470 982 ex
2503 936 2747 996 tempore
2771 924 2913 981 facta
2939 935 3101 991 sunt,
3125 925 3290 981 simul
3310 940 3434 978 eum
3461 940 3611 978 man-

2028 1018 2156 1073 dato
2184 1018 2425 1076 exhibita
2453 1038 2466 1074 :
2502 1020 2554 1073 in
2588 1018 2831 1073 hominis
2861 1026 3044 1071 autem
3077 1025 3352 1073 structura
3381 1017 3606 1071 consul-

2029 1111 2162 1163 tatio
2202 1110 2486 1180 praecedit,
2536 1109 2832 1178 omniaque
2878 1108 2945 1162 de
2990 1123 3056 1163 eo
3102 1108 3257 1177 prius
3298 1106 3609 1163 considerat

2027 1200 2206 1254 ratio:
2244 1199 2378 1255 dixit
2402 1200 2550 1254 enim
2584 1199 2724 1254 Deus
2750 1217 2762 1251 :
2793 1198 3086 1252 Faciamus
3118 1199 3381 1253 hominem
3416 1216 3608 1254 secun-

2026 1291 2151 1342 dum
2172 1291 2453 1360 imaginem
2482 1290 2549 1354 3',
2578 1298 2631 1344 et
2657 1304 2778 1357 quae
2802 1289 2869 1342 de
2894 1304 2957 1343 eo
2979 1298 3323 1358 sequuntur;
3355 1298 3416 1344 ut
3442 1291 3607 1345 etiam
3702 1282 3713 1293 ’

2027 1389 2153 1435 ante
2178 1390 2358 1435 ortum
2393 1395 2553 1435 suum
2583 1379 2749 1433 homo
2774 1380 3094 1447 dignitatem
3126 1396 3283 1435 suam
3313 1380 3603 1436 obtineret.

2027 1470 2149 1526 Ideo
2181 1481 2236 1525 et
2273 1471 2556 1525 materiem
2595 1471 2664 1525 de
2697 1486 2803 1540 qua
2844 1472 3197 1536 conderetur,
3256 1473 3603 1541 praeparavit,

2025 1576 2078 1617 et
2114 1564 2181 1617 ad
2220 1563 2383 1631 quale
2420 1563 2698 1631 exemplar
2737 1563 3157 1619 similitudinem
3192 1561 3481 1619 habiturus
3511 1579 3605 1619 es-

2026 1662 2142 1717 set,
2175 1654 2476 1723 perpendit.
2513 1652 2820 1708 Humanam
2856 1652 3026 1723 igitur
3058 1665 3312 1707 naturam
3359 1655 3605 1722 Optimus

2025 1742 2223 1799 artifex
2261 1743 2401 1799 Deus
2429 1744 2579 1799 velut
2610 1759 2878 1815 organum
2924 1743 2993 1798 ad
3038 1744 3193 1813 regni
3243 1745 3602 1800 administra-

2028 1835 2230 1889 tionem
2263 1836 2518 1889 idoneum
2547 1833 2867 1901 fabricavit,
2901 1843 2957 1891 et
2990 1837 3188 1890 animae
3225 1834 3520 1905 privilegiis
3548 1847 3603 1889 et

2025 1926 2201 1982 forma
2241 1928 2488 1997 corporis
2525 1928 2776 1982 donavit.
2817 1926 3101 1997 Siquidem
3141 1928 3322 1981 anima
3363 1927 3599 1998 regalem

2026 2017 2366 2087 maiestatem
2400 2019 2668 2082 ostendit,
2708 2017 2912 2073 nullius
2947 2017 3192 2072 dominio
3226 2017 3469 2086 subjecta
3492 2055 3509 2082 ,
3547 2028 3602 2071 et

2024 2110 2256 2179 propriae
2278 2109 2596 2179 potestatis,
2625 2117 2886 2179 tanquam
2915 2109 3097 2180 imago
3130 2108 3254 2175 Dei,
3286 2109 3599 2163 communia

2019 2217 2143 2257 cum
2175 2203 2469 2273 archetypo
2494 2201 2742 2271 quaedam
2776 2202 3015 2269 habens,
3045 2216 3143 2271 pro
3173 2201 3451 2271 regalibus
3480 2202 3601 2270 pal-

2017 2293 2108 2347 liis
2141 2293 2333 2347 induta
2369 2292 2660 2362 splendore
2691 2294 2957 2347 virtutum
2981 2333 2995 2359 ,
3030 2302 3085 2348 et
3113 2308 3239 2348 eum
3270 2292 3485 2363 plebeia
3511 2292 3598 2346 vi-

2018 2385 2173 2440 litate
2208 2385 2344 2439 nihil
2375 2384 2731 2455 participans.

2088 2475 2260 2531 Porro
2295 2492 2401 2531 una
2433 2476 2737 2546 perceptrix
2776 2491 2961 2532 rerum
2996 2474 3240 2531 facultas
3274 2473 3483 2530 homini
3516 2484 3601 2529 est

2018 2568 2184 2623 insita
2211 2606 2226 2631 ,
2262 2566 2525 2622 nimirum
2559 2583 2717 2622 mens
2740 2607 2755 2633 ,
2785 2582 2909 2638 quae
2938 2582 3036 2638 per
3065 2566 3311 2639 singulas
3337 2581 3599 2621 sensuum

2018 2661 2175 2716 sedes
2222 2660 2540 2716 discurrens
2587 2669 2642 2714 et
2682 2675 2769 2714 res
2807 2675 2999 2715 omnes
3040 2659 3494 2730 apprehendens,
3535 2673 3601 2713 ac

2019 2750 2169 2807 velut
2220 2750 2531 2821 exemplum
2574 2757 2629 2804 et
2672 2749 2854 2816 imago
2892 2750 3070 2805 unicae
3106 2750 3427 2806 substantia:
3461 2750 3602 2804 divi-

2023 2859 2137 2907 nte,
2161 2843 2440 2897 variarum
2469 2845 2848 2913 operationum
2873 2843 3114 2898 effectrix
3143 2852 3247 2898 est.
3276 2843 3487 2898 Sileant
3506 2843 3599 2912 qui

2018 2934 2220 2990 dicunt
2252 2934 2573 3005 inatqualem
2607 2933 2756 2990 Patri
2792 2933 2990 2990 Filium
3013 2975 3028 2999 ,
3058 2933 3143 2988 vel
3178 2932 3443 3003 Spiritum
3471 2948 3600 2988 san-

2018 3035 2166 3081 etum
2204 3025 2507 3081 secundum
2537 3026 2903 3081 substantiam
2933 3044 2947 3081 :
2982 3041 3107 3080 nam
3147 3026 3241 3095 qui
3273 3025 3449 3091 dixit,
3483 3023 3595 3078 Fa-

2019 3120 2245 3183 ciamus,
2266 3118 2429 3186 idque
2457 3117 2654 3184 plurali
2684 3116 3112 3187 signiﬁeatione,
3140 3123 3387 3171 sanetam
3409 3114 3597 3169 Trini-

2020 3216 2185 3262 tatem
2211 3205 2500 3260 manifeste
2525 3207 2760 3260 ostendit
2786 3223 2801 3271 ;
2832 3220 3007 3275 neque
3036 3205 3293 3274 imaginis
3321 3204 3595 3275 singulari

2021 3312 2251 3352 numero
2293 3296 2622 3350 mentionem
2656 3295 2906 3361 fecisset,
2937 3296 2984 3349 si
3016 3294 3083 3349 ad
3112 3296 3469 3367 archetypum
3514 3296 3600 3349 in-

2016 3389 2243 3462 aqualis
2266 3387 2461 3444 fuisset
2487 3405 2499 3441 :
2534 3387 2726 3459 nequit
2755 3388 2900 3443 enim
2928 3386 3044 3442 fieri
3079 3396 3136 3441 ut
3164 3386 3347 3458 imago
3376 3402 3483 3442 una
3510 3386 3596 3442 di-

2015 3484 2189 3539 versis
2227 3480 2423 3537 furmis
2452 3481 2822 3551 respondeat;
2860 3497 2985 3535 nam
3023 3482 3069 3537 si
3099 3481 3330 3537 diversa:
3363 3480 3599 3537 fuissent

2014 3585 2247 3640 naturae,
2269 3573 2517 3628 diversas
2536 3572 2701 3626 etiam
2730 3572 2996 3642 imagines
3019 3571 3415 3627 condidissent.

2082 3664 2275 3721 Nudus
2314 3675 2496 3721 autem
2519 3706 2534 3730 ,
2569 3671 2625 3719 et
2657 3680 2688 3718 a
2723 3672 2932 3718 natura:
2966 3663 3138 3718 armis
3172 3663 3600 3725 aemunitioni-

2012 3756 2117 3812 bus
2155 3756 2449 3811 destitutus
2487 3764 2571 3809 est
2610 3755 2807 3821 homo,
2853 3769 2965 3809 non
3003 3754 3265 3809 cornibus
3305 3765 3555 3809 armatus
3579 3797 3594 3819 ,

2013 3863 2126 3901 non
2165 3834 2431 3916 unguium
2466 3845 2585 3901 acie
2608 3886 2625 3913 ,
2660 3863 2769 3902 non
2801 3846 3059 3903 dentibus
3087 3856 3182 3900 aut
3216 3849 3406 3903 aculeo
3437 3865 3596 3904 vene-

2012 3947 2143 3991 nato
2167 3977 2181 4002 ,
2218 3937 2370 3991 nullo
2410 3938 2647 4006 pilorum
2679 3938 3049 4007 operimento,
3088 3953 3195 3994 non
3232 3939 3410 3995 alatus
3432 3980 3449 4008 ,
3483 3955 3592 3995 non

2009 4028 2237 4097 pedibus
2280 4028 2446 4092 celer,
2488 4042 2667 4097 neque
2697 4041 3005 4084 earnosus:
3043 4035 3101 4083 at
3132 4044 3267 4085 vero
3304 4029 3456 4085 illum
3489 4031 3588 4100 qui

2008 4122 2380 4191 imperaturus
2433 4127 2582 4184 erat,
2638 4119 2879 4190 propriis
2921 4125 3091 4177 armis
3140 4122 3429 4192 oportebat
3470 4137 3595 4177 esse

2007 4214 2335 4268 instructum
2364 4228 2381 4279 ;
2413 4225 2600 4266 verum
2638 4226 2748 4265 nun
2783 4211 2882 4266 abs
2913 4227 2972 4266 re
3006 4211 3167 4268 aliter
3197 4229 3286 4268 res
3317 4213 3499 4268 habet.
3533 4210 3591 4267 Si

2005 4308 2149 4362 enim
2185 4305 2264 4361 sic
2297 4310 2648 4373 comparatus
2687 4301 2862 4366 foret,
2904 4302 3117 4360 ferinus
3153 4303 3353 4374 aliquis
3393 4311 3447 4357 et
3485 4317 3585 4358 oc-

2005 4411 2172 4451 cursu
2206 4394 2465 4449 terribilis
2497 4401 2680 4458 esset,
2718 4394 3068 4465 aliorumque
3094 4395 3392 4465 negligeret
3419 4395 3585 4464 impe-

2004 4486 2150 4543 rium
2172 4527 2188 4552 ,
2222 4485 2441 4539 illorum
2472 4485 2741 4554 adjutrice
2775 4498 2938 4553 opera
2980 4500 3086 4539 non
3118 4485 3389 4557 indigens.
3434 4483 3589 4539 Nunc

2012 4586 2194 4632 autem
2232 4576 2284 4630 id
2317 4575 2463 4645 quod
2500 4576 2714 4630 videtur
2752 4575 2943 4630 deesse
2978 4584 3221 4640 naturai,
3261 4576 3479 4631 occasio
3506 4587 3591 4631 est

2011 4668 2079 4722 ad
2107 4666 2503 4736 capessendum
2528 4665 2583 4718 in
2605 4664 2853 4735 subjecta
2881 4665 3195 4735 imperium.
3226 4664 3352 4721 Ideo
3378 4668 3446 4721 ab
3473 4668 3590 4736 ipso

2010 4759 2109 4813 hos
2140 4760 2270 4827 jugo
2303 4756 2563 4811 subactus
2585 4767 2696 4821 est,
2722 4771 2898 4825 equus
2928 4757 3205 4824 domitus,
3239 4758 3426 4811 ovium
3459 4773 3589 4812 cura

2008 4848 2188 4902 habita
2218 4857 2439 4917 propter
2472 4855 2767 4916 proventus
2799 4845 2894 4914 qui
2925 4860 2990 4899 ex
3023 4847 3157 4915 ipsis
3190 4847 3588 4916 percipiuntur,

2005 4940 2262 4994 animalia
2291 4937 2529 5006 denique
2567 4935 2880 5005 bajulandis
2916 4937 3179 4991 oneribus
3222 4937 3420 4992 idonea
3454 4938 3588 5007 jugo

2002 5033 2224 5088 subacta
2253 5038 2399 5086 sunt.
2438 5028 2605 5085 Canis
2644 5028 2711 5082 ad
2753 5028 3005 5100 quaedam
3047 5029 3313 5085 animalia
3342 5031 3586 5086 dentium

2002 5120 2437 5194 apprehensione
2484 5118 2781 5174 obtinenda
2828 5119 2991 5174 datus
3034 5125 3161 5175 est:
3228 5121 3490 5177 cornibus
3532 5133 3588 5177 et

2004 5213 2276 5284 unguibus
2307 5209 2505 5265 fortius
2542 5208 2804 5278 quiddam
2837 5210 3210 5281 excogitatum
3241 5219 3327 5267 est
3355 5211 3583 5268 ferrum.

2000 5303 2310 5360 lnset'viunl.
2337 5301 2464 5356 item
2497 5314 2626 5354 aves
2655 5309 2710 5354 et
2740 5314 2933 5369 pennae
2964 5301 3212 5373 ipsarum
3240 5319 3256 5370 ;
3291 5312 3347 5358 et
3379 5319 3444 5358 ex
3474 5306 3584 5373 ani-

1994 5378 2225 5450 malium
2262 5393 2494 5463 pellibus
2532 5400 2766 5446 consuto
2799 5392 2986 5447 calceo
3018 5393 3219 5463 pedum
3250 5398 3573 5449 nostrorum

2003 5485 2274 5541 teneritati
2308 5482 2636 5539 consulitur.

2070 5578 2234 5633 Recta
2274 5577 2437 5631 etiam
2474 5574 2715 5633 hominis
2743 5574 2945 5643 facies,
2976 5585 3032 5633 et
3062 5594 3260 5633 manus
3286 5576 3573 5648 dignitatis

1996 5668 2371 5741 praestantiam
2436 5667 2737 5724 ostendunt
2798 5685 2910 5740 prae
2969 5672 3179 5727 ezeteris
3241 5670 3572 5726 animalibus

1982 5763 2237 5819 deorsum
2270 5759 2682 5831 spectantibus,
2715 5776 2835 5832 qua:
2865 5761 3030 5833 pedes
3073 5762 3275 5819 habent
3305 5764 3474 5821 etiam
3502 5764 3572 5818 ad
