  <div class='ocr_page' id='page_1' title='image "/cluster/home/n/w/nwhite01/storage/ocr_20150623/38:no.4/coo.31924054869353/553.png"; bbox 0 0 4000 6404; ppageno 0'>
   <div class='ocr_carea' id='block_1_1' title="bbox 492 435 625 492">
    <p class='ocr_par' dir='ltr' id='par_1_1' title="bbox 492 435 625 492">
     <span class='ocr_line' id='line_1_1' title="bbox 492 435 625 492; baseline -0.015 0"><span class='ocrx_word' id='word_1_1' title='bbox 492 435 625 492; x_wconf 82' lang='grc'><strong>1087</strong></span> 
     </span>
    </p>
   </div>
   <div class='ocr_carea' id='block_1_2' title="bbox 482 547 2064 627">
    <p class='ocr_par' dir='ltr' id='par_1_2' title="bbox 482 547 2064 627">
     <span class='ocr_line' id='line_1_2' title="bbox 482 547 2064 627; baseline -0.006 -17"><span class='ocrx_word' id='word_1_2' title='bbox 482 556 761 612; x_wconf 73' lang='lat' dir='ltr'><strong>anteriora</strong></span> <span class='ocrx_word' id='word_1_3' title='bbox 790 555 1032 611; x_wconf 84' lang='lat' dir='ltr'><strong>membra</strong></span> <span class='ocrx_word' id='word_1_4' title='bbox 1054 595 1069 622; x_wconf 94' lang='lat'><strong>,</strong></span> <span class='ocrx_word' id='word_1_5' title='bbox 1102 563 1389 627; x_wconf 89' lang='lat' dir='ltr'><strong>propterea</strong></span> <span class='ocrx_word' id='word_1_6' title='bbox 1416 551 1562 624; x_wconf 90' lang='lat' dir='ltr'><strong>quod</strong></span> <span class='ocrx_word' id='word_1_7' title='bbox 1593 551 1772 607; x_wconf 77' lang='lat' dir='ltr'><strong>fulcro</strong></span> <span class='ocrx_word' id='word_1_8' title='bbox 1799 550 1889 607; x_wconf 88' lang='lat' dir='ltr'><strong>illa</strong></span> <span class='ocrx_word' id='word_1_9' title='bbox 1923 547 2064 602; x_wconf 85' lang='lat' dir='ltr'><strong>indi—</strong></span> 
     </span>
    </p>
   </div>
   <div class='ocr_carea' id='block_1_3' title="bbox 483 638 2063 713">
    <p class='ocr_par' dir='ltr' id='par_1_3' title="bbox 483 638 2063 713">
     <span class='ocr_line' id='line_1_3' title="bbox 483 638 2063 713; baseline -0.007 -15"><span class='ocrx_word' id='word_1_10' title='bbox 483 650 691 713; x_wconf 84' lang='lat' dir='ltr'><strong>gerent.</strong></span> <span class='ocrx_word' id='word_1_11' title='bbox 727 642 1105 713; x_wconf 88' lang='lat' dir='ltr'><strong>Cooperantur</strong></span> <span class='ocrx_word' id='word_1_12' title='bbox 1143 652 1326 697; x_wconf 90' lang='lat' dir='ltr'><strong>autem</strong></span> <span class='ocrx_word' id='word_1_13' title='bbox 1368 656 1562 695; x_wconf 88' lang='lat' dir='ltr'><strong>manus</strong></span> <span class='ocrx_word' id='word_1_14' title='bbox 1601 638 1668 692; x_wconf 87' lang='lat' dir='ltr'><strong>ad</strong></span> <span class='ocrx_word' id='word_1_15' title='bbox 1709 650 1925 693; x_wconf 83' lang='lat' dir='ltr'><strong>munem</strong></span> <span class='ocrx_word' id='word_1_16' title='bbox 1970 650 2063 688; x_wconf 89' lang='lat' dir='ltr'><strong>ne-</strong></span> 
     </span>
    </p>
   </div>
   <div class='ocr_carea' id='block_1_4' title="bbox 486 728 2065 800">
    <p class='ocr_par' dir='ltr' id='par_1_4' title="bbox 486 728 2065 800">
     <span class='ocr_line' id='line_1_4' title="bbox 486 728 2065 800; baseline -0.006 -14"><span class='ocrx_word' id='word_1_17' title='bbox 486 731 800 786; x_wconf 84' lang='lat' dir='ltr'><strong>cessitatem</strong></span> <span class='ocrx_word' id='word_1_18' title='bbox 838 739 949 786; x_wconf 86' lang='lat' dir='ltr'><strong>tam</strong></span> <span class='ocrx_word' id='word_1_19' title='bbox 981 731 1124 787; x_wconf 89' lang='lat' dir='ltr'><strong>bello</strong></span> <span class='ocrx_word' id='word_1_20' title='bbox 1157 746 1322 800; x_wconf 89' lang='lat' dir='ltr'><strong>quam</strong></span> <span class='ocrx_word' id='word_1_21' title='bbox 1349 744 1481 800; x_wconf 85' lang='lat' dir='ltr'><strong>pace</strong></span> <span class='ocrx_word' id='word_1_22' title='bbox 1507 770 1523 795; x_wconf 95' lang='lat'><strong>,</strong></span> <span class='ocrx_word' id='word_1_23' title='bbox 1551 738 1606 783; x_wconf 91' lang='lat' dir='ltr'><strong>ct</strong></span> <span class='ocrx_word' id='word_1_24' title='bbox 1635 728 1689 782; x_wconf 92' lang='lat' dir='ltr'><strong>in</strong></span> <span class='ocrx_word' id='word_1_25' title='bbox 1722 742 1822 782; x_wconf 91' lang='lat' dir='ltr'><strong>usu</strong></span> <span class='ocrx_word' id='word_1_26' title='bbox 1855 739 2065 783; x_wconf 83' lang='lat' dir='ltr'><strong>scruto-</strong></span> 
     </span>
    </p>
   </div>
   <div class='ocr_carea' id='block_1_5' title="bbox 488 813 2064 885">
    <p class='ocr_par' dir='ltr' id='par_1_5' title="bbox 488 813 2064 885">
     <span class='ocr_line' id='line_1_5' title="bbox 488 813 2064 885; baseline -0.003 -14"><span class='ocrx_word' id='word_1_27' title='bbox 488 818 572 872; x_wconf 83' lang='lat' dir='ltr'><strong>nis</strong></span> <span class='ocrx_word' id='word_1_28' title='bbox 600 828 655 872; x_wconf 88' lang='lat' dir='ltr'><strong>et</strong></span> <span class='ocrx_word' id='word_1_29' title='bbox 686 818 741 872; x_wconf 92' lang='lat' dir='ltr'><strong>in</strong></span> <span class='ocrx_word' id='word_1_30' title='bbox 773 817 1078 875; x_wconf 83' lang='lat' dir='ltr'><strong>scribendis</strong></span> <span class='ocrx_word' id='word_1_31' title='bbox 1113 816 1332 878; x_wconf 84' lang='lat' dir='ltr'><strong>litteris.</strong></span> <span class='ocrx_word' id='word_1_32' title='bbox 1367 816 1707 885; x_wconf 77' lang='lat' dir='ltr'><strong>Adaptnmus</strong></span> <span class='ocrx_word' id='word_1_33' title='bbox 1727 813 1872 869; x_wconf 89' lang='lat' dir='ltr'><strong>enim</strong></span> <span class='ocrx_word' id='word_1_34' title='bbox 1900 826 2064 867; x_wconf 86' lang='lat' dir='ltr'><strong>voces</strong></span> 
     </span>
    </p>
   </div>
   <div class='ocr_carea' id='block_1_6' title="bbox 487 904 2064 980">
    <p class='ocr_par' dir='ltr' id='par_1_6' title="bbox 487 904 2064 980">
     <span class='ocr_line' id='line_1_6' title="bbox 487 904 2064 980; baseline -0.005 -16"><span class='ocrx_word' id='word_1_35' title='bbox 487 911 650 964; x_wconf 84' lang='lat' dir='ltr'><strong>etiam</strong></span> <span class='ocrx_word' id='word_1_36' title='bbox 687 924 785 979; x_wconf 81' lang='lat' dir='ltr'><strong>per-</strong></span> <span class='ocrx_word' id='word_1_37' title='bbox 810 910 1050 980; x_wconf 86' lang='lat' dir='ltr'><strong>ipsarum</strong></span> <span class='ocrx_word' id='word_1_38' title='bbox 1086 909 1314 979; x_wconf 79' lang='lat' dir='ltr'><strong>ﬁguram</strong></span> <span class='ocrx_word' id='word_1_39' title='bbox 1341 948 1357 972; x_wconf 91' lang='lat'><strong>,</strong></span> <span class='ocrx_word' id='word_1_40' title='bbox 1396 906 1469 962; x_wconf 80' lang='lat' dir='ltr'><strong>ita</strong></span> <span class='ocrx_word' id='word_1_41' title='bbox 1502 916 1559 961; x_wconf 88' lang='grc' dir='ltr'>ιιι</span> <span class='ocrx_word' id='word_1_42' title='bbox 1591 906 1873 975; x_wconf 82' lang='lat' dir='ltr'><strong>proprium</strong></span> <span class='ocrx_word' id='word_1_43' title='bbox 1904 904 2064 973; x_wconf 86' lang='lat' dir='ltr'><strong>quid-</strong></span> 
     </span>
    </p>
   </div>
   <div class='ocr_carea' id='block_1_7' title="bbox 490 994 2063 1064">
    <p class='ocr_par' dir='ltr' id='par_1_7' title="bbox 490 994 2063 1064">
     <span class='ocr_line' id='line_1_7' title="bbox 490 994 2063 1064; baseline -0.005 -8"><span class='ocrx_word' id='word_1_44' title='bbox 490 1001 615 1056; x_wconf 92' lang='lat' dir='ltr'><strong>dam</strong></span> <span class='ocrx_word' id='word_1_45' title='bbox 646 1002 929 1057; x_wconf 86' lang='lat' dir='ltr'><strong>rationalis</strong></span> <span class='ocrx_word' id='word_1_46' title='bbox 967 1011 1174 1055; x_wconf 82' lang='lat' dir='ltr'><strong>natura:</strong></span> <span class='ocrx_word' id='word_1_47' title='bbox 1214 1015 1411 1054; x_wconf 88' lang='lat' dir='ltr'><strong>manus</strong></span> <span class='ocrx_word' id='word_1_48' title='bbox 1445 999 1576 1054; x_wconf 87' lang='lat' dir='ltr'><strong>sint.</strong></span> <span class='ocrx_word' id='word_1_49' title='bbox 1611 995 1857 1064; x_wconf 85' lang='lat' dir='ltr'><strong>Quod&#39;si</strong></span> <span class='ocrx_word' id='word_1_50' title='bbox 1895 994 2063 1051; x_wconf 88' lang='lat' dir='ltr'><strong>mani-</strong></span> 
     </span>
    </p>
   </div>
   <div class='ocr_carea' id='block_1_8' title="bbox 492 1086 2064 1159">
    <p class='ocr_par' dir='ltr' id='par_1_8' title="bbox 492 1086 2064 1159">
     <span class='ocr_line' id='line_1_8' title="bbox 492 1086 2064 1159; baseline -0.006 -10"><span class='ocrx_word' id='word_1_51' title='bbox 492 1096 595 1150; x_wconf 85' lang='lat' dir='ltr'><strong>bus</strong></span> <span class='ocrx_word' id='word_1_52' title='bbox 622 1094 788 1148; x_wconf 88' lang='lat' dir='ltr'><strong>homo</strong></span> <span class='ocrx_word' id='word_1_53' title='bbox 812 1101 1023 1149; x_wconf 67' lang='lat' dir='ltr'><strong>careret</strong></span> <span class='ocrx_word' id='word_1_54' title='bbox 1040 1134 1054 1158; x_wconf 90' lang='lat'><strong>,</strong></span> <span class='ocrx_word' id='word_1_55' title='bbox 1086 1093 1150 1147; x_wconf 89' lang='lat' dir='ltr'><strong>ad</strong></span> <span class='ocrx_word' id='word_1_56' title='bbox 1176 1091 1590 1147; x_wconf 83' lang='lat' dir='ltr'><strong>similitudinem</strong></span> <span class='ocrx_word' id='word_1_57' title='bbox 1617 1086 2029 1159; x_wconf 73' lang='lat' dir='ltr'><strong>quadrupedum</strong></span> <span class='ocrx_word' id='word_1_58' title='bbox 2047 1125 2064 1150; x_wconf 89' lang='lat'><strong>,</strong></span> 
     </span>
    </p>
   </div>
   <div class='ocr_carea' id='block_1_9' title="bbox 492 1178 2064 1257">
    <p class='ocr_par' dir='ltr' id='par_1_9' title="bbox 492 1178 2064 1257">
     <span class='ocr_line' id='line_1_9' title="bbox 492 1178 2064 1257; baseline -0.003 -15"><span class='ocrx_word' id='word_1_59' title='bbox 492 1187 559 1242; x_wconf 87' lang='lat' dir='ltr'><strong>ad</strong></span> <span class='ocrx_word' id='word_1_60' title='bbox 596 1187 648 1241; x_wconf 91' lang='lat' dir='ltr'><strong>id</strong></span> <span class='ocrx_word' id='word_1_61' title='bbox 686 1187 873 1257; x_wconf 80' lang='lat' dir='ltr'><strong>utique</strong></span> <span class='ocrx_word' id='word_1_62' title='bbox 901 1193 1220 1256; x_wconf 84' lang='lat' dir='ltr'><strong>comparata</strong></span> <span class='ocrx_word' id='word_1_63' title='bbox 1277 1183 1444 1238; x_wconf 82' lang='lat' dir='ltr'><strong>iacies</strong></span> <span class='ocrx_word' id='word_1_64' title='bbox 1492 1189 1640 1238; x_wconf 83' lang='lat' dir='ltr'><strong>esset</strong></span> <span class='ocrx_word' id='word_1_65' title='bbox 1687 1187 1909 1251; x_wconf 87' lang='lat' dir='ltr'><strong>prepter</strong></span> <span class='ocrx_word' id='word_1_66' title='bbox 1957 1178 2064 1237; x_wconf 83' lang='lat' dir='ltr'><strong>cibi</strong></span> 
     </span>
    </p>
   </div>
   <div class='ocr_carea' id='block_1_10' title="bbox 493 1270 2064 1341">
    <p class='ocr_par' dir='ltr' id='par_1_10' title="bbox 493 1270 2064 1341">
     <span class='ocr_line' id='line_1_10' title="bbox 493 1270 2064 1341; baseline -0.004 -10"><span class='ocrx_word' id='word_1_67' title='bbox 493 1276 909 1341; x_wconf 71' lang='lat' dir='ltr'><strong>necessitatem,</strong></span> <span class='ocrx_word' id='word_1_68' title='bbox 962 1285 1023 1331; x_wconf 90' lang='lat' dir='ltr'><strong>ut</strong></span> <span class='ocrx_word' id='word_1_69' title='bbox 1075 1276 1141 1331; x_wconf 90' lang='lat' dir='ltr'><strong>ad</strong></span> <span class='ocrx_word' id='word_1_70' title='bbox 1195 1277 1376 1331; x_wconf 81' lang='lat' dir='ltr'><strong>cibum</strong></span> <span class='ocrx_word' id='word_1_71' title='bbox 1431 1273 1837 1336; x_wconf 64' lang='lat' dir='ltr'><strong>ostenderetur,</strong></span> <span class='ocrx_word' id='word_1_72' title='bbox 1900 1270 2064 1328; x_wconf 88' lang='lat' dir='ltr'><strong>simul</strong></span> 
     </span>
    </p>
   </div>
   <div class='ocr_carea' id='block_1_11' title="bbox 492 1366 2062 1435">
    <p class='ocr_par' dir='ltr' id='par_1_11' title="bbox 492 1366 2062 1435">
     <span class='ocr_line' id='line_1_11' title="bbox 492 1366 2062 1435; baseline -0.004 -12"><span class='ocrx_word' id='word_1_73' title='bbox 492 1368 661 1423; x_wconf 78' lang='lat' dir='ltr'><strong>exiles</strong></span> <span class='ocrx_word' id='word_1_74' title='bbox 686 1367 864 1423; x_wconf 78' lang='lat' dir='ltr'><strong>forent</strong></span> <span class='ocrx_word' id='word_1_75' title='bbox 892 1383 1053 1423; x_wconf 90' lang='lat' dir='ltr'><strong>nares</strong></span> <span class='ocrx_word' id='word_1_76' title='bbox 1077 1384 1091 1433; x_wconf 89' lang='lat'><strong>;</strong></span> <span class='ocrx_word' id='word_1_77' title='bbox 1119 1368 1261 1422; x_wconf 90' lang='lat' dir='ltr'><strong>unde</strong></span> <span class='ocrx_word' id='word_1_78' title='bbox 1284 1366 1594 1423; x_wconf 87' lang='lat' dir='ltr'><strong>necessario</strong></span> <span class='ocrx_word' id='word_1_79' title='bbox 1615 1372 2062 1435; x_wconf 84' lang='lat' dir='ltr'><strong>consequeretur,</strong></span> 
     </span>
    </p>
   </div>
   <div class='ocr_carea' id='block_1_12' title="bbox 491 1459 1665 1531">
    <p class='ocr_par' dir='ltr' id='par_1_12' title="bbox 491 1459 1665 1531">
     <span class='ocr_line' id='line_1_12' title="bbox 491 1459 1665 1531; baseline -0.003 -15"><span class='ocrx_word' id='word_1_80' title='bbox 491 1468 554 1517; x_wconf 90' lang='lat' dir='ltr'><strong>ut</strong></span> <span class='ocrx_word' id='word_1_81' title='bbox 584 1460 922 1531; x_wconf 75' lang='lat' dir='ltr'><strong>peregrinam</strong></span> <span class='ocrx_word' id='word_1_82' title='bbox 952 1475 1170 1531; x_wconf 88' lang='lat' dir='ltr'><strong>quoque</strong></span> <span class='ocrx_word' id='word_1_83' title='bbox 1202 1474 1389 1515; x_wconf 89' lang='lat' dir='ltr'><strong>vocem</strong></span> <span class='ocrx_word' id='word_1_84' title='bbox 1422 1459 1665 1513; x_wconf 84' lang='lat' dir='ltr'><strong>haberet.</strong></span> 
     </span>
    </p>
   </div>
   <div class='ocr_carea' id='block_1_13' title="bbox 563 1549 2068 1622">
    <p class='ocr_par' dir='ltr' id='par_1_13' title="bbox 563 1549 2068 1622">
     <span class='ocr_line' id='line_1_13' title="bbox 563 1549 2068 1622; baseline -0.002 -17"><span class='ocrx_word' id='word_1_85' title='bbox 563 1549 895 1622; x_wconf 86' lang='lat' dir='ltr'><strong>Organicum</strong></span> <span class='ocrx_word' id='word_1_86' title='bbox 927 1561 1108 1605; x_wconf 86' lang='lat' dir='ltr'><strong>autem</strong></span> <span class='ocrx_word' id='word_1_87' title='bbox 1140 1551 1206 1605; x_wconf 88' lang='lat' dir='ltr'><strong>ad</strong></span> <span class='ocrx_word' id='word_1_88' title='bbox 1241 1549 1477 1604; x_wconf 86' lang='lat' dir='ltr'><strong>rationis</strong></span> <span class='ocrx_word' id='word_1_89' title='bbox 1504 1564 1665 1604; x_wconf 88' lang='lat' dir='ltr'><strong>usum</strong></span> <span class='ocrx_word' id='word_1_90' title='bbox 1702 1556 1948 1617; x_wconf 90' lang='lat' dir='ltr'><strong>paratum</strong></span> <span class='ocrx_word' id='word_1_91' title='bbox 1984 1553 2068 1602; x_wconf 84' lang='lat' dir='ltr'><strong>est</strong></span> 
     </span>
    </p>
   </div>
   <div class='ocr_carea' id='block_1_14' title="bbox 493 1638 2063 1714">
    <p class='ocr_par' dir='ltr' id='par_1_14' title="bbox 493 1638 2063 1714">
     <span class='ocr_line' id='line_1_14' title="bbox 493 1638 2063 1714; baseline -0.006 -15"><span class='ocrx_word' id='word_1_92' title='bbox 493 1659 716 1714; x_wconf 86' lang='lat' dir='ltr'><strong>corpus.</strong></span> <span class='ocrx_word' id='word_1_93' title='bbox 757 1642 1215 1712; x_wconf 84' lang='lat' dir='ltr'><strong>Quandoquidem</strong></span> <span class='ocrx_word' id='word_1_94' title='bbox 1246 1642 1394 1696; x_wconf 89' lang='lat' dir='ltr'><strong>enim</strong></span> <span class='ocrx_word' id='word_1_95' title='bbox 1440 1640 1771 1695; x_wconf 87' lang='lat' dir='ltr'><strong>intellectilis</strong></span> <span class='ocrx_word' id='word_1_96' title='bbox 1813 1638 2063 1709; x_wconf 67' lang='lat' dir='ltr'><strong>quaedam</strong></span> 
     </span>
    </p>
   </div>
   <div class='ocr_carea' id='block_1_15' title="bbox 492 1730 2068 1802">
    <p class='ocr_par' dir='ltr' id='par_1_15' title="bbox 492 1730 2068 1802">
     <span class='ocr_line' id='line_1_15' title="bbox 492 1730 2068 1802; baseline -0.003 -13"><span class='ocrx_word' id='word_1_97' title='bbox 492 1743 550 1789; x_wconf 90' lang='lat' dir='ltr'><strong>et</strong></span> <span class='ocrx_word' id='word_1_98' title='bbox 572 1735 898 1802; x_wconf 84' lang='lat' dir='ltr'><strong>incorporea</strong></span> <span class='ocrx_word' id='word_1_99' title='bbox 932 1748 1020 1788; x_wconf 87' lang='lat' dir='ltr'><strong>res</strong></span> <span class='ocrx_word' id='word_1_100' title='bbox 1049 1747 1205 1788; x_wconf 87' lang='lat' dir='ltr'><strong>mens</strong></span> <span class='ocrx_word' id='word_1_101' title='bbox 1255 1739 1340 1787; x_wconf 87' lang='lat' dir='ltr'><strong>est</strong></span> <span class='ocrx_word' id='word_1_102' title='bbox 1360 1771 1376 1796; x_wconf 94' lang='lat'><strong>,</strong></span> <span class='ocrx_word' id='word_1_103' title='bbox 1413 1731 1505 1786; x_wconf 90' lang='lat' dir='ltr'><strong>tali</strong></span> <span class='ocrx_word' id='word_1_104' title='bbox 1539 1746 1679 1802; x_wconf 90' lang='lat' dir='ltr'><strong>opus</strong></span> <span class='ocrx_word' id='word_1_105' title='bbox 1730 1731 1919 1785; x_wconf 79' lang='lat' dir='ltr'><strong>habuit</strong></span> <span class='ocrx_word' id='word_1_106' title='bbox 1949 1730 2068 1800; x_wconf 88' lang='lat' dir='ltr'><strong>opi—</strong></span> 
     </span>
    </p>
   </div>
   <div class='ocr_carea' id='block_1_16' title="bbox 496 1821 2073 1893">
    <p class='ocr_par' dir='ltr' id='par_1_16' title="bbox 496 1821 2073 1893">
     <span class='ocr_line' id='line_1_16' title="bbox 496 1821 2073 1893; baseline 0 -17"><span class='ocrx_word' id='word_1_107' title='bbox 496 1824 656 1886; x_wconf 83' lang='lat' dir='ltr'><strong>licio,</strong></span> <span class='ocrx_word' id='word_1_108' title='bbox 693 1831 755 1876; x_wconf 91' lang='lat' dir='ltr'><strong>ut</strong></span> <span class='ocrx_word' id='word_1_109' title='bbox 784 1837 880 1891; x_wconf 86' lang='lat' dir='ltr'><strong>per</strong></span> <span class='ocrx_word' id='word_1_110' title='bbox 909 1823 1149 1893; x_wconf 84' lang='lat' dir='ltr'><strong>aliquam</strong></span> <span class='ocrx_word' id='word_1_111' title='bbox 1177 1822 1525 1878; x_wconf 82' lang='lat' dir='ltr'><strong>artiﬁciosam</strong></span> <span class='ocrx_word' id='word_1_112' title='bbox 1560 1821 1829 1877; x_wconf 87' lang='lat' dir='ltr'><strong>rationem</strong></span> <span class='ocrx_word' id='word_1_113' title='bbox 1864 1830 2073 1876; x_wconf 89' lang='lat' dir='ltr'><strong>motum</strong></span> 
     </span>
    </p>
   </div>
   <div class='ocr_carea' id='block_1_17' title="bbox 497 1910 2074 1982">
    <p class='ocr_par' dir='ltr' id='par_1_17' title="bbox 497 1910 2074 1982">
     <span class='ocr_line' id='line_1_17' title="bbox 497 1910 2074 1982; baseline 0 -17"><span class='ocrx_word' id='word_1_114' title='bbox 497 1924 662 1965; x_wconf 83' lang='lat' dir='ltr'><strong>suum</strong></span> <span class='ocrx_word' id='word_1_115' title='bbox 696 1910 1107 1977; x_wconf 60' lang='lat' dir='ltr'><strong>manil’estaret,</strong></span> <span class='ocrx_word' id='word_1_116' title='bbox 1160 1911 1334 1967; x_wconf 90' lang='lat' dir='ltr'><strong>instar</strong></span> <span class='ocrx_word' id='word_1_117' title='bbox 1387 1911 1578 1982; x_wconf 85' lang='lat' dir='ltr'><strong>plectri</strong></span> <span class='ocrx_word' id='word_1_118' title='bbox 1626 1910 1844 1967; x_wconf 86' lang='lat' dir='ltr'><strong>vocales</strong></span> <span class='ocrx_word' id='word_1_119' title='bbox 1890 1919 2074 1981; x_wconf 87' lang='lat' dir='ltr'><strong>partes</strong></span> 
     </span>
    </p>
   </div>
   <div class='ocr_carea' id='block_1_18' title="bbox 495 1999 2071 2073">
    <p class='ocr_par' dir='ltr' id='par_1_18' title="bbox 495 1999 2071 2073">
     <span class='ocr_line' id='line_1_18' title="bbox 495 1999 2071 2073; baseline 0 -18"><span class='ocrx_word' id='word_1_120' title='bbox 495 2008 747 2070; x_wconf 87' lang='lat' dir='ltr'><strong>tangens.</strong></span> <span class='ocrx_word' id='word_1_121' title='bbox 782 1999 989 2072; x_wconf 77' lang='lat' dir='ltr'><strong>Duplex</strong></span> <span class='ocrx_word' id='word_1_122' title='bbox 1020 2014 1204 2057; x_wconf 82' lang='lat' dir='ltr'><strong>autem</strong></span> <span class='ocrx_word' id='word_1_123' title='bbox 1244 2012 1329 2058; x_wconf 89' lang='lat' dir='ltr'><strong>est</strong></span> <span class='ocrx_word' id='word_1_124' title='bbox 1365 2002 1530 2072; x_wconf 87' lang='lat' dir='ltr'><strong>hujus</strong></span> <span class='ocrx_word' id='word_1_125' title='bbox 1569 2002 1762 2073; x_wconf 81' lang='lat' dir='ltr'><strong>organi</strong></span> <span class='ocrx_word' id='word_1_126' title='bbox 1809 2000 2071 2065; x_wconf 82' lang='lat' dir='ltr'><strong>eil‘ectus,</strong></span> 
     </span>
    </p>
   </div>
   <div class='ocr_carea' id='block_1_19' title="bbox 496 2091 2070 2167">
    <p class='ocr_par' dir='ltr' id='par_1_19' title="bbox 496 2091 2070 2167">
     <span class='ocr_line' id='line_1_19' title="bbox 496 2091 2070 2167; baseline 0.001 -21"><span class='ocrx_word' id='word_1_127' title='bbox 496 2091 637 2147; x_wconf 85' lang='lat' dir='ltr'><strong>alius</strong></span> <span class='ocrx_word' id='word_1_128' title='bbox 663 2093 883 2162; x_wconf 89' lang='lat' dir='ltr'><strong>quidem</strong></span> <span class='ocrx_word' id='word_1_129' title='bbox 916 2094 1036 2149; x_wconf 90' lang='lat' dir='ltr'><strong>soni</strong></span> <span class='ocrx_word' id='word_1_130' title='bbox 1061 2134 1075 2159; x_wconf 97' lang='lat'><strong>,</strong></span> <span class='ocrx_word' id='word_1_131' title='bbox 1110 2094 1252 2150; x_wconf 88' lang='lat' dir='ltr'><strong>alius</strong></span> <span class='ocrx_word' id='word_1_132' title='bbox 1285 2109 1412 2150; x_wconf 82' lang='lat' dir='ltr'><strong>vero</strong></span> <span class='ocrx_word' id='word_1_133' title='bbox 1440 2094 1684 2157; x_wconf 88' lang='lat' dir='ltr'><strong>auditus.</strong></span> <span class='ocrx_word' id='word_1_134' title='bbox 1727 2091 1793 2148; x_wconf 90' lang='lat' dir='ltr'><strong>Et</strong></span> <span class='ocrx_word' id='word_1_135' title='bbox 1814 2092 1911 2148; x_wconf 85' lang='lat' dir='ltr'><strong>ille</strong></span> <span class='ocrx_word' id='word_1_136' title='bbox 1941 2092 2070 2167; x_wconf 89' lang='lat' dir='ltr'><strong>qui—</strong></span> 
     </span>
    </p>
   </div>
   <div class='ocr_carea' id='block_1_20' title="bbox 494 2184 2067 2255">
    <p class='ocr_par' dir='ltr' id='par_1_20' title="bbox 494 2184 2067 2255">
     <span class='ocr_line' id='line_1_20' title="bbox 494 2184 2067 2255; baseline -0.001 -16"><span class='ocrx_word' id='word_1_137' title='bbox 494 2184 620 2239; x_wconf 86' lang='lat' dir='ltr'><strong>dem</strong></span> <span class='ocrx_word' id='word_1_138' title='bbox 656 2199 869 2254; x_wconf 82' lang='lat' dir='ltr'><strong>semper</strong></span> <span class='ocrx_word' id='word_1_139' title='bbox 899 2185 1103 2255; x_wconf 89' lang='lat' dir='ltr'><strong>aliquid</strong></span> <span class='ocrx_word' id='word_1_140' title='bbox 1139 2186 1372 2253; x_wconf 86' lang='lat' dir='ltr'><strong>emittit,</strong></span> <span class='ocrx_word' id='word_1_141' title='bbox 1403 2185 1625 2241; x_wconf 89' lang='lat' dir='ltr'><strong>auditus</strong></span> <span class='ocrx_word' id='word_1_142' title='bbox 1661 2192 1842 2241; x_wconf 89' lang='lat' dir='ltr'><strong>autem</strong></span> <span class='ocrx_word' id='word_1_143' title='bbox 1871 2198 2067 2254; x_wconf 86' lang='lat' dir='ltr'><strong>perpe-</strong></span> 
     </span>
    </p>
   </div>
   <div class='ocr_carea' id='block_1_21' title="bbox 496 2275 2071 2347">
    <p class='ocr_par' dir='ltr' id='par_1_21' title="bbox 496 2275 2071 2347">
     <span class='ocr_line' id='line_1_21' title="bbox 496 2275 2071 2347; baseline 0.002 -19"><span class='ocrx_word' id='word_1_144' title='bbox 496 2282 593 2331; x_wconf 87' lang='lat' dir='ltr'><strong>tuo</strong></span> <span class='ocrx_word' id='word_1_145' title='bbox 622 2277 832 2346; x_wconf 83' lang='lat' dir='ltr'><strong>recipit.</strong></span> <span class='ocrx_word' id='word_1_146' title='bbox 873 2275 1079 2347; x_wconf 87' lang='lat' dir='ltr'><strong>Estque</strong></span> <span class='ocrx_word' id='word_1_147' title='bbox 1102 2276 1327 2346; x_wconf 88' lang='lat' dir='ltr'><strong>dignum</strong></span> <span class='ocrx_word' id='word_1_148' title='bbox 1362 2275 1759 2341; x_wconf 84' lang='lat' dir='ltr'><strong>admiratione,</strong></span> <span class='ocrx_word' id='word_1_149' title='bbox 1793 2276 2071 2346; x_wconf 88' lang='lat' dir='ltr'><strong>quomodo</strong></span> 
     </span>
    </p>
   </div>
   <div class='ocr_carea' id='block_1_22' title="bbox 493 2363 2071 2438">
    <p class='ocr_par' dir='ltr' id='par_1_22' title="bbox 493 2363 2071 2438">
     <span class='ocr_line' id='line_1_22' title="bbox 493 2363 2071 2438; baseline 0 -17"><span class='ocrx_word' id='word_1_150' title='bbox 493 2363 748 2421; x_wconf 78' lang='lat' dir='ltr'><strong>confusio</strong></span> <span class='ocrx_word' id='word_1_151' title='bbox 773 2366 920 2422; x_wconf 91' lang='lat' dir='ltr'><strong>nulla</strong></span> <span class='ocrx_word' id='word_1_152' title='bbox 947 2368 1039 2422; x_wconf 85' lang='lat' dir='ltr'><strong>liat</strong></span> <span class='ocrx_word' id='word_1_153' title='bbox 1062 2383 1156 2437; x_wconf 89' lang='lat' dir='ltr'><strong>per</strong></span> <span class='ocrx_word' id='word_1_154' title='bbox 1177 2382 1275 2423; x_wconf 89' lang='lat' dir='ltr'><strong>eos</strong></span> <span class='ocrx_word' id='word_1_155' title='bbox 1301 2367 1394 2437; x_wconf 90' lang='lat' dir='ltr'><strong>qui</strong></span> <span class='ocrx_word' id='word_1_156' title='bbox 1420 2382 1517 2437; x_wconf 84' lang='lat' dir='ltr'><strong>per</strong></span> <span class='ocrx_word' id='word_1_157' title='bbox 1542 2366 1720 2437; x_wconf 88' lang='lat' dir='ltr'><strong>ipsum</strong></span> <span class='ocrx_word' id='word_1_158' title='bbox 1748 2367 2071 2438; x_wconf 83' lang='lat' dir='ltr'><strong>ingeruntur</strong></span> 
     </span>
    </p>
   </div>
   <div class='ocr_carea' id='block_1_23' title="bbox 495 2460 2069 2532">
    <p class='ocr_par' dir='ltr' id='par_1_23' title="bbox 495 2460 2069 2532">
     <span class='ocr_line' id='line_1_23' title="bbox 495 2460 2069 2532; baseline 0 -16"><span class='ocrx_word' id='word_1_159' title='bbox 495 2472 779 2516; x_wconf 83' lang='lat' dir='ltr'><strong>sermones</strong></span> <span class='ocrx_word' id='word_1_160' title='bbox 813 2468 868 2517; x_wconf 90' lang='lat' dir='ltr'><strong>et</strong></span> <span class='ocrx_word' id='word_1_161' title='bbox 904 2460 1282 2532; x_wconf 77' lang='lat' dir='ltr'><strong>cogitationes.</strong></span> <span class='ocrx_word' id='word_1_162' title='bbox 1322 2460 1562 2530; x_wconf 87' lang='lat' dir='ltr'><strong>ldquod</strong></span> <span class='ocrx_word' id='word_1_163' title='bbox 1592 2462 1758 2519; x_wconf 87' lang='lat' dir='ltr'><strong>etiam</strong></span> <span class='ocrx_word' id='word_1_164' title='bbox 1791 2461 1847 2515; x_wconf 91' lang='lat' dir='ltr'><strong>in</strong></span> <span class='ocrx_word' id='word_1_165' title='bbox 1875 2461 2069 2520; x_wconf 88' lang='lat' dir='ltr'><strong>oculo-</strong></span> 
     </span>
    </p>
   </div>
   <div class='ocr_carea' id='block_1_24' title="bbox 494 2550 2071 2623">
    <p class='ocr_par' dir='ltr' id='par_1_24' title="bbox 494 2550 2071 2623">
     <span class='ocr_line' id='line_1_24' title="bbox 494 2550 2071 2623; baseline 0.003 -17"><span class='ocrx_word' id='word_1_166' title='bbox 494 2565 617 2606; x_wconf 86' lang='lat' dir='ltr'><strong>rum</strong></span> <span class='ocrx_word' id='word_1_167' title='bbox 655 2550 975 2617; x_wconf 75' lang='lat' dir='ltr'><strong>eiiicacitate</strong></span> <span class='ocrx_word' id='word_1_168' title='bbox 1022 2554 1201 2611; x_wconf 87' lang='lat' dir='ltr'><strong>locum</strong></span> <span class='ocrx_word' id='word_1_169' title='bbox 1252 2554 1436 2610; x_wconf 82' lang='lat' dir='ltr'><strong>habet.</strong></span> <span class='ocrx_word' id='word_1_170' title='bbox 1483 2550 1619 2611; x_wconf 84' lang='lat' dir='ltr'><strong>Nam</strong></span> <span class='ocrx_word' id='word_1_171' title='bbox 1653 2566 1749 2623; x_wconf 88' lang='lat' dir='ltr'><strong>per</strong></span> <span class='ocrx_word' id='word_1_172' title='bbox 1783 2553 1883 2611; x_wconf 86' lang='lat' dir='ltr'><strong>hos</strong></span> <span class='ocrx_word' id='word_1_173' title='bbox 1914 2568 2071 2611; x_wconf 83' lang='lat' dir='ltr'><strong>mens</strong></span> 
     </span>
    </p>
   </div>
   <div class='ocr_carea' id='block_1_25' title="bbox 494 2645 2076 2716">
    <p class='ocr_par' dir='ltr' id='par_1_25' title="bbox 494 2645 2076 2716">
     <span class='ocr_line' id='line_1_25' title="bbox 494 2645 2076 2716; baseline 0.001 -18"><span class='ocrx_word' id='word_1_174' title='bbox 494 2656 559 2699; x_wconf 82' lang='lat' dir='ltr'><strong>ea</strong></span> <span class='ocrx_word' id='word_1_175' title='bbox 587 2658 707 2713; x_wconf 63' lang='lat' dir='ltr'><strong>qua</strong></span> <span class='ocrx_word' id='word_1_176' title='bbox 731 2653 863 2699; x_wconf 85' lang='lat' dir='ltr'><strong>sunt</strong></span> <span class='ocrx_word' id='word_1_177' title='bbox 889 2654 1044 2707; x_wconf 79' lang='lat' dir='ltr'><strong>extra</strong></span> <span class='ocrx_word' id='word_1_178' title='bbox 1070 2661 1272 2716; x_wconf 86' lang='lat' dir='ltr'><strong>corpus</strong></span> <span class='ocrx_word' id='word_1_179' title='bbox 1299 2645 1658 2715; x_wconf 82' lang='lat' dir='ltr'><strong>apprehendit</strong></span> <span class='ocrx_word' id='word_1_180' title='bbox 1684 2664 1699 2701; x_wconf 90' lang='lat'><strong>:</strong></span> <span class='ocrx_word' id='word_1_181' title='bbox 1730 2645 2076 2716; x_wconf 86' lang='lat' dir='ltr'><strong>unumquod-</strong></span> 
     </span>
    </p>
   </div>
   <div class='ocr_carea' id='block_1_26' title="bbox 495 2731 2071 2807">
    <p class='ocr_par' dir='ltr' id='par_1_26' title="bbox 495 2731 2071 2807">
     <span class='ocr_line' id='line_1_26' title="bbox 495 2731 2071 2807; baseline 0.004 -19"><span class='ocrx_word' id='word_1_182' title='bbox 495 2731 629 2789; x_wconf 86' lang='lat' dir='ltr'><strong>libet</strong></span> <span class='ocrx_word' id='word_1_183' title='bbox 675 2743 857 2790; x_wconf 82' lang='lat' dir='ltr'><strong>autem</strong></span> <span class='ocrx_word' id='word_1_184' title='bbox 906 2750 1097 2791; x_wconf 88' lang='lat' dir='ltr'><strong>eorum</strong></span> <span class='ocrx_word' id='word_1_185' title='bbox 1148 2753 1271 2805; x_wconf 66' lang='lat' dir='ltr'><strong>quae</strong></span> <span class='ocrx_word' id='word_1_186' title='bbox 1321 2738 1466 2793; x_wconf 84' lang='lat' dir='ltr'><strong>intro</strong></span> <span class='ocrx_word' id='word_1_187' title='bbox 1507 2738 1871 2807; x_wconf 88' lang='lat' dir='ltr'><strong>recipiuntur,</strong></span> <span class='ocrx_word' id='word_1_188' title='bbox 1913 2753 2071 2795; x_wconf 89' lang='lat' dir='ltr'><strong>mens</strong></span> 
     </span>
    </p>
   </div>
   <div class='ocr_carea' id='block_1_27' title="bbox 494 2825 2072 2900">
    <p class='ocr_par' dir='ltr' id='par_1_27' title="bbox 494 2825 2072 2900">
     <span class='ocr_line' id='line_1_27' title="bbox 494 2825 2072 2900; baseline 0.004 -21"><span class='ocrx_word' id='word_1_189' title='bbox 494 2825 850 2888; x_wconf 78' lang='lat' dir='ltr'><strong>examinans,</strong></span> <span class='ocrx_word' id='word_1_190' title='bbox 891 2828 1349 2884; x_wconf 80' lang='lat' dir='ltr'><strong>convenientibus</strong></span> <span class='ocrx_word' id='word_1_191' title='bbox 1386 2828 1718 2899; x_wconf 83' lang='lat' dir='ltr'><strong>cognitionis</strong></span> <span class='ocrx_word' id='word_1_192' title='bbox 1746 2829 1883 2886; x_wconf 90' lang='lat' dir='ltr'><strong>locis</strong></span> <span class='ocrx_word' id='word_1_193' title='bbox 1914 2844 2072 2900; x_wconf 90' lang='lat' dir='ltr'><strong>repo-</strong></span> 
     </span>
    </p>
   </div>
   <div class='ocr_carea' id='block_1_28' title="bbox 439 2915 2072 2990">
    <p class='ocr_par' dir='ltr' id='par_1_28' title="bbox 439 2915 2072 2990">
     <span class='ocr_line' id='line_1_28' title="bbox 439 2915 2072 2990; baseline 0.006 -20"><span class='ocrx_word' id='word_1_194' title='bbox 439 2978 451 2990; x_wconf 86' lang='lat'><em>_</em></span> <span class='ocrx_word' id='word_1_195' title='bbox 495 2915 609 2980; x_wconf 84' lang='lat' dir='ltr'><strong>nit,</strong></span> <span class='ocrx_word' id='word_1_196' title='bbox 646 2916 938 2986; x_wconf 86' lang='lat' dir='ltr'><strong>aliquoties</strong></span> <span class='ocrx_word' id='word_1_197' title='bbox 973 2932 1042 2974; x_wconf 78' lang='lat' dir='ltr'><strong>ex</strong></span> <span class='ocrx_word' id='word_1_198' title='bbox 1075 2916 1311 2975; x_wconf 76' lang='lat' dir='ltr'><strong>diversis</strong></span> <span class='ocrx_word' id='word_1_199' title='bbox 1345 2935 1609 2975; x_wconf 88' lang='lat' dir='ltr'><strong>sensuum</strong></span> <span class='ocrx_word' id='word_1_200' title='bbox 1650 2921 1875 2977; x_wconf 88' lang='lat' dir='ltr'><strong>sedibus</strong></span> <span class='ocrx_word' id='word_1_201' title='bbox 1908 2937 2072 2979; x_wconf 86' lang='lat' dir='ltr'><strong>unam</strong></span> 
     </span>
    </p>
   </div>
   <div class='ocr_carea' id='block_1_29' title="bbox 496 3006 2075 3085">
    <p class='ocr_par' dir='ltr' id='par_1_29' title="bbox 496 3006 2075 3085">
     <span class='ocr_line' id='line_1_29' title="bbox 496 3006 2075 3085; baseline 0.004 -22"><span class='ocrx_word' id='word_1_202' title='bbox 496 3006 864 3077; x_wconf 73' lang='lat' dir='ltr'><strong>cognitionem</strong></span> <span class='ocrx_word' id='word_1_203' title='bbox 910 3010 1198 3074; x_wconf 81' lang='lat' dir='ltr'><strong>excitans,</strong></span> <span class='ocrx_word' id='word_1_204' title='bbox 1252 3026 1557 3083; x_wconf 89' lang='lat' dir='ltr'><strong>rursusque</strong></span> <span class='ocrx_word' id='word_1_205' title='bbox 1602 3027 1672 3069; x_wconf 78' lang='lat' dir='ltr'><strong>ex</strong></span> <span class='ocrx_word' id='word_1_206' title='bbox 1720 3028 1831 3069; x_wconf 86' lang='lat' dir='ltr'><strong>uno</strong></span> <span class='ocrx_word' id='word_1_207' title='bbox 1889 3013 2075 3085; x_wconf 90' lang='lat' dir='ltr'><strong>aliquo</strong></span> 
     </span>
    </p>
   </div>
   <div class='ocr_carea' id='block_1_30' title="bbox 497 3100 2074 3174">
    <p class='ocr_par' dir='ltr' id='par_1_30' title="bbox 497 3100 2074 3174">
     <span class='ocr_line' id='line_1_30' title="bbox 497 3100 2074 3174; baseline 0.004 -21"><span class='ocrx_word' id='word_1_208' title='bbox 497 3113 665 3154; x_wconf 88' lang='lat' dir='ltr'><strong>sensu</strong></span> <span class='ocrx_word' id='word_1_209' title='bbox 695 3100 844 3156; x_wconf 87' lang='lat' dir='ltr'><strong>varia</strong></span> <span class='ocrx_word' id='word_1_210' title='bbox 876 3101 1183 3173; x_wconf 85' lang='lat' dir='ltr'><strong>percipiens</strong></span> <span class='ocrx_word' id='word_1_211' title='bbox 1211 3121 1225 3171; x_wconf 91' lang='lat'><strong>;</strong></span> <span class='ocrx_word' id='word_1_212' title='bbox 1255 3118 1382 3158; x_wconf 90' lang='lat' dir='ltr'><strong>nam</strong></span> <span class='ocrx_word' id='word_1_213' title='bbox 1414 3103 1461 3159; x_wconf 90' lang='lat' dir='ltr'><strong>si</strong></span> <span class='ocrx_word' id='word_1_214' title='bbox 1494 3105 1620 3174; x_wconf 89' lang='lat' dir='ltr'><strong>quis</strong></span> <span class='ocrx_word' id='word_1_215' title='bbox 1660 3103 1938 3161; x_wconf 90' lang='lat' dir='ltr'><strong>audiverit</strong></span> <span class='ocrx_word' id='word_1_216' title='bbox 1974 3121 2074 3162; x_wconf 65' lang='grc' dir='ltr'><strong>ηοη</strong></span> 
     </span>
    </p>
   </div>
   <div class='ocr_carea' id='block_1_31' title="bbox 496 3192 2076 3269">
    <p class='ocr_par' dir='ltr' id='par_1_31' title="bbox 496 3192 2076 3269">
     <span class='ocr_line' id='line_1_31' title="bbox 496 3192 2076 3269; baseline 0.006 -25"><span class='ocrx_word' id='word_1_217' title='bbox 496 3205 622 3246; x_wconf 83' lang='lat' dir='ltr'><strong>men</strong></span> <span class='ocrx_word' id='word_1_218' title='bbox 649 3192 824 3249; x_wconf 85' lang='lat' dir='ltr'><strong>mellis</strong></span> <span class='ocrx_word' id='word_1_219' title='bbox 843 3230 859 3258; x_wconf 90' lang='lat'><strong>,</strong></span> <span class='ocrx_word' id='word_1_220' title='bbox 884 3193 1049 3264; x_wconf 85' lang='lat' dir='ltr'><strong>idque</strong></span> <span class='ocrx_word' id='word_1_221' title='bbox 1076 3194 1308 3261; x_wconf 89' lang='lat' dir='ltr'><strong>viderit,</strong></span> <span class='ocrx_word' id='word_1_222' title='bbox 1334 3195 1692 3267; x_wconf 76' lang='lat' dir='ltr'><strong>olfeceritque</strong></span> <span class='ocrx_word' id='word_1_223' title='bbox 1753 3206 1811 3253; x_wconf 91' lang='lat' dir='ltr'><strong>et</strong></span> <span class='ocrx_word' id='word_1_224' title='bbox 1836 3198 2076 3269; x_wconf 84' lang='lat' dir='ltr'><strong>tetigerit</strong></span> 
     </span>
    </p>
   </div>
   <div class='ocr_carea' id='block_1_32' title="bbox 496 3285 2071 3356">
    <p class='ocr_par' dir='ltr' id='par_1_32' title="bbox 496 3285 2071 3356">
     <span class='ocr_line' id='line_1_32' title="bbox 496 3285 2071 3356; baseline 0.006 -19"><span class='ocrx_word' id='word_1_225' title='bbox 496 3291 663 3353; x_wconf 86' lang='lat' dir='ltr'><strong>atque</strong></span> <span class='ocrx_word' id='word_1_226' title='bbox 684 3285 1014 3354; x_wconf 81' lang='lat' dir='ltr'><strong>gustaverit,</strong></span> <span class='ocrx_word' id='word_1_227' title='bbox 1036 3301 1151 3340; x_wconf 88' lang='lat' dir='ltr'><strong>rem</strong></span> <span class='ocrx_word' id='word_1_228' title='bbox 1180 3301 1343 3345; x_wconf 86' lang='lat' dir='ltr'><strong>unam</strong></span> <span class='ocrx_word' id='word_1_229' title='bbox 1372 3301 1471 3356; x_wconf 88' lang='lat' dir='ltr'><strong>per</strong></span> <span class='ocrx_word' id='word_1_230' title='bbox 1495 3288 1782 3345; x_wconf 86' lang='lat' dir='ltr'><strong>universas</strong></span> <span class='ocrx_word' id='word_1_231' title='bbox 1809 3304 2071 3346; x_wconf 89' lang='lat' dir='ltr'><strong>sensuum</strong></span> 
     </span>
    </p>
   </div>
   <div class='ocr_carea' id='block_1_33' title="bbox 498 3373 2072 3450">
    <p class='ocr_par' dir='ltr' id='par_1_33' title="bbox 498 3373 2072 3450">
     <span class='ocr_line' id='line_1_33' title="bbox 498 3373 2072 3450; baseline 0.006 -22"><span class='ocrx_word' id='word_1_232' title='bbox 498 3373 786 3430; x_wconf 69' lang='lat' dir='ltr'><strong>facultates</strong></span> <span class='ocrx_word' id='word_1_233' title='bbox 815 3376 1089 3444; x_wconf 84' lang='lat' dir='ltr'><strong>cognovit.</strong></span> <span class='ocrx_word' id='word_1_234' title='bbox 1127 3374 1331 3433; x_wconf 75' lang='lat' dir='ltr'><strong>Varias</strong></span> <span class='ocrx_word' id='word_1_235' title='bbox 1363 3393 1490 3434; x_wconf 88' lang='lat' dir='ltr'><strong>vero</strong></span> <span class='ocrx_word' id='word_1_236' title='bbox 1521 3394 1687 3436; x_wconf 86' lang='lat' dir='ltr'><strong>voces</strong></span> <span class='ocrx_word' id='word_1_237' title='bbox 1718 3396 1815 3450; x_wconf 90' lang='lat' dir='ltr'><strong>per</strong></span> <span class='ocrx_word' id='word_1_238' title='bbox 1848 3382 2072 3438; x_wconf 91' lang='lat' dir='ltr'><strong>unicum</strong></span> 
     </span>
    </p>
   </div>
   <div class='ocr_carea' id='block_1_34' title="bbox 503 3464 2075 3540">
    <p class='ocr_par' dir='ltr' id='par_1_34' title="bbox 503 3464 2075 3540">
     <span class='ocr_line' id='line_1_34' title="bbox 503 3464 2075 3540; baseline 0.006 -22"><span class='ocrx_word' id='word_1_239' title='bbox 503 3464 752 3520; x_wconf 86' lang='lat' dir='ltr'><strong>auditum</strong></span> <span class='ocrx_word' id='word_1_240' title='bbox 786 3466 1050 3535; x_wconf 88' lang='lat' dir='ltr'><strong>percipit,</strong></span> <span class='ocrx_word' id='word_1_241' title='bbox 1084 3473 1141 3519; x_wconf 91' lang='lat' dir='ltr'><strong>et</strong></span> <span class='ocrx_word' id='word_1_242' title='bbox 1174 3482 1271 3535; x_wconf 91' lang='lat' dir='ltr'><strong>per</strong></span> <span class='ocrx_word' id='word_1_243' title='bbox 1299 3467 1475 3523; x_wconf 87' lang='lat' dir='ltr'><strong>visum</strong></span> <span class='ocrx_word' id='word_1_244' title='bbox 1510 3468 1710 3527; x_wconf 83' lang='lat' dir='ltr'><strong>diversi</strong></span> <span class='ocrx_word' id='word_1_245' title='bbox 1740 3471 1958 3540; x_wconf 83' lang='lat' dir='ltr'><strong>generis</strong></span> <span class='ocrx_word' id='word_1_246' title='bbox 1987 3486 2075 3527; x_wconf 87' lang='lat' dir='ltr'><strong>res</strong></span> 
     </span>
    </p>
   </div>
   <div class='ocr_carea' id='block_1_35' title="bbox 500 3554 2069 3627">
    <p class='ocr_par' dir='ltr' id='par_1_35' title="bbox 500 3554 2069 3627">
     <span class='ocr_line' id='line_1_35' title="bbox 500 3554 2069 3627; baseline 0.006 -19"><span class='ocrx_word' id='word_1_247' title='bbox 500 3554 848 3620; x_wconf 86' lang='lat' dir='ltr'><strong>considerat,</strong></span> <span class='ocrx_word' id='word_1_248' title='bbox 878 3557 1129 3612; x_wconf 86' lang='lat' dir='ltr'><strong>videlicet</strong></span> <span class='ocrx_word' id='word_1_249' title='bbox 1160 3558 1343 3613; x_wconf 90' lang='lat' dir='ltr'><strong>album</strong></span> <span class='ocrx_word' id='word_1_250' title='bbox 1376 3567 1431 3613; x_wconf 89' lang='lat' dir='ltr'><strong>et</strong></span> <span class='ocrx_word' id='word_1_251' title='bbox 1458 3560 1673 3627; x_wconf 78' lang='lat' dir='ltr'><strong>nigrum</strong></span> <span class='ocrx_word' id='word_1_252' title='bbox 1695 3602 1709 3627; x_wconf 95' lang='lat'><strong>,</strong></span> <span class='ocrx_word' id='word_1_253' title='bbox 1746 3570 1801 3616; x_wconf 89' lang='lat' dir='ltr'><strong>et</strong></span> <span class='ocrx_word' id='word_1_254' title='bbox 1831 3560 2069 3618; x_wconf 83' lang='lat' dir='ltr'><strong>fuscum.</strong></span> 
     </span>
    </p>
   </div>
   <div class='ocr_carea' id='block_1_36' title="bbox 568 3686 2074 3757">
    <p class='ocr_par' dir='ltr' id='par_1_36' title="bbox 568 3686 2074 3757">
     <span class='ocr_line' id='line_1_36' title="bbox 568 3686 2074 3757; baseline 0.005 -17"><span class='ocrx_word' id='word_1_255' title='bbox 568 3686 727 3740; x_wconf 84' lang='lat' dir='ltr'><strong>Aliud</strong></span> <span class='ocrx_word' id='word_1_256' title='bbox 759 3701 887 3742; x_wconf 71' lang='lat' dir='ltr'><strong>vero</strong></span> <span class='ocrx_word' id='word_1_257' title='bbox 928 3686 1184 3757; x_wconf 86' lang='lat' dir='ltr'><strong>quiddam</strong></span> <span class='ocrx_word' id='word_1_258' title='bbox 1215 3702 1378 3757; x_wconf 90' lang='lat' dir='ltr'><strong>quam</strong></span> <span class='ocrx_word' id='word_1_259' title='bbox 1411 3700 1610 3744; x_wconf 90' lang='lat' dir='ltr'><strong>sensus</strong></span> <span class='ocrx_word' id='word_1_260' title='bbox 1655 3705 1810 3746; x_wconf 85' lang='lat' dir='ltr'><strong>mens</strong></span> <span class='ocrx_word' id='word_1_261' title='bbox 1843 3699 1927 3747; x_wconf 90' lang='lat' dir='ltr'><strong>est</strong></span> <span class='ocrx_word' id='word_1_262' title='bbox 1956 3707 1968 3744; x_wconf 91' lang='lat'><strong>:</strong></span> <span class='ocrx_word' id='word_1_263' title='bbox 2027 3691 2074 3747; x_wconf 89' lang='lat' dir='ltr'><strong>si</strong></span> 
     </span>
    </p>
   </div>
   <div class='ocr_carea' id='block_1_37' title="bbox 499 3777 2075 3851">
    <p class='ocr_par' dir='ltr' id='par_1_37' title="bbox 499 3777 2075 3851">
     <span class='ocr_line' id='line_1_37' title="bbox 499 3777 2075 3851; baseline 0.004 -20"><span class='ocrx_word' id='word_1_264' title='bbox 499 3778 645 3832; x_wconf 87' lang='lat' dir='ltr'><strong>enim</strong></span> <span class='ocrx_word' id='word_1_265' title='bbox 678 3777 820 3832; x_wconf 87' lang='lat' dir='ltr'><strong>idem</strong></span> <span class='ocrx_word' id='word_1_266' title='bbox 856 3786 1021 3844; x_wconf 87' lang='lat' dir='ltr'><strong>esset,</strong></span> <span class='ocrx_word' id='word_1_267' title='bbox 1058 3793 1183 3834; x_wconf 92' lang='lat' dir='ltr'><strong>cum</strong></span> <span class='ocrx_word' id='word_1_268' title='bbox 1222 3794 1334 3834; x_wconf 91' lang='lat' dir='ltr'><strong>uno</strong></span> <span class='ocrx_word' id='word_1_269' title='bbox 1363 3779 1549 3850; x_wconf 89' lang='lat' dir='ltr'><strong>aliquo</strong></span> <span class='ocrx_word' id='word_1_270' title='bbox 1578 3781 1820 3851; x_wconf 87' lang='lat' dir='ltr'><strong>ipsorum</strong></span> <span class='ocrx_word' id='word_1_271' title='bbox 1848 3782 2075 3838; x_wconf 89' lang='lat' dir='ltr'><strong>haberet</strong></span> 
     </span>
    </p>
   </div>
   <div class='ocr_carea' id='block_1_38' title="bbox 499 3868 2073 3942">
    <p class='ocr_par' dir='ltr' id='par_1_38' title="bbox 499 3868 2073 3942">
     <span class='ocr_line' id='line_1_38' title="bbox 499 3868 2073 3942; baseline 0.006 -20"><span class='ocrx_word' id='word_1_272' title='bbox 499 3868 901 3940; x_wconf 81' lang='lat' dir='ltr'><strong>cognationem,</strong></span> <span class='ocrx_word' id='word_1_273' title='bbox 944 3884 1067 3926; x_wconf 91' lang='lat' dir='ltr'><strong>cum</strong></span> <span class='ocrx_word' id='word_1_274' title='bbox 1101 3871 1332 3942; x_wconf 80' lang='lat' dir='ltr'><strong>simplex</strong></span> <span class='ocrx_word' id='word_1_275' title='bbox 1360 3871 1467 3937; x_wconf 91' lang='lat' dir='ltr'><strong>sit;</strong></span> <span class='ocrx_word' id='word_1_276' title='bbox 1499 3888 1644 3929; x_wconf 91' lang='lat' dir='ltr'><strong>nunc</strong></span> <span class='ocrx_word' id='word_1_277' title='bbox 1668 3883 1849 3930; x_wconf 89' lang='lat' dir='ltr'><strong>autem</strong></span> <span class='ocrx_word' id='word_1_278' title='bbox 1889 3875 1943 3930; x_wconf 91' lang='lat' dir='ltr'><strong>in</strong></span> <span class='ocrx_word' id='word_1_279' title='bbox 1978 3891 2073 3931; x_wconf 89' lang='lat' dir='ltr'><strong>va-</strong></span> 
     </span>
    </p>
   </div>
   <div class='ocr_carea' id='block_1_39' title="bbox 499 3958 2076 4036">
    <p class='ocr_par' dir='ltr' id='par_1_39' title="bbox 499 3958 2076 4036">
     <span class='ocr_line' id='line_1_39' title="bbox 499 3958 2076 4036; baseline 0.006 -23"><span class='ocrx_word' id='word_1_280' title='bbox 499 3958 613 4013; x_wconf 88' lang='lat' dir='ltr'><strong>rios</strong></span> <span class='ocrx_word' id='word_1_281' title='bbox 649 3974 846 4017; x_wconf 86' lang='lat' dir='ltr'><strong>sensus</strong></span> <span class='ocrx_word' id='word_1_282' title='bbox 881 3976 1070 4031; x_wconf 87' lang='lat' dir='ltr'><strong>sparsa</strong></span> <span class='ocrx_word' id='word_1_283' title='bbox 1101 3968 1205 4027; x_wconf 82' lang='lat' dir='ltr'><strong>est,</strong></span> <span class='ocrx_word' id='word_1_284' title='bbox 1239 3970 1291 4017; x_wconf 90' lang='lat' dir='ltr'><strong>et</strong></span> <span class='ocrx_word' id='word_1_285' title='bbox 1320 3978 1416 4033; x_wconf 89' lang='lat' dir='ltr'><strong>per</strong></span> <span class='ocrx_word' id='word_1_286' title='bbox 1443 3980 1612 4019; x_wconf 89' lang='lat' dir='ltr'><strong>unum</strong></span> <span class='ocrx_word' id='word_1_287' title='bbox 1641 3967 1939 4036; x_wconf 89' lang='lat' dir='ltr'><strong>quemlibet</strong></span> <span class='ocrx_word' id='word_1_288' title='bbox 1969 3967 2076 4023; x_wconf 74' lang='lat' dir='ltr'><strong>em-</strong></span> 
     </span>
    </p>
   </div>
   <div class='ocr_carea' id='block_1_40' title="bbox 497 4048 2071 4124">
    <p class='ocr_par' dir='ltr' id='par_1_40' title="bbox 497 4048 2071 4124">
     <span class='ocr_line' id='line_1_40' title="bbox 497 4048 2071 4124; baseline 0.006 -21"><span class='ocrx_word' id='word_1_289' title='bbox 497 4048 702 4103; x_wconf 84' lang='lat' dir='ltr'><strong>caciter</strong></span> <span class='ocrx_word' id='word_1_290' title='bbox 733 4050 864 4120; x_wconf 72' lang='lat' dir='ltr'><strong>agit,</strong></span> <span class='ocrx_word' id='word_1_291' title='bbox 907 4050 962 4104; x_wconf 90' lang='lat' dir='ltr'><strong>in</strong></span> <span class='ocrx_word' id='word_1_292' title='bbox 987 4051 1193 4107; x_wconf 88' lang='lat' dir='ltr'><strong>unitate</strong></span> <span class='ocrx_word' id='word_1_293' title='bbox 1225 4053 1440 4108; x_wconf 88' lang='lat' dir='ltr'><strong>varium</strong></span> <span class='ocrx_word' id='word_1_294' title='bbox 1477 4055 1737 4124; x_wconf 88' lang='lat' dir='ltr'><strong>quiddam</strong></span> <span class='ocrx_word' id='word_1_295' title='bbox 1778 4058 2071 4123; x_wconf 69' lang='lat' dir='ltr'><strong>exsistens,</strong></span> 
     </span>
    </p>
   </div>
   <div class='ocr_carea' id='block_1_41' title="bbox 499 4142 2073 4221">
    <p class='ocr_par' dir='ltr' id='par_1_41' title="bbox 499 4142 2073 4221">
     <span class='ocr_line' id='line_1_41' title="bbox 499 4142 2073 4221; baseline 0.007 -26"><span class='ocrx_word' id='word_1_296' title='bbox 499 4148 555 4195; x_wconf 88' lang='lat' dir='ltr'><strong>et</strong></span> <span class='ocrx_word' id='word_1_297' title='bbox 590 4142 644 4196; x_wconf 89' lang='lat' dir='ltr'><strong>in</strong></span> <span class='ocrx_word' id='word_1_298' title='bbox 675 4142 938 4199; x_wconf 87' lang='lat' dir='ltr'><strong>varietate</strong></span> <span class='ocrx_word' id='word_1_299' title='bbox 963 4159 1156 4199; x_wconf 90' lang='lat' dir='ltr'><strong>unum.</strong></span> <span class='ocrx_word' id='word_1_300' title='bbox 1191 4143 1317 4200; x_wconf 88' lang='lat' dir='ltr'><strong>Ideo</strong></span> <span class='ocrx_word' id='word_1_301' title='bbox 1346 4147 1712 4218; x_wconf 86' lang='lat' dir='ltr'><strong>cognitionem</strong></span> <span class='ocrx_word' id='word_1_302' title='bbox 1745 4149 1933 4221; x_wconf 83' lang='lat' dir='ltr'><strong>ellugit</strong></span> <span class='ocrx_word' id='word_1_303' title='bbox 1954 4150 2073 4220; x_wconf 88' lang='lat' dir='ltr'><strong>ejus</strong></span> 
     </span>
    </p>
   </div>
   <div class='ocr_carea' id='block_1_42' title="bbox 501 4236 2075 4310">
    <p class='ocr_par' dir='ltr' id='par_1_42' title="bbox 501 4236 2075 4310">
     <span class='ocr_line' id='line_1_42' title="bbox 501 4236 2075 4310; baseline 0.006 -23"><span class='ocrx_word' id='word_1_304' title='bbox 501 4241 717 4298; x_wconf 87' lang='lat' dir='ltr'><strong>natura,</strong></span> <span class='ocrx_word' id='word_1_305' title='bbox 756 4242 810 4289; x_wconf 88' lang='lat' dir='ltr'><strong>et</strong></span> <span class='ocrx_word' id='word_1_306' title='bbox 854 4251 916 4290; x_wconf 87' lang='lat' dir='ltr'><strong>ea</strong></span> <span class='ocrx_word' id='word_1_307' title='bbox 954 4236 1071 4306; x_wconf 91' lang='lat' dir='ltr'><strong>ipsa</strong></span> <span class='ocrx_word' id='word_1_308' title='bbox 1113 4251 1170 4290; x_wconf 93' lang='lat' dir='ltr'><strong>re</strong></span> <span class='ocrx_word' id='word_1_309' title='bbox 1195 4237 1340 4306; x_wconf 89' lang='lat' dir='ltr'><strong>quod</strong></span> <span class='ocrx_word' id='word_1_310' title='bbox 1387 4241 1646 4310; x_wconf 87' lang='lat' dir='ltr'><strong>cognosci</strong></span> <span class='ocrx_word' id='word_1_311' title='bbox 1691 4252 1945 4310; x_wconf 85' lang='lat' dir='ltr'><strong>nequeat,</strong></span> <span class='ocrx_word' id='word_1_312' title='bbox 1990 4241 2075 4297; x_wconf 90' lang='lat' dir='ltr'><strong>in-</strong></span> 
     </span>
    </p>
   </div>
   <div class='ocr_carea' id='block_1_43' title="bbox 499 4328 2071 4401">
    <p class='ocr_par' dir='ltr' id='par_1_43' title="bbox 499 4328 2071 4401">
     <span class='ocr_line' id='line_1_43' title="bbox 499 4328 2071 4401; baseline 0.003 -21"><span class='ocrx_word' id='word_1_313' title='bbox 499 4328 1046 4393; x_wconf 82' lang='lat' dir='ltr'><strong>comprehensibilem</strong></span> <span class='ocrx_word' id='word_1_314' title='bbox 1080 4329 1229 4383; x_wconf 89' lang='lat' dir='ltr'><strong>illam</strong></span> <span class='ocrx_word' id='word_1_315' title='bbox 1262 4339 1512 4385; x_wconf 89' lang='lat' dir='ltr'><strong>naturam</strong></span> <span class='ocrx_word' id='word_1_316' title='bbox 1546 4331 1666 4400; x_wconf 88' lang='lat' dir='ltr'><strong>ejus</strong></span> <span class='ocrx_word' id='word_1_317' title='bbox 1697 4340 2071 4401; x_wconf 63' lang='lat' dir='ltr'><strong>repraesentat,</strong></span> 
     </span>
    </p>
   </div>
   <div class='ocr_carea' id='block_1_44' title="bbox 500 4415 1895 4488">
    <p class='ocr_par' dir='ltr' id='par_1_44' title="bbox 500 4415 1895 4488">
     <span class='ocr_line' id='line_1_44' title="bbox 500 4415 1895 4488; baseline 0.002 -19"><span class='ocrx_word' id='word_1_318' title='bbox 500 4416 595 4486; x_wconf 87' lang='lat' dir='ltr'><strong>qui</strong></span> <span class='ocrx_word' id='word_1_319' title='bbox 621 4432 739 4471; x_wconf 89' lang='lat' dir='ltr'><strong>eam</strong></span> <span class='ocrx_word' id='word_1_320' title='bbox 774 4416 1075 4472; x_wconf 90' lang='lat' dir='ltr'><strong>secundum</strong></span> <span class='ocrx_word' id='word_1_321' title='bbox 1105 4416 1397 4486; x_wconf 87' lang='lat' dir='ltr'><strong>imaginem</strong></span> <span class='ocrx_word' id='word_1_322' title='bbox 1434 4418 1711 4488; x_wconf 90' lang='lat' dir='ltr'><strong>propriam</strong></span> <span class='ocrx_word' id='word_1_323' title='bbox 1746 4415 1895 4472; x_wconf 79' lang='lat' dir='ltr'><strong>fecit.</strong></span> 
     </span>
    </p>
   </div>
   <div class='ocr_carea' id='block_1_45' title="bbox 572 4505 2072 4579">
    <p class='ocr_par' dir='ltr' id='par_1_45' title="bbox 572 4505 2072 4579">
     <span class='ocr_line' id='line_1_45' title="bbox 572 4505 2072 4579; baseline 0.003 -20"><span class='ocrx_word' id='word_1_324' title='bbox 572 4505 638 4563; x_wconf 88' lang='lat' dir='ltr'><strong>Et</strong></span> <span class='ocrx_word' id='word_1_325' title='bbox 665 4506 1107 4579; x_wconf 87' lang='lat' dir='ltr'><strong>quandoquidem</strong></span> <span class='ocrx_word' id='word_1_326' title='bbox 1144 4507 1292 4561; x_wconf 80' lang='lat' dir='ltr'><strong>velut</strong></span> <span class='ocrx_word' id='word_1_327' title='bbox 1336 4507 1765 4562; x_wconf 88' lang='lat' dir='ltr'><strong>instrumentum</strong></span> <span class='ocrx_word' id='word_1_328' title='bbox 1797 4508 2072 4578; x_wconf 89' lang='lat' dir='ltr'><strong>quoddam</strong></span> 
     </span>
    </p>
   </div>
   <div class='ocr_carea' id='block_1_46' title="bbox 500 4595 2075 4667">
    <p class='ocr_par' dir='ltr' id='par_1_46' title="bbox 500 4595 2075 4667">
     <span class='ocr_line' id='line_1_46' title="bbox 500 4595 2075 4667; baseline 0.003 -15"><span class='ocrx_word' id='word_1_329' title='bbox 500 4597 776 4652; x_wconf 87' lang='lat' dir='ltr'><strong>musicum</strong></span> <span class='ocrx_word' id='word_1_330' title='bbox 824 4612 1028 4666; x_wconf 89' lang='lat' dir='ltr'><strong>corpus</strong></span> <span class='ocrx_word' id='word_1_331' title='bbox 1073 4595 1275 4652; x_wconf 80' lang='lat' dir='ltr'><strong>factum</strong></span> <span class='ocrx_word' id='word_1_332' title='bbox 1307 4606 1423 4662; x_wconf 88' lang='lat' dir='ltr'><strong>est;</strong></span> <span class='ocrx_word' id='word_1_333' title='bbox 1471 4597 1933 4667; x_wconf 88' lang='lat' dir='ltr'><strong>quemadmodum</strong></span> <span class='ocrx_word' id='word_1_334' title='bbox 1983 4616 2075 4655; x_wconf 88' lang='lat' dir='ltr'><strong>ca-</strong></span> 
     </span>
    </p>
   </div>
   <div class='ocr_carea' id='block_1_47' title="bbox 500 4687 2073 4758">
    <p class='ocr_par' dir='ltr' id='par_1_47' title="bbox 500 4687 2073 4758">
     <span class='ocr_line' id='line_1_47' title="bbox 500 4687 2073 4758; baseline 0.003 -14"><span class='ocrx_word' id='word_1_335' title='bbox 500 4688 664 4744; x_wconf 89' lang='lat' dir='ltr'><strong>nendi</strong></span> <span class='ocrx_word' id='word_1_336' title='bbox 692 4687 899 4758; x_wconf 89' lang='lat' dir='ltr'><strong>peritus</strong></span> <span class='ocrx_word' id='word_1_337' title='bbox 943 4687 1134 4743; x_wconf 89' lang='lat' dir='ltr'><strong>vitiato</strong></span> <span class='ocrx_word' id='word_1_338' title='bbox 1168 4688 1534 4744; x_wconf 90' lang='lat' dir='ltr'><strong>instrumento</strong></span> <span class='ocrx_word' id='word_1_339' title='bbox 1571 4704 1726 4745; x_wconf 90' lang='lat' dir='ltr'><strong>suam</strong></span> <span class='ocrx_word' id='word_1_340' title='bbox 1761 4699 1931 4746; x_wconf 88' lang='lat' dir='ltr'><strong>artem</strong></span> <span class='ocrx_word' id='word_1_341' title='bbox 1979 4694 2073 4748; x_wconf 84' lang='lat' dir='ltr'><strong>de-</strong></span> 
     </span>
    </p>
   </div>
   <div class='ocr_carea' id='block_1_48' title="bbox 500 4784 2074 4859">
    <p class='ocr_par' dir='ltr' id='par_1_48' title="bbox 500 4784 2074 4859">
     <span class='ocr_line' id='line_1_48' title="bbox 500 4784 2074 4859; baseline 0.005 -19"><span class='ocrx_word' id='word_1_342' title='bbox 500 4794 806 4841; x_wconf 85' lang='lat' dir='ltr'><strong>monstrare</strong></span> <span class='ocrx_word' id='word_1_343' title='bbox 844 4784 1066 4857; x_wconf 86' lang='lat' dir='ltr'><strong>nequit:</strong></span> <span class='ocrx_word' id='word_1_344' title='bbox 1100 4784 1176 4841; x_wconf 92' lang='lat' dir='ltr'><strong>ita</strong></span> <span class='ocrx_word' id='word_1_345' title='bbox 1212 4795 1267 4841; x_wconf 89' lang='lat' dir='ltr'><strong>et</strong></span> <span class='ocrx_word' id='word_1_346' title='bbox 1301 4802 1457 4842; x_wconf 90' lang='lat' dir='ltr'><strong>mens</strong></span> <span class='ocrx_word' id='word_1_347' title='bbox 1496 4803 1592 4859; x_wconf 88' lang='lat' dir='ltr'><strong>per</strong></span> <span class='ocrx_word' id='word_1_348' title='bbox 1634 4787 1948 4846; x_wconf 89' lang='lat' dir='ltr'><strong>universum</strong></span> <span class='ocrx_word' id='word_1_349' title='bbox 1983 4809 2074 4849; x_wconf 84' lang='lat' dir='ltr'><strong>or-</strong></span> 
     </span>
    </p>
   </div>
   <div class='ocr_carea' id='block_1_49' title="bbox 460 4876 2075 4948">
    <p class='ocr_par' dir='ltr' id='par_1_49' title="bbox 460 4876 2075 4948">
     <span class='ocr_line' id='line_1_49' title="bbox 460 4876 2075 4948; baseline 0.006 -17"><span class='ocrx_word' id='word_1_350' title='bbox 460 4932 471 4945; x_wconf 30' lang='grc' dir='ltr'><strong>κ</strong></span> <span class='ocrx_word' id='word_1_351' title='bbox 501 4892 700 4947; x_wconf 83' lang='lat' dir='ltr'><strong>ganum</strong></span> <span class='ocrx_word' id='word_1_352' title='bbox 733 4876 1012 4948; x_wconf 80' lang='lat' dir='ltr'><strong>vagando,</strong></span> <span class='ocrx_word' id='word_1_353' title='bbox 1047 4892 1144 4948; x_wconf 89' lang='lat' dir='ltr'><strong>per</strong></span> <span class='ocrx_word' id='word_1_354' title='bbox 1169 4890 1570 4936; x_wconf 89' lang='lat' dir='ltr'><strong>consentaneas</strong></span> <span class='ocrx_word' id='word_1_355' title='bbox 1601 4881 1703 4937; x_wconf 90' lang='lat' dir='ltr'><strong>sibi</strong></span> <span class='ocrx_word' id='word_1_356' title='bbox 1729 4881 2075 4941; x_wconf 79' lang='lat' dir='ltr'><strong>emcacitates</strong></span> 
     </span>
    </p>
   </div>
   <div class='ocr_carea' id='block_1_50' title="bbox 498 4970 2073 5046">
    <p class='ocr_par' dir='ltr' id='par_1_50' title="bbox 498 4970 2073 5046">
     <span class='ocr_line' id='line_1_50' title="bbox 498 4970 2073 5046; baseline 0.004 -23"><span class='ocrx_word' id='word_1_357' title='bbox 498 4970 956 5040; x_wconf 81' lang='lat' dir='ltr'><strong>unumquodlibet</strong></span> <span class='ocrx_word' id='word_1_358' title='bbox 1004 4972 1375 5027; x_wconf 90' lang='lat' dir='ltr'><strong>membrorum</strong></span> <span class='ocrx_word' id='word_1_359' title='bbox 1408 4974 1702 5044; x_wconf 83' lang='lat' dir='ltr'><strong>attingens,</strong></span> <span class='ocrx_word' id='word_1_360' title='bbox 1749 4975 1802 5029; x_wconf 91' lang='lat' dir='ltr'><strong>in</strong></span> <span class='ocrx_word' id='word_1_361' title='bbox 1846 4975 1915 5032; x_wconf 88' lang='lat' dir='ltr'><strong>iis</strong></span> <span class='ocrx_word' id='word_1_362' title='bbox 1947 4977 2073 5046; x_wconf 38' lang='lat' dir='ltr'><strong>qui;</strong></span> 
     </span>
    </p>
   </div>
   <div class='ocr_carea' id='block_1_51' title="bbox 499 5060 2074 5135">
    <p class='ocr_par' dir='ltr' id='par_1_51' title="bbox 499 5060 2074 5135">
     <span class='ocr_line' id='line_1_51' title="bbox 499 5060 2074 5135; baseline 0.006 -22"><span class='ocrx_word' id='word_1_363' title='bbox 499 5060 622 5114; x_wconf 90' lang='lat' dir='ltr'><strong>dem</strong></span> <span class='ocrx_word' id='word_1_364' title='bbox 653 5062 745 5131; x_wconf 89' lang='lat' dir='ltr'><strong>qui</strong></span> <span class='ocrx_word' id='word_1_365' title='bbox 772 5062 1095 5116; x_wconf 88' lang='lat' dir='ltr'><strong>naturaliter</strong></span> <span class='ocrx_word' id='word_1_366' title='bbox 1124 5061 1302 5117; x_wconf 70' lang='lat' dir='ltr'><strong>affecti</strong></span> <span class='ocrx_word' id='word_1_367' title='bbox 1327 5073 1475 5127; x_wconf 87' lang='lat' dir='ltr'><strong>sunt,</strong></span> <span class='ocrx_word' id='word_1_368' title='bbox 1508 5065 1791 5135; x_wconf 87' lang='lat' dir='ltr'><strong>proprium</strong></span> <span class='ocrx_word' id='word_1_369' title='bbox 1823 5064 2074 5122; x_wconf 80' lang='lat' dir='ltr'><strong>eﬂ&#39;ectum</strong></span> 
     </span>
    </p>
   </div>
   <div class='ocr_carea' id='block_1_52' title="bbox 499 5148 2073 5216">
    <p class='ocr_par' dir='ltr' id='par_1_52' title="bbox 499 5148 2073 5216">
     <span class='ocr_line' id='line_1_52' title="bbox 499 5148 2073 5216; baseline 0.003 -10"><span class='ocrx_word' id='word_1_370' title='bbox 499 5148 685 5216; x_wconf 83' lang='lat' dir='ltr'><strong>habet,</strong></span> <span class='ocrx_word' id='word_1_371' title='bbox 722 5151 776 5204; x_wconf 87' lang='lat' dir='ltr'><strong>in</strong></span> <span class='ocrx_word' id='word_1_372' title='bbox 819 5150 1055 5213; x_wconf 80' lang='lat' dir='ltr'><strong>inﬁrmis</strong></span> <span class='ocrx_word' id='word_1_373' title='bbox 1085 5158 1267 5206; x_wconf 90' lang='lat' dir='ltr'><strong>autem</strong></span> <span class='ocrx_word' id='word_1_374' title='bbox 1310 5151 1558 5209; x_wconf 70' lang='lat' dir='ltr'><strong>inefﬁcax</strong></span> <span class='ocrx_word' id='word_1_375' title='bbox 1598 5162 1723 5211; x_wconf 89' lang='lat' dir='ltr'><strong>est:</strong></span> <span class='ocrx_word' id='word_1_376' title='bbox 1774 5169 1886 5210; x_wconf 88' lang='lat' dir='ltr'><strong>non</strong></span> <span class='ocrx_word' id='word_1_377' title='bbox 1930 5156 2073 5212; x_wconf 87' lang='lat' dir='ltr'><strong>enim</strong></span> 
     </span>
    </p>
   </div>
   <div class='ocr_carea' id='block_1_53' title="bbox 498 5241 1895 5316">
    <p class='ocr_par' dir='ltr' id='par_1_53' title="bbox 498 5241 1895 5316">
     <span class='ocr_line' id='line_1_53' title="bbox 498 5241 1895 5316; baseline 0.005 -20"><span class='ocrx_word' id='word_1_378' title='bbox 498 5250 706 5312; x_wconf 88' lang='lat' dir='ltr'><strong>partem</strong></span> <span class='ocrx_word' id='word_1_379' title='bbox 734 5241 956 5312; x_wconf 90' lang='lat' dir='ltr'><strong>quidem</strong></span> <span class='ocrx_word' id='word_1_380' title='bbox 996 5242 1239 5315; x_wconf 85' lang='lat' dir='ltr'><strong>attingit,</strong></span> <span class='ocrx_word' id='word_1_381' title='bbox 1267 5254 1473 5316; x_wconf 84' lang='lat' dir='ltr'><strong>partem</strong></span> <span class='ocrx_word' id='word_1_382' title='bbox 1509 5260 1640 5303; x_wconf 87' lang='lat' dir='ltr'><strong>vero</strong></span> <span class='ocrx_word' id='word_1_383' title='bbox 1669 5246 1895 5303; x_wconf 90' lang='lat' dir='ltr'><strong>deserit.</strong></span> 
     </span>
    </p>
   </div>
   <div class='ocr_carea' id='block_1_54' title="bbox 571 5355 2075 5434">
    <p class='ocr_par' dir='ltr' id='par_1_54' title="bbox 571 5355 2075 5434">
     <span class='ocr_line' id='line_1_54' title="bbox 571 5355 2075 5434; baseline 0.007 -24"><span class='ocrx_word' id='word_1_384' title='bbox 571 5355 1040 5423; x_wconf 83' lang='lat' dir='ltr'><strong>Quemadmodum</strong></span> <span class='ocrx_word' id='word_1_385' title='bbox 1069 5357 1196 5423; x_wconf 83' lang='lat' dir='ltr'><strong>item</strong></span> <span class='ocrx_word' id='word_1_386' title='bbox 1222 5374 1378 5415; x_wconf 84' lang='lat' dir='ltr'><strong>mens</strong></span> <span class='ocrx_word' id='word_1_387' title='bbox 1407 5370 1635 5417; x_wconf 89' lang='lat' dir='ltr'><strong>ornatur</strong></span> <span class='ocrx_word' id='word_1_388' title='bbox 1666 5362 2075 5434; x_wconf 85' lang='lat' dir='ltr'><strong>pulchritudine</strong></span> 
     </span>
    </p>
   </div>
   <div class='ocr_carea' id='block_1_55' title="bbox 501 5447 2074 5531">
    <p class='ocr_par' dir='ltr' id='par_1_55' title="bbox 501 5447 2074 5531">
     <span class='ocr_line' id='line_1_55' title="bbox 501 5447 2074 5531; baseline 0.004 -28"><span class='ocrx_word' id='word_1_389' title='bbox 501 5447 662 5520; x_wconf 90' lang='lat' dir='ltr'><strong>primi</strong></span> <span class='ocrx_word' id='word_1_390' title='bbox 685 5448 1017 5518; x_wconf 80' lang='lat' dir='ltr'><strong>exemplaris</strong></span> <span class='ocrx_word' id='word_1_391' title='bbox 1043 5449 1426 5516; x_wconf 80' lang='lat' dir='ltr'><strong>divini,&#39;veluti</strong></span> <span class='ocrx_word' id='word_1_392' title='bbox 1441 5451 1558 5531; x_wconf 82' lang='lat' dir='ltr'><strong>ejus</strong></span> <span class='ocrx_word' id='word_1_393' title='bbox 1576 5453 1894 5509; x_wconf 85' lang='lat' dir='ltr'><strong>charactere</strong></span> <span class='ocrx_word' id='word_1_394' title='bbox 1923 5454 2074 5509; x_wconf 82' lang='lat' dir='ltr'><strong>exal-</strong></span> 
     </span>
    </p>
   </div>
   <div class='ocr_carea' id='block_1_56' title="bbox 500 5539 2071 5610">
    <p class='ocr_par' dir='ltr' id='par_1_56' title="bbox 500 5539 2071 5610">
     <span class='ocr_line' id='line_1_56' title="bbox 500 5539 2071 5610; baseline 0.003 -16"><span class='ocrx_word' id='word_1_395' title='bbox 500 5548 648 5599; x_wconf 85' lang='lat' dir='ltr'><strong>tata:</strong></span> <span class='ocrx_word' id='word_1_396' title='bbox 679 5539 762 5599; x_wconf 80' lang='lat' dir='ltr'><strong>sit:</strong></span> <span class='ocrx_word' id='word_1_397' title='bbox 800 5548 855 5595; x_wconf 91' lang='lat' dir='ltr'><strong>et</strong></span> <span class='ocrx_word' id='word_1_398' title='bbox 887 5549 1081 5605; x_wconf 79' lang='lat' dir='ltr'><strong>natura</strong></span> <span class='ocrx_word' id='word_1_399' title='bbox 1121 5556 1152 5596; x_wconf 91' lang='lat' dir='ltr'><strong>a</strong></span> <span class='ocrx_word' id='word_1_400' title='bbox 1195 5554 1379 5600; x_wconf 88' lang='lat' dir='ltr'><strong>mente</strong></span> <span class='ocrx_word' id='word_1_401' title='bbox 1414 5544 1797 5605; x_wconf 85' lang='lat' dir='ltr'><strong>administrata</strong></span> <span class='ocrx_word' id='word_1_402' title='bbox 1822 5554 2071 5610; x_wconf 82' lang='lat' dir='ltr'><strong>ornatur,</strong></span> 
     </span>
    </p>
   </div>
   <div class='ocr_carea' id='block_1_57' title="bbox 500 5632 2070 5704">
    <p class='ocr_par' dir='ltr' id='par_1_57' title="bbox 500 5632 2070 5704">
     <span class='ocr_line' id='line_1_57' title="bbox 500 5632 2070 5704; baseline 0.002 -18"><span class='ocrx_word' id='word_1_403' title='bbox 500 5632 919 5704; x_wconf 83' lang='lat' dir='ltr'><strong>contineturque</strong></span> <span class='ocrx_word' id='word_1_404' title='bbox 953 5648 1147 5694; x_wconf 88' lang='lat' dir='ltr'><strong>rursus</strong></span> <span class='ocrx_word' id='word_1_405' title='bbox 1172 5635 1244 5695; x_wconf 82' lang='lat' dir='ltr'><strong>ab</strong></span> <span class='ocrx_word' id='word_1_406' title='bbox 1269 5634 1372 5699; x_wconf 81' lang='lat' dir='ltr'><strong>hac</strong></span> <span class='ocrx_word' id='word_1_407' title='bbox 1399 5634 1677 5693; x_wconf 86' lang='lat' dir='ltr'><strong>crassities</strong></span> <span class='ocrx_word' id='word_1_408' title='bbox 1711 5643 1914 5693; x_wconf 79' lang='lat' dir='ltr'><strong>nostrae</strong></span> <span class='ocrx_word' id='word_1_409' title='bbox 1936 5636 2070 5691; x_wconf 85' lang='lat' dir='ltr'><strong>sub-</strong></span> 
     </span>
    </p>
   </div>
   <div class='ocr_carea' id='block_1_58' title="bbox 503 5724 2072 5795">
    <p class='ocr_par' dir='ltr' id='par_1_58' title="bbox 503 5724 2072 5795">
     <span class='ocr_line' id='line_1_58' title="bbox 503 5724 2072 5795; baseline 0.004 -19"><span class='ocrx_word' id='word_1_410' title='bbox 503 5724 736 5791; x_wconf 66' lang='lat' dir='ltr'><strong>stantia),</strong></span> <span class='ocrx_word' id='word_1_411' title='bbox 755 5725 897 5781; x_wconf 88' lang='lat' dir='ltr'><strong>circa</strong></span> <span class='ocrx_word' id='word_1_412' title='bbox 918 5740 1085 5795; x_wconf 89' lang='lat' dir='ltr'><strong>quam</strong></span> <span class='ocrx_word' id='word_1_413' title='bbox 1108 5726 1354 5791; x_wconf 85' lang='lat' dir='ltr'><strong>cernitur</strong></span> <span class='ocrx_word' id='word_1_414' title='bbox 1378 5735 1593 5789; x_wconf 84' lang='lat' dir='ltr'><strong>natura.</strong></span> <span class='ocrx_word' id='word_1_415' title='bbox 1620 5725 1691 5785; x_wconf 84' lang='lat' dir='ltr'><strong>Ut</strong></span> <span class='ocrx_word' id='word_1_416' title='bbox 1711 5737 1891 5790; x_wconf 87' lang='lat' dir='ltr'><strong>autem</strong></span> <span class='ocrx_word' id='word_1_417' title='bbox 1918 5742 2072 5789; x_wconf 86' lang='lat' dir='ltr'><strong>mens</strong></span> 
     </span>
    </p>
   </div>
   <div class='ocr_carea' id='block_1_59' title="bbox 502 5813 2072 5887">
    <p class='ocr_par' dir='ltr' id='par_1_59' title="bbox 502 5813 2072 5887">
     <span class='ocr_line' id='line_1_59' title="bbox 502 5813 2072 5887; baseline 0.008 -28"><span class='ocrx_word' id='word_1_418' title='bbox 502 5813 743 5868; x_wconf 84' lang='lat' dir='ltr'><strong>virorum</strong></span> <span class='ocrx_word' id='word_1_419' title='bbox 778 5816 1120 5871; x_wconf 81' lang='lat' dir='ltr'><strong>deformitate</strong></span> <span class='ocrx_word' id='word_1_420' title='bbox 1149 5817 1443 5871; x_wconf 86' lang='lat' dir='ltr'><strong>obscurata</strong></span> <span class='ocrx_word' id='word_1_421' title='bbox 1487 5816 1725 5872; x_wconf 86' lang='lat' dir='ltr'><strong>divinam</strong></span> <span class='ocrx_word' id='word_1_422' title='bbox 1767 5819 2072 5887; x_wconf 65' lang='lat' dir='ltr'><strong>pulchrituo</strong></span> 
     </span>
    </p>
   </div>
   <div class='ocr_carea' id='block_1_60' title="bbox 511 5899 2072 5982">
    <p class='ocr_par' dir='ltr' id='par_1_60' title="bbox 511 5899 2072 5982">
     <span class='ocr_line' id='line_1_60' title="bbox 511 5899 2072 5982; baseline 0.008 -30"><span class='ocrx_word' id='word_1_423' title='bbox 511 5899 690 5956; x_wconf 75' lang='lat' dir='ltr'><strong>dinem</strong></span> <span class='ocrx_word' id='word_1_424' title='bbox 724 5918 831 5958; x_wconf 88' lang='lat' dir='ltr'><strong>non</strong></span> <span class='ocrx_word' id='word_1_425' title='bbox 866 5903 1121 5968; x_wconf 89' lang='lat' dir='ltr'><strong>admittit,</strong></span> <span class='ocrx_word' id='word_1_426' title='bbox 1154 5905 1260 5960; x_wconf 88' lang='lat' dir='ltr'><strong>nisi</strong></span> <span class='ocrx_word' id='word_1_427' title='bbox 1295 5915 1582 5977; x_wconf 85' lang='lat' dir='ltr'><strong>repurgata</strong></span> <span class='ocrx_word' id='word_1_428' title='bbox 1611 5907 1776 5967; x_wconf 80' lang='lat' dir='ltr'><strong>fuerit</strong></span> <span class='ocrx_word' id='word_1_429' title='bbox 1800 5926 1814 5966; x_wconf 87' lang='lat'><strong>:</strong></span> <span class='ocrx_word' id='word_1_430' title='bbox 1842 5910 1915 5966; x_wconf 88' lang='lat' dir='ltr'><strong>ita</strong></span> <span class='ocrx_word' id='word_1_431' title='bbox 1938 5926 2072 5982; x_wconf 87' lang='lat' dir='ltr'><strong>quo-</strong></span> 
     </span>
    </p>
   </div>
   <div class='ocr_carea' id='block_1_61' title="bbox 1569 418 2709 488">
    <p class='ocr_par' dir='ltr' id='par_1_61' title="bbox 1569 418 2709 488">
     <span class='ocr_line' id='line_1_61' title="bbox 1569 418 2709 488; baseline -0.012 -2"><span class='ocrx_word' id='word_1_432' title='bbox 1569 431 1629 486; x_wconf 88' lang='lat' dir='ltr'><strong>S.</strong></span> <span class='ocrx_word' id='word_1_433' title='bbox 1669 422 2336 488; x_wconf 66' lang='lat' dir='ltr'><strong>CESAMI,GREGORII</strong></span> <span class='ocrx_word' id='word_1_434' title='bbox 2379 418 2709 481; x_wconf 79' lang='lat' dir='ltr'><strong>FBATRIS,</strong></span> 
     </span>
    </p>
   </div>
   <div class='ocr_carea' id='block_1_62' title="bbox 3620 405 3729 460">
    <p class='ocr_par' dir='ltr' id='par_1_62' title="bbox 3620 405 3729 460">
     <span class='ocr_line' id='line_1_62' title="bbox 3620 405 3729 460; baseline 0.018 -2"><span class='ocrx_word' id='word_1_435' title='bbox 3620 405 3729 460; x_wconf 78' lang='lat' dir='ltr'><strong>l083</strong></span> 
     </span>
    </p>
   </div>
   <div class='ocr_carea' id='block_1_63' title="bbox 2168 524 3731 610">
    <p class='ocr_par' dir='ltr' id='par_1_63' title="bbox 2168 524 3731 610">
     <span class='ocr_line' id='line_1_63' title="bbox 2168 524 3731 610; baseline -0.014 -13"><span class='ocrx_word' id='word_1_436' title='bbox 2168 544 2339 610; x_wconf 83' lang='grc' dir='ltr'>κῶλα,</span> <span class='ocrx_word' id='word_1_437' title='bbox 2386 542 2474 596; x_wconf 69' lang='grc' dir='ltr'>διὰ</span> <span class='ocrx_word' id='word_1_438' title='bbox 2520 541 2575 593; x_wconf 76' lang='grc' dir='ltr'>δὲ</span> <span class='ocrx_word' id='word_1_439' title='bbox 2617 539 2680 592; x_wconf 83' lang='grc' dir='ltr'>τὸ</span> <span class='ocrx_word' id='word_1_440' title='bbox 2718 534 2921 590; x_wconf 77' lang='grc' dir='ltr'>δεῖσθαι</span> <span class='ocrx_word' id='word_1_441' title='bbox 2968 530 3062 585; x_wconf 84' lang='grc' dir='ltr'><strong>τοῦ</strong></span> <span class='ocrx_word' id='word_1_442' title='bbox 3115 526 3522 598; x_wconf 81' lang='grc' dir='ltr'>ὑπερείδοντος.</span> <span class='ocrx_word' id='word_1_443' title='bbox 3568 524 3731 597; x_wconf 81' lang='grc' dir='ltr'>Συνερ-</span> 
     </span>
    </p>
   </div>
   <div class='ocr_carea' id='block_1_64' title="bbox 2170 614 3734 702">
    <p class='ocr_par' dir='ltr' id='par_1_64' title="bbox 2170 614 3734 702">
     <span class='ocr_line' id='line_1_64' title="bbox 2170 614 3734 702; baseline -0.015 -15"><span class='ocrx_word' id='word_1_444' title='bbox 2170 633 2327 702; x_wconf 89' lang='grc' dir='ltr'>γοῦσι</span> <span class='ocrx_word' id='word_1_445' title='bbox 2358 631 2416 685; x_wconf 79' lang='grc' dir='ltr'>δὲ</span> <span class='ocrx_word' id='word_1_446' title='bbox 2459 631 2515 685; x_wconf 91' lang='grc' dir='ltr'><strong>αἰ</strong></span> <span class='ocrx_word' id='word_1_447' title='bbox 2545 630 2727 700; x_wconf 77' lang='grc' dir='ltr'>χεῖρες</span> <span class='ocrx_word' id='word_1_448' title='bbox 2756 624 2895 680; x_wconf 73' lang='grc' dir='ltr'>κατὰ</span> <span class='ocrx_word' id='word_1_449' title='bbox 2929 622 3112 675; x_wconf 78' lang='grc' dir='ltr'>πᾶσαν</span> <span class='ocrx_word' id='word_1_450' title='bbox 3161 617 3360 690; x_wconf 82' lang='grc' dir='ltr'>χρείαν</span> <span class='ocrx_word' id='word_1_451' title='bbox 3401 615 3493 669; x_wconf 69' lang='grc' dir='ltr'><strong>ἐπὶ</strong></span> <span class='ocrx_word' id='word_1_452' title='bbox 3533 614 3734 684; x_wconf 72' lang='grc' dir='ltr'>πόλεμον</span> 
     </span>
    </p>
   </div>
   <div class='ocr_carea' id='block_1_65' title="bbox 2168 706 3735 792">
    <p class='ocr_par' dir='ltr' id='par_1_65' title="bbox 2168 706 3735 792">
     <span class='ocr_line' id='line_1_65' title="bbox 2168 706 3735 792; baseline -0.015 -13"><span class='ocrx_word' id='word_1_453' title='bbox 2168 724 2262 780; x_wconf 73' lang='grc' dir='ltr'>καὶ</span> <span class='ocrx_word' id='word_1_454' title='bbox 2313 723 2557 792; x_wconf 81' lang='grc' dir='ltr'><strong>εἰρήνην,</strong></span> <span class='ocrx_word' id='word_1_455' title='bbox 2607 718 2701 772; x_wconf 77' lang='grc' dir='ltr'>καὶ</span> <span class='ocrx_word' id='word_1_456' title='bbox 2742 718 2810 788; x_wconf 79' lang='grc' dir='ltr'>τῇ</span> <span class='ocrx_word' id='word_1_457' title='bbox 2853 713 2945 768; x_wconf 81' lang='grc' dir='ltr'><strong>τοῦ</strong></span> <span class='ocrx_word' id='word_1_458' title='bbox 2991 711 3164 780; x_wconf 83' lang='grc' dir='ltr'>λόγου</span> <span class='ocrx_word' id='word_1_459' title='bbox 3215 708 3405 780; x_wconf 79' lang='grc' dir='ltr'>χρείᾳ,</span> <span class='ocrx_word' id='word_1_460' title='bbox 3440 706 3533 761; x_wconf 70' lang='grc' dir='ltr'>καὶ</span> <span class='ocrx_word' id='word_1_461' title='bbox 3562 707 3613 759; x_wconf 83' lang='grc' dir='ltr'>ὲν</span> <span class='ocrx_word' id='word_1_462' title='bbox 3643 707 3735 768; x_wconf 75' lang='grc' dir='ltr'>τοῖς</span> 
     </span>
    </p>
   </div>
   <div class='ocr_carea' id='block_1_66' title="bbox 2169 796 3736 886">
    <p class='ocr_par' dir='ltr' id='par_1_66' title="bbox 2169 796 3736 886">
     <span class='ocr_line' id='line_1_66' title="bbox 2169 796 3736 886; baseline -0.015 -16"><span class='ocrx_word' id='word_1_463' title='bbox 2169 816 2514 886; x_wconf 78' lang='grc' dir='ltr'>γράμμασιν.</span> <span class='ocrx_word' id='word_1_464' title='bbox 2561 808 2963 881; x_wconf 61' lang='grc' dir='ltr'>’ὓδαρμόζομεν</span> <span class='ocrx_word' id='word_1_465' title='bbox 3006 803 3125 875; x_wconf 74' lang='grc' dir='ltr'><strong>γὰρ</strong></span> <span class='ocrx_word' id='word_1_466' title='bbox 3174 802 3278 863; x_wconf 85' lang='grc' dir='ltr'>τὰς</span> <span class='ocrx_word' id='word_1_467' title='bbox 3311 798 3497 868; x_wconf 71' lang='grc' dir='ltr'>φωνὰς</span> <span class='ocrx_word' id='word_1_468' title='bbox 3539 796 3626 886; x_wconf 70' lang='grc' dir='ltr'>καὶ</span> <span class='ocrx_word' id='word_1_469' title='bbox 3666 796 3736 886; x_wconf 74' lang='grc' dir='ltr'>διὰ</span> 
     </span>
    </p>
   </div>
   <div class='ocr_carea' id='block_1_67' title="bbox 2167 884 3736 975">
    <p class='ocr_par' dir='ltr' id='par_1_67' title="bbox 2167 884 3736 975">
     <span class='ocr_line' id='line_1_67' title="bbox 2167 884 3736 975; baseline -0.015 -16"><span class='ocrx_word' id='word_1_470' title='bbox 2167 884 2261 959; x_wconf 83' lang='grc' dir='ltr'><strong>τοῦ</strong></span> <span class='ocrx_word' id='word_1_471' title='bbox 2290 884 2637 975; x_wconf 78' lang='grc' dir='ltr'>χαρακτῆρος</span> <span class='ocrx_word' id='word_1_472' title='bbox 2679 896 2880 959; x_wconf 79' lang='grc' dir='ltr'>αὐτῶν,</span> <span class='ocrx_word' id='word_1_473' title='bbox 2911 895 3051 948; x_wconf 83' lang='grc' dir='ltr'>ὥστε</span> <span class='ocrx_word' id='word_1_474' title='bbox 3102 892 3207 944; x_wconf 70' lang='grc' dir='ltr'>καὶ</span> <span class='ocrx_word' id='word_1_475' title='bbox 3248 890 3387 952; x_wconf 72' lang='grc' dir='ltr'>ἴδιον</span> <span class='ocrx_word' id='word_1_476' title='bbox 3418 887 3514 956; x_wconf 78' lang='grc' dir='ltr'>τῆς</span> <span class='ocrx_word' id='word_1_477' title='bbox 3547 884 3736 954; x_wconf 77' lang='grc' dir='ltr'><strong>λογικῆς</strong></span> 
     </span>
    </p>
   </div>
   <div class='ocr_carea' id='block_1_68' title="bbox 2170 976 3736 1067">
    <p class='ocr_par' dir='ltr' id='par_1_68' title="bbox 2170 976 3736 1067">
     <span class='ocr_line' id='line_1_68' title="bbox 2170 976 3736 1067; baseline -0.017 -16"><span class='ocrx_word' id='word_1_478' title='bbox 2170 996 2385 1067; x_wconf 83' lang='grc' dir='ltr'>φύσεως</span> <span class='ocrx_word' id='word_1_479' title='bbox 2416 994 2474 1049; x_wconf 87' lang='grc' dir='ltr'><strong>αἰ</strong></span> <span class='ocrx_word' id='word_1_480' title='bbox 2505 992 2688 1064; x_wconf 82' lang='grc' dir='ltr'>χεῖρές</span> <span class='ocrx_word' id='word_1_481' title='bbox 2717 991 2874 1043; x_wconf 87' lang='grc' dir='ltr'>εἰσιν.</span> <span class='ocrx_word' id='word_1_482' title='bbox 2908 987 2973 1040; x_wconf 90' lang='grc' dir='ltr'>Εἰ</span> <span class='ocrx_word' id='word_1_483' title='bbox 3010 985 3069 1039; x_wconf 79' lang='grc' dir='ltr'>δὲ</span> <span class='ocrx_word' id='word_1_484' title='bbox 3102 982 3341 1054; x_wconf 78' lang='grc' dir='ltr'>ἠμοίρει</span> <span class='ocrx_word' id='word_1_485' title='bbox 3370 979 3479 1033; x_wconf 81' lang='grc' dir='ltr'>τῶν</span> <span class='ocrx_word' id='word_1_486' title='bbox 3508 976 3687 1048; x_wconf 78' lang='grc' dir='ltr'>χειρῶν</span> <span class='ocrx_word' id='word_1_487' title='bbox 3714 976 3736 1026; x_wconf 89' lang='lat'><strong>6</strong></span> 
     </span>
    </p>
   </div>
   <div class='ocr_carea' id='block_1_69' title="bbox 2170 1069 3739 1159">
    <p class='ocr_par' dir='ltr' id='par_1_69' title="bbox 2170 1069 3739 1159">
     <span class='ocr_line' id='line_1_69' title="bbox 2170 1069 3739 1159; baseline -0.016 -16"><span class='ocrx_word' id='word_1_488' title='bbox 2170 1086 2474 1159; x_wconf 81' lang='grc' dir='ltr'>ἄνθρωπος,</span> <span class='ocrx_word' id='word_1_489' title='bbox 2528 1082 2650 1149; x_wconf 75' lang='grc' dir='ltr'>καθ’</span> <span class='ocrx_word' id='word_1_490' title='bbox 2699 1080 2997 1152; x_wconf 82' lang='grc' dir='ltr'>ὁμοιότητα</span> <span class='ocrx_word' id='word_1_491' title='bbox 3042 1074 3159 1128; x_wconf 82' lang='grc' dir='ltr'><strong>τῶν</strong></span> <span class='ocrx_word' id='word_1_492' title='bbox 3218 1069 3567 1143; x_wconf 76' lang='grc' dir='ltr'><strong>τετραπόδων</strong></span> <span class='ocrx_word' id='word_1_493' title='bbox 3608 1083 3739 1159; x_wconf 77' lang='grc' dir='ltr'>κατε-</span> 
     </span>
    </p>
   </div>
   <div class='ocr_carea' id='block_1_70' title="bbox 2171 1157 3735 1245">
    <p class='ocr_par' dir='ltr' id='par_1_70' title="bbox 2171 1157 3735 1245">
     <span class='ocr_line' id='line_1_70' title="bbox 2171 1157 3735 1245; baseline -0.017 -11"><span class='ocrx_word' id='word_1_494' title='bbox 2171 1157 2444 1245; x_wconf 81' lang='grc' dir='ltr'>σκευάσθη</span> <span class='ocrx_word' id='word_1_495' title='bbox 2467 1174 2533 1230; x_wconf 82' lang='grc' dir='ltr'>ἂν</span> <span class='ocrx_word' id='word_1_496' title='bbox 2556 1174 2617 1227; x_wconf 83' lang='grc' dir='ltr'>τὸ</span> <span class='ocrx_word' id='word_1_497' title='bbox 2643 1172 2933 1245; x_wconf 85' lang='grc' dir='ltr'>πρόσωπον</span> <span class='ocrx_word' id='word_1_498' title='bbox 2953 1168 3041 1222; x_wconf 84' lang='grc' dir='ltr'>διὰ</span> <span class='ocrx_word' id='word_1_499' title='bbox 3066 1165 3175 1234; x_wconf 80' lang='grc' dir='ltr'>τὴν</span> <span class='ocrx_word' id='word_1_500' title='bbox 3207 1164 3312 1234; x_wconf 80' lang='grc' dir='ltr'>τῆς</span> <span class='ocrx_word' id='word_1_501' title='bbox 3330 1163 3538 1234; x_wconf 75' lang='grc' dir='ltr'>τροφῆς</span> <span class='ocrx_word' id='word_1_502' title='bbox 3557 1157 3735 1230; x_wconf 80' lang='grc' dir='ltr'><strong>χρείαν,</strong></span> 
     </span>
    </p>
   </div>
   <div class='ocr_carea' id='block_1_71' title="bbox 2168 1250 3738 1340">
    <p class='ocr_par' dir='ltr' id='par_1_71' title="bbox 2168 1250 3738 1340">
     <span class='ocr_line' id='line_1_71' title="bbox 2168 1250 3738 1340; baseline -0.015 -16"><span class='ocrx_word' id='word_1_503' title='bbox 2168 1268 2246 1334; x_wconf 83' lang='grc' dir='ltr'>ὡς</span> <span class='ocrx_word' id='word_1_504' title='bbox 2277 1268 2542 1340; x_wconf 75' lang='grc' dir='ltr'><strong>προμήκη</strong></span> <span class='ocrx_word' id='word_1_505' title='bbox 2570 1265 2674 1337; x_wconf 79' lang='grc' dir='ltr'><strong>τήν</strong></span> <span class='ocrx_word' id='word_1_506' title='bbox 2714 1260 2925 1335; x_wconf 81' lang='grc' dir='ltr'>μορφὴν</span> <span class='ocrx_word' id='word_1_507' title='bbox 2968 1254 3135 1322; x_wconf 79' lang='grc' dir='ltr'>εἶναι,</span> <span class='ocrx_word' id='word_1_508' title='bbox 3178 1255 3283 1310; x_wconf 71' lang='grc' dir='ltr'>καὶ</span> <span class='ocrx_word' id='word_1_509' title='bbox 3327 1253 3457 1316; x_wconf 84' lang='grc' dir='ltr'>τοὺς</span> <span class='ocrx_word' id='word_1_510' title='bbox 3494 1250 3738 1340; x_wconf 66' lang='grc' dir='ltr'>μυκτῆρας</span> 
     </span>
    </p>
   </div>
   <div class='ocr_carea' id='block_1_72' title="bbox 2168 1332 3737 1420">
    <p class='ocr_par' dir='ltr' id='par_1_72' title="bbox 2168 1332 3737 1420">
     <span class='ocr_line' id='line_1_72' title="bbox 2168 1332 3737 1420; baseline -0.015 -6"><span class='ocrx_word' id='word_1_511' title='bbox 2168 1332 2640 1414; x_wconf 67' lang='grc' dir='ltr'>ἀτιολεπτύνεσθαι</span> <span class='ocrx_word' id='word_1_512' title='bbox 2657 1372 2669 1386; x_wconf 86' lang='grc'>·</span> <span class='ocrx_word' id='word_1_513' title='bbox 2705 1332 3124 1420; x_wconf 28' lang='grc' dir='ltr'>ὧςνὲπάναγκες</span> <span class='ocrx_word' id='word_1_514' title='bbox 3157 1343 3307 1401; x_wconf 75' lang='grc' dir='ltr'>εἶναι</span> <span class='ocrx_word' id='word_1_515' title='bbox 3336 1344 3438 1401; x_wconf 77' lang='grc' dir='ltr'>καὶ</span> <span class='ocrx_word' id='word_1_516' title='bbox 3462 1341 3558 1414; x_wconf 79' lang='grc' dir='ltr'>τὴν</span> <span class='ocrx_word' id='word_1_517' title='bbox 3587 1332 3737 1409; x_wconf 71' lang='grc' dir='ltr'>φωνῆν</span> 
     </span>
    </p>
   </div>
   <div class='ocr_carea' id='block_1_73' title="bbox 2172 1449 2663 1519">
    <p class='ocr_par' dir='ltr' id='par_1_73' title="bbox 2172 1449 2663 1519">
     <span class='ocr_line' id='line_1_73' title="bbox 2172 1449 2663 1519; baseline -0.004 -14"><span class='ocrx_word' id='word_1_518' title='bbox 2172 1452 2458 1506; x_wconf 84' lang='grc' dir='ltr'>ἀλλόκοτον</span> <span class='ocrx_word' id='word_1_519' title='bbox 2494 1449 2663 1519; x_wconf 72' lang='grc' dir='ltr'>ἔχειν.</span> 
     </span>
    </p>
   </div>
   <div class='ocr_carea' id='block_1_74' title="bbox 2255 1518 3735 1612">
    <p class='ocr_par' dir='ltr' id='par_1_74' title="bbox 2255 1518 3735 1612">
     <span class='ocr_line' id='line_1_74' title="bbox 2255 1518 3735 1612; baseline -0.011 -16"><span class='ocrx_word' id='word_1_520' title='bbox 2255 1518 2576 1612; x_wconf 63' lang='grc' dir='ltr'>Ὀργανικδν</span> <span class='ocrx_word' id='word_1_521' title='bbox 2620 1538 2676 1592; x_wconf 77' lang='grc' dir='ltr'>δὲ</span> <span class='ocrx_word' id='word_1_522' title='bbox 2728 1531 3144 1603; x_wconf 76' lang='grc' dir='ltr'><strong>κατεσκευάσθη</strong></span> <span class='ocrx_word' id='word_1_523' title='bbox 3181 1530 3248 1584; x_wconf 79' lang='grc' dir='ltr'><strong>τδ</strong></span> <span class='ocrx_word' id='word_1_524' title='bbox 3298 1527 3462 1597; x_wconf 82' lang='grc' dir='ltr'>σῶμα</span> <span class='ocrx_word' id='word_1_525' title='bbox 3502 1521 3628 1594; x_wconf 72' lang='grc' dir='ltr'>πρὸς</span> <span class='ocrx_word' id='word_1_526' title='bbox 3659 1518 3735 1612; x_wconf 56' lang='grc' dir='ltr'><strong>τὴν</strong></span> 
     </span>
    </p>
   </div>
   <div class='ocr_carea' id='block_1_75' title="bbox 2169 1610 3734 1702">
    <p class='ocr_par' dir='ltr' id='par_1_75' title="bbox 2169 1610 3734 1702">
     <span class='ocr_line' id='line_1_75' title="bbox 2169 1610 3734 1702; baseline -0.013 -16"><span class='ocrx_word' id='word_1_527' title='bbox 2169 1630 2264 1685; x_wconf 90' lang='grc' dir='ltr'><strong>τοῦ</strong></span> <span class='ocrx_word' id='word_1_528' title='bbox 2294 1610 2453 1701; x_wconf 84' lang='grc' dir='ltr'>λόγου</span> <span class='ocrx_word' id='word_1_529' title='bbox 2487 1630 2695 1702; x_wconf 80' lang='grc' dir='ltr'>χρείαν.</span> <span class='ocrx_word' id='word_1_530' title='bbox 2738 1627 2891 1681; x_wconf 81' lang='grc' dir='ltr'><strong>Ἐπεὶ</strong></span> <span class='ocrx_word' id='word_1_531' title='bbox 2930 1626 3119 1696; x_wconf 86' lang='grc' dir='ltr'>νοερόν</span> <span class='ocrx_word' id='word_1_532' title='bbox 3149 1640 3207 1676; x_wconf 88' lang='grc' dir='ltr'><strong>τι</strong></span> <span class='ocrx_word' id='word_1_533' title='bbox 3243 1619 3464 1692; x_wconf 76' lang='grc' dir='ltr'>χρῆμα,</span> <span class='ocrx_word' id='word_1_534' title='bbox 3504 1613 3595 1669; x_wconf 80' lang='grc' dir='ltr'>καὶ</span> <span class='ocrx_word' id='word_1_535' title='bbox 3618 1610 3734 1666; x_wconf 81' lang='grc' dir='ltr'><strong>ἀσώ-</strong></span> 
     </span>
    </p>
   </div>
   <div class='ocr_carea' id='block_1_76' title="bbox 2175 1709 3733 1792">
    <p class='ocr_par' dir='ltr' id='par_1_76' title="bbox 2175 1709 3733 1792">
     <span class='ocr_line' id='line_1_76' title="bbox 2175 1709 3733 1792; baseline -0.017 -8"><span class='ocrx_word' id='word_1_536' title='bbox 2175 1722 2341 1792; x_wconf 82' lang='grc' dir='ltr'>ματόν</span> <span class='ocrx_word' id='word_1_537' title='bbox 2391 1723 2538 1776; x_wconf 74' lang='grc' dir='ltr'>ἐστιν</span> <span class='ocrx_word' id='word_1_538' title='bbox 2585 1723 2615 1775; x_wconf 98' lang='lat'><strong>6</strong></span> <span class='ocrx_word' id='word_1_539' title='bbox 2663 1719 2823 1784; x_wconf 90' lang='grc' dir='ltr'>νοῦς,</span> <span class='ocrx_word' id='word_1_540' title='bbox 2876 1718 2977 1790; x_wconf 87' lang='grc' dir='ltr'>τῆς</span> <span class='ocrx_word' id='word_1_541' title='bbox 3029 1714 3298 1787; x_wconf 80' lang='grc' dir='ltr'><strong>τοιαύτης</strong></span> <span class='ocrx_word' id='word_1_542' title='bbox 3349 1709 3542 1781; x_wconf 71' lang='grc' dir='ltr'>ἐδεήθη</span> <span class='ocrx_word' id='word_1_543' title='bbox 3593 1722 3733 1760; x_wconf 80' lang='grc' dir='ltr'>κατα-</span> 
     </span>
    </p>
   </div>
   <div class='ocr_carea' id='block_1_77' title="bbox 2173 1793 3733 1882">
    <p class='ocr_par' dir='ltr' id='par_1_77' title="bbox 2173 1793 3733 1882">
     <span class='ocr_line' id='line_1_77' title="bbox 2173 1793 3733 1882; baseline -0.014 -16"><span class='ocrx_word' id='word_1_544' title='bbox 2173 1811 2394 1882; x_wconf 86' lang='grc' dir='ltr'>σκευῆς,</span> <span class='ocrx_word' id='word_1_545' title='bbox 2445 1811 2535 1865; x_wconf 80' lang='grc' dir='ltr'><strong>ἴνα</strong></span> <span class='ocrx_word' id='word_1_546' title='bbox 2583 1810 2675 1864; x_wconf 81' lang='grc' dir='ltr'>διά</span> <span class='ocrx_word' id='word_1_547' title='bbox 2743 1825 2889 1871; x_wconf 84' lang='grc' dir='ltr'>τινος</span> <span class='ocrx_word' id='word_1_548' title='bbox 2915 1806 3161 1869; x_wconf 71' lang='grc' dir='ltr'>ἐπινοίας</span> <span class='ocrx_word' id='word_1_549' title='bbox 3215 1802 3319 1874; x_wconf 82' lang='grc' dir='ltr'>τὴν</span> <span class='ocrx_word' id='word_1_550' title='bbox 3346 1800 3560 1870; x_wconf 86' lang='grc' dir='ltr'>κίνησιν</span> <span class='ocrx_word' id='word_1_551' title='bbox 3599 1793 3733 1850; x_wconf 77' lang='grc' dir='ltr'>αὐτοῦ</span> 
     </span>
    </p>
   </div>
   <div class='ocr_carea' id='block_1_78' title="bbox 2171 1885 3729 1975">
    <p class='ocr_par' dir='ltr' id='par_1_78' title="bbox 2171 1885 3729 1975">
     <span class='ocr_line' id='line_1_78' title="bbox 2171 1885 3729 1975; baseline -0.013 -17"><span class='ocrx_word' id='word_1_552' title='bbox 2171 1904 2432 1973; x_wconf 83' lang='grc' dir='ltr'>φανεροί,</span> <span class='ocrx_word' id='word_1_553' title='bbox 2483 1901 2765 1975; x_wconf 85' lang='grc' dir='ltr'>πλήκτρου</span> <span class='ocrx_word' id='word_1_554' title='bbox 2809 1899 2966 1971; x_wconf 82' lang='grc' dir='ltr'>δίκην</span> <span class='ocrx_word' id='word_1_555' title='bbox 3017 1896 3126 1952; x_wconf 83' lang='grc' dir='ltr'><strong>τῶν</strong></span> <span class='ocrx_word' id='word_1_556' title='bbox 3173 1892 3508 1966; x_wconf 79' lang='grc' dir='ltr'>φωνητικῶν</span> <span class='ocrx_word' id='word_1_557' title='bbox 3562 1885 3729 1960; x_wconf 83' lang='grc' dir='ltr'>μορίων</span> 
     </span>
    </p>
   </div>
   <div class='ocr_carea' id='block_1_79' title="bbox 2169 1977 3730 2062">
    <p class='ocr_par' dir='ltr' id='par_1_79' title="bbox 2169 1977 3730 2062">
     <span class='ocr_line' id='line_1_79' title="bbox 2169 1977 3730 2062; baseline -0.008 -18"><span class='ocrx_word' id='word_1_558' title='bbox 2169 1991 2495 2062; x_wconf 81' lang='grc' dir='ltr'>ἁπτόμενος.</span> <span class='ocrx_word' id='word_1_559' title='bbox 2527 1990 2700 2061; x_wconf 84' lang='grc' dir='ltr'>Διπλῆ</span> <span class='ocrx_word' id='word_1_560' title='bbox 2728 1990 2789 2045; x_wconf 76' lang='grc' dir='ltr'>δὲ</span> <span class='ocrx_word' id='word_1_561' title='bbox 2827 1990 2958 2060; x_wconf 77' lang='grc' dir='ltr'><strong>περί</strong></span> <span class='ocrx_word' id='word_1_562' title='bbox 2988 1987 3049 2041; x_wconf 87' lang='grc' dir='ltr'><strong>τδ</strong></span> <span class='ocrx_word' id='word_1_563' title='bbox 3075 1987 3319 2060; x_wconf 73' lang='grc' dir='ltr'>ὄργανον</span> <span class='ocrx_word' id='word_1_564' title='bbox 3352 1984 3387 2054; x_wconf 83' lang='grc' dir='ltr'>ἡ</span> <span class='ocrx_word' id='word_1_565' title='bbox 3420 1977 3730 2051; x_wconf 77' lang='grc' dir='ltr'>ὲνέργεια³ή</span> 
     </span>
    </p>
   </div>
   <div class='ocr_carea' id='block_1_80' title="bbox 2178 2070 3730 2152">
    <p class='ocr_par' dir='ltr' id='par_1_80' title="bbox 2178 2070 3730 2152">
     <span class='ocr_line' id='line_1_80' title="bbox 2178 2070 3730 2152; baseline -0.009 -17"><span class='ocrx_word' id='word_1_566' title='bbox 2178 2080 2277 2152; x_wconf 83' lang='grc' dir='ltr'>μὲν</span> <span class='ocrx_word' id='word_1_567' title='bbox 2328 2080 2591 2151; x_wconf 78' lang='grc' dir='ltr'>ὴχητικὴ,</span> <span class='ocrx_word' id='word_1_568' title='bbox 2632 2082 2665 2150; x_wconf 84' lang='grc' dir='ltr'><strong>ή</strong></span> <span class='ocrx_word' id='word_1_569' title='bbox 2696 2080 2753 2133; x_wconf 76' lang='grc' dir='ltr'>δὲ</span> <span class='ocrx_word' id='word_1_570' title='bbox 2788 2078 3124 2149; x_wconf 82' lang='grc' dir='ltr'>ἀκουστική·</span> <span class='ocrx_word' id='word_1_571' title='bbox 3174 2078 3211 2148; x_wconf 90' lang='grc' dir='ltr'><strong>ή</strong></span> <span class='ocrx_word' id='word_1_572' title='bbox 3250 2075 3355 2148; x_wconf 76' lang='grc' dir='ltr'>μὲν</span> <span class='ocrx_word' id='word_1_573' title='bbox 3411 2070 3497 2127; x_wconf 78' lang='grc' dir='ltr'>ἀεί</span> <span class='ocrx_word' id='word_1_574' title='bbox 3538 2087 3588 2124; x_wconf 87' lang='grc' dir='ltr'><strong>τι</strong></span> <span class='ocrx_word' id='word_1_575' title='bbox 3623 2084 3730 2137; x_wconf 78' lang='grc' dir='ltr'>προ-</span> 
     </span>
    </p>
   </div>
   <div class='ocr_carea' id='block_1_81' title="bbox 2177 2159 3731 2244">
    <p class='ocr_par' dir='ltr' id='par_1_81' title="bbox 2177 2159 3731 2244">
     <span class='ocr_line' id='line_1_81' title="bbox 2177 2159 3731 2244; baseline -0.003 -19"><span class='ocrx_word' id='word_1_576' title='bbox 2177 2172 2335 2236; x_wconf 78' lang='grc' dir='ltr'>ίεται,</span> <span class='ocrx_word' id='word_1_577' title='bbox 2366 2170 2477 2244; x_wconf 83' lang='grc' dir='ltr'>ήδὲ</span> <span class='ocrx_word' id='word_1_578' title='bbox 2503 2170 2641 2243; x_wconf 80' lang='grc' dir='ltr'>ἀκοὴ</span> <span class='ocrx_word' id='word_1_579' title='bbox 2679 2170 2944 2243; x_wconf 82' lang='grc' dir='ltr'><strong>δεχομένη</strong></span> <span class='ocrx_word' id='word_1_580' title='bbox 2964 2167 3260 2240; x_wconf 82' lang='grc' dir='ltr'><strong>διηνεκῶς,</strong></span> <span class='ocrx_word' id='word_1_581' title='bbox 3300 2167 3398 2222; x_wconf 75' lang='grc' dir='ltr'>καὶ</span> <span class='ocrx_word' id='word_1_582' title='bbox 3430 2162 3605 2234; x_wconf 84' lang='grc' dir='ltr'>θαῦμα</span> <span class='ocrx_word' id='word_1_583' title='bbox 3640 2159 3731 2220; x_wconf 83' lang='grc' dir='ltr'><strong>πῶς</strong></span> 
     </span>
    </p>
   </div>
   <div class='ocr_carea' id='block_1_82' title="bbox 2172 2250 3729 2334">
    <p class='ocr_par' dir='ltr' id='par_1_82' title="bbox 2172 2250 3729 2334">
     <span class='ocr_line' id='line_1_82' title="bbox 2172 2250 3729 2334; baseline -0.003 -19"><span class='ocrx_word' id='word_1_584' title='bbox 2172 2261 2435 2334; x_wconf 80' lang='grc' dir='ltr'>σύγχυσις</span> <span class='ocrx_word' id='word_1_585' title='bbox 2461 2262 2523 2316; x_wconf 82' lang='grc' dir='ltr'>οὐ</span> <span class='ocrx_word' id='word_1_586' title='bbox 2551 2262 2762 2330; x_wconf 87' lang='grc' dir='ltr'>γίνεται</span> <span class='ocrx_word' id='word_1_587' title='bbox 2801 2261 2895 2314; x_wconf 77' lang='grc' dir='ltr'><strong>ἐπὶ</strong></span> <span class='ocrx_word' id='word_1_588' title='bbox 2937 2261 3051 2323; x_wconf 84' lang='grc' dir='ltr'>τοῖς</span> <span class='ocrx_word' id='word_1_589' title='bbox 3082 2259 3152 2313; x_wconf 79' lang='grc' dir='ltr'>δι’</span> <span class='ocrx_word' id='word_1_590' title='bbox 3188 2257 3369 2329; x_wconf 79' lang='grc' dir='ltr'>αὐτῆς</span> <span class='ocrx_word' id='word_1_591' title='bbox 3399 2250 3729 2323; x_wconf 75' lang='grc' dir='ltr'><strong>εἰσαγομένοις</strong></span> 
     </span>
    </p>
   </div>
   <div class='ocr_carea' id='block_1_83' title="bbox 2170 2342 3728 2422">
    <p class='ocr_par' dir='ltr' id='par_1_83' title="bbox 2170 2342 3728 2422">
     <span class='ocr_line' id='line_1_83' title="bbox 2170 2342 3728 2422; baseline -0.011 -12"><span class='ocrx_word' id='word_1_592' title='bbox 2170 2352 2353 2422; x_wconf 87' lang='grc' dir='ltr'>λόγοις</span> <span class='ocrx_word' id='word_1_593' title='bbox 2381 2369 2440 2406; x_wconf 90' lang='grc' dir='ltr'><strong>τε</strong></span> <span class='ocrx_word' id='word_1_594' title='bbox 2472 2354 2566 2408; x_wconf 77' lang='grc' dir='ltr'>καὶ</span> <span class='ocrx_word' id='word_1_595' title='bbox 2599 2354 2854 2422; x_wconf 79' lang='grc' dir='ltr'><strong>νοήμασι.</strong></span> <span class='ocrx_word' id='word_1_596' title='bbox 2885 2349 3057 2404; x_wconf 88' lang='grc' dir='ltr'>Τοῦτο</span> <span class='ocrx_word' id='word_1_597' title='bbox 3085 2350 3186 2404; x_wconf 74' lang='grc' dir='ltr'>καὶ</span> <span class='ocrx_word' id='word_1_598' title='bbox 3213 2348 3313 2404; x_wconf 79' lang='grc' dir='ltr'>ὲπί</span> <span class='ocrx_word' id='word_1_599' title='bbox 3338 2348 3439 2418; x_wconf 84' lang='grc' dir='ltr'>τῆς</span> <span class='ocrx_word' id='word_1_600' title='bbox 3466 2346 3572 2399; x_wconf 88' lang='grc' dir='ltr'>τῶν</span> <span class='ocrx_word' id='word_1_601' title='bbox 3588 2342 3728 2412; x_wconf 76' lang='grc' dir='ltr'>δψεων</span> 
     </span>
    </p>
   </div>
   <div class='ocr_carea' id='block_1_84' title="bbox 2170 2427 3727 2512">
    <p class='ocr_par' dir='ltr' id='par_1_84' title="bbox 2170 2427 3727 2512">
     <span class='ocr_line' id='line_1_84' title="bbox 2170 2427 3727 2512; baseline -0.001 -17"><span class='ocrx_word' id='word_1_602' title='bbox 2170 2442 2448 2512; x_wconf 72' lang='grc' dir='ltr'>ἐνεργείας</span> <span class='ocrx_word' id='word_1_603' title='bbox 2491 2441 2721 2511; x_wconf 86' lang='grc' dir='ltr'>γίνεται.</span> <span class='ocrx_word' id='word_1_604' title='bbox 2767 2440 2879 2494; x_wconf 73' lang='grc' dir='ltr'><strong>Καὶ</strong></span> <span class='ocrx_word' id='word_1_605' title='bbox 2924 2439 3015 2494; x_wconf 82' lang='grc' dir='ltr'>διὰ</span> <span class='ocrx_word' id='word_1_606' title='bbox 3057 2438 3275 2494; x_wconf 84' lang='grc' dir='ltr'>τούτων</span> <span class='ocrx_word' id='word_1_607' title='bbox 3310 2436 3421 2511; x_wconf 82' lang='grc' dir='ltr'><strong>γὰρ</strong></span> <span class='ocrx_word' id='word_1_608' title='bbox 3449 2436 3478 2488; x_wconf 87' lang='lat'><strong>6</strong></span> <span class='ocrx_word' id='word_1_609' title='bbox 3509 2432 3620 2494; x_wconf 83' lang='grc' dir='ltr'>νοῦς</span> <span class='ocrx_word' id='word_1_610' title='bbox 3643 2427 3727 2483; x_wconf 74' lang='grc' dir='ltr'><strong>τῶν</strong></span> 
     </span>
    </p>
   </div>
   <div class='ocr_carea' id='block_1_85' title="bbox 2171 2517 3727 2602">
    <p class='ocr_par' dir='ltr' id='par_1_85' title="bbox 2171 2517 3727 2602">
     <span class='ocr_line' id='line_1_85' title="bbox 2171 2517 3727 2602; baseline -0.012 -16"><span class='ocrx_word' id='word_1_611' title='bbox 2171 2529 2274 2596; x_wconf 65' lang='grc' dir='ltr'><strong>ἔξω</strong></span> <span class='ocrx_word' id='word_1_612' title='bbox 2292 2529 2386 2584; x_wconf 84' lang='grc' dir='ltr'><strong>τοῦ</strong></span> <span class='ocrx_word' id='word_1_613' title='bbox 2422 2529 2672 2602; x_wconf 84' lang='grc' dir='ltr'>σώματος</span> <span class='ocrx_word' id='word_1_614' title='bbox 2692 2528 3075 2600; x_wconf 80' lang='grc' dir='ltr'>ὲπιδράσσεται</span> <span class='ocrx_word' id='word_1_615' title='bbox 3095 2544 3109 2559; x_wconf 80' lang='grc'><em>’</em></span> <span class='ocrx_word' id='word_1_616' title='bbox 3138 2527 3384 2581; x_wconf 73' lang='grc' dir='ltr'>ἕκαστον</span> <span class='ocrx_word' id='word_1_617' title='bbox 3414 2523 3471 2576; x_wconf 74' lang='grc' dir='ltr'>δὲ</span> <span class='ocrx_word' id='word_1_618' title='bbox 3508 2521 3607 2575; x_wconf 83' lang='grc' dir='ltr'><strong>τῶν</strong></span> <span class='ocrx_word' id='word_1_619' title='bbox 3635 2517 3727 2570; x_wconf 85' lang='grc' dir='ltr'>εἰσ-</span> 
     </span>
    </p>
   </div>
   <div class='ocr_carea' id='block_1_86' title="bbox 2170 2605 3725 2693">
    <p class='ocr_par' dir='ltr' id='par_1_86' title="bbox 2170 2605 3725 2693">
     <span class='ocr_line' id='line_1_86' title="bbox 2170 2605 3725 2693; baseline -0.008 -19"><span class='ocrx_word' id='word_1_620' title='bbox 2170 2620 2453 2693; x_wconf 83' lang='grc' dir='ltr'>αγομένων</span> <span class='ocrx_word' id='word_1_621' title='bbox 2502 2623 2530 2675; x_wconf 88' lang='lat'><strong>6</strong></span> <span class='ocrx_word' id='word_1_622' title='bbox 2580 2619 2703 2683; x_wconf 88' lang='grc' dir='ltr'>νοῦς</span> <span class='ocrx_word' id='word_1_623' title='bbox 2752 2617 3019 2683; x_wconf 78' lang='grc' dir='ltr'><strong>ἐξετάζων</strong></span> <span class='ocrx_word' id='word_1_624' title='bbox 3062 2618 3181 2681; x_wconf 81' lang='grc' dir='ltr'>τοῖς</span> <span class='ocrx_word' id='word_1_625' title='bbox 3248 2610 3598 2684; x_wconf 86' lang='grc' dir='ltr'>καταλλήλοις</span> <span class='ocrx_word' id='word_1_626' title='bbox 3650 2605 3725 2674; x_wconf 80' lang='grc' dir='ltr'>τῆς</span> 
     </span>
    </p>
   </div>
   <div class='ocr_carea' id='block_1_87' title="bbox 2171 2696 3726 2781">
    <p class='ocr_par' dir='ltr' id='par_1_87' title="bbox 2171 2696 3726 2781">
     <span class='ocr_line' id='line_1_87' title="bbox 2171 2696 3726 2781; baseline -0.004 -18"><span class='ocrx_word' id='word_1_627' title='bbox 2171 2710 2426 2781; x_wconf 85' lang='grc' dir='ltr'>γνώσεως</span> <span class='ocrx_word' id='word_1_628' title='bbox 2452 2709 2639 2772; x_wconf 85' lang='grc' dir='ltr'>τόποις</span> <span class='ocrx_word' id='word_1_629' title='bbox 2671 2705 3073 2768; x_wconf 75' lang='grc' dir='ltr'>ἐναποτίθεται,</span> <span class='ocrx_word' id='word_1_630' title='bbox 3108 2704 3385 2767; x_wconf 73' lang='grc' dir='ltr'><strong>πολλάκις</strong></span> <span class='ocrx_word' id='word_1_631' title='bbox 3409 2703 3471 2755; x_wconf 79' lang='grc' dir='ltr'>ὲκ</span> <span class='ocrx_word' id='word_1_632' title='bbox 3499 2696 3726 2766; x_wconf 65' lang='grc' dir='ltr'>διαψόρων</span> 
     </span>
    </p>
   </div>
   <div class='ocr_carea' id='block_1_88' title="bbox 2171 2786 3724 2874">
    <p class='ocr_par' dir='ltr' id='par_1_88' title="bbox 2171 2786 3724 2874">
     <span class='ocr_line' id='line_1_88' title="bbox 2171 2786 3724 2874; baseline -0.014 -16"><span class='ocrx_word' id='word_1_633' title='bbox 2171 2801 2541 2874; x_wconf 79' lang='grc' dir='ltr'><strong>αἰσθητηρίων</strong></span> <span class='ocrx_word' id='word_1_634' title='bbox 2586 2800 2716 2872; x_wconf 88' lang='grc' dir='ltr'>μίαν</span> <span class='ocrx_word' id='word_1_635' title='bbox 2744 2799 2948 2870; x_wconf 86' lang='grc' dir='ltr'>γνῶσιν</span> <span class='ocrx_word' id='word_1_636' title='bbox 2990 2798 3335 2870; x_wconf 87' lang='grc' dir='ltr'>συνεγείρων</span> <span class='ocrx_word' id='word_1_637' title='bbox 3357 2811 3371 2825; x_wconf 84' lang='grc'><em>’</em></span> <span class='ocrx_word' id='word_1_638' title='bbox 3415 2793 3570 2852; x_wconf 79' lang='grc' dir='ltr'>πάλιν</span> <span class='ocrx_word' id='word_1_639' title='bbox 3602 2788 3643 2842; x_wconf 78' lang='grc' dir='ltr'>δ’</span> <span class='ocrx_word' id='word_1_640' title='bbox 3674 2786 3724 2838; x_wconf 77' lang='grc' dir='ltr'>ἐκ</span> 
     </span>
    </p>
   </div>
   <div class='ocr_carea' id='block_1_89' title="bbox 2175 2874 3724 2968">
    <p class='ocr_par' dir='ltr' id='par_1_89' title="bbox 2175 2874 3724 2968">
     <span class='ocr_line' id='line_1_89' title="bbox 2175 2874 3724 2968; baseline -0.013 -19"><span class='ocrx_word' id='word_1_641' title='bbox 2175 2896 2306 2968; x_wconf 78' lang='grc' dir='ltr'>μιᾶς</span> <span class='ocrx_word' id='word_1_642' title='bbox 2335 2892 2444 2948; x_wconf 83' lang='grc' dir='ltr'>τῶν</span> <span class='ocrx_word' id='word_1_643' title='bbox 2474 2892 2778 2964; x_wconf 86' lang='grc' dir='ltr'>αἰσθήσεων</span> <span class='ocrx_word' id='word_1_644' title='bbox 2826 2891 3045 2946; x_wconf 84' lang='grc' dir='ltr'>ποικίλα</span> <span class='ocrx_word' id='word_1_645' title='bbox 3077 2887 3521 2961; x_wconf 77' lang='grc' dir='ltr'>καταλαμϐάνων</span> <span class='ocrx_word' id='word_1_646' title='bbox 3543 2901 3557 2915; x_wconf 89' lang='lat'><strong><em>-</em></strong></span> <span class='ocrx_word' id='word_1_647' title='bbox 3595 2874 3724 2968; x_wconf 55' lang='grc' dir='ltr'>ἀκοῦ-</span> 
     </span>
    </p>
   </div>
   <div class='ocr_carea' id='block_1_90' title="bbox 2175 2964 3723 3055">
    <p class='ocr_par' dir='ltr' id='par_1_90' title="bbox 2175 2964 3723 3055">
     <span class='ocr_line' id='line_1_90' title="bbox 2175 2964 3723 3055; baseline -0.006 -17"><span class='ocrx_word' id='word_1_648' title='bbox 2175 2964 2275 3048; x_wconf 81' lang='grc' dir='ltr'><strong>σας</strong></span> <span class='ocrx_word' id='word_1_649' title='bbox 2298 2983 2407 3055; x_wconf 85' lang='grc' dir='ltr'>γάρ</span> <span class='ocrx_word' id='word_1_650' title='bbox 2429 3001 2514 3047; x_wconf 90' lang='grc' dir='ltr'><strong>τις</strong></span> <span class='ocrx_word' id='word_1_651' title='bbox 2532 2982 2627 3038; x_wconf 88' lang='grc' dir='ltr'><strong>τοῦ</strong></span> <span class='ocrx_word' id='word_1_652' title='bbox 2652 2984 2916 3054; x_wconf 85' lang='grc' dir='ltr'>ὀνόματος</span> <span class='ocrx_word' id='word_1_653' title='bbox 2934 2981 3027 3035; x_wconf 87' lang='grc' dir='ltr'><strong>τοῦ</strong></span> <span class='ocrx_word' id='word_1_654' title='bbox 3054 2981 3303 3052; x_wconf 84' lang='grc' dir='ltr'>μέλιτος,</span> <span class='ocrx_word' id='word_1_655' title='bbox 3334 2979 3432 3034; x_wconf 69' lang='grc' dir='ltr'>καὶ</span> <span class='ocrx_word' id='word_1_656' title='bbox 3461 2973 3576 3030; x_wconf 85' lang='grc' dir='ltr'>ἰδὼν</span> <span class='ocrx_word' id='word_1_657' title='bbox 3600 2964 3723 3029; x_wconf 69' lang='grc' dir='ltr'>αὐτὸ,</span> 
     </span>
    </p>
   </div>
   <div class='ocr_carea' id='block_1_91' title="bbox 2175 3054 3723 3151">
    <p class='ocr_par' dir='ltr' id='par_1_91' title="bbox 2175 3054 3723 3151">
     <span class='ocr_line' id='line_1_91' title="bbox 2175 3054 3723 3151; baseline -0.012 -19"><span class='ocrx_word' id='word_1_658' title='bbox 2175 3075 2270 3131; x_wconf 78' lang='grc' dir='ltr'>καὶ</span> <span class='ocrx_word' id='word_1_659' title='bbox 2303 3073 2650 3151; x_wconf 76' lang='grc' dir='ltr'>ὀσφρανθεὶς,</span> <span class='ocrx_word' id='word_1_660' title='bbox 2693 3072 2789 3127; x_wconf 76' lang='grc' dir='ltr'><strong>καί</strong></span> <span class='ocrx_word' id='word_1_661' title='bbox 2824 3072 3122 3143; x_wconf 78' lang='grc' dir='ltr'>ἁψάμενος,</span> <span class='ocrx_word' id='word_1_662' title='bbox 3168 3072 3269 3127; x_wconf 71' lang='grc' dir='ltr'>καὶ</span> <span class='ocrx_word' id='word_1_663' title='bbox 3313 3068 3646 3140; x_wconf 76' lang='grc' dir='ltr'><strong>γευσάμενος,</strong></span> <span class='ocrx_word' id='word_1_664' title='bbox 3677 3054 3723 3151; x_wconf 55' lang='grc' dir='ltr'>ἔγ</span> 
     </span>
    </p>
   </div>
   <div class='ocr_carea' id='block_1_92' title="bbox 2174 3146 3727 3239">
    <p class='ocr_par' dir='ltr' id='par_1_92' title="bbox 2174 3146 3727 3239">
     <span class='ocr_line' id='line_1_92' title="bbox 2174 3146 3727 3239; baseline -0.014 -20"><span class='ocrx_word' id='word_1_665' title='bbox 2174 3146 2421 3239; x_wconf 66' lang='grc' dir='ltr'><strong>’πρᾶγμα⁷</strong></span> <span class='ocrx_word' id='word_1_666' title='bbox 2445 3167 2512 3219; x_wconf 85' lang='grc' dir='ltr'>δι’</span> <span class='ocrx_word' id='word_1_667' title='bbox 2539 3166 2676 3220; x_wconf 81' lang='grc' dir='ltr'>ὅλων</span> <span class='ocrx_word' id='word_1_668' title='bbox 2720 3162 2826 3217; x_wconf 85' lang='grc' dir='ltr'><strong>τῶν</strong></span> <span class='ocrx_word' id='word_1_669' title='bbox 2864 3163 3242 3235; x_wconf 79' lang='grc' dir='ltr'><strong>αἰσθητηρίων</strong></span> <span class='ocrx_word' id='word_1_670' title='bbox 3271 3158 3552 3231; x_wconf 68' lang='grc' dir='ltr'>ἐγνώρισε.</span> <span class='ocrx_word' id='word_1_671' title='bbox 3579 3146 3727 3239; x_wconf 41' lang='grc' dir='ltr'>Ποικίξ</span> 
     </span>
    </p>
   </div>
   <div class='ocr_carea' id='block_1_93' title="bbox 2172 3237 3725 3336">
    <p class='ocr_par' dir='ltr' id='par_1_93' title="bbox 2172 3237 3725 3336">
     <span class='ocr_line' id='line_1_93' title="bbox 2172 3237 3725 3336; baseline -0.014 -25"><span class='ocrx_word' id='word_1_672' title='bbox 2172 3237 2270 3322; x_wconf 71' lang='grc' dir='ltr'>λάς</span> <span class='ocrx_word' id='word_1_673' title='bbox 2302 3258 2358 3313; x_wconf 82' lang='grc' dir='ltr'>δὲ</span> <span class='ocrx_word' id='word_1_674' title='bbox 2387 3256 2571 3327; x_wconf 82' lang='grc' dir='ltr'>φωνὰς</span> <span class='ocrx_word' id='word_1_675' title='bbox 2610 3256 2698 3311; x_wconf 82' lang='grc' dir='ltr'>διὰ</span> <span class='ocrx_word' id='word_1_676' title='bbox 2739 3257 2869 3328; x_wconf 79' lang='grc' dir='ltr'>μιᾶς</span> <span class='ocrx_word' id='word_1_677' title='bbox 2899 3255 3003 3327; x_wconf 77' lang='grc' dir='ltr'>τῆς</span> <span class='ocrx_word' id='word_1_678' title='bbox 3045 3255 3226 3326; x_wconf 84' lang='grc' dir='ltr'>ἀκοῆς</span> <span class='ocrx_word' id='word_1_679' title='bbox 3265 3253 3515 3321; x_wconf 76' lang='grc' dir='ltr'>ἐπέγνω·</span> <span class='ocrx_word' id='word_1_680' title='bbox 3553 3243 3634 3336; x_wconf 79' lang='grc' dir='ltr'><strong>καί</strong></span> <span class='ocrx_word' id='word_1_681' title='bbox 3658 3237 3725 3336; x_wconf 57' lang='lat' dir='ltr'><strong>re</strong></span> 
     </span>
    </p>
   </div>
   <div class='ocr_carea' id='block_1_94' title="bbox 2172 3333 3724 3422">
    <p class='ocr_par' dir='ltr' id='par_1_94' title="bbox 2172 3333 3724 3422">
     <span class='ocr_line' id='line_1_94' title="bbox 2172 3333 3724 3422; baseline -0.027 2"><span class='ocrx_word' id='word_1_682' title='bbox 2172 3351 2273 3422; x_wconf 70' lang='grc' dir='ltr'><strong>τῆς</strong></span> <span class='ocrx_word' id='word_1_683' title='bbox 2307 3350 2552 3420; x_wconf 75' lang='grc' dir='ltr'>ὁράσεως</span> <span class='ocrx_word' id='word_1_684' title='bbox 2592 3346 2925 3421; x_wconf 77' lang='grc' dir='ltr'>ἑτερογενῶν</span> <span class='ocrx_word' id='word_1_685' title='bbox 2975 3345 3216 3418; x_wconf 77' lang='grc' dir='ltr'>θεωρίας</span> <span class='ocrx_word' id='word_1_686' title='bbox 3253 3338 3538 3404; x_wconf 75' lang='grc' dir='ltr'>κατέλαϐε,</span> <span class='ocrx_word' id='word_1_687' title='bbox 3565 3333 3724 3388; x_wconf 78' lang='grc' dir='ltr'>λευκοῦ</span> 
     </span>
    </p>
   </div>
   <div class='ocr_carea' id='block_1_95' title="bbox 2174 3436 2990 3509">
    <p class='ocr_par' dir='ltr' id='par_1_95' title="bbox 2174 3436 2990 3509">
     <span class='ocr_line' id='line_1_95' title="bbox 2174 3436 2990 3509; baseline 0 -19"><span class='ocrx_word' id='word_1_688' title='bbox 2174 3454 2236 3490; x_wconf 87' lang='grc' dir='ltr'><strong>τε</strong></span> <span class='ocrx_word' id='word_1_689' title='bbox 2264 3438 2362 3493; x_wconf 74' lang='grc' dir='ltr'>καὶ</span> <span class='ocrx_word' id='word_1_690' title='bbox 2397 3438 2650 3509; x_wconf 78' lang='grc' dir='ltr'>μέλανος,</span> <span class='ocrx_word' id='word_1_691' title='bbox 2680 3437 2774 3491; x_wconf 74' lang='grc' dir='ltr'><strong>καί</strong></span> <span class='ocrx_word' id='word_1_692' title='bbox 2808 3436 2990 3507; x_wconf 75' lang='grc' dir='ltr'>φαιοῦ.</span> 
     </span>
    </p>
   </div>
   <div class='ocr_carea' id='block_1_96' title="bbox 2251 3662 3724 3755">
    <p class='ocr_par' dir='ltr' id='par_1_96' title="bbox 2251 3662 3724 3755">
     <span class='ocr_line' id='line_1_96' title="bbox 2251 3662 3724 3755; baseline -0.003 -18"><span class='ocrx_word' id='word_1_693' title='bbox 2251 3682 2412 3737; x_wconf 82' lang='grc' dir='ltr'><strong>Ἀλλο</strong></span> <span class='ocrx_word' id='word_1_694' title='bbox 2442 3682 2501 3738; x_wconf 80' lang='grc' dir='ltr'>δὲ</span> <span class='ocrx_word' id='word_1_695' title='bbox 2539 3681 2692 3755; x_wconf 82' lang='grc' dir='ltr'>παρὰ</span> <span class='ocrx_word' id='word_1_696' title='bbox 2728 3682 2828 3748; x_wconf 82' lang='grc' dir='ltr'><strong>τὰς</strong></span> <span class='ocrx_word' id='word_1_697' title='bbox 2861 3681 3146 3754; x_wconf 71' lang='grc' dir='ltr'>αἰσθήσεις</span> <span class='ocrx_word' id='word_1_698' title='bbox 3176 3682 3336 3737; x_wconf 73' lang='grc' dir='ltr'>ἐστὶν</span> <span class='ocrx_word' id='word_1_699' title='bbox 3355 3680 3385 3734; x_wconf 84' lang='lat'><strong>6</strong></span> <span class='ocrx_word' id='word_1_700' title='bbox 3405 3673 3554 3738; x_wconf 82' lang='grc' dir='ltr'><strong>νοῦς⁶</strong></span> <span class='ocrx_word' id='word_1_701' title='bbox 3574 3667 3617 3723; x_wconf 77' lang='grc' dir='ltr'>εῑ</span> <span class='ocrx_word' id='word_1_702' title='bbox 3636 3662 3724 3755; x_wconf 55' lang='grc' dir='ltr'><strong>γᾴρ</strong></span> 
     </span>
    </p>
   </div>
   <div class='ocr_carea' id='block_1_97' title="bbox 2173 3752 3724 3847">
    <p class='ocr_par' dir='ltr' id='par_1_97' title="bbox 2173 3752 3724 3847">
     <span class='ocr_line' id='line_1_97' title="bbox 2173 3752 3724 3847; baseline -0.012 -17"><span class='ocrx_word' id='word_1_703' title='bbox 2173 3775 2374 3830; x_wconf 77' lang='grc' dir='ltr'>ταύτὸν</span> <span class='ocrx_word' id='word_1_704' title='bbox 2403 3770 2472 3846; x_wconf 75' lang='grc' dir='ltr'>ἦν</span> <span class='ocrx_word' id='word_1_705' title='bbox 2527 3777 2595 3846; x_wconf 82' lang='grc' dir='ltr'><strong>τῇ</strong></span> <span class='ocrx_word' id='word_1_706' title='bbox 2625 3752 2914 3847; x_wconf 77' lang='grc' dir='ltr'>αἰσθήσει,</span> <span class='ocrx_word' id='word_1_707' title='bbox 2961 3752 3097 3847; x_wconf 84' lang='grc' dir='ltr'>πρὸς</span> <span class='ocrx_word' id='word_1_708' title='bbox 3139 3772 3276 3845; x_wconf 81' lang='grc' dir='ltr'>μίαν</span> <span class='ocrx_word' id='word_1_709' title='bbox 3321 3767 3498 3826; x_wconf 77' lang='grc' dir='ltr'>αὐτῶν</span> <span class='ocrx_word' id='word_1_710' title='bbox 3536 3760 3635 3832; x_wconf 73' lang='grc' dir='ltr'>ἔχοι</span> <span class='ocrx_word' id='word_1_711' title='bbox 3671 3752 3724 3847; x_wconf 33' lang='lat' dir='ltr'><strong>EN</strong></span> 
     </span>
    </p>
   </div>
   <div class='ocr_carea' id='block_1_98' title="bbox 2174 3844 3723 3937">
    <p class='ocr_par' dir='ltr' id='par_1_98' title="bbox 2174 3844 3723 3937">
     <span class='ocr_line' id='line_1_98' title="bbox 2174 3844 3723 3937; baseline -0.006 -16"><span class='ocrx_word' id='word_1_712' title='bbox 2174 3844 2504 3937; x_wconf 73' lang='grc' dir='ltr'>οἰκειότητα,</span> <span class='ocrx_word' id='word_1_713' title='bbox 2536 3844 2743 3930; x_wconf 62' lang='grc' dir='ltr'>ἀτελοῦς</span> <span class='ocrx_word' id='word_1_714' title='bbox 2784 3844 2895 3921; x_wconf 74' lang='grc' dir='ltr'><strong>ὧν·</strong></span> <span class='ocrx_word' id='word_1_715' title='bbox 2938 3844 3034 3920; x_wconf 80' lang='grc' dir='ltr'><strong>νῦν</strong></span> <span class='ocrx_word' id='word_1_716' title='bbox 3071 3844 3259 3930; x_wconf 13' lang='grc' dir='ltr'>δὲίείς</span> <span class='ocrx_word' id='word_1_717' title='bbox 3300 3863 3403 3933; x_wconf 82' lang='grc' dir='ltr'>τὴν</span> <span class='ocrx_word' id='word_1_718' title='bbox 3444 3844 3723 3922; x_wconf 72' lang='grc' dir='ltr'>αἰσθητικὴν</span> 
     </span>
    </p>
   </div>
   <div class='ocr_carea' id='block_1_99' title="bbox 2175 3938 3723 4028">
    <p class='ocr_par' dir='ltr' id='par_1_99' title="bbox 2175 3938 3723 4028">
     <span class='ocr_line' id='line_1_99' title="bbox 2175 3938 3723 4028; baseline 0.006 -20"><span class='ocrx_word' id='word_1_719' title='bbox 2175 3956 2541 4028; x_wconf 76' lang='grc' dir='ltr'>πολυμερειαν</span> <span class='ocrx_word' id='word_1_720' title='bbox 2583 3956 3050 4026; x_wconf 81' lang='grc' dir='ltr'>διασπειρόμενος,</span> <span class='ocrx_word' id='word_1_721' title='bbox 3100 3954 3194 4008; x_wconf 80' lang='grc' dir='ltr'>καὶ</span> <span class='ocrx_word' id='word_1_722' title='bbox 3236 3954 3309 4008; x_wconf 81' lang='grc' dir='ltr'>δι’</span> <span class='ocrx_word' id='word_1_723' title='bbox 3340 3947 3567 4014; x_wconf 70' lang='grc' dir='ltr'><strong>ἑκάστης</strong></span> <span class='ocrx_word' id='word_1_724' title='bbox 3602 3938 3723 4028; x_wconf 47' lang='lat' dir='ltr'><strong>mf</strong></span> 
     </span>
    </p>
   </div>
   <div class='ocr_carea' id='block_1_100' title="bbox 2174 4019 3723 4121">
    <p class='ocr_par' dir='ltr' id='par_1_100' title="bbox 2174 4019 3723 4121">
     <span class='ocr_line' id='line_1_100' title="bbox 2174 4019 3723 4121; baseline 0.001 -22"><span class='ocrx_word' id='word_1_725' title='bbox 2174 4019 2401 4117; x_wconf 39' lang='grc' dir='ltr'>γῶνίὲν</span> <span class='ocrx_word' id='word_1_726' title='bbox 2430 4050 2682 4121; x_wconf 85' lang='grc' dir='ltr'>μονότητι</span> <span class='ocrx_word' id='word_1_727' title='bbox 2707 4047 2768 4102; x_wconf 82' lang='grc' dir='ltr'>τὸ</span> <span class='ocrx_word' id='word_1_728' title='bbox 2796 4019 3057 4111; x_wconf 59' lang='grc' dir='ltr'>ττοικίλον,</span> <span class='ocrx_word' id='word_1_729' title='bbox 3100 4046 3159 4098; x_wconf 83' lang='grc' dir='ltr'>ὲν</span> <span class='ocrx_word' id='word_1_730' title='bbox 3185 4042 3437 4112; x_wconf 84' lang='grc' dir='ltr'><strong>ποικιλίᾳ</strong></span> <span class='ocrx_word' id='word_1_731' title='bbox 3459 4035 3521 4091; x_wconf 83' lang='grc' dir='ltr'><strong>τδ</strong></span> <span class='ocrx_word' id='word_1_732' title='bbox 3552 4031 3630 4121; x_wconf 42' lang='grc' dir='ltr'><strong>ἕν’</strong></span> <span class='ocrx_word' id='word_1_733' title='bbox 3659 4019 3723 4121; x_wconf 49' lang='grc' dir='ltr'><strong>διξ</strong></span> 
     </span>
    </p>
   </div>
   <div class='ocr_carea' id='block_1_101' title="bbox 2175 4119 3722 4221">
    <p class='ocr_par' dir='ltr' id='par_1_101' title="bbox 2175 4119 3722 4221">
     <span class='ocr_line' id='line_1_101' title="bbox 2175 4119 3722 4221; baseline 0.015 -26"><span class='ocrx_word' id='word_1_734' title='bbox 2175 4141 2270 4195; x_wconf 71' lang='grc' dir='ltr'>καὶ</span> <span class='ocrx_word' id='word_1_735' title='bbox 2312 4119 2592 4210; x_wconf 75' lang='grc' dir='ltr'>διαφεύγει</span> <span class='ocrx_word' id='word_1_736' title='bbox 2617 4119 2740 4210; x_wconf 61' lang='grc' dir='ltr'><strong>⁷ἰι-ὴν</strong></span> <span class='ocrx_word' id='word_1_737' title='bbox 2761 4138 2963 4208; x_wconf 79' lang='grc' dir='ltr'>γνῶσιν</span> <span class='ocrx_word' id='word_1_738' title='bbox 3005 4138 3039 4208; x_wconf 77' lang='grc' dir='ltr'>ἡ</span> <span class='ocrx_word' id='word_1_739' title='bbox 3088 4135 3254 4206; x_wconf 68' lang='grc' dir='ltr'><strong>φύσις</strong></span> <span class='ocrx_word' id='word_1_740' title='bbox 3299 4128 3499 4190; x_wconf 63' lang='grc' dir='ltr'><strong>αὐτοῦ’</strong></span> <span class='ocrx_word' id='word_1_741' title='bbox 3536 4119 3620 4221; x_wconf 45' lang='lat' dir='ltr'><strong>xei</strong></span> 
     </span>
    </p>
   </div>
   <div class='ocr_carea' id='block_1_102' title="bbox 2175 4210 3707 4302">
    <p class='ocr_par' dir='ltr' id='par_1_102' title="bbox 2175 4210 3707 4302">
     <span class='ocr_line' id='line_1_102' title="bbox 2175 4210 3707 4302; baseline -0.014 -17"><span class='ocrx_word' id='word_1_742' title='bbox 2175 4231 2295 4286; x_wconf 83' lang='grc' dir='ltr'>κατ’</span> <span class='ocrx_word' id='word_1_743' title='bbox 2315 4229 2480 4285; x_wconf 77' lang='grc' dir='ltr'>αὑτὸν</span> <span class='ocrx_word' id='word_1_744' title='bbox 2504 4228 2791 4302; x_wconf 81' lang='grc' dir='ltr'>ἀγνώστῳ,</span> <span class='ocrx_word' id='word_1_745' title='bbox 2811 4229 2908 4301; x_wconf 80' lang='grc' dir='ltr'>τὴν</span> <span class='ocrx_word' id='word_1_746' title='bbox 2930 4228 3322 4298; x_wconf 69' lang='grc' dir='ltr'>ἀκατάληπτον</span> <span class='ocrx_word' id='word_1_747' title='bbox 3344 4223 3504 4296; x_wconf 82' lang='grc' dir='ltr'>φύσιν</span> <span class='ocrx_word' id='word_1_748' title='bbox 3518 4210 3604 4269; x_wconf 79' lang='grc' dir='ltr'><strong>τοῦ</strong></span> <span class='ocrx_word' id='word_1_749' title='bbox 3622 4219 3707 4261; x_wconf 82' lang='grc' dir='ltr'>κατ</span> 
     </span>
    </p>
   </div>
   <div class='ocr_carea' id='block_1_103' title="bbox 2175 4315 3473 4394">
    <p class='ocr_par' dir='ltr' id='par_1_103' title="bbox 2175 4315 3473 4394">
     <span class='ocr_line' id='line_1_103' title="bbox 2175 4315 3473 4394; baseline -0.005 -19"><span class='ocrx_word' id='word_1_750' title='bbox 2175 4323 2357 4377; x_wconf 86' lang='grc' dir='ltr'>εἰκόνα</span> <span class='ocrx_word' id='word_1_751' title='bbox 2382 4322 2590 4377; x_wconf 86' lang='grc' dir='ltr'>οἰκείαν</span> <span class='ocrx_word' id='word_1_752' title='bbox 2616 4323 2942 4394; x_wconf 82' lang='grc' dir='ltr'>ποιήσαντος</span> <span class='ocrx_word' id='word_1_753' title='bbox 2970 4321 3134 4375; x_wconf 78' lang='grc' dir='ltr'>αὐτὸν</span> <span class='ocrx_word' id='word_1_754' title='bbox 3168 4315 3473 4391; x_wconf 84' lang='grc' dir='ltr'>παριστῶν.</span> 
     </span>
    </p>
   </div>
   <div class='ocr_carea' id='block_1_104' title="bbox 2259 4494 3715 4588">
    <p class='ocr_par' dir='ltr' id='par_1_104' title="bbox 2259 4494 3715 4588">
     <span class='ocr_line' id='line_1_104' title="bbox 2259 4494 3715 4588; baseline -0.006 -19"><span class='ocrx_word' id='word_1_755' title='bbox 2259 4516 2414 4569; x_wconf 78' lang='grc' dir='ltr'><strong>Ἐπεὶ</strong></span> <span class='ocrx_word' id='word_1_756' title='bbox 2453 4514 2511 4570; x_wconf 82' lang='grc' dir='ltr'>δὲ</span> <span class='ocrx_word' id='word_1_757' title='bbox 2543 4516 2619 4582; x_wconf 84' lang='grc' dir='ltr'>ὥς</span> <span class='ocrx_word' id='word_1_758' title='bbox 2668 4534 2721 4570; x_wconf 90' lang='grc' dir='ltr'><strong>τι</strong></span> <span class='ocrx_word' id='word_1_759' title='bbox 2745 4516 3004 4588; x_wconf 84' lang='grc' dir='ltr'>μουσικὸν</span> <span class='ocrx_word' id='word_1_760' title='bbox 3030 4516 3262 4587; x_wconf 77' lang='grc' dir='ltr'>ὄργανον</span> <span class='ocrx_word' id='word_1_761' title='bbox 3297 4513 3358 4567; x_wconf 79' lang='grc' dir='ltr'>τὸ</span> <span class='ocrx_word' id='word_1_762' title='bbox 3403 4508 3552 4577; x_wconf 78' lang='grc' dir='ltr'>σῶμα</span> <span class='ocrx_word' id='word_1_763' title='bbox 3588 4494 3715 4561; x_wconf 83' lang='grc' dir='ltr'><strong>δεδη-</strong></span> 
     </span>
    </p>
   </div>
   <div class='ocr_carea' id='block_1_105' title="bbox 2178 4592 3714 4679">
    <p class='ocr_par' dir='ltr' id='par_1_105' title="bbox 2178 4592 3714 4679">
     <span class='ocr_line' id='line_1_105' title="bbox 2178 4592 3714 4679; baseline -0.01 -20"><span class='ocrx_word' id='word_1_764' title='bbox 2178 4605 2537 4679; x_wconf 73' lang='grc' dir='ltr'>μιούργηταιο</span> <span class='ocrx_word' id='word_1_765' title='bbox 2582 4608 2658 4671; x_wconf 83' lang='grc' dir='ltr'>ὡς</span> <span class='ocrx_word' id='word_1_766' title='bbox 2705 4607 2959 4669; x_wconf 84' lang='grc' dir='ltr'>ἀδυνατεῖ</span> <span class='ocrx_word' id='word_1_767' title='bbox 3000 4608 3029 4660; x_wconf 88' lang='lat'><strong>6</strong></span> <span class='ocrx_word' id='word_1_768' title='bbox 3077 4604 3337 4678; x_wconf 85' lang='grc' dir='ltr'>μελῳδεῖν</span> <span class='ocrx_word' id='word_1_769' title='bbox 3375 4592 3714 4679; x_wconf 57' lang='grc' dir='ltr'>ἐπιστάμεγοςν</span> 
     </span>
    </p>
   </div>
   <div class='ocr_carea' id='block_1_106' title="bbox 2173 4677 3713 4770">
    <p class='ocr_par' dir='ltr' id='par_1_106' title="bbox 2173 4677 3713 4770">
     <span class='ocr_line' id='line_1_106' title="bbox 2173 4677 3713 4770; baseline 0.005 -20"><span class='ocrx_word' id='word_1_770' title='bbox 2173 4677 2341 4766; x_wconf 79' lang='grc' dir='ltr'>δεῖξαι</span> <span class='ocrx_word' id='word_1_771' title='bbox 2518 4698 2714 4768; x_wconf 82' lang='grc' dir='ltr'>τέχνην</span> <span class='ocrx_word' id='word_1_772' title='bbox 2741 4697 2821 4760; x_wconf 89' lang='grc' dir='ltr'><strong>εἰς</strong></span> <span class='ocrx_word' id='word_1_773' title='bbox 2855 4696 2953 4768; x_wconf 85' lang='grc' dir='ltr'><strong>τὴν</strong></span> <span class='ocrx_word' id='word_1_774' title='bbox 2994 4677 3096 4750; x_wconf 79' lang='grc' dir='ltr'>,τοῦ</span> <span class='ocrx_word' id='word_1_775' title='bbox 3135 4697 3368 4770; x_wconf 83' lang='grc' dir='ltr'><strong>ὀργάνου</strong></span> <span class='ocrx_word' id='word_1_776' title='bbox 3416 4677 3713 4770; x_wconf 62' lang='grc' dir='ltr'><strong>ἀχρηπίαῖ’</strong></span> 
     </span>
    </p>
   </div>
   <div class='ocr_carea' id='block_1_107' title="bbox 2173 4762 3714 4867">
    <p class='ocr_par' dir='ltr' id='par_1_107' title="bbox 2173 4762 3714 4867">
     <span class='ocr_line' id='line_1_107' title="bbox 2173 4762 3714 4867; baseline -0.016 -22"><span class='ocrx_word' id='word_1_777' title='bbox 2173 4762 2316 4845; x_wconf 75' lang='grc' dir='ltr'>οὕτω</span> <span class='ocrx_word' id='word_1_778' title='bbox 2356 4762 2453 4844; x_wconf 59' lang='grc' dir='ltr'><strong>καί</strong></span> <span class='ocrx_word' id='word_1_779' title='bbox 2496 4791 2525 4842; x_wconf 87' lang='lat'><strong>6</strong></span> <span class='ocrx_word' id='word_1_780' title='bbox 2556 4762 2682 4852; x_wconf 71' lang='grc' dir='ltr'>νοῦς</span> <span class='ocrx_word' id='word_1_781' title='bbox 2724 4762 2929 4859; x_wconf 80' lang='grc' dir='ltr'>διήκων</span> <span class='ocrx_word' id='word_1_782' title='bbox 2972 4789 3041 4845; x_wconf 79' lang='grc' dir='ltr'>δι’</span> <span class='ocrx_word' id='word_1_783' title='bbox 3085 4762 3223 4843; x_wconf 68' lang='grc' dir='ltr'><strong>ὅλου⁷</strong></span> <span class='ocrx_word' id='word_1_784' title='bbox 3241 4787 3336 4841; x_wconf 88' lang='grc' dir='ltr'><strong>τοῦ</strong></span> <span class='ocrx_word' id='word_1_785' title='bbox 3368 4779 3586 4855; x_wconf 80' lang='grc' dir='ltr'>ὀργάνου</span> <span class='ocrx_word' id='word_1_786' title='bbox 3619 4762 3714 4867; x_wconf 50' lang='grc' dir='ltr'>ταῖς</span> 
     </span>
    </p>
   </div>
   <div class='ocr_carea' id='block_1_108' title="bbox 2173 4869 3715 4954">
    <p class='ocr_par' dir='ltr' id='par_1_108' title="bbox 2173 4869 3715 4954">
     <span class='ocr_line' id='line_1_108' title="bbox 2173 4869 3715 4954; baseline 0.006 -18"><span class='ocrx_word' id='word_1_787' title='bbox 2173 4883 2451 4953; x_wconf 87' lang='grc' dir='ltr'>νοητικαῖς</span> <span class='ocrx_word' id='word_1_788' title='bbox 2487 4879 2810 4954; x_wconf 77' lang='grc' dir='ltr'>ἐνεργείαις,</span> <span class='ocrx_word' id='word_1_789' title='bbox 2839 4880 3072 4934; x_wconf 77' lang='grc' dir='ltr'>ἑκάστου</span> <span class='ocrx_word' id='word_1_790' title='bbox 3094 4879 3205 4933; x_wconf 86' lang='grc' dir='ltr'><strong>τῶν</strong></span> <span class='ocrx_word' id='word_1_791' title='bbox 3241 4876 3420 4951; x_wconf 79' lang='grc' dir='ltr'>μελῶν</span> <span class='ocrx_word' id='word_1_792' title='bbox 3444 4869 3715 4954; x_wconf 37' lang='lat' dir='ltr'><strong>“P0697”?-</strong></span> 
     </span>
    </p>
   </div>
   <div class='ocr_carea' id='block_1_109' title="bbox 2177 4943 3709 5045">
    <p class='ocr_par' dir='ltr' id='par_1_109' title="bbox 2177 4943 3709 5045">
     <span class='ocr_line' id='line_1_109' title="bbox 2177 4943 3709 5045; baseline -0.008 -18"><span class='ocrx_word' id='word_1_793' title='bbox 2177 4943 2358 5045; x_wconf 77' lang='grc' dir='ltr'>μενος,</span> <span class='ocrx_word' id='word_1_794' title='bbox 2392 4943 2484 5027; x_wconf 56' lang='lat' dir='ltr'><strong>sint</strong></span> <span class='ocrx_word' id='word_1_795' title='bbox 2682 4943 2967 5044; x_wconf 21' lang='lat' dir='ltr'><strong>pévvxa‘cdt</strong></span> <span class='ocrx_word' id='word_1_796' title='bbox 2998 4971 3160 5042; x_wconf 85' lang='grc' dir='ltr'>φύσιν</span> <span class='ocrx_word' id='word_1_797' title='bbox 3197 4943 3543 5038; x_wconf 70' lang='grc' dir='ltr'>διακειμένων</span> <span class='ocrx_word' id='word_1_798' title='bbox 3570 4950 3624 5045; x_wconf 52' lang='grc' dir='ltr'>ἐδ</span> <span class='ocrx_word' id='word_1_799' title='bbox 3652 4943 3709 4998; x_wconf 59' lang='grc' dir='ltr'><strong>οἱ·</strong></span> 
     </span>
    </p>
   </div>
   <div class='ocr_carea' id='block_1_110' title="bbox 2176 5041 3712 5135">
    <p class='ocr_par' dir='ltr' id='par_1_110' title="bbox 2176 5041 3712 5135">
     <span class='ocr_line' id='line_1_110' title="bbox 2176 5041 3712 5135; baseline -0.01 -18"><span class='ocrx_word' id='word_1_800' title='bbox 2176 5041 2320 5118; x_wconf 74' lang='grc' dir='ltr'><strong>κείον</strong></span> <span class='ocrx_word' id='word_1_801' title='bbox 2351 5064 2444 5134; x_wconf 81' lang='grc' dir='ltr'>ὲνή</span> <span class='ocrx_word' id='word_1_802' title='bbox 2455 5041 2695 5135; x_wconf 39' lang='grc' dir='ltr'>ργησενί</span> <span class='ocrx_word' id='word_1_803' title='bbox 2718 5063 2811 5117; x_wconf 84' lang='grc' dir='ltr'>ὲπί</span> <span class='ocrx_word' id='word_1_804' title='bbox 2834 5063 2892 5117; x_wconf 86' lang='grc' dir='ltr'>δὲ</span> <span class='ocrx_word' id='word_1_805' title='bbox 2924 5041 3031 5117; x_wconf 84' lang='grc' dir='ltr'><strong>τῶν</strong></span> <span class='ocrx_word' id='word_1_806' title='bbox 3071 5060 3436 5116; x_wconf 82' lang='grc' dir='ltr'>ἀσθενούντων</span> <span class='ocrx_word' id='word_1_807' title='bbox 3461 5041 3712 5121; x_wconf 71' lang='grc' dir='ltr'><strong>ήπρᾴκτησ</strong></span> 
     </span>
    </p>
   </div>
   <div class='ocr_carea' id='block_1_111' title="bbox 2177 5140 3706 5228">
    <p class='ocr_par' dir='ltr' id='par_1_111' title="bbox 2177 5140 3706 5228">
     <span class='ocr_line' id='line_1_111' title="bbox 2177 5140 3706 5228; baseline -0.03 1"><span class='ocrx_word' id='word_1_808' title='bbox 2177 5172 2299 5209; x_wconf 79' lang='grc' dir='ltr'>σεν’</span> <span class='ocrx_word' id='word_1_809' title='bbox 2345 5155 2406 5209; x_wconf 70' lang='grc' dir='ltr'><strong>οὗ</strong></span> <span class='ocrx_word' id='word_1_810' title='bbox 2450 5155 2557 5227; x_wconf 82' lang='grc' dir='ltr'><strong>γὰρ</strong></span> <span class='ocrx_word' id='word_1_811' title='bbox 2587 5156 2785 5228; x_wconf 83' lang='grc' dir='ltr'>μέρους</span> <span class='ocrx_word' id='word_1_812' title='bbox 2814 5154 3068 5219; x_wconf 71' lang='grc' dir='ltr'>ἅπτεται,</span> <span class='ocrx_word' id='word_1_813' title='bbox 3104 5154 3303 5227; x_wconf 87' lang='grc' dir='ltr'>μέρους</span> <span class='ocrx_word' id='word_1_814' title='bbox 3335 5150 3390 5205; x_wconf 82' lang='grc' dir='ltr'>δὲ</span> <span class='ocrx_word' id='word_1_815' title='bbox 3430 5140 3706 5213; x_wconf 65' lang='grc' dir='ltr'>ἀφίσταται.</span> 
     </span>
    </p>
   </div>
   <div class='ocr_carea' id='block_1_112' title="bbox 2250 5359 3703 5444">
    <p class='ocr_par' dir='ltr' id='par_1_112' title="bbox 2250 5359 3703 5444">
     <span class='ocr_line' id='line_1_112' title="bbox 2250 5359 3703 5444; baseline -0.015 -18"><span class='ocrx_word' id='word_1_816' title='bbox 2250 5373 2458 5444; x_wconf 84' lang='grc' dir='ltr'>’Ὠσπερ</span> <span class='ocrx_word' id='word_1_817' title='bbox 2482 5373 2540 5426; x_wconf 83' lang='grc' dir='ltr'>δὲ</span> <span class='ocrx_word' id='word_1_818' title='bbox 2580 5375 3007 5444; x_wconf 85' lang='grc' dir='ltr'>κατακοσμείται</span> <span class='ocrx_word' id='word_1_819' title='bbox 3057 5374 3086 5426; x_wconf 93' lang='lat'><strong>6</strong></span> <span class='ocrx_word' id='word_1_820' title='bbox 3117 5370 3243 5437; x_wconf 90' lang='grc' dir='ltr'>νοῦς</span> <span class='ocrx_word' id='word_1_821' title='bbox 3277 5375 3343 5442; x_wconf 81' lang='grc' dir='ltr'>τῇ</span> <span class='ocrx_word' id='word_1_822' title='bbox 3370 5359 3604 5438; x_wconf 78' lang='grc' dir='ltr'>ὁμοιώσει</span> <span class='ocrx_word' id='word_1_823' title='bbox 3628 5360 3703 5444; x_wconf 50' lang='grc' dir='ltr'>τος</span> 
     </span>
    </p>
   </div>
   <div class='ocr_carea' id='block_1_113' title="bbox 2175 5449 3703 5532">
    <p class='ocr_par' dir='ltr' id='par_1_113' title="bbox 2175 5449 3703 5532">
     <span class='ocr_line' id='line_1_113' title="bbox 2175 5449 3703 5532; baseline -0.008 -19"><span class='ocrx_word' id='word_1_824' title='bbox 2175 5460 2528 5532; x_wconf 83' lang='grc' dir='ltr'>πρωτοτύπου</span> <span class='ocrx_word' id='word_1_825' title='bbox 2571 5460 2714 5514; x_wconf 86' lang='grc' dir='ltr'>θείου</span> <span class='ocrx_word' id='word_1_826' title='bbox 2762 5460 3026 5527; x_wconf 82' lang='grc' dir='ltr'>κάλλους,</span> <span class='ocrx_word' id='word_1_827' title='bbox 3072 5458 3184 5516; x_wconf 73' lang='grc' dir='ltr'>οἷόν</span> <span class='ocrx_word' id='word_1_828' title='bbox 3232 5480 3285 5515; x_wconf 87' lang='grc' dir='ltr'><strong>τι</strong></span> <span class='ocrx_word' id='word_1_829' title='bbox 3327 5449 3703 5532; x_wconf 21' lang='grc' dir='ltr'>κάτοπτρονμτίξ)</span> 
     </span>
    </p>
   </div>
   <div class='ocr_carea' id='block_1_114' title="bbox 2175 5523 3696 5624">
    <p class='ocr_par' dir='ltr' id='par_1_114' title="bbox 2175 5523 3696 5624">
     <span class='ocr_line' id='line_1_114' title="bbox 2175 5523 3696 5624; baseline -0.007 -22"><span class='ocrx_word' id='word_1_830' title='bbox 2175 5523 2557 5622; x_wconf 75' lang='grc' dir='ltr'>ἐμφαινομένῳ</span> <span class='ocrx_word' id='word_1_831' title='bbox 2597 5551 2906 5622; x_wconf 82' lang='grc' dir='ltr'>χαρακτῆρι</span> <span class='ocrx_word' id='word_1_832' title='bbox 2942 5523 3346 5624; x_wconf 77' lang='grc' dir='ltr'>μορφούμενον’</span> <span class='ocrx_word' id='word_1_833' title='bbox 3394 5545 3526 5600; x_wconf 85' lang='grc' dir='ltr'>οῦτω</span> <span class='ocrx_word' id='word_1_834' title='bbox 3560 5523 3696 5590; x_wconf 54' lang='grc' dir='ltr'>καὶὴ</span> 
     </span>
    </p>
   </div>
   <div class='ocr_carea' id='block_1_115' title="bbox 2173 5631 3697 5713">
    <p class='ocr_par' dir='ltr' id='par_1_115' title="bbox 2173 5631 3697 5713">
     <span class='ocr_line' id='line_1_115' title="bbox 2173 5631 3697 5713; baseline -0.008 -20"><span class='ocrx_word' id='word_1_835' title='bbox 2173 5640 2334 5709; x_wconf 79' lang='grc' dir='ltr'>φύσις</span> <span class='ocrx_word' id='word_1_836' title='bbox 2362 5641 2467 5695; x_wconf 80' lang='grc' dir='ltr'>ὑπὸ</span> <span class='ocrx_word' id='word_1_837' title='bbox 2498 5640 2592 5695; x_wconf 88' lang='grc' dir='ltr'><strong>τοῦ</strong></span> <span class='ocrx_word' id='word_1_838' title='bbox 2631 5640 2749 5704; x_wconf 82' lang='grc' dir='ltr'>νοὸς</span> <span class='ocrx_word' id='word_1_839' title='bbox 2788 5642 3218 5713; x_wconf 83' lang='grc' dir='ltr'>οἰκονομουμὲνη</span> <span class='ocrx_word' id='word_1_840' title='bbox 3260 5637 3555 5710; x_wconf 83' lang='grc' dir='ltr'>κοσμεῖται·</span> <span class='ocrx_word' id='word_1_841' title='bbox 3594 5631 3697 5673; x_wconf 75' lang='grc' dir='ltr'><strong>συν⁶</strong></span> 
     </span>
    </p>
   </div>
   <div class='ocr_carea' id='block_1_116' title="bbox 2173 5715 3693 5806">
    <p class='ocr_par' dir='ltr' id='par_1_116' title="bbox 2173 5715 3693 5806">
     <span class='ocr_line' id='line_1_116' title="bbox 2173 5715 3693 5806; baseline -0.003 -22"><span class='ocrx_word' id='word_1_842' title='bbox 2173 5730 2354 5803; x_wconf 76' lang='grc' dir='ltr'>έχεται</span> <span class='ocrx_word' id='word_1_843' title='bbox 2383 5729 2437 5783; x_wconf 85' lang='grc' dir='ltr'>δὲ</span> <span class='ocrx_word' id='word_1_844' title='bbox 2464 5730 2624 5785; x_wconf 82' lang='grc' dir='ltr'>πάλιν</span> <span class='ocrx_word' id='word_1_845' title='bbox 2647 5731 2739 5784; x_wconf 81' lang='grc' dir='ltr'><strong>ὑπ’</strong></span> <span class='ocrx_word' id='word_1_846' title='bbox 2769 5730 2938 5803; x_wconf 82' lang='grc' dir='ltr'>αὐτῆς</span> <span class='ocrx_word' id='word_1_847' title='bbox 2958 5732 3018 5784; x_wconf 80' lang='grc' dir='ltr'>τὸ</span> <span class='ocrx_word' id='word_1_848' title='bbox 3038 5731 3223 5787; x_wconf 84' lang='grc' dir='ltr'>ὑλικὸν</span> <span class='ocrx_word' id='word_1_849' title='bbox 3247 5732 3343 5803; x_wconf 85' lang='grc' dir='ltr'><strong>τῆς</strong></span> <span class='ocrx_word' id='word_1_850' title='bbox 3369 5715 3693 5806; x_wconf 59' lang='grc' dir='ltr'><strong>ὑποστάεξεωξξ</strong></span> 
     </span>
    </p>
   </div>
   <div class='ocr_carea' id='block_1_117' title="bbox 2174 5800 3695 5894">
    <p class='ocr_par' dir='ltr' id='par_1_117' title="bbox 2174 5800 3695 5894">
     <span class='ocr_line' id='line_1_117' title="bbox 2174 5800 3695 5894; baseline 0.007 -24"><span class='ocrx_word' id='word_1_851' title='bbox 2174 5800 2300 5889; x_wconf 74' lang='grc' dir='ltr'>τιερί</span> <span class='ocrx_word' id='word_1_852' title='bbox 2329 5820 2394 5890; x_wconf 79' lang='grc' dir='ltr'>ἢν</span> <span class='ocrx_word' id='word_1_853' title='bbox 2424 5820 2703 5893; x_wconf 79' lang='grc' dir='ltr'>θεωρεῖται</span> <span class='ocrx_word' id='word_1_854' title='bbox 2733 5822 2766 5892; x_wconf 82' lang='grc' dir='ltr'>ἡ</span> <span class='ocrx_word' id='word_1_855' title='bbox 2791 5800 2968 5891; x_wconf 76' lang='grc' dir='ltr'>φύσις.</span> <span class='ocrx_word' id='word_1_856' title='bbox 3003 5822 3212 5894; x_wconf 77' lang='grc' dir='ltr'>Ὠσπερ</span> <span class='ocrx_word' id='word_1_857' title='bbox 3234 5800 3339 5877; x_wconf 57' lang='grc' dir='ltr'>διὸ</span> <span class='ocrx_word' id='word_1_858' title='bbox 3363 5814 3477 5877; x_wconf 80' lang='grc' dir='ltr'>νοῦς</span> <span class='ocrx_word' id='word_1_859' title='bbox 3507 5800 3599 5861; x_wconf 67' lang='grc' dir='ltr'>ὑπὸ</span> <span class='ocrx_word' id='word_1_860' title='bbox 3615 5800 3695 5890; x_wconf 64' lang='grc' dir='ltr'><strong>τῆξ</strong></span> 
     </span>
    </p>
   </div>
   <div class='ocr_carea' id='block_1_118' title="bbox 2175 5895 3690 5984">
    <p class='ocr_par' dir='ltr' id='par_1_118' title="bbox 2175 5895 3690 5984">
     <span class='ocr_line' id='line_1_118' title="bbox 2175 5895 3690 5984; baseline -0.034 15"><span class='ocrx_word' id='word_1_861' title='bbox 2175 5911 2446 5982; x_wconf 56' lang='grc' dir='ltr'><strong>ὰμθρΨίαῖ</strong></span> <span class='ocrx_word' id='word_1_862' title='bbox 2472 5912 2580 5970; x_wconf 72' lang='grc' dir='ltr'><strong>τῶν</strong></span> <span class='ocrx_word' id='word_1_863' title='bbox 2611 5912 2795 5969; x_wconf 71' lang='grc' dir='ltr'>παθῶν</span> <span class='ocrx_word' id='word_1_864' title='bbox 2827 5913 3110 5984; x_wconf 78' lang='grc' dir='ltr'>ζοφωθείς,</span> <span class='ocrx_word' id='word_1_865' title='bbox 3153 5915 3370 5977; x_wconf 55' lang='lat' dir='ltr'><strong>arma;</strong></span> <span class='ocrx_word' id='word_1_866' title='bbox 3397 5905 3583 5977; x_wconf 80' lang='grc' dir='ltr'>γίνεται</span> <span class='ocrx_word' id='word_1_867' title='bbox 3614 5895 3690 5939; x_wconf 73' lang='grc' dir='ltr'><strong>τον</strong></span> 
     </span>
    </p>
   </div>
  </div>
