4000 6404
320 437 480 494 1ῡ89

319 548 490 602 θείου
519 546 766 612 κάλλους,
801 546 849 599 εἰ
882 545 955 617 μὴ
986 544 1300 616 ὲκκαθαρθῇ
1321 560 1332 573 ’
1376 542 1516 597 οὑτω
1548 544 1642 597 καὶ
1669 546 1703 614 ἡ
1747 546 1803 597 ἐν
1849 547 1913 615 τῇ

324 639 639 692 ὑποστάσει
666 636 926 707 νοουμένη
956 637 1117 705 φύσις
1139 638 1282 690 κατά
1302 653 1355 689 τι
1396 635 1661 701 παθοῦσα,
1689 636 1788 706 τὴν
1822 637 1915 688 τοῦ

326 729 459 793 νοὸς
504 727 785 799 ἐνέργειαν
829 727 891 779 οὑ
936 727 1159 780 δύναται
1198 724 1471 791 δέξασθαι,
1508 726 1559 778 εἰ
1592 724 1667 797 μὴ
1705 728 1786 789 εἰς
1819 724 1917 796 τὴν

328 819 618 890 προτέραν
655 816 925 888 ἐπανέλθῃ
955 818 1190 886 ὑγίειαν.

410 912 701 965 Δείκνυται
730 910 787 964 δὲ
823 912 918 964 καὶ
940 913 1004 964 ὲκ
1023 909 1238 975 τούτου,
1259 910 1341 963 ὅτι
1365 910 1394 963 6
1427 908 1550 973 νοῦς
1576 910 1675 980 τῆς
1704 909 1918 978 φύσεως

329 1008 548 1077 ἔχεται.
604 1004 957 1074 Συνεστώσης
1019 1004 1118 1075 μὲν
1178 1004 1308 1075 γὰρ,
1377 1003 1473 1060 καὶ
1532 1002 1914 1073 ἐγρηγορυίας,

328 1098 557 1168 ἐνεργεῖ
579 1099 672 1151 καὶ
702 1100 968 1151 κινεῖται*
1015 1094 1343 1167 παρεθείσης
1368 1094 1425 1148 δὲ
1463 1093 1538 1164 τῷ
1577 1094 1727 1164 ὕπνῳ
1766 1095 1916 1161 μένει

326 1187 629 1256 ἀκίνητος·
667 1186 766 1249 τὰς
809 1186 866 1240 δὲ
910 1186 1031 1240 καθ’
1063 1184 1227 1238 ὕπνον
1260 1183 1578 1253 φαντασίας,
1623 1182 1916 1252 ίνδάλματά

322 1294 462 1331 τινα
497 1278 596 1347 τῆς
637 1276 780 1330 κατά
810 1276 902 1331 τὸν
943 1274 1067 1330 νοῦν
1101 1275 1379 1347 ἐνεργείας
1406 1273 1666 1342 οἰόμεθα·
1700 1275 1758 1327 ἐν
1786 1274 1913 1327 ἀτό-

328 1385 464 1431 ποις
492 1368 601 1438 γάρ
640 1367 737 1420 καὶ
779 1367 1079 1437 ἀμηχάνοις
1110 1364 1370 1428 πολλάκις
1414 1359 1553 1419 εἷναί
1598 1381 1681 1428 τις
1731 1365 1910 1418 δοκεῖ·

325 1461 479 1531 ὅπερ
502 1459 600 1512 οὑκ
639 1458 705 1513 ἂν
734 1458 949 1527 ἐγένετο
977 1459 1034 1510 ὲν
1061 1457 1388 1529 ὲγρηγόρσει
1407 1472 1420 1487 ·
1454 1455 1694 1525 γίνονται
1729 1456 1785 1508 δὲ
1821 1456 1915 1510 καὶ

328 1551 450 1606 ἀπὸ
487 1551 586 1622 τῆς
624 1549 770 1619 ἠθῶν
798 1548 1186 1613 καταστάσεως
1219 1566 1379 1614 τισιν,
1414 1548 1508 1602 καὶ
1535 1548 1669 1602 ἄλλα
1697 1548 1795 1619 μὲν
1818 1547 1912 1600 τοῦ

326 1641 610 1713 ἀνδρείου,
650 1640 786 1694 ἄλλα
812 1639 869 1693 δὲ
898 1639 992 1694 τοῦ
1031 1639 1204 1694 δειλοῦ
1231 1640 1298 1693 τά
1329 1639 1691 1709 φαντάσματα
1716 1654 1729 1668 ⁸
1777 1638 1912 1694 ἄλλα

327 1734 433 1788 τοῦ
465 1732 784 1800 ἀκολάστου,
821 1732 915 1786 καὶ
951 1731 1085 1786 ἄλλα
1123 1732 1215 1785 τοῦ
1265 1731 1556 1804 σώφρονος,
1603 1730 1694 1785 τοῦ
1745 1749 1911 1801 μετα-

327 1825 552 1879 δοτικοῦ
589 1842 652 1877 τε
697 1825 790 1877 καὶ
824 1824 1100 1894 ἀπλήστου
1121 1841 1134 1854 ·
1182 1824 1491 1895 παραμένει
1517 1824 1627 1895 γάρ
1656 1823 1733 1894 τῷ
1778 1839 1912 1894 μνη-

335 1914 547 1987 μονικῷ
571 1914 669 1985 τῆς
690 1913 876 1989 ψυχῆς
906 1914 1015 1969 τῶν
1037 1916 1350 1986 ὲφημερίων
1371 1914 1811 1985 ἐπιτηδευμάτων
1842 1912 1911 1966 τά

332 2006 679 2077 ὰπηχήματα
700 2022 715 2037 ο
749 2004 1005 2069 πολλάκις
1036 2005 1091 2058 δὲ
1129 2006 1222 2058 καὶ
1245 2005 1380 2079 πρὸς
1405 2005 1505 2069 τὰς
1533 2005 1693 2068 ποιάς
1719 2004 1909 2074 σωμά-

330 2115 447 2151 των
484 2097 749 2161 διαθέσεις
779 2097 975 2169 ὄνειροι
1003 2098 1278 2167 γίνονται·
1314 2098 1457 2152 οὕτω
1488 2099 1595 2171 γάρ
1623 2100 1651 2151 6
1676 2097 1912 2170 διψώδης

330 2189 396 2242 ὲν
429 2191 630 2259 πηγαῖς
659 2183 798 2242 εῖναι
822 2188 990 2255 δοκεῖ,
1033 2191 1129 2243 καὶ
1161 2189 1414 2260 εὐωχίαις
1448 2190 1476 2242 6
1506 2189 1711 2260 τροφῆς
1745 2206 1913 2260 προσ-

329 2277 623 2347 δεόμενος·
683 2278 778 2331 καὶ
829 2278 1017 2343 ἁπλῶς
1071 2279 1411 2351 πολύτροπος
1461 2282 1494 2351 ἡ
1548 2279 1655 2332 τῶν
1688 2279 1910 2351 ὀνείρων

327 2365 459 2436 ὄψις
490 2367 627 2432 ἐστὶ,
682 2367 888 2437 ματαία
933 2366 1020 2420 δέ·
1062 2368 1090 2420 6
1119 2368 1227 2439 γάρ
1253 2368 1376 2431 νοῦς
1416 2373 1481 2440 τῇ
1527 2369 1771 2441 ἀπραξίᾳ
1804 2369 1910 2423 τῶν

329 2457 641 2528 αἰσθήσεων
671 2457 760 2511 διὰ
788 2457 883 2511 τοῦ
910 2458 1079 2513 ὖτωου
1111 2459 1529 2530 συγκαλυφθεὶς,
1559 2460 1683 2514 οὔτε
1709 2461 1911 2533 ἐκλάμ-

329 2565 461 2602 πειν
490 2549 557 2601 δι’
595 2548 775 2602 αὐτῶν
800 2548 1042 2615 δύναται,
1073 2548 1215 2603 οὑτε¹
1236 2551 1515 2615 παντελῶς
1543 2552 1909 2606 κατασϐέννυ-

329 2654 447 2693 ται.
490 2638 551 2692 Ei
573 2639 629 2691 δὲ
652 2640 745 2692 καὶ
775 2640 805 2692 6
839 2640 941 2711 τῆς
964 2639 1237 2709 Αἰγύπτου
1266 2641 1483 2713 Φαραὼ,
1521 2643 1615 2696 καὶ
1641 2646 1669 2697 6
1694 2642 1907 2697 Ναϐου-

330 2716 618 2800 χοδονόσορ
640 2728 706 2781 δι’
730 2730 995 2783 ἐνυπνίων
1020 2732 1100 2793 είς
1124 2731 1223 2799 τὴν
1250 2731 1357 2785 τῶν
1384 2731 1685 2802 μελλόντων
1707 2732 1908 2800 γνῶσιν

326 2818 670 2889 ὁδηγοῦνται,
722 2820 789 2873 δι’
834 2820 1019 2893 ἓτερον
1044 2821 1368 2893 ᾠκονομήθη
1417 2822 1574 2877 τοῦτο
1626 2821 1777 2895 παρὰ
1814 2824 1906 2879 τοῦ

327 2907 467 2961 Θεοῦ
489 2947 505 2973 ,
565 2909 650 2964 ἵνα
700 2911 988 2983 φανερωθῇ
1058 2915 1091 2984 ἡ
1163 2915 1518 2987 κεκρυμμένη
1576 2916 1683 2969 τῶν
1739 2912 1907 2986 ἁγίων

329 2999 514 3069 σοφία.

415 3161 615 3215 Ἰστέον
648 3162 705 3215 δὲ
732 3164 813 3217 ὅτι
846 3163 940 3218 τοῦ
986 3164 1176 3235 νοητοῦ
1201 3166 1336 3236 πρὸς
1360 3167 1420 3220 τὸ
1445 3171 1756 3239 σωματικὸν
1789 3184 1903 3224 κοι-

329 3250 500 3305 νωνία
530 3252 803 3323 ἄφραστον
827 3255 921 3307 καὶ¹
946 3254 1297 3329 άνεπινόητον
1326 3257 1424 3332 τὴν
1449 3261 1742 3332 συνάφειαν
1767 3263 1898 3334 ἔχει.

328 3338 442 3392 Καὶ
471 3340 629 3395 τοῦτο
666 3344 1007 3417 προεγράφη.

879 3526 1129 3580 ΠΕΥΣΙΣ
1167 3528 1345 3585 PMA'.

400 3611 599 3673 Καλῶς
644 3615 785 3668 πάνυ
832 3614 939 3668 τῶν
976 3615 1900 3696 περὶἀνθρώπουδιευκρινηθέντων

324 3703 483 3773 ἡμῖν,
544 3703 642 3756 ποῦ
697 3721 780 3755 σοι
834 3704 981 3758 δοκεῖ
1031 3708 1294 3779 ὑπάρχειν
1343 3713 1371 3764 6
1427 3715 1785 3783 παράδεισος;
1842 3719 1901 3770 ὲν

325 3792 564 3865 οὐρανῷ,
612 3793 644 3863 ἢ
684 3793 776 3845 ἐπὶ
819 3788 962 3863 γῆξς
1014 3796 1077 3849 Οἱ
1140 3798 1242 3867 μὲν
1288 3799 1397 3871 γάρ
1437 3802 1595 3856 αὑτὸν
1654 3803 1900 3872 λέγουσιν

326 3883 596 3956 ὑπάρχειν
650 3884 970 3955 ἐπουράνιον
1035 3887 1262 3956 νοητὸν,
1315 3891 1364 3942 οί
1417 3890 1473 3943 δὲ
1530 3888 1770 3962 ἐπίγειον
1816 3898 1900 3949 αί-

327 3976 546 4048 σθητόν.

936 4071 1295 4140 Ἀπόκρισις.

411 4161 567 4232 Ἐμοὶ
615 4161 870 4235 αἰσθητὸς
930 4164 1079 4218 δοκεῖ
1126 4167 1411 4238 ὑπάρχειν,
1462 4168 1553 4222 καὶ
1604 4170 1696 4223 ἐπὶ
1759 4173 1893 4243 γῆς·

329 4252 516 4322 σαφῶς
558 4253 654 4307 καὶ
702 4253 951 4326 φανερῶς
999 4255 1294 4330 διαρρήδην
1342 4256 1500 4312 τοῦτο
1547 4259 1753 4333 βοώσης
1798 4262 1897 4336 τῆς

326 4342 476 4409 θείας
510 4344 748 4417 Γραφῆς.

875 4435 1124 4492 uersis
1161 4438 1338 4494 PMB’.
1698 4506 1701 4511 η

392 4524 460 4579 Τί
483 4520 576 4581 οὖν
626 4524 868 4597 βούλεται
901 4527 1109 4592 Παῦλος
1151 4529 1344 4599 λέγων,
1379 4528 1521 4586 Οἶδα
1560 4531 1891 4605 ἄνθρωπον,

325 4617 438 4685 πρὸ
499 4616 650 4671 ἐτῶν
701 4618 1180 4688 δεκατεσσάρων,
1221 4623 1342 4677 εἴτε
1373 4623 1444 4677 ἐν
1495 4624 1741 4693 σώματι,
1775 4628 1895 4682 εἴτε

321 4707 495 4773 ἐκτὸς
518 4707 626 4761 τοῦ
664 4708 957 4779 σώματος,
988 4713 1099 4768 οὐκ
1128 4712 1261 4767 οἶδα
1280 4730 1294 4744 ·
1325 4717 1358 4768 ό
1394 4716 1539 4782 Θεὸς
1559 4713 1722 4771 οῖδεν
1740 4733 1755 4751 ο
1795 4718 1893 4772 καὶ

222 4842 242 4858 κ
322 4793 455 4850 οἶδα
488 4797 595 4850 τὸν
634 4799 906 4854 τοιοῦτον
932 4802 1256 4873 μᾰνθρωπον
1283 4806 1623 4879 ἁρπαγέντα
1665 4812 1752 4876 εις
1788 4810 1895 4865 τὸν

321 4887 704 4955 παράδεισον,
734 4890 833 4943 καὶ
860 4892 1165 4960 ἀκηκοότα
1194 4894 1418 4965 ἄρρητα
1434 4898 1690 4967 ῥήματα,
1721 4899 1759 4955 d
1782 4903 1892 4956 οὐκ

320 4978 464 5044 ἐξὸν
493 4976 782 5046 ἀνθρώπῳ
817 4979 1124 5049 ldiﬁcat;
1158 4983 1218 5048 ἐξ
1239 4980 1313 5038 ὧν
1355 4986 1608 5056 δηλοῦται
1648 4988 1705 5041 ἐν
1729 4990 1892 5060 οὑρα-

322 5067 432 5128 νοῖς
476 5064 739 5137 ὑπάρχειν
772 5066 862 5121 τὸν
905 5069 1260 5140 παράδεισονο
1312 5074 1371 5126 οὑ
1401 5074 1509 5146 γὰρ
1545 5071 1717 5141 εἶπεν,
1761 5079 1889 5151 ’Δρ-

321 5153 563 5221 παγέντα
614 5155 695 5218 είς
744 5155 925 5226 τρίτον
974 5158 1222 5230 οὐρανὸν,
1279 5160 1530 5217 κάκεῖθεν
1577 5168 1888 5222 καταϐάντα

319 5244 399 5330 είς
427 5244 518 5330 τὸν
550 5245 876 5316 παράδεισον
906 5262 923 5282 δ
949 5248 1064 5303 ἀλλ’
1088 5252 1145 5304 ὲν
1190 5252 1255 5323 τῇ
1296 5252 1518 5326 ἁρπαγῇ
1562 5256 1888 5330 ἀμφοτέρων

320 5324 586 5402 ἐμνήσθη.

927 5430 1279 5499 Ἀπόκρισις.

400 5510 539 5564 Ἀλλ’
571 5513 671 5567 οὑκ
720 5514 777 5567 ἐν
825 5520 922 5588 μιᾷ
971 5523 1230 5594 συντομία
1282 5525 1372 5579 τὸν
1419 5526 1644 5598 οὐρανὸν
1674 5531 1886 5587 καὶτὸν

321 5601 645 5674 παράδεισον
674 5611 1109 5680 συναπεφήνατο.
1144 5613 1329 5672 Εἶδον
1358 5618 1486 5692 γὰρ,
1544 5624 1726 5694 φησὶν,
1778 5623 1884 5678 (ἲν-

320 5697 556 5763 θρωπον
584 5695 922 5767 ἁρπαγέντα
953 5702 1064 5770 ἓως
1093 5709 1290 5775 τρίτου
1331 5714 1610 5783 οὐρανοῦ,
1644 5715 1737 5771 καὶ¹
1780 5718 1883 5773 πά-

390 5891 435 5923 ⁸³
474 5890 518 5947 ll
563 5893 690 5952 Cor.
732 5912 832 5967 xu,
870 5899 990 5957 2-4.

1714 432 1959 489 [)IALUG
1971 444 2006 488 U
2019 435 2056 488 S
2088 436 2175 490 Ill.

3453 438 3594 493 1090

2024 560 2131 615 que
2183 553 2376 598 natura
2411 544 2572 598 alicui
2608 544 2887 599 vitiositati
2919 543 3177 608 obnoxia,
3229 545 3425 600 mentis
3461 561 3591 617 ope-

2021 637 2286 689 rationem
2331 635 2608 704 suscipere
2648 648 2757 690 non
2800 644 2996 702 potest,
3050 635 3155 690 nisi
3205 636 3271 690 ad
3302 638 3589 706 pristinam

2021 728 2240 784 redierit
2260 727 2570 784 sanitatem.

2086 903 2355 961 Praeterea
2386 904 2692 961 ostenditur
2721 920 2814 976 per
2847 907 2972 975 hoc,
2997 908 3142 977 quod
3169 922 3201 963 a
3231 919 3424 964 natura
3461 926 3593 980 pen-

2017 995 2108 1050 det
2139 1008 2312 1052 mens.
2339 995 2475 1053 Cum
2507 996 2654 1051 enim
2687 997 2778 1051 illa
2823 998 3075 1053 consistit
3111 1004 3165 1054 et
3207 1000 3443 1055 excitata
3482 1011 3591 1066 est,

2016 1086 2179 1140 etiam
2206 1086 2321 1142 hac
2346 1086 2531 1141 ellicax
2567 1096 2652 1142 est
2679 1096 2733 1142 et
2759 1096 3008 1142 movetur
3036 1107 3050 1144 :
3076 1092 3379 1159 composita
3409 1101 3589 1147 autem

2016 1188 2234 1238 somno,
2279 1187 2465 1229 manet
2511 1176 2831 1232 immobilis.
2881 1176 3055 1233 Porro
3101 1194 3189 1234 res
3237 1182 3593 1253 imaginarias

2015 1282 2138 1338 quae
2184 1282 2280 1337 per
2326 1282 2581 1323 somnum
2630 1268 2790 1336 ﬁunt,
2836 1269 3130 1326 simulacra
3171 1276 3419 1341 quaedam
3468 1276 3590 1347 ejus

2015 1375 2137 1430 quae
2185 1367 2270 1415 est
2307 1360 2362 1415 in
2404 1368 2587 1415 mente
2624 1360 2980 1431 operationis,
3023 1378 3146 1419 esse
3191 1374 3482 1434 putamus;
3531 1369 3588 1424 in

2014 1452 2151 1507 locis
2193 1453 2338 1507 enim
2377 1453 2615 1508 insolitis
2656 1462 2711 1507 et
2747 1454 3024 1524 perplexis
3058 1456 3349 1526 aliquoties
3391 1461 3589 1531 aliquis

2014 1545 2118 1600 sibi
2142 1545 2357 1601 videtur
2391 1556 2532 1613 esse,
2561 1546 2707 1616 quod
2734 1546 2789 1600 in
2819 1547 3075 1618 vigilante
3100 1551 3416 1619 neutiquam
3445 1554 3587 1606 acci-

2015 1636 2183 1693 deret.
2225 1637 2493 1692 Accidunt
2521 1649 2701 1695 autem
2735 1639 2853 1693 haec
2894 1640 3167 1709 aliquibus
3208 1651 3262 1696 et
3298 1656 3328 1696 a
3370 1657 3586 1698 morum

2013 1729 2426 1796 constitutione,
2470 1740 2708 1800 suntque
2740 1730 2844 1784 alia
2899 1729 3073 1793 fortis,
3122 1732 3228 1787 alia
3277 1732 3586 1791 meticulosi

2012 1818 2417 1888 phantasmata,
2465 1821 2570 1875 alia
2617 1820 3050 1889 intemperantis,
3090 1821 3194 1877 alia
3225 1822 3415 1888 sobrii,
3447 1839 3587 1895 prae-

2015 1919 2158 1967 terea
2189 1919 2242 1967 et
2267 1912 2532 1979 liberalis,
2564 1921 2620 1967 et
2645 1913 2764 1983 ejus
2792 1914 2884 1983 qui
2917 1914 3242 1969 insatiabilis
3268 1924 3386 1983 est;
3407 1931 3586 1971 rema-

2013 2014 2144 2058 nent
2168 2004 2313 2059 enim
2363 2005 2416 2059 in
2448 2007 2643 2060 animae
2668 2006 3053 2060 reminiscente
3094 2007 3223 2061 sede
3263 2007 3585 2063 diurnorum

2012 2095 2391 2149 exercitiorum
2421 2097 2577 2165 quasi
2613 2097 2826 2151 sonitus
2864 2096 3079 2151 relicti:
3114 2097 3403 2167 aliquoties
3421 2099 3584 2154 etiam

2010 2185 2313 2240 secundum
2371 2176 2763 2256 corporearum
2814 2188 3144 2257 qualitatum
3188 2189 3588 2259 dispositiones

2011 2277 2285 2333 insomnia
2321 2277 2478 2333 ﬁunt.
2504 2278 2596 2333 Sic
2623 2279 2771 2334 enim
2802 2280 3113 2335 sitibundus
3152 2279 3231 2335 ad
3262 2279 3439 2337 l‘ontcs
3464 2296 3587 2336 esse

2011 2368 2113 2423 sibi
2146 2369 2398 2435 videtur;
2445 2376 2500 2422 et
2533 2369 2586 2423 in
2617 2371 2905 2437 conviviis,
2939 2370 3031 2441 qui
3075 2371 3183 2449 cibi
3229 2371 3446 2442 indigus
3477 2380 3583 2428 est.

2013 2458 2254 2529 Denique
2287 2460 2569 2530 multiplex
2595 2461 2935 2517 somniorum
2962 2463 3173 2534 species
3201 2470 3305 2527 est,
3343 2462 3439 2517 sed
3486 2477 3585 2516 va-

2011 2565 2076 2604 na
2101 2568 2116 2617 ;
2144 2602 2151 2609 .
2179 2565 2302 2604 nam
2360 2566 2517 2606 mens
2569 2562 2818 2608 cessante
2864 2568 3128 2609 sensuum
3162 2562 3284 2608 actu
3319 2569 3415 2623 per
3439 2568 3586 2610 som-

2006 2633 2140 2695 num
2183 2649 2453 2706 eontecta,
2504 2657 2679 2712 neque
2726 2658 2819 2712 per
2853 2642 3000 2712 ipsos
3025 2643 3238 2699 elucere
3256 2652 3454 2713 potest,
3489 2659 3587 2699 ne—

2008 2746 2115 2800 que
2142 2746 2366 2800 prorsus
2396 2731 2782 2802 exstinguitur.
2818 2724 2971 2798 Ωιιοὰ
3004 2742 3184 2789 autem
3237 2749 3332 2787 rex
3363 2733 3584 2805 Egypti

2009 2822 2242 2887 Pharao,
2269 2832 2325 2877 et
2344 2820 2854 2879 Nabuchodonosor
2877 2839 2974 2893 per
3001 2823 3274 2879 insomnia
3302 2828 3367 2878 ad
3393 2840 3583 2883 eorum

2006 2914 2371 2985 cognitionem
2395 2913 2697 2980 ducuntur,
2729 2929 2851 2985 qua:
2877 2913 3063 2971 futura
3084 2923 3263 2981 erant,
3291 2915 3342 2969 id
3367 2925 3584 2995 propter

2007 3006 2152 3061 aliud
2178 3021 2207 3060 a
2230 3005 2342 3060 Deo
2364 3007 2739 3077 dispensatum
2766 3016 2867 3074 est,
2899 3017 2960 3063 ut
2981 3007 3428 3065 manifestaretur
3456 3010 3583 3067 abs-

2006 3097 2222 3154 condita
2258 3105 2573 3151 sanctorum
2603 3097 2891 3165 sapientia.

2078 3187 2371 3243 Sciendum
2398 3203 2551 3251 vero,
2586 3188 2706 3257 ejus
2738 3189 2883 3259 quod
2917 3198 3000 3243 est
3026 3188 3337 3245 iutellectile
3365 3191 3431 3245 ad
3458 3206 3581 3247 cor-

2005 3293 2233 3350 porcam
2293 3280 2759 3347 communionem,
2813 3280 3143 3336 inell'abilem
3195 3291 3250 3337 et
3302 3282 3580 3341 intellectu

2004 3370 2617 3443 incomprehensibilem
2657 3372 3099 3442 conjunctionem
3150 3374 3370 3431 habere.
3402 3376 3579 3447 Atque

2004 3463 2108 3520 hoc
2130 3453 2291 3519 etiam
2320 3464 2373 3518 in
2405 3463 2707 3533 praemissis
2737 3464 3001 3535 scriptum
3031 3473 3133 3521 est.

2415 3553 2931 3611 lNTERROGATIO
2969 3556 3151 3612 CXLI.

2074 3646 2308 3712 Quando
2337 3648 2722 3717 percommode
2753 3646 2910 3703 nobis
2938 3648 3242 3717 exposuisti
3267 3664 3329 3703 ea
3353 3665 3476 3719 qua:
3510 3650 3576 3704 ad

2001 3734 2279 3790 hominem
2300 3736 2608 3805 pertinent:
2636 3736 2727 3791 ubi
2752 3736 2847 3790 tibi
2879 3736 3092 3791 videtur
3116 3752 3242 3795 esse
3269 3740 3576 3808 paradisus,

2001 3839 2069 3879 an
2098 3825 2151 3878 in
2177 3827 2340 3890 cudo,
2383 3827 2469 3880 vel
2502 3828 2687 3881 terra?
2715 3826 2850 3881 Nam
2891 3828 2983 3882 alii
3015 3824 3230 3898 quidem
3271 3831 3449 3900 ipsum
3491 3832 3577 3885 di-

2002 3922 2137 3968 cunt
2177 3929 2298 3969 esse
2327 3915 2604 3970 caelestem
2638 3925 2692 3971 ct
2739 3915 3133 3982 intellectilem,
3185 3918 3277 3973 alii
3312 3933 3438 3974 vero
3474 3928 3577 3973 ter-

2001 4015 2231 4061 restrem
2270 4021 2334 4062 ac
2371 4007 2649 4062 scnsilcm.

2632 4096 2941 4167 Responsio.

2070 4183 2203 4237 Mihi
2240 4185 2461 4242 sensilis
2493 4200 2613 4242 esse
2648 4187 2885 4255 videtur,
2921 4197 2975 4243 et
3002 4188 3054 4242 in
3088 4198 3267 4258 terra;
3298 4193 3574 4260 luculente

1999 4289 2065 4330 ac
2089 4275 2378 4333 manifeste
2416 4279 2728 4350 diserteque
2761 4280 2813 4335 id
2853 4280 3194 4338 tradentibus
3222 4283 3442 4343 Litteris
3483 4305 3571 4344 sa-

1997 4378 2128 4420 (ξι-ιε.

2405 4456 2922 4516 INTERROGATIO
2957 4460 3166 4520 CXLII.

2069 4546 2210 4613 Quid
2244 4548 2409 4619 igitur
2446 4550 2548 4606 sibi
2576 4553 2690 4606 vult
2721 4552 2944 4619 Paulus,
2970 4553 3196 4609 dicens:
3231 4554 3371 4611 Novi
3398 4559 3570 4615 hami.

1994 4656 2135 4702 nem,
2166 4650 2287 4694 ante
2322 4657 2488 4696 annos
2522 4644 2940 4712 quatuordecim,
2969 4645 3074 4699 sive
3108 4646 3161 4698 in
3192 4663 3423 4717 corpore,
3464 4654 3571 4709 sive

1993 4739 2148 4784 extra
2185 4747 2392 4800 corpus,
2426 4733 2619 4799 nescio,
2659 4732 2795 4786 Deus
2834 4734 3016 4799 novit;
3045 4746 3096 4789 et
3124 4739 3243 4790 novi
3267 4738 3570 4810 hujusmodi

1994 4818 2254 4873 hominem
2303 4834 2512 4888 raptum
2554 4823 2610 4875 in
2647 4822 2978 4891 paradisum,
3026 4834 3077 4877 et
3121 4826 3332 4881 audisse
3373 4846 3567 4886 arcana

1993 4910 2167 4976 verba,
2191 4928 2308 4982 qua?
2331 4914 2415 4982 fas
2446 4929 2549 4967 non
2577 4913 2646 4967 sit
2679 4913 2876 4966 homini
2908 4913 3051 4984 loqui
3077 4912 3152 4964 ³³2
3183 4916 3393 4982 Quibus
3424 4922 3566 4976 indi-

1993 5012 2154 5059 catur
2200 5005 2254 5057 in
2303 5005 2460 5059 caelis
2507 5018 2631 5060 esse
2672 5004 3008 5074 paradisum.
3055 5005 3173 5062 Non
3213 5009 3355 5065 enim
3405 5012 3564 5082 dixit,

1995 5110 2054 5151 se
2095 5105 2308 5164 raptum
2363 5098 2417 5150 in
2460 5097 2677 5151 tertium
2729 5114 2904 5169 usque
2945 5101 3169 5168 caelum,
3211 5112 3265 5158 et
3314 5105 3438 5160 inde
3471 5106 3561 5161 der

1991 5187 2267 5265 scendisse
2295 5187 2346 5241 in
2382 5188 2737 5258 paradisum;
2786 5191 2882 5246 sed
2923 5191 2977 5247 in
3009 5204 3166 5263 raptu
3208 5202 3563 5268 utrorumque

1989 5283 2258 5338 meminit.

2622 5458 2923 5526 Responsio.

2065 5546 2135 5599 At
2162 5562 2269 5601 non
2300 5564 2412 5604 uno
2442 5552 2763 5620 compendio
2801 5554 2999 5609 caelum
3045 5565 3098 5611 ct
3138 5561 3445 5627 paradisum
3486 5563 3562 5616 si-

1991 5637 2107 5691 mul
2143 5637 2405 5694 deﬁnivit.
2442 5638 2583 5696 Novi
2602 5642 2771 5707 enim,
2806 5643 3004 5717 inquit,
3042 5648 3302 5704 hominem
3330 5659 3559 5719 raptum,

1991 5744 2153 5797 usque
2211 5730 2265 5785 in
2309 5732 2520 5787 tertium
2589 5732 2793 5803 omium,
2858 5745 2913 5792 et
2966 5737 3171 5805 denuo,
3217 5737 3287 5796 1η
3339 5743 3551 5809 paradi-
