4000 6416
432 416 559 471 1091

430 544 564 581 sunt.
599 524 925 580 Necessario
953 525 1117 596 igitur
1145 534 1325 580 vestra
1348 532 1540 581 contra
1572 540 1667 580 vos
1699 524 2012 594 usurpanda

428 618 563 670 mihi
594 633 697 670 vox
726 625 829 678 cst,
863 616 1057 686 sicque
1090 617 1285 672 deinde
1316 616 1383 671 ad
1410 616 1624 671 articuli
1654 616 2012 686 quaestionem

430 706 774 761 redeundum
803 724 817 761 :
851 706 1034 761 dicitis
1063 706 1208 760 enim
1243 706 1422 775 ipsum
1467 720 1577 760 non
1605 706 1834 767 dixisse,
1866 705 2011 775 quod

426 797 792 860 descenderit,
818 797 910 851 sed
935 797 1079 867 quod
1100 804 1289 866 raptus
1319 796 1481 851 fuerit
1503 797 1556 851 in
1578 797 1895 868 paradisum
1921 815 1935 862 ;
1961 808 2014 851 et

428 888 554 942 inde
588 887 898 952 abstulerit,
941 896 1000 941 ut
1040 896 1283 958 apparet,
1330 886 1760 943 clarissimorum
1798 895 2011 957 patrum

426 977 730 1052 doctrinas.
755 974 1211 1045 Quandoquidem
1236 975 1382 1030 enim
1422 989 1527 1029 non
1565 974 1706 1030 dixit
1734 989 1794 1030 se
1821 988 2014 1033 ascen-

428 1067 575 1122 disse
603 1068 656 1121 iu
725 1067 1059 1136 paradisum,
1116 1067 1209 1122 sed
1265 1080 1332 1120 eo
1376 1077 1591 1135 raptum
1640 1080 1779 1128 esse,
1829 1080 2010 1118 annon

429 1158 715 1212 ascendit?
754 1156 809 1210 Si
842 1173 970 1212 vero
1012 1158 1258 1212 ascendit
1287 1172 1411 1211 cum
1450 1163 1752 1224 raperetur,
1800 1161 2015 1209 constat

429 1250 577 1319 quod
619 1257 674 1304 et
712 1249 1058 1304 descenderit
1118 1248 1171 1302 in
1218 1248 1478 1319 paradiso
1536 1254 1749 1316 raptus.
1834 1245 2013 1314 Inquit

428 1343 599 1406 enim,
646 1340 714 1395 Et
760 1342 879 1396 novi
923 1340 1229 1410 hujusmodi
1268 1340 1528 1394 hominem
1574 1350 1787 1407 raptum
1823 1338 1878 1390 in
1917 1354 2011 1407 pa-

432 1434 689 1488 radisum.

822 1543 1345 1601 INTERROGATIO
1392 1542 1619 1600 CXLIII.

503 1661 607 1716 Sed
661 1661 790 1730 quia
855 1675 1018 1729 supra
1069 1675 1171 1715 nos
1226 1659 1424 1714 coelum
1480 1656 1744 1721 cernitur,
1800 1662 2015 1711 constat

432 1751 612 1820 ipsum
652 1763 883 1802 ascensu
932 1763 1090 1803 usum
1142 1762 1283 1809 esse,
1330 1755 1390 1800 ut
1433 1760 1597 1817 supra
1642 1745 1818 1815 ipsum
1843 1751 2008 1808 esset,

433 1838 525 1892 ubi
555 1845 609 1891 et
635 1836 954 1907 paradisum
985 1836 1358 1907 intelligimus.

1071 1926 1377 1997 Responsio.

504 2018 617 2074 Cur
652 2020 816 2089 igitur
849 2035 956 2073 non
998 2029 1293 2090 utrumque
1325 2017 1663 2088 complexus,
1719 2018 1913 2089 inquit,
1945 2017 2013 2071 Et

432 2113 551 2166 novi
590 2111 898 2180 hujusmodi
928 2112 1191 2164 hominem
1226 2118 1440 2179 raptum
1474 2110 1524 2163 in
1559 2109 1743 2162 rwlum
1776 2119 1826 2163 et
1856 2126 2015 2179 para-

431 2206 604 2259 disum
622 2206 647 2258 ?
673 2203 767 2259 sed
792 2203 1078 2271 interiecto
1102 2200 1337 2255 articulo
1358 2201 1477 2253 loca
1500 2198 1770 2261 distinxit,
1791 2199 2009 2269 dicens:

434 2295 501 2349 Et
536 2294 653 2348 novi
679 2292 981 2358 huiusmodi
1004 2291 1265 2344 hominem
1297 2300 1505 2359 raptum
1531 2290 1588 2342 in
1617 2289 1831 2342 tertium
1853 2305 2016 2357 usque

431 2385 638 2449 uelum,
674 2394 723 2439 et
758 2401 963 2448 rursus,
1005 2392 1217 2453 raptum
1252 2383 1307 2436 in
1355 2383 1692 2449 paradisum.
1735 2380 1868 2435 Illud
1916 2396 2016 2436 au-

433 2490 563 2542 tem,
591 2488 640 2533 et
676 2494 880 2542 rursus,
910 2477 977 2531 ad
1007 2476 1176 2530 alium
1213 2475 1451 2545 aliquem
1494 2475 1673 2529 locum
1721 2474 2010 2529 transfert:

432 2572 499 2625 ad
534 2571 947 2626 similitudinem
984 2567 1187 2624 montis
1210 2566 1407 2623 declivi
1432 2579 1631 2636 campo
1667 2565 2014 2625 circumdati,

432 2665 487 2718 in
521 2679 630 2734 quo
662 2664 706 2718 si
739 2663 863 2733 quis
897 2677 1018 2717 esse
1047 2660 1196 2726 velit,
1226 2675 1323 2730 per
1348 2659 1653 2730 ingressum
1679 2657 1734 2711 in
1761 2671 2016 2727 campum

432 2755 592 2810 facile
625 2755 677 2809 in
713 2769 837 2809 eum
870 2753 1182 2822 perveniet;
1220 2751 1267 2804 si
1297 2764 1427 2803 vero
1452 2750 1628 2818 primo
1653 2749 2018 2803 conscendere

432 2856 673 2904 montem
730 2843 998 2907 voluerit,
1055 2852 1114 2898 et
1159 2855 1227 2896 ex
1280 2854 1347 2894 eo
1392 2839 1446 2893 in
1497 2853 1752 2907 campum
1800 2838 2014 2902 venire,

432 2940 662 2993 omnino
697 2933 1070 2993 necessarium
1099 2938 1184 2986 est
1221 2940 1282 2984 ut
1310 2928 1380 2984 ab
1408 2929 1627 2983 excelso
1671 2927 1927 2982 deveniat
1963 2928 2015 2981 in

431 3034 681 3103 planum.
730 3025 1106 3082 Consimiliter
1150 3030 1283 3092 puto
1326 3020 1511 3075 divum
1550 3020 1870 3089 Apostolum
1901 3019 2016 3089 pri-

434 3138 587 3179 mum
618 3121 842 3194 quidem
872 3118 1043 3173 cmlos
1085 3116 1421 3185 ingressum,
1454 3111 1580 3167 inde
1610 3110 1665 3166 in
1702 3111 2017 3181 paradisum

432 3217 721 3271 devolasse
750 3211 968 3268 deinde.
1014 3209 1144 3264 Fide
1173 3218 1356 3262 autem
1398 3206 1598 3278 dignus
1628 3196 1754 3260 ante
1788 3204 2017 3259 Paulum

356 3344 363 3351 -
435 3308 591 3363 testis
622 3318 806 3362 rerum
848 3303 1159 3357 divinarum
1192 3302 1404 3371 peritus
1437 3299 1527 3354 ille
1566 3297 1811 3364 Solomo,
1844 3296 2021 3352 sensi-

433 3400 541 3452 lem
579 3412 744 3465 super
786 3404 988 3448 terram
1027 3393 1345 3464 paradisum
1380 3392 1675 3446 indicans:
1720 3389 2019 3451 Descendit,

438 3488 640 3558 inquit,
680 3487 848 3556 frater
879 3502 1021 3539 meus
1062 3486 1117 3537 in
1166 3484 1378 3536 hortum
1412 3498 1567 3536 suum
1593 3482 1660 3547 ",
1711 3481 1874 3536 simul
1913 3478 2023 3533 Do-

440 3579 578 3634 mini
622 3578 940 3647 signiﬁcans
976 3576 1225 3630 divinum
1259 3573 1313 3627 in
1354 3586 1577 3627 carnem
1624 3571 1940 3635 adventum,
1970 3577 2025 3623 et

439 3670 592 3725 Pauli
638 3670 693 3723 in
745 3669 863 3738 ipso
909 3674 1337 3739 prtemonstrans
1384 3663 1709 3720 descensum
1745 3678 1810 3717 ex
1847 3661 2021 3726 cretis,

392 3808 395 3809 ν
439 3771 733 3832 postquam
762 3776 927 3831 supra
967 3762 1118 3831 ipsos
1163 3776 1193 3815 a
1229 3771 1375 3814 terra
1411 3768 1601 3828 raptus
1633 3767 1800 3813 esset.
1833 3755 2024 3810 Frater

440 3865 623 3911 autem
673 3853 987 3908 Solomonis
1033 3860 1088 3908 et
1124 3851 1280 3905 Pauli
1325 3850 1627 3907 secundum
1676 3863 1905 3905 carnem.
1937 3855 2025 3903 est

438 3946 717 4009 Christus,
750 3944 844 4013 qui
874 3944 929 3997 in
959 3944 1179 3999 hortum
1206 3957 1369 3999 suum
1401 3941 1701 3997 descendit.
1733 3937 1800 3994 Et
1833 3954 2025 3994 rursus

440 4036 545 4090 alia
583 4036 794 4090 ratione
822 4034 1065 4103 ipsorum
1107 4029 1302 4098 frater,
1331 4031 1478 4102 quod
1521 4031 1684 4085 ambo
1723 4029 2025 4101 Synagogte

441 4126 647 4181 alumni
676 4125 822 4191 facti,
859 4124 1296 4181 circumcisionis
1324 4124 1560 4179 cultrum
1591 4122 1693 4178 sub
1713 4122 1847 4193 jugo
1892 4119 2026 4191 legis

440 4218 765 4274 tolerarunt.

830 4393 1345 4452 lNTERROGATlO
1383 4392 1587 4449 CXLIII
1603 4396 1640 4445 '.

508 4491 649 4559 Quid
696 4489 907 4560 igitur?
946 4486 1086 4541 Num
1120 4488 1464 4541 Servatorem
1502 4484 1781 4538 Christum
1822 4495 1929 4535 non
1963 4478 2020 4533 in

444 4585 619 4646 cretis,
652 4581 746 4636 sed
787 4582 840 4633 in
875 4587 1018 4632 terra
1052 4587 1233 4646 putas,
1266 4576 1529 4640 animam,
1577 4574 1706 4628 dum
1737 4571 2023 4643 cruciﬁge-

446 4682 621 4736 retur,
644 4667 785 4739 apud
831 4666 1000 4720 Deum
1038 4666 1328 4735 deponere,
1377 4664 1688 4719 dicentem:
1748 4661 1931 4727 Pater,
1974 4661 2031 4715 in

446 4776 632 4816 manus
664 4768 783 4812 tuas
824 4756 1127 4811 commendo
1154 4756 1401 4825 spiritum
1447 4770 1619 4807 meum
1652 4753 1734 4807 8"t
1767 4753 1833 4808 Et
1863 4754 1929 4808 ad
1953 4752 2033 4808 la-

448 4862 680 4914 tronem,
710 4847 878 4903 Hodie
907 4862 1107 4901 mecum
1136 4848 1238 4901 eris
1285 4847 1337 4899 in
1371 4846 1623 4916 paradiso
1644 4844 1733 4899 3°?
1779 4843 1834 4899 Si
1867 4844 2033 4915 igitur

448 4942 503 4995 in
530 4940 671 4995 ctelo
714 4947 798 4993 cst
829 4938 970 4992 Deus
1004 4944 1059 4990 et
1088 4934 1249 4989 Pater
1282 4934 1509 4993 Christi,
1554 4932 1780 4986 omnino
1828 4930 1939 4984 illic
1976 4938 2031 4984 et

447 5032 732 5103 paradisus
763 5030 886 5096 erit,
914 5029 967 5082 in
998 5043 1161 5097 quem
1180 5026 1435 5081 Christus
1470 5040 1528 5081 se
1556 5024 1809 5094 promisit
1859 5022 2032 5077 intro-

448 5124 740 5177 ducturum
758 5120 1024 5174 latronem
1050 5132 1235 5173 secum
1264 5117 1605 5172 cruciﬁxum.

1081 5207 1387 5279 Responsio.

524 5301 910 5373 Blasphcmum
941 5306 995 5354 et
1020 5308 1276 5355 extrema:
1316 5301 1602 5357 dementiae
1637 5299 1769 5355 mihi
1821 5298 2033 5353 videtur

450 5411 592 5462 esse,
627 5394 681 5448 in
722 5393 862 5449 casio
900 5392 983 5446 vel
1014 5392 1269 5460 paradiso
1300 5400 1536 5471 tantum,
1585 5400 1639 5446 et
1678 5406 1787 5445 non
1830 5390 2033 5458 ubique

451 5487 694 5542 tliriuum
739 5483 947 5539 Numen
982 5498 1103 5539 esse
1158 5483 1412 5538 arbitrari
1450 5504 1463 5539 :
1498 5485 1551 5538 in
1592 5484 1849 5538 omnibus
1887 5480 2033 5537 enim

451 5581 740 5644 exsistcns,
770 5578 950 5632 omnia
984 5592 1202 5647 quoque
1226 5578 1622 5647 complectitur,
1648 5576 1911 5641 coelestia,
1931 5584 2038 5629 ter-

458 5673 671 5740 restria,
716 5672 1071 5727 suhterranea
1106 5670 1377 5739 :proinde
1423 5678 1478 5725 ct
1524 5670 1580 5725 in
1615 5684 1805 5725 orcum
1850 5669 2029 5738 ingre-

1484 412 1545 470 S.
1586 410 2254 475 CIESARILGREGORII
2300 410 2627 477 FRATRIS,

2115 524 2216 588 λιν,
2247 525 2349 589 Εἰς
2390 525 2496 576 τὸν
2522 522 2906 589 παράδεισον.
2954 522 3189 591 Ἀνάγκη
3216 517 3307 576 οὖν
3332 525 3399 594 τῇ
3442 524 3685 598 ὑμετέρᾳ

2116 612 2238 666 καθ’
2269 613 2421 683 ὑμῶν
2451 612 2753 683 χρήσασθαι
2783 614 2952 682 φωνῇ,
2984 603 3088 665 εἷθ’
3113 610 3286 675 οὕτως
3327 612 3420 665 ἐπὶ
3450 613 3548 684 τὴν
3588 616 3684 685 ζή-

2112 719 2269 773 τησιν
2290 702 2383 755 τοῦ
2417 702 2617 774 ἄρθρου
2651 702 2941 770 φοιτῆσαιυ
2976 701 3110 770 φατὲ
3138 700 3249 773 γὰρ
3296 702 3370 772 μὴ
3402 703 3683 774 εἰρηκέναι

2113 793 2296 853 αὐτὸν,
2333 794 2666 858 καταϐάντα,
2696 792 2811 847 ἀλλ’
2838 792 3156 863 ἁρπαγέντα
3181 795 3262 856 εἰς
3288 794 3378 847 τὸν
3420 796 3684 864 παράδει-

2115 900 2226 949 σον,
2255 884 2320 936 ὲκ
2362 883 2551 936 τούτου
2590 883 2998 952 ἀποσειόμενον,
3033 883 3108 946 ὼς
3130 882 3294 948 ἔοικε,
3318 883 3418 946 τὰς
3441 884 3546 938 τῶν
3573 887 3688 938 ἀοι-

2113 974 2286 1044 δίμων
2341 973 2564 1045 πατρῶν
2613 974 2881 1053 παιδείας.
2941 975 3095 1027 Ἐπεὶ
3122 975 3230 1045 γὰρ
3264 976 3364 1028 οὐκ
3400 975 3504 1046 εφη
3550 978 3684 1030 ἁνα-

2114 1066 2304 1125 ϐάντα,
2334 1066 2448 1119 ἀλλ’
2483 1067 2819 1135 ἁρπαγέντα,
2857 1068 3011 1138 παρὰ
3042 1069 3196 1122 τοῦτο
3239 1065 3329 1141 ἆρ’
3353 1071 3451 1122 οὐκ
3492 1070 3687 1124 ἀναϐέ-

2113 1153 2316 1224 ϐηκεν;
2374 1156 2437 1208 Εἰ
2487 1156 2544 1208 δὲ
2591 1156 2929 1227 ἀναϐέϐηκεν
2970 1160 3252 1228 ἁρπαγεὶς,
3305 1159 3546 1230 δηλονότι
3592 1162 3689 1215 καὶ

2114 1246 2486 1315 καταϐέϐηκεν
2519 1247 2577 1298 ἐν
2604 1248 2915 1320 παραδείσῳ
2945 1251 3232 1321 άρπαγείς.
3266 1250 3376 1304 Καὶ
3400 1248 3532 1309 οἶδα
3555 1252 3686 1324 γὰρ,

2115 1338 2267 1406 φησι,
2302 1338 2410 1390 τὸν
2443 1337 2713 1394 τοιοῦτον
2747 1339 3061 1408 ἄνθρωπον
3087 1338 3427 1412 ἁρπαγέντα
3460 1345 3545 1410 είς
3578 1342 3689 1397 τὸν

2114 1426 2501 1496 παράδεισον.

2663 1543 2913 1597 ΠΕΥΣῙΣ
2951 1544 3125 1599 PMI".

2196 1654 2336 1707 Ἀλλ’
2402 1654 2657 1726 ὑπεράνω
2704 1656 2862 1727 ἡμῶν
2915 1656 3187 1727 ὁρώμενος
3240 1655 3488 1729 οὐρανὸς,
3535 1655 3688 1730 δηλοῖ

2113 1745 2373 1800 ἀναϐάσει
2406 1746 2568 1800 αὐτὸν
2608 1748 2972 1818 χρησάμενον,
3032 1747 3286 1818 ὑπεράνω
3334 1747 3499 1802 αὐτοῦ
3530 1747 3685 1818 γενέ-

2116 1834 2261 1903 σθαι,
2303 1835 2431 1889 ἔνθα
2457 1835 2551 1890 καὶ
2582 1836 2674 1889 τὸν
2708 1837 3034 1909 παράδεισον
3067 1825 3312 1910 νοοῦμεν.

2724 1928 3087 1998 Ἀπόκρισις.

2187 2019 2284 2072 Διὰ
2313 2019 2364 2072 τί
2399 2014 2491 2073 οὖν
2523 2018 2598 2090 μὴ
2640 2017 2873 2072 συνελὼν
2902 2019 3029 2091 ἔφη,
3063 2021 3171 2075 Καὶ
3205 2017 3337 2076 οἶδα
3361 2020 3467 2075 τὸν
3494 2020 3687 2077 τοιοῦ-

2114 2114 2220 2160 τον
2264 2108 2577 2175 ἄνθρωπον
2622 2107 2963 2178 ἁρπαγέντα
3008 2111 3096 2175 εὶς
3149 2109 3255 2164 τὸν
3302 2110 3560 2178 οὐρανὸν
3587 2108 3689 2165 καί

2116 2199 2518 2268 παράδεισον;
2572 2199 2706 2253 ἀλλὰ
2760 2203 2828 2271 τῇ
2884 2200 3192 2274 μεσεμϐολῇ
3242 2202 3336 2256 τοῦ
3365 2202 3587 2274 ἄρθρου,
3616 2204 3688 2258 τὰ

2116 2293 2292 2363 χωρία
2331 2291 2601 2361 διέστησε,
2642 2292 2886 2361 φάσκων,
2927 2292 3037 2347 Καὶ
3087 2290 3222 2348 οἶδα
3267 2294 3372 2349 τὸν
3418 2281 3688 2350 τοιοῦτον

2116 2380 2429 2450 ἄνθρωπον
2479 2382 2818 2452 ἁρπαγέντα
2856 2382 2966 2450 ἕως
3023 2385 3220 2453 τρίτου
3268 2384 3523 2453 οὐρανοῦ
3543 2402 3556 2414 ·
3591 2383 3688 2438 καί

2118 2480 2324 2536 πάλιν.
2348 2479 2691 2547 ἁρπαγέντα
2714 2480 2800 2545 εις
2824 2479 3193 2547 παράδεισον
3218 2497 3230 2507 ·
3262 2481 3324 2534 τὸ
3350 2481 3425 2547 δὲ,
3456 2481 3552 2534 καὶ
3579 2478 3687 2533 πά-

2116 2573 2236 2635 λιν,
2263 2569 2346 2638 ἐφ’
2399 2569 2586 2640 ἕτερον
2625 2569 2787 2622 τόπον
2829 2569 2953 2623 τινὰ
3002 2571 3353 2642 μεθίστησιν·
3400 2574 3540 2627 κατὰ
3592 2573 3689 2644 τὴν

2117 2663 2303 2717 εἰκόνα
2344 2661 2439 2716 τοῦ
2470 2667 2666 2733 πρανεῖ
2702 2664 2870 2735 πεδίῳ
2917 2665 3284 2735 κυκλουμένου
3335 2667 3511 2739 ὅρους,
3564 2670 3619 2721 ὲν

2116 2771 2200 2818 τις
2247 2755 2497 2824 γενέσθαι
2552 2756 2847 2827 ἀγάμενος,
2914 2757 3002 2813 διὰ
3055 2759 3155 2831 τῆς
3213 2761 3306 2814 ἐπὶ
3362 2760 3454 2814 τοῦ
3507 2763 3690 2816 πεδίου

2119 2848 2364 2918 πορείας,
2396 2846 2653 2918 εὐμαρῶς
2682 2847 2855 2920 τούτῳ
2902 2851 3184 2922 ὲπιφοιτᾷν
3233 2854 3281 2906 εί
3325 2853 3382 2907 δὲ
3411 2852 3689 2924 βουληθείη

2122 2936 2335 3005 πρῶτον
2367 2934 2623 3008 ἐπιϐῆναι
2657 2936 2734 3007 τῷ
2767 2936 2901 3009 ὄρει,
2951 2938 3009 3005 ἐξ
3066 2939 3230 2994 αὐτοῦ
3276 2941 3331 2994 δὲ
3377 2939 3454 3012 τῷ
3504 2941 3689 3013 πεδίῳ,

2123 3027 2273 3080 πᾶσα
2305 3025 2517 3098 ἀνάγκη
2553 3028 2615 3081 ἐκ
2647 3028 2741 3082 τοῦ
2791 3030 2996 3100 ὑψηλοῦ
3042 3031 3134 3083 ἐπὶ
3179 3031 3239 3084 τὸ
3288 3032 3490 3103 πρανὲς
3534 3034 3693 3087 aia-.6?

2124 3117 2549 3189 παραγενέσθαι.
2602 3120 3007 3193 Παραπλησίως
3037 3122 3179 3175 δοκῶ
3212 3122 3301 3176 τὸν
3342 3122 3486 3193 ἱερὸν
3532 3123 3696 3179 Ἀπό-

2124 3208 2327 3272 στολον,
2370 3208 2583 3278 πρῶτον
2638 3209 2736 3281 μὲν
2790 3213 2903 3275 τοῖς
2951 3211 3198 3280 οὐρανοῖς
3247 3214 3688 3285 ὲπιφοιτήσαντα,

2122 3296 2329 3350 ὲκείθεν
2356 3298 2434 3360 είς
2463 3298 2555 3350 τὸν
2585 3299 2912 3368 παράδεισον
2954 3301 3314 3371 καταπτῆναι.
3361 3301 3696 3366 ’Δξιόπιστος

2122 3389 2178 3443 ἃ
2207 3390 2314 3460 πρὸ
2343 3388 2555 3443 Παύλου
2591 3391 2802 3462 μάρτυς
2830 3393 2858 3443 ὁ
2894 3391 3000 3445 τῶν
3031 3391 3189 3446 θείων
3230 3393 3394 3463 σοφὸς
3426 3392 3693 3464 Σολομὼν,

2124 3479 2379 3551 αἰσθητὸν
2399 3479 2493 3533 καὶ
2514 3480 2607 3533 ἐπὶ
2637 3480 2742 3551 γῆς
2765 3481 2939 3552 δηλῶν
2968 3481 3058 3536 τὸν
3083 3484 3406 3554 παράδεισον
3425 3501 3439 3514 ·
3473 3485 3693 3553 Κατέϐη

2124 3571 2256 3641 γὰρ,
2294 3570 2481 3641 φησὶν,
2519 3574 2550 3625 ὀ
2589 3571 2911 3642 ἀδελφιδός
2939 3591 3058 3643 μου
3096 3577 3182 3641 είς
3215 3574 3321 3627 τὸν
3366 3573 3563 3643 κῆπον
3594 3578 3699 3629 αὐ-

2125 3661 2253 3727 τοῦ,
2292 3662 2427 3733 ὀμοῦ
2454 3662 2553 3735 τὴν
2585 3662 2677 3716 τοῦ
2703 3663 2906 3733 Κυρίου
2938 3665 3215 3736 σημαίνων
3244 3665 3557 3737 θεανδρικὴν
3580 3668 3699 3719 ἐπι-

2127 3755 2395 3826 φοίτησιν,
2431 3756 2525 3809 καὶ
2551 3755 2649 3826 τὴν
2685 3754 2899 3809 Παύλου
2922 3758 2979 3809 ὲν
3017 3756 3165 3828 αὐτῷ
3198 3759 3506 3829 προφαίνων
3531 3759 3700 3812 κατά-

2126 3846 2284 3900 ϐασιν
2311 3845 2370 3910 ἐξ
2401 3846 2663 3917 οὐρανῶν,
2701 3846 2837 3917 μετὰ
2857 3846 2953 3918 τὴν
2980 3847 3090 3901 ἀπὸ
3114 3848 3213 3919 τῆς
3240 3849 3341 3920 γῆς
3367 3850 3503 3922 ὑπὲρ
3523 3849 3702 3903 αὐτῶν

2127 3935 2382 4008 ἁρπαγήν
2406 3952 2419 3965 ο
2457 3936 2683 4005 ἁδελφὸς
2710 3935 2767 3990 δὲ
2794 3937 3137 4008 Σολομῶντος
3182 3938 3274 3993 καὶ
3310 3939 3521 3993 Παύλου
3559 3942 3702 3995 κατὰ

2129 4028 2307 4099 σάρκα
2354 4028 2383 4080 ὁ
2409 4028 2666 4101 Χριστὸς,
2698 4028 2726 4080 ὁ
2765 4030 2845 4092 είς
2872 4030 2965 4084 τὸν
2999 4031 3203 4101 κόσμον
3242 4031 3406 4085 αὐτοῦ
3440 4032 3698 4097 καταϐάς.

2128 4119 2239 4171 Καὶ
2301 4118 2461 4172 πάλιν
2504 4118 2688 4190 ἕτερος
2722 4119 2946 4188 ἀδελφὸς
2995 4121 3195 4186 αὐτῶν,
3239 4122 3403 4193 ἄμφω
3440 4124 3535 4194 τῆς
3579 4140 3703 4177 συν·

2130 4210 2352 4280 αγωγῆς
2387 4209 2662 4263 ύπὸτιτθοι
2703 4210 3001 4281 γενόμενοι,
3035 4212 3129 4266 κα)⁸
3170 4215 3266 4284 τῆς
3300 4215 3594 4286 περιτομῆς
3640 4215 3703 4269 τὸ

2134 4299 2371 4370 σιδήριον
2396 4303 2856 4373 καρτερήσαντες,
2891 4303 2985 4355 καὶ
3014 4302 3090 4372 τῷ
3116 4304 3264 4372 ζυγῷ
3290 4304 3382 4358 τοῦ
3412 4306 3595 4376 νόμου.

2688 4392 2935 4447 ΠΕΥΣΙΣ
2968 4395 3123 4448 PM!"
3144 4398 3180 4449 '.

2196 4482 2262 4535 Τί
2308 4478 2430 4550 οὗν;
2480 4484 2707 4557 Σωτῆρα
2755 4486 2988 4557 Χριστὸν
3036 4488 3136 4542 οὐκ
3174 4490 3232 4542 ὲν
3278 4490 3540 4563 οὐρανοῖς,
3590 4486 3706 4546 ἀλλ’

2131 4575 2223 4627 ἐπὶ
2246 4579 2348 4646 γῆς
2373 4575 2610 4648 νομίζεις
2636 4578 2732 4648 τὴν
2754 4578 2931 4651 ψυχὴν
2955 4580 3013 4631 ὲν
3039 4579 3117 4651 τῷ
3148 4583 3507 4653 σταυροῦσοαι
3536 4601 3705 4656 παραο

2130 4668 2392 4731 τίθεσθαι,
2422 4668 2665 4736 λέγοντα,
2698 4668 2910 4738 Πάτερ,
2949 4674 3036 4739 είς
3072 4673 3275 4743 χεξράς
3310 4692 3427 4729 σου
3465 4675 3705 4745 παρατὶ-

2132 4762 2272 4829 θημι
2306 4758 2370 4812 τὸ
2403 4758 2636 4829 ττνεῦμό
2664 4778 2781 4829 μου
2801 4778 2814 4791 ·
2850 4762 2942 4815 καὶ
2984 4763 3120 4834 πρὸς
3160 4763 3250 4818 τὸν
3280 4763 3500 4836 λῃστὴν,
3524 4764 3698 4834 Σήμε-

2124 4868 2240 4919 ρον
2270 4853 2399 4921 μετ’
2432 4850 2577 4920 ἐμοῦ
2616 4852 2732 4921 ἔσῃ
2776 4854 2844 4908 ἐν
2886 4851 2965 4919 τῷ
3013 4855 3390 4925 παραδείσφ;
3434 4857 3495 4910 Εἰ
3527 4853 3619 4913 οὖν
3651 4858 3707 4910 ἐν

2134 4941 2348 5015 οὐρανῷ
2375 4943 2403 4994 ὁ
2432 4942 2563 5007 Θεὸς
2593 4944 2686 4997 καὶ
2711 4945 2899 5018 Πατὴρ
2928 4947 3021 5001 τοῦ
3057 4947 3313 5019 Χριστοῦ,
3350 4948 3466 5001 ἐκεῖ
3497 4948 3709 5011 πάντως

2136 5034 2228 5087 καὶ
2257 5034 2284 5086 ὁ
2317 5033 2659 5106 παράδεισος,
2692 5038 2748 5089 ἐν
2854 5038 2944 5092 τὸν
2979 5038 3177 5111 λῃστὴν
3214 5038 3455 5107 εἰσάγειν
3503 5040 3531 5093 ὁ
3572 5040 3706 5111 Χρι-

2138 5122 2260 5186 στὸς
2291 5123 2653 5194 ἐπηγγείλατο
2678 5127 3141 5199 συσταυρούμενον
3180 5128 3347 5199 αὐτῷ.

2758 5212 3108 5288 Ἀπόκρίσις.

2207 5306 2556 5379 Βλάσφημον,
2601 5310 2696 5362 καὶ
2744 5309 2923 5382 πάσης
2961 5312 3145 5377 ἀνοίας
3187 5330 3276 5384 μοι
3327 5313 3492 5379 δοκεῖ,
3531 5315 3588 5367 ἐν
3631 5313 3715 5367 οὐ·

2141 5397 2287 5469 ρανῷ
2340 5399 2373 5470 ἢ
2418 5401 2729 5474 παραδείσῳ
2780 5403 2959 5474 μόνον,
2997 5405 3092 5458 καὶ
3135 5404 3209 5476 μὴ
3258 5406 3435 5478 πάντη
3465 5405 3526 5460 τὸ
3562 5406 3712 5460 Θεῖον

2137 5488 2377 5543 οἴεσθαι·
2422 5492 2481 5545 ὲν
2537 5493 2670 5545 πᾶσι
2715 5493 2824 5565 γὰρ
2880 5495 3143 5566 ὑπάρχον,
3199 5495 3294 5549 καὶ
3343 5496 3560 5551 πάντων
3599 5496 3711 5550 ἐστὶ

2142 5579 2487 5650 περιεκτικδν
2524 5582 2787 5653 οὐρανίων
2834 5601 2893 5637 τε
2938 5586 3032 5640 καὶ¹
3080 5586 3369 5654 ἐπιγείων,
3418 5586 3513 5641 καὶ
3551 5604 3713 5641 κατα-

2135 5665 2359 5737 χθονίων
2378 5686 2391 5699 ·
2422 5668 2561 5723 ὥστε
2587 5666 2679 5726 οὖν
2700 5674 2792 5727 καὶ
2825 5675 2881 5731 ὲν
2909 5674 2985 5746 τῷ
3007 5674 3109 5748 ᾄδῃ
3136 5677 3466 5749 φοιτήσασαν
3489 5676 3589 5749 τὴν
3612 5672 3712 5734 τοῦ

524 5852 570 5884 ⁸⁵
611 5862 768 5921 Cant.
817 5878 892 5929 vr,
951 5863 999 5929 Ι,
1044 5877 1159 5919 sec.
1214 5861 1378 5919 LXX.
1455 5866 1500 5898 ⁸⁸
1545 5864 1680 5922 Luc.
1718 5881 1875 5936 χχιιι,
1926 5867 1996 5922 46

2127 5868 2140 5900 ⁵
2187 5868 2320 5925 ibid.
2355 5869 2445 5927 45.
