4000 6402
305 399 444 456 1098

303 516 439 573 Θεοῦ
488 519 582 574 καὶ
631 518 803 590 Λόγου
860 519 1231 592 σαρκωθέντος
1264 517 1462 588 ψυχὴν,
1513 516 1571 569 ὲν
1613 516 1732 579 ταῖς
1782 532 1888 567 πα-

304 608 507 679 τρῷαις
520 610 707 681 χερσὶν
742 611 912 683 αὐτὴν
951 611 1220 681 ὑπάρχειν
1247 608 1457 678 φαμένο
1496 609 1551 660 ὲν
1584 607 1893 677 παραδείσῳ

305 696 362 750 δὲ
390 698 668 769 γινόμενον
696 700 929 773 Χριστὸν
966 703 1031 771 τῇ
1064 699 1297 771 θεότητι,
1322 699 1415 752 καὶ
1446 696 1540 751 τοῦ
1569 695 1767 768 λῃστοῦ
1797 696 1894 767 τὴν

304 791 479 864 ψυχὴν
519 795 954 866 συνεπαγόμενον
973 811 988 825 ·
1038 795 1133 848 καὶ
1183 794 1355 857 οὑτως
1392 796 1513 857 ταῖς
1556 793 1649 846 τοῦ
1692 792 1891 863 Γεννή-

304 897 462 953 τορος
519 884 796 956 παλάμαις
847 884 1211 939 ἐνδιαιτᾶσθαι
1278 883 1440 938 αὑτὸν
1500 882 1887 953 ὁμολογοῦμεν.

315 972 372 1027 '0
402 970 513 1047 γὰρ
542 974 881 1045 Θεὸςήμῶν
907 974 1080 1040 ἐντῷ
1107 972 1340 1044 οὐρανῷ
1375 971 1665 1042 καὶέντῃῖ
1696 971 1795 1042 γῇ,
1824 972 1895 1026 ἐν

305 1060 437 1126 ταῖς
473 1062 833 1127 θαλάσσαις,
885 1062 989 1116 καὶ.
1038 1063 1109 1116 ἐν
1153 1062 1376 1129 πάσαις
1419 1062 1547 1128 ταῖς
1579 1062 1893 1134 ἀϐύσσοις,

306 1150 440 1221 φησὶ
468 1150 632 1205 Δαὸὶδ
662 1153 690 1205 6
716 1150 823 1204 τῶν
859 1152 1019 1205 θείων
1049 1152 1281 1223 μελῳδός
1301 1170 1313 1182 ·
1344 1152 1435 1206 καὶ
1470 1152 1650 1217 πάλιν,
1680 1153 1800 1204 Ὅτι
1826 1153 1896 1206 ἐν

304 1241 381 1310 τῇ
413 1242 565 1311 χειρί
598 1242 787 1297 αὐτοῦ
832 1243 907 1296 τὰ
949 1242 1173 1313 πέρατα
1212 1243 1323 1312 τῆς
1358 1242 1500 1313 γῆς·
1532 1242 1629 1298 καὶ
1670 1244 1829 1297 πάλιν
1866 1245 1895 1296 6

305 1332 492 1398 αὑτὸς,
537 1332 670 1387 Ἐὰν
720 1334 917 1388 ἀναϐὧ
956 1337 1042 1401 είς
1079 1333 1185 1388 τὸν
1221 1335 1499 1403 οὐρανὸν,
1530 1333 1611 1388 σὺ
1647 1333 1775 1389 ἐκεῖ
1805 1330 1890 1387 εἷ’

305 1421 414 1476 ἐὰν
450 1421 680 1475 καταϐῶ
708 1426 792 1489 εἰς
830 1424 938 1479 τὸν
966 1424 1141 1492 ᾅδην,
1168 1423 1359 1493 πάρει.
1398 1426 1459 1479 El
1504 1425 1561 1480 δὲ
1602 1427 1630 1479 6
1667 1425 1894 1497 οὐρανὸς

306 1510 521 1565 πάντων
554 1512 700 1566 ἐστὶν
727 1512 1046 1586 ὑπέρτερος,
1080 1513 1213 1585 ᾅδης
1242 1514 1299 1567 δὲ
1341 1514 1451 1567 τῶν
1494 1514 1630 1568 ὅλων
1676 1514 1894 1584 βαθύτε-

310 1620 420 1673 ρος,
447 1604 505 1656 ὲν
525 1603 732 1667 τούτοις
755 1604 812 1657 δὲ
837 1604 898 1657 τὸ
919 1604 1070 1658 Θεῖον
1097 1606 1349 1677 ὑπάρχει,
1375 1606 1490 1676 ἅμα
1514 1623 1572 1659 τε
1598 1605 1691 1660 καὶ
1716 1607 1894 1661 πάντα

308 1696 582 1768 περιέχειν
608 1696 804 1767 βοῶσιν
826 1694 876 1751 δι
902 1697 1198 1763 θεσπέσιοι,
1228 1698 1467 1769 δηλονότι
1497 1698 1591 1753 καὶ
1610 1701 1637 1752 6
1661 1699 1893 1770 Χριστὸς

305 1791 372 1858 τῇ
409 1788 618 1859 θεότητι
651 1789 826 1861 πάντη
858 1789 1163 1862 συμπαρὼν
1189 1791 1268 1863 τῷ
1295 1791 1488 1862 Πατρὶ,
1518 1792 1576 1844 ὲν
1615 1795 1735 1855 ταῖς
1760 1809 1884 1863 χερ-

310 1878 393 1931 σὶν
450 1878 612 1932 αὑτοῦ
661 1878 1016 1952 παρατίθεται
1065 1881 1164 1953 τὴν
1205 1882 1404 1953 ψυχήν.
1442 1883 1505 1936 El
1551 1881 1660 1953 γὰρ
1689 1886 1881 1956 ψυχαὶ

307 1966 633 2022 δικαίωνέν
647 1971 796 2040 χειρὶ
814 1973 1055 2042 Κυρίου,
1099 1974 1282 2039 καθώς
1313 1991 1478 2046 φησιν
1508 1977 1537 2029 6
1565 1975 1878 2046 Προφήτης,

312 2057 486 2129 πολλῷ
512 2060 711 2129 μᾶλλον
733 2060 825 2115 τοῦ
853 2062 987 2116 Θεοῦ
1023 2065 1115 2117 καὶ
1153 2065 1357 2134 Λόγου·
1391 2065 1520 2136 παρ’
1547 2057 1607 2117 οὗ
1642 2064 1879 2133 ἐπίγειον

307 2148 399 2202 καὶ
424 2148 679 2220 αἰσθητὸν
715 2150 977 2223 ὑπάρχειν
1004 2153 1094 2206 τὸν
1122 2154 1446 2225 παράδεισον
1478 2151 1840 2222 παιδευόμεθα
1860 2168 1895 2227 ’θ

305 2239 365 2291 οὑ
397 2239 504 2310 γάρ
538 2257 669 2314 φησι
703 2242 781 2313 τῷ
814 2244 906 2296 ὲπί¹
959 2243 1113 2308 ξύλου
1161 2244 1646 2316 συναπῃωρημένῳ
1687 2242 1881 2315 λῃστῇ,

304 2330 572 2401 Σήμερον
586 2334 712 2402 μετ’
741 2334 885 2402 ἐμοῦ
913 2335 1028 2404 ἔσῃ
1045 2335 1114 2388 ἐν
1142 2336 1221 2401 τῷ
1245 2335 1615 2403 παραδείσῳ;
1646 2336 1885 2392 Ἀντεισ-

305 2423 426 2492 ἀγει
484 2424 660 2479 τοίνυν
700 2426 755 2477 ὲν
797 2427 1110 2497 παραδείσῳ
1155 2429 1183 2480 6
1227 2428 1317 2480 τὸν
1349 2427 1552 2498 λῃστὴν
1588 2427 1759 2499 ’Λδάμ
1791 2430 1881 2496 ἐξ·

304 2515 510 2585 βρίσας,
534 2513 624 2568 τὸν
652 2515 890 2586 δυσμενῆ
921 2517 1123 2589 λῃστὴν
1156 2518 1401 2588 ἐλεήσας.

864 2607 1114 2660 ΠΕΥΣΙΣ
1143 2609 1320 2662 PMA'.

373 2696 434 2748 Τί
469 2691 559 2749 οὖν
602 2696 846 2767 βούλεται
888 2699 1135 2764 Ἡσαΐας,
1170 2702 1236 2752 ὲκ
1283 2699 1575 2772 προσώπου
1607 2703 1702 2757 τοῦ
1747 2704 1881 2757 Θεοῦ

300 2787 494 2859 λέγων,
537 2788 660 2843 Ἐπί
685 2788 801 2843 τῶν
824 2790 1040 2860 χειρῶν
1061 2808 1180 2861 μου
1223 2792 1611 2863 ἐζωῖιρὰεεησά
1649 2812 1764 2849 σου
1811 2798 1882 2851 τὰ

300 2887 466 2954 τείχη
485 2897 501 2951 ;
534 2886 669 2957 ὅπερ
703 2886 927 2956 νοοῦμεν
959 2888 1085 2957 περί
1124 2886 1217 2939 τοῦ
1250 2887 1574 2959 παραδείσου
1604 2890 1876 2957 λέγεσθαι.

300 2977 409 3031 Καὶ
435 2978 462 3030 6
502 2976 819 3041 Ἀπόστολυς
842 2977 900 3030 δὲ
930 2976 1086 3030 τοῦτο
1113 2977 1285 3048 δηλῶν
1314 2982 1535 3048 γράφει,
1578 2979 1637 3035 Ἠ
1662 2978 1731 3032 δὲ
1759 2979 1880 3033 ἅνω

311 3068 696 3139 Ἰερουσαλὴμ
742 3067 1025 3137 ἐλευθέρα
1068 3068 1259 3133 ἐστὶν,
1301 3069 1430 3138 ἥτις
1478 3071 1651 3124 ἐστίν
1681 3071 1880 3140 μήτηρ

298 3156 496 3229 ἡμῶν
536 3158 724 3229 ἥντινα
779 3158 878 3211 οὑκ
932 3155 1097 3227 ἄλλην
1154 3155 1446 3227 δοκοῦμεν,
1500 3157 1532 3227 ἢ
1583 3158 1672 3211 τὸν
1712 3158 1879 3227 παρά-

298 3250 490 3306 δεισον.

905 3345 1267 3414 Ἀπόκρισις.

368 3432 693 3507 Συνηγορεῖν
721 3434 917 3506 μᾶλλον
946 3436 979 3508 ἢ
1006 3437 1330 3508 κατηγορεῖν
1367 3451 1455 3506 μοι
1493 3433 1726 3501 ἐοίκατε,
1757 3433 1879 3487 ἀντὶ

299 3524 626 3595 παραδείσου
674 3527 981 3598 φυτοκόμου
1018 3529 1115 3584 καὶ
1157 3524 1550 3599 φρουροπώρου
1594 3525 1751 3580 πόλιν
1782 3524 1878 3580 καὶ

298 3613 449 3684 τείχη
484 3631 573 3684 μοι
604 3617 966 3687 παράγοντες.
1001 3616 1103 3680 Τίς
1144 3618 1200 3670 δὲ
1240 3620 1332 3671 καὶ
1371 3616 1656 3687 ὁμωνυμία
1688 3633 1878 3688 παρα-

298 3703 475 3755 δείσου
508 3705 600 3756 καὶ
634 3706 1005 3777 Ἰερουσαλὴμ,
1048 3707 1081 3777 ἦ
1131 3708 1361 3777 οὐρανοῦ
1410 3708 1505 3760 καὶ
1549 3708 1648 3776 τῆς
1698 3708 1876 3779 Ἐδὲμ,

300 3792 357 3844 ἐν
447 3792 536 3845 τὸν
579 3792 905 3863 παράδεισον
951 3794 1154 3863 Μωσῆς
1182 3795 1285 3846 ὑπὸ
1312 3793 1446 3846 Θεοῦ
1483 3796 1771 3863 γενόμενον
1794 3794 1881 3863 δη-

299 3885 401 3950 λοῖ,
432 3886 674 3954 φάσκων,
724 3874 833 3938 Καὶ
892 3885 1224 3953 ἐφύτευσεν
1265 3888 1297 3938 ό
1338 3885 1480 3951 Θεὸς
1513 3884 1880 3953 παράδεισον

296 3976 367 4029 ἐν
404 3974 573 4045 Ἐδὲμ
608 3976 755 4030 κατὰ
780 3975 1102 4041 ἀνατολάςο
1138 3975 1258 4044 οὑχὶ
1304 3975 1360 4028 δὲ
1406 3976 1464 4029 ἐν
1495 3974 1711 4046 οὐρανῷ
1739 3975 1881 4029 κατὰ

297 4066 586 4130 ἀνατολάς·
626 4067 735 4121 Καὶ
790 4064 971 4136 πηγὴ,
1005 4066 1191 4138 φησὶν,
1235 4066 1539 4121 ἀναϐαίνει
1590 4065 1661 4131 ἐξ
1714 4066 1880 4136 Ἐδὲμ

298 4159 554 4221 ποτίζειν
580 4158 686 4213 τὸν
716 4159 1110 4228 παράδεισον·
1147 4158 1264 4229 οὑχ).
1292 4158 1347 4212 δὲ
1372 4158 1687 4213 καταϐαίνει
1712 4158 1769 4225 ἐξ
1798 4160 1881 4213 οὑ-

300 4249 490 4320 ρανοῦο
525 4250 631 4304 Kal
678 4250 941 4319 ποταμὸς
983 4250 1368 4318 ἐκπορεύεται
1418 4248 1488 4314 ἐξ
1525 4249 1712 4319 Ἐδέμ,
1758 4250 1877 4322 οὑχὶ

297 4342 352 4396 δὲ
379 4342 617 4396 κάτεισιν
640 4340 697 4409 ἐξ
722 4340 961 4413 οὐρανῶν
981 4358 996 4373 ο
1034 4336 1241 4406 Οὗτος,
1275 4340 1428 4411 φησὶ,
1476 4339 1761 4410 μερίζεται
1790 4344 1876 4407 εἰς

298 4433 599 4502 τέσσαρας
635 4432 841 4503 ἀρχὰς,
870 4433 990 4503 οὐχὶ
1011 4433 1067 4487 δὲ
1092 4435 1359 4506 καταρρεῖ
1379 4434 1458 4497 είς
1489 4434 1662 4504 ἀρχὰς
1688 4433 1877 4488 τέσσα-

298 4543 427 4597 ρας;
451 4523 560 4578 Ποῦ
608 4524 665 4577 δὲ
696 4526 754 4578 ὲν
793 4524 1005 4596 οὑρανῷ
1052 4527 1230 4591 συκαῖ,
1272 4524 1532 4595 φοίνικες,
1580 4525 1674 4578 καὶ
1729 4526 1869 4596 ῥοαὶ,

298 4617 392 4670 καὶ
417 4616 486 4670 τὰ
511 4615 693 4681 λοιπά,
720 4611 801 4680 οἷς
828 4616 1151 4689 παράδεισος
1182 4616 1503 4685 πυκάζεται,
1537 4618 1630 4671 καὶ
1662 4617 1873 4672 θάλλειν

298 4708 507 4775 πέφυκε
529 4726 543 4772 ;
582 4708 692 4761 Ποῦ
719 4708 777 4761 δὲ
802 4710 859 4761 ὲν
886 4709 1133 4779 οὐρανοῖς
1154 4711 1331 4781 κρήνη
1373 4710 1468 4763 καὶ
1499 4708 1752 4779 ποταμοὶ,
1780 4711 1873 4763 καὶ

300 4797 463 4867 φυτὸν
496 4797 885 4867 παραϐάσεως,
937 4800 1135 4853 ’Δκουε
1167 4800 1346 4855 τοίνυν
1376 4800 1469 4854 τοῦ
1517 4798 1873 4871 συγγραφέως

296 4886 421 4949 τοὺς
450 4887 514 4939 ἐκ
546 4886 673 4956 μιᾶς
714 4887 919 4956 κρήνης
966 4887 1333 4958 ἀπορρέοντας
1384 4888 1655 4960 τέσσαρας
1692 4905 1875 4941 ποτα-

302 4978 433 5048 μοὺς
457 4975 974 5049 προσαγορεύοντος,
1002 4979 1096 5031 καὶ
1123 4979 1286 5032 οἱονεὶ
1311 4977 1874 5048 δακτυλοδεικτοῦντος

298 5068 493 5130 αὐτοὺς
514 5070 580 5139 τῇ
612 5067 971 5139 προσηγορίᾳ.
1000 5072 1105 5122 Kal
1141 5068 1326 5139 ὄνομα
1352 5068 1430 5133 τῷ
1457 5069 1547 5124 ἐνὶ
1579 5074 1870 5129 Φεισσών.

302 5153 489 5224 Οὗτος
519 5159 587 5212 δὲ
618 5158 733 5226 τῂν
762 5160 1089 5224 Αἰθιοπίαν,
1136 5160 1288 5231 φησὶ,
1323 5161 1420 5214 καί
1456 5162 1570 5230 τὴν
1614 5164 1877 5234 Ἰνδικὴν

300 5247 665 5315 παροδεύων,
698 5248 937 5323 Γάγγης
967 5251 1101 5319 παρ’
1125 5250 1323 5304 αὐτῶν
1342 5257 1840 5323 προσαγορεύεται
1858 5274 1871 5287 ο

301 5337 452 5406 παρὰ
508 5338 568 5391 δὲ
627 5338 880 5411 Ἕλλησιν
934 5341 1141 5415 Ἴστρος
1206 5342 1300 5396 καὶ
1359 5343 1516 5407 Ἰνδὸς
1594 5346 1833 5416 ποταμός
1857 5363 1870 5377 ·

302 5427 454 5497 παρὰ
480 5428 537 5481 δὲ
577 5429 855 5502 Ἰλλυριοῖς
879 5434 972 5486 καὶ
1013 5434 1306 5497 Ῥιπιανοῖς
1332 5436 1441 5498 τοῖς
1469 5438 1751 5507 παροικοῖς
1780 5437 1872 5491 τοῦ

305 5519 551 5591 Ἴστρου,
603 5521 910 5591 Δανούὸης·
968 5526 1119 5595 παρὰ
1174 5526 1230 5578 δὲ
1280 5525 1495 5590 Γότθοις
1542 5527 1868 5593 Δουναῠτις·

300 5612 481 5665 πᾶσαν
506 5612 562 5665 δὲ
603 5612 701 5683 τὴν
728 5613 832 5683 γῆν
872 5616 1070 5669 Εὑῖλάτ
1101 5617 1336 5681 κυκλῶν,
1363 5618 1458 5689 τὴν
1493 5619 1751 5692 δευτέραν
1781 5622 1872 5675 Αί-

370 5794 617 5875 ³[Ρεε1.⁸
640 5809 861 5875 εκκιιν,
1038 5794 1088 5875 ’ξι
1124 5792 1270 5875 [ﬁsa].
1304 5796 1540 5875 Iterat:
1569 5867 1578 5875 .
1603 5795 1659 5875 _"
1685 5794 2183 5875 _l:sal._-c_rx.rvm_,_
2313 5793 2697 5875 _'°__Sap.“u_t_,.

573 5867 619 5900 οι
648 5865 784 5921 Gen.
822 5880 883 5933 ιι,
929 5867 982 5919 8.
1053 5867 1098 5897 ει
1130 5863 1262 5920 ibid.
1301 5864 1353 5918 6.
1428 5866 1474 5896 ου
1509 5866 1638 5920 ibid.
1682 5865 1763 5921 l0.
1842 5867 1881 5898 οε

1989 5869 2063 5923 id.
2139 5869 2183 5898 ’⁷
2216 5864 2349 5925 ibid.
2385 5865 2467 5918 ll.
2501 5863 2507 5864 ⁷
2546 5863 2759 5921 "ibid.
2803 5863 2890 5917 15.

304 5883 381 5934 ιν,
408 5866 496 5923 26.

1682 394 2035 452 DlALOGUS

2102 393 2189 451 Ill.
3436 401 3574 454 illi”

1996 514 2231 569 dientem
2263 515 2353 569 Dei
2378 524 2431 570 ct
2473 513 2632 570 Verhi
2670 516 2936 571 incarnati
2977 531 3196 572 carnem
3234 518 3287 571 in
3332 518 3577 587 paternis

1998 604 2251 658 manibus
2288 620 2409 660 esse
2459 606 2712 662 dicimus.
2764 606 2820 661 ln
2873 609 3128 678 paradiso
3175 616 3357 679 autem
3402 608 3576 665 fuisse

1994 695 2276 751 Christum
2305 697 2610 761 divinitate,
2649 707 2705 751 et
2743 714 2849 752 una
2878 699 3107 753 latronis
3129 700 3366 754 animam
3401 699 3577 755 addu-

1995 786 2163 853 xisse,
2216 787 2407 858 sicque
2461 789 2516 842 in
2550 788 2826 846 Genitoris
2876 791 3132 845 manibus
3178 792 3357 861 ipsum
3402 792 3574 848 fuisse

1994 876 2336 933 conﬁtemur.
2373 878 2514 934 Deus
2543 881 2687 935 enim
2720 889 2896 936 noster
2910 882 2965 936 in
2991 881 3143 944 creto,
3170 890 3218 936 et
3241 883 3297 935 in
3329 892 3489 949 terra,
3521 892 3574 937 et

1994 967 2050 1021 in
2075 969 2233 1035 mari,
2257 979 2304 1023 et
2331 969 2384 1022 in
2409 971 2649 1026 omnibus
2684 971 2890 1042 abyssis
2911 971 2981 1039 ⁸⁷,
3019 972 3195 1043 inquit
3229 971 3460 1029 Davides
3484 972 3572 1028 di-

1993 1059 2246 1115 vinorum
2296 1061 2387 1117 ille
2429 1064 2731 1119 carminum
2781 1071 2973 1119 auctor
3008 1074 3103 1120 :et
3157 1082 3351 1122 rursus
3382 1085 3395 1120 :
3421 1065 3571 1131 Quo-

1994 1152 2139 1205 niam
2167 1152 2221 1206 in
2244 1169 2404 1207 manu
2431 1154 2547 1223 ejus
2574 1166 2696 1208 sunt
2732 1155 2865 1224 fines
2899 1164 3053 1211 terra:
3071 1156 3118 1189 ⁸⁸
3141 1175 3156 1224 ;
3183 1166 3236 1212 et
3258 1157 3452 1212 iterum
3484 1156 3569 1212 in-

1994 1245 2113 1315 quit
2156 1246 2297 1300 idem
2333 1265 2348 1301 :
2389 1245 2450 1301 Si
2475 1247 2531 1301 in
2571 1248 2757 1302 calum
2796 1249 3099 1312 ascendere,
3157 1258 3214 1303 tu
3243 1250 3358 1304 illic
3377 1266 3470 1315 es;
3523 1253 3572 1305 si

1992 1338 2304 1392 descendero
2350 1338 2405 1392 in
2431 1355 2633 1406 arcum,
2696 1348 2751 1394 tu
2812 1340 2935 1394 ades
2954 1341 3019 1393 ⁸⁸.
3069 1339 3223 1406 Quod
3277 1341 3320 1397 si
3367 1342 3571 1397 caelum

1994 1432 2235 1486 omnium
2262 1440 2345 1487 est
2374 1448 2672 1498 summum,
2726 1448 2892 1488 orcus
2937 1442 3117 1488 autem
3163 1434 3406 1488 omnium
3447 1434 3570 1489 inﬂ-

1993 1538 2141 1586 mus,
2167 1531 2219 1577 et
2253 1523 2307 1577 in
2338 1524 2405 1579 iis
2437 1522 2646 1578 Numen
2700 1535 2802 1589 est,
2839 1525 3110 1593 simulque
3151 1524 3326 1595 ipsum
3381 1525 3568 1580 omnia

1995 1612 2271 1669 continere
2344 1614 2584 1669 clamant
2637 1615 2738 1668 viri
2778 1615 3252 1679 divinizconstat,
3318 1616 3460 1685 quod
3513 1627 3568 1672 et

1996 1701 2245 1759 Christus
2290 1704 2576 1759 divinitate
2622 1705 2823 1774 ubique
2868 1721 3109 1775 praesens
3149 1704 3317 1771 Patri,
3367 1709 3567 1762 nihilo-

1996 1796 2177 1851 minus
2219 1796 2272 1850 in
2303 1796 2558 1852 manibus
2590 1795 2709 1866 ejus
2724 1797 3037 1867 deposuerit
3067 1798 3400 1855 animam.Si
3418 1800 3564 1854 enim

1987 1885 2465 1954 animwjustorum
2495 1886 2551 1939 in
2582 1902 2745 1939 manu
2778 1885 2987 1940 Domini
3007 1887 3079 1953 ὀ,
3102 1890 3565 1956 quemadmodum

1985 1970 2159 2043 inquit
2188 1974 2480 2046 Propheta,
2513 1977 2683 2031 multo
2710 1979 2882 2049 magis
2911 1976 3004 2033 Dei
3036 1988 3089 2033 et
3122 1979 3285 2035 Verbi
3314 2021 3328 2046 ,
3358 1981 3425 2036 de
3454 1998 3565 2051 quo

1983 2069 2290 2118 terrestrem
2334 2073 2388 2119 et
2428 2066 2683 2121 sensilem
2740 2081 2860 2123 esse
2893 2069 3207 2138 paradisum
3255 2072 3559 2139 docemur;

1982 2168 2091 2208 non
2114 2155 2257 2209 enim
2286 2155 2464 2227 inquit
2503 2158 2571 2213 ad
2625 2158 2890 2214 latronem
2940 2161 2993 2214 in
3020 2160 3168 2231 ligno
3215 2178 3400 2219 secum
3440 2180 3565 2222 sus-

1989 2257 2241 2311 pensum,
2285 2247 2456 2301 Hodie
2477 2265 2675 2303 mecum
2694 2251 2797 2304 eris
2821 2251 2874 2304 in
2896 2250 3186 2320 paradiso?
3215 2252 3444 2310 Rcducit
3466 2257 3567 2328 igi-

1990 2341 2080 2388 tur
2111 2335 2162 2389 in
2203 2338 2518 2407 paradisum
2570 2341 2661 2412 qui
2703 2342 2967 2397 latronem
3018 2344 3287 2399 Adamum
3323 2346 3374 2400 in
3420 2349 3567 2403 essic

1988 2423 2120 2480 lium
2162 2438 2365 2500 egerat,
2416 2430 2697 2488 inimicum
2747 2433 3034 2500 latronem,
3101 2435 3260 2506 cujus
3308 2439 3565 2496 misertus

1986 2529 2120 2575 erat.

2369 2610 2882 2671 INTERROGATIO
2938 2615 3169 2672 CXLIV.

2056 2699 2193 2765 Quid
2233 2702 2397 2773 igitur
2437 2705 2540 2759 sibi
2590 2706 2703 2760 vult
2744 2705 2935 2771 Isaias,
2977 2706 3032 2760 in
3067 2722 3297 2776 persona
3344 2707 3437 2762 Dei
3482 2709 3567 2764 di-

1984 2805 2114 2845 cens
2148 2807 2160 2844 :
2198 2789 2261 2845 In
2308 2794 2551 2848 manibus
2586 2796 2713 2849 meis
2765 2797 2979 2866 depinxi
3019 2813 3197 2852 muros
3240 2800 3463 2853 tuos"?
3508 2798 3565 2855 Id

1986 2883 2131 2952 quod
2163 2885 2230 2939 de
2265 2887 2519 2954 paradiso
2550 2887 2657 2943 dici
2694 2889 3065 2958 intelligimus.
3098 2890 3202 2946 Sed
3242 2901 3297 2947 et
3323 2895 3563 2963 Aposto-

1985 2972 2069 3026 lus
2100 2973 2238 3026 idem
2274 2974 2358 3029 his
2387 2976 2566 3031 verbis
2596 2976 2971 3043 indicat,Qute
3003 2996 3213 3034 sursum
3246 2994 3344 3047 est,
3373 2982 3566 3037 lliero-

1986 3063 2209 3131 solyma,
2248 3063 2414 3118 libera
2462 3074 2558 3125 est,
2604 3082 2720 3136 quae
2775 3075 2852 3120 est
2912 3079 3079 3122 mater
3112 3079 3295 3123 nostra
3320 3072 3386 3125 9'.
3430 3071 3566 3128 Eam

1986 3168 2114 3209 vero
2145 3154 2346 3208 nullam
2379 3163 2636 3225 putamus
2670 3156 2856 3223 aliam,
2891 3174 3056 3229 quam
3089 3161 3430 3230 paradisum.

2619 3336 2926 3408 Responsio.

2048 3423 2389 3480 Patrocinari
2449 3424 2633 3495 potius
2685 3443 2849 3496 quam
2898 3428 3176 3486 adversari
3234 3432 3365 3487 mihi
3414 3434 3565 3490 vide-

1981 3516 2113 3571 mini
2141 3531 2240 3587 pro
2267 3517 2526 3586 paradiso
2553 3518 2843 3575 arboribus
2868 3521 3083 3576 consito
3112 3532 3166 3577 et
3191 3539 3353 3594 poma
3386 3536 3567 3581 custo-

1981 3607 2186 3672 diente,
2214 3607 2489 3662 civitatem
2523 3616 2577 3661 et
2601 3623 2792 3663 muros
2824 3609 2956 3665 mihi
2978 3610 3333 3670 adducentes.
3354 3615 3565 3673 Estau-

1983 3707 2090 3754 tem
2119 3698 2281 3752 etiam
2342 3697 2705 3767 arquivocatio
2760 3700 2999 3769 paradisi
3054 3710 3110 3756 et
3146 3700 3560 3775 Hierosolyma,

1984 3788 2070 3842 vel
2095 3788 2218 3842 caeli
2247 3795 2302 3841 et
2336 3785 2528 3849 Edem,
2553 3788 2645 3843 ubi
2681 3790 2993 3857 paradisum
3025 3806 3055 3845 a
3088 3790 3200 3846 Deo
3215 3792 3415 3848 factum
3442 3795 3561 3851 Mo-

1982 3892 2069 3931 ses
2098 3877 2322 3943 indicat,
2356 3877 2540 3933 dicens
2567 3895 2581 3933 :
2619 3876 2690 3931 Et
2718 3878 2982 3947 plantavit
3008 3880 3146 3936 Deus
3175 3883 3483 3951 paradisum
3506 3888 3562 3941 in

1983 3966 2149 4021 Edem
2171 3967 2241 4019 ad
2279 3968 2529 4021 orientem
2552 3966 2599 3999 ⁹³
2630 3986 2643 4021 :
2681 3982 2789 4021 non
2828 3980 3008 4024 autem
3039 3971 3093 4025 in
3123 3973 3262 4028 cmlo
3282 3975 3347 4029 ad
3375 3975 3561 4030 oricu-

1981 4066 2109 4113 tem.
2167 4056 2235 4110 Et
2257 4057 2397 4126 fons,
2438 4056 2634 4126 inquit.
2663 4058 2899 4112 ascendit
2933 4077 2998 4116 ea:
3038 4061 3207 4116 Edent
3231 4066 3299 4117 ad
3327 4064 3562 4134 irrigan-

1979 4147 2107 4200 dum
2138 4146 2551 4217 paradisum”:
2592 4162 2699 4202 non
2736 4158 2939 4216 autem,
2975 4151 3257 4208 descendit
3293 4169 3361 4210 ex
3395 4156 3555 4212 caelo.

1978 4237 2051 4293 Et
2087 4238 2278 4307 ﬂuvius
2311 4237 2582 4309 egreditur
2608 4254 2673 4293 ea:
2702 4237 2948 4308 Edem",
2967 4258 3077 4298 non
3107 4252 3310 4312 autem,
3335 4246 3561 4303 descen-

1977 4334 2057 4389 dit
2087 4348 2151 4387 ex
2176 4332 2352 4388 cmlis.
2382 4320 2736 4404 Hic,'inquit,
2771 4333 3031 4389 dividitur
3058 4338 3113 4391 in
3153 4351 3384 4408 quatuor
3413 4342 3560 4410 prin-

1978 4427 2117 4495 cipiu
2134 4426 2203 4487 ",
2228 4439 2339 4479 non
2372 4435 2579 4492 autem,
2609 4427 2865 4482 deorsum
2885 4428 3005 4484 ﬂuit
3026 4431 3079 4485 in
3102 4442 3337 4503 quatuor
3355 4436 3556 4505 capita.

1992 4517 2097 4572 Uhi
2126 4524 2306 4570 autem
2340 4517 2393 4569 in
2422 4516 2562 4571 caelo
2596 4527 2725 4571 sunt
2760 4517 2867 4581 ﬁci,
2903 4520 3117 4589 palmae,
3159 4525 3299 4578 mala
3336 4525 3557 4594 punica,

1981 4619 2174 4663 caetera
2202 4623 2324 4678 qua:
2359 4607 2650 4677 paradisus
2696 4609 2930 4678 plurima
2973 4615 3239 4678 continet,
3284 4624 3338 4669 et
3360 4617 3558 4685 quibus

1978 4699 2136 4754 ﬂoret
2159 4699 2516 4753 naturaliter?
2548 4698 2648 4755 Ubi
2686 4715 2815 4755 vero
2846 4700 2897 4754 in
2931 4703 3073 4757 ctelo
3109 4703 3232 4760 fons
3252 4716 3305 4760 ct
3334 4706 3557 4763 ﬂumina

1980 4799 2034 4848 ct
2066 4791 2229 4845 arbor
2257 4790 2747 4858 transgressionis?
2794 4791 2934 4845 Audi
2982 4792 3145 4864 igitur
3175 4794 3417 4851 historiae
3460 4812 3556 4852 au-

1979 4892 2183 4939 ctorem
2209 4895 2272 4934 ex
2303 4893 2413 4933 uno
2447 4876 2599 4931 fonte
2627 4887 2863 4947 quatuor
2890 4878 3113 4935 ﬂumina
3142 4883 3413 4939 eﬂluentia
3440 4902 3557 4956 pro.

1972 4973 2338 5033 nuntiantem,
2371 4978 2424 5023 et
2456 4982 2517 5022 ea
2551 4969 2708 5037 quasi
2757 4967 2925 5038 digito
2955 4970 3418 5028 demonstrautem
3461 4990 3556 5043 per

1973 5067 2144 5135 ipsam
2169 5060 2608 5131 appellationem.
2651 5056 2719 5111 Et
2749 5060 2841 5112 nni
2888 5076 3071 5114 nomen
3110 5060 3312 5117 Phison
3334 5066 3403 5119 ⁸⁷.
3453 5066 3555 5122 Ηὶο

1972 5172 2090 5210 vero
2145 5152 2499 5221 .Etlriopiam,
2547 5150 2741 5220 inquit;
2795 5161 2844 5204 et
2884 5150 3098 5205 Indiam
3156 5157 3550 5222 praeterfabens,

1975 5242 2181 5314 Ganges
2216 5242 2280 5296 ab
2306 5241 2436 5309 ipsis
2472 5239 2775 5308 appellatur
2795 5241 2861 5295 ⁸⁸.
2918 5241 3073 5308 Apud
3112 5242 3331 5300 Graecos
3369 5258 3552 5303 autem

1977 5335 2113 5391 Ister
2135 5344 2189 5391 et
2221 5333 2385 5387 Indus
2424 5331 2621 5387 ﬂuvius
2668 5331 2893 5387 dicitur.
2932 5334 3088 5402 Apud
3122 5336 3332 5408 Illyrios
3371 5347 3551 5394 autem

1978 5442 2033 5489 et
2058 5431 2319 5500 Ripianos
2347 5428 2561 5483 accolas
2595 5425 2855 5494 ﬂuminis,
2875 5427 3113 5485 Dauubis
3138 5448 3152 5495 ;
3179 5434 3320 5501 apud
3345 5431 3554 5491 Gothos

1978 5539 2111 5577 vero
2134 5520 2419 5574 Dunautis.
2441 5516 2669 5572 Omnem
2706 5532 2834 5570 vero
2861 5528 3060 5573 terram
3094 5519 3271 5575 Evilat
3320 5523 3556 5575 circurn-

1946 5673 1952 5676 ι
1983 5620 2121 5679 iens,
2148 5612 2443 5669 secundam
2478 5609 2728 5664 videlicet
2751 5607 3089 5680 Ethiopian)
3129 5619 3183 5666 et
3213 5620 3394 5682 partes
3430 5610 3554 5683 Ely-

2535 5835 2546 5847 .
2586 5808 2670 5856 ιιι,
2704 5792 2752 5846 l.
2788 5792 2831 5824 ’ί
2863 5789 2968 5849 lsa.
3008 5808 3157 5859 nix,
3191 5792 3277 5851 16,
3350 5797 3399 5831 ⁹²
3426 5793 3546 5854 Gal.
