4000 6462
248 382 402 445 Att)!

262 497 716 572 ἁμαρτάνουσινς
758 492 818 548 '0
868 491 928 572 δέ
959 490 1019 545 ἐν
1043 487 1289 563 φρουρίῳ
1318 483 1736 572 τιμωρούμενος
1760 482 1854 550 δη-

268 568 442 645 λονότι
473 588 570 642 καὶ
625 568 947 658 βουλόμενος
978 582 1268 653 ἁμαρτεῖν,
1299 578 1401 649 οὐχ
1436 570 1549 639 οἷός
1582 591 1643 629 τε
1677 571 1855 644 ὑπάρ-

269 700 387 755 χει·
414 680 515 736 οδιὰ
543 679 597 734 τί
631 678 690 732 δὲ
743 676 854 750 ἄρα
889 673 986 729 καὶ⁹
1016 674 1144 735 τούς
1183 671 1446 742 δαίμονας
1476 667 1597 739 ἃμα
1635 665 1715 738 τῷ
1737 665 1857 719 δια-

268 774 414 845 66λῳ
447 770 570 834 νοῦς
592 770 941 843 ὑπάρχοντας
978 766 1074 822 καὶ
1104 762 1455 835 ἀσωμάτους,
1490 759 1854 831 ἁμαρτήσαν-

269 882 368 929 τας
414 862 512 917 καὶ⁵
554 861 665 917 τῶν
711 859 960 934 οὐρανῶν
1013 854 1497 929 καταρραγέντας,
1555 850 1631 922 μὴ
1669 850 1729 903 ἐν
1758 845 1861 901 σώ-

275 970 408 1025 μασι
449 952 570 1007 καθ’
596 952 745 1023 ἡμᾶς
798 949 998 1013 αὐτοὺς
1055 947 1195 1019 πρὸς
1235 944 1395 1015 νῆψιν
1437 940 1535 996 καὶ
1571 937 1859 1011 διόρθωσιν

274 1044 754 1117 κατησφαλίσατο;
781 1037 931 1114 ΊΓΔρα
978 1039 1039 1094 δὲ
1093 1039 1189 1093 καὶ
1218 1034 1427 1105 Μωσῆς
1449 1030 1529 1103 τῷ
1548 1029 1666 1101 λαῷ
1696 1030 1862 1081 ἐπευ-

273 1137 525 1209 χόμενος,
582 1132 987 1206 χιλιοπλασίους
1027 1131 1121 1184 καὶ
1152 1124 1560 1199 ἀναριθμήτους
1604 1119 1862 1191 γενέσθαι

272 1225 351 1289 ὡς
395 1225 496 1296 τὴν
543 1224 770 1295 ψάμμον
806 1222 909 1291 τῆς
959 1220 1252 1289 θαλάττης,
1299 1214 1552 1269 ἐϐούλετο
1591 1210 1864 1274 τοσαύτας

277 1317 470 1389 νοερὰς
499 1315 756 1386 δυνάμεις
784 1314 907 1367 κατ’
929 1311 1167 1385 οὐρανὸν
1197 1306 1552 1380 ἁμαρτούσας
1585 1302 1864 1373 καταϐληέ

279 1408 439 1478 θῆναι
488 1406 623 1476 πρὸς
656 1403 906 1474 σώματα,
940 1404 1021 1466 εἰς
1053 1400 1375 1472 προσθήκην
1402 1396 1510 1451 τῶν
1558 1393 1862 1463 ἐπιγείων;

279 1500 391 1554 Καὶ
431 1499 599 1551 Ἀννα
620 1496 678 1550 δέ
710 1496 744 1567 ἡ
775 1494 1020 1566 θεόφρων
1078 1492 1210 1564 περὶ
1248 1489 1592 1551 παιδοποιίας
1640 1484 1866 1540 ἐκλιπα-

283 1590 450 1664 ροῦσα
502 1589 563 1643 τὸ
607 1589 783 1653 Θεῖον,
823 1583 936 1658 ἄρα
976 1585 1147 1639 ἐδεῖτο
1194 1582 1387 1654 νοερὰν
1429 1578 1524 1633 καὶ
1573 1576 1864 1648 ἀσώματον

272 1682 506 1755 δύναμιν
555 1681 666 1735 τῶν
709 1679 956 1751 οὐρανῶν
990 1677 1266 1739 ἐκπεσεῖν,
1303 1673 1370 1728 ἵν’
1400 1671 1583 1742 ἐκείνη
1625 1670 1867 1743 γεννήσῃ

278 1776 506 1849 βροτόν;
533 1775 606 1828 Ἦ
638 1767 705 1827 αὖ
756 1770 917 1826 πάλιν
971 1768 1136 1824 Δαϐὶδ
1172 1768 1201 1820 ὁ
1235 1766 1346 1820 τῶν
1391 1764 1551 1818 θείων
1605 1760 1863 1834 μελῳδδς,

281 1872 394 1933 τοῖς
425 1866 705 1942 ἐναρέτοις
729 1862 1096 1934 ἐπευχόμενος
1118 1860 1200 1928 τὸ,
1227 1858 1336 1915 Καὶ
1365 1857 1517 1923 ἴδοις
1547 1854 1721 1920 υἱοὺς
1746 1851 1869 1906 τῶν

168 1948 181 1954 ’
283 1959 431 2016 υἱῶν
450 1974 589 2024 σου,
648 1952 760 2030 ἆρα
806 1954 1051 2027 ἱμείρετο
1091 1954 1159 2024 τῇ
1189 1947 1460 2004 ἐκπτώσει
1495 1945 1605 2001 τῶν
1629 1946 1870 2016 ὑπερκο-

276 2049 464 2119 ⁸σμίων
483 2046 765 2119 δυνάμεων
802 2040 898 2098 τοῦ
940 2041 1151 2097 δικαίου
1178 2039 1238 2093 τὸ
1275 2038 1434 2109 γένος
1461 2034 1867 2107 πληθύνεσθαι;

285 2139 350 2191 Ei
399 2138 443 2190 δ’
483 2134 836 2209 άμαρτούσας
864 2132 987 2188 κατ’
1037 2129 1266 2203 οὐρανὸν
1297 2127 1473 2200 ψυχὰς
1518 2126 1657 2198 πρὸς
1701 2141 1870 2195 τιμω-

288 2228 408 2300 ρίαν
435 2230 547 2291 τοῖς
570 2226 862 2298 ἡμετέροις
895 2221 1152 2293 συνέδησε
1183 2219 1423 2291 σώμασι,
1463 2216 1553 2272 διὰ
1576 2215 1629 2269 τί
1656 2213 1752 2269 καὶ
1771 2212 1872 2276 τὰς

283 2319 454 2390 μηδὲν
473 2314 826 2389 άμαρτοῦσας
846 2309 1242 2385 παραπλησίως
1262 2307 1498 2370 ἐκείναις
1523 2304 1868 2375 κατέκρινεν,

282 2411 346 2463 ἐν
374 2408 623 2479 σώμασιν
652 2404 825 2468 αὐτὰς
850 2400 1263 2475 τιμωρούμενος
1298 2400 1421 2453 κατ’
1445 2397 1696 2462 ἐκείνας;
1737 2392 1869 2449 Ἰδοὺ

283 2501 395 2573 γάρ
416 2499 578 2563 αὐτὸς
628 2497 896 2570 μαρτυρεῖ
941 2494 1071 2567 περὶ
1111 2493 1207 2548 τοῦ
1265 2490 1502 2563 μεγάλου
1564 2487 1710 2554 Ἰὼϐ,
1761 2485 1872 2557 πρδ

280 2591 382 2646 τοῦ
413 2592 509 2645 καὶ
523 2589 625 2661 τῆς
662 2587 805 2641 κατὰ
838 2586 1086 2640 διαϐόλου
1132 2582 1407 2656 ἀνδρείας,
1452 2579 1698 2650 φάσκων,
1750 2581 1874 2633 Οὐκ

286 2683 419 2738 ἐστι
440 2681 560 2735 τῶν
581 2679 682 2735 ἐπὶ
730 2678 842 2749 γῆς
878 2676 1190 2746 ἅνθρωπος
1221 2673 1372 2729 κατὰ
1404 2662 1512 2727 τόν
1537 2669 1875 2741 θεράποντιί

288 2791 404 2844 μου
469 2773 592 2828 Ἰὼϐ
613 2812 629 2839 ,
688 2771 952 2836 δίκαιος,
1004 2766 1108 2823 καὶ
1143 2762 1476 2836 ἀληθινός,
1531 2763 1871 2833 ἄμεμπτος,

290 2865 598 2936 θεοσεϐὴς,
624 2865 1001 2935 ἀπεχόμενος
1023 2859 1144 2917 ἀπὸ
1173 2856 1400 2925 παντὸς
1423 2855 1693 2926 πονηροῦ
1722 2854 1876 2926 πρά-

291 2977 534 3032 γματος.

879 3065 1130 3120 ΠΕΥΣΙΣ
1161 3063 1289 3118 PN’.

372 3186 512 3243 Ἀλλ’
562 3184 669 3240 ἰδοῦ
706 3183 758 3237 τί
796 3175 960 3246 εἴπας
994 3178 1276 3252 εἰρηκέναι
1325 3176 1418 3232 τὸν
1446 3176 1618 3243 Θεὸν,
1653 3178 1736 3232 ὅτι
1775 3179 1877 3233 οὐκ

287 3280 438 3334 iactv
485 3275 772 3347 ἄνθρωπος
800 3272 909 3328 τῶν
937 3272 1033 3325 ἐπὶ
1071 3271 1177 3341 γῆς
1201 3286 1216 3301 ·
1251 3270 1391 3341 ὅπερ
1414 3266 1703 3340 δηλοῦντός
1729 3269 1878 3322 ἐστιν

291 3369 560 3441 ὑπάρχειν
586 3365 813 3437 ἐτέρους
843 3359 1167 3434 ἀνθρώπους
1192 3358 1419 3429 νοητοὺς
1469 3359 1527 3411 ὲν
1549 3355 1785 3429 οὐρανῷ,
1820 3355 1881 3423 ἐξ

285 3457 368 3517 ὧν
394 3457 720 3531 ἁμαρτήσας
734 3453 883 3519 Ἰὼϐ,
905 3451 1122 3524 σώματι
1145 3449 1283 3525 πρὸς
1309 3447 1580 3521 τιμωρίαν
1597 3446 1878 3521 συνεδέθηο

297 3549 388 3606 καὶ
423 3550 495 3605 δι’
526 3549 729 3621 ἀρετῆς
761 3542 1190 3616 ἀποκαθαρθεὶς,
1229 3538 1340 3612 πρὸ
1365 3539 1465 3611 τῆς
1494 3538 1709 3610 πληγῆς
1738 3554 1881 3610 μαρ-

284 3643 533 3714 τυρεῖται
589 3638 695 3691 ὑπὸ
742 3636 838 3690 τοῦ
885 3634 1023 3691 Θεοῦ
1077 3632 1414 3704 δικαιότερος
1461 3630 1729 3705 ὑπάρχειν
1768 3630 1880 3685 τῶν

289 3729 386 3791 ἐπὶ
416 3730 520 3803 γῆς
546 3725 870 3799 ἀνθρώπων,
892 3725 954 3778 οὐ
989 3724 1178 3795 μέντοι
1206 3723 1316 3778 τῶν
1349 3724 1409 3776 ἐν
1440 3722 1709 3795 οὐρανοῖς.

904 3926 1274 3996 Ἀπόκρισις.

292 4086 299 4093 ,
366 4024 531 4097 ’θψις
560 4024 652 4079 καὶ
671 4021 787 4094 άφὴ
820 4021 993 4093 ἀκοῆς
1034 4015 1334 4091 πιστοτέρα
1374 4033 1467 4089 μοι
1492 4017 1671 4071 δοκεῖ·
1712 4015 1882 4071 ἐάσω·

291 4136 399 4193 μεν
449 4118 621 4173 τοίνυν
652 4116 722 4171 τὰ
774 4116 901 4188 είκῆ
943 4112 1040 4168 καὶ
1093 4110 1501 4174 ἀναποδείκτως
1546 4108 1877 4180 ἀκουόμενα,

290 4210 393 4268 καὶ
431 4206 632 4279 μᾶλλον
663 4204 1079 4276 ψηλαφήσωμεν
1112 4201 1182 4256 τὰ
1210 4202 1486 4272 ὁρώμενα.
1527 4199 1602 4252 Οὐ
1628 4198 1740 4270 γὰρ
1767 4193 1879 4263 οἷός

295 4313 354 4351 τε
388 4294 439 4353 ei
488 4297 770 4363 ἀποδεῖξαι
806 4298 874 4349 ἐκ
900 4296 997 4364 τῆς
1028 4294 1158 4365 περὶ
1200 4291 1295 4346 τοῦ
1327 4290 1450 4346 ’1ὼὸ
1487 4290 1639 4354 θείας
1667 4290 1876 4361 φωνῆς,

294 4387 515 4459 ἐτέρους
537 4387 691 4459 παρὰ
729 4387 857 4451 τούς
897 4386 991 4439 ἐπὶ
1025 4387 1127 4458 τῆς
1144 4383 1272 4454 γῆς,
1309 4384 1369 4436 ὲν
1412 4383 1665 4454 οὐρανοῖς
1701 4380 1879 4453 ὐπάρο

291 4499 412 4554 χειν
448 4479 773 4552 ἀνθρώπους
832 4475 1057 4549 νοητούς
1078 4491 1092 4505 ’
1135 4475 1290 4547 ἄθρει
1314 4474 1382 4546 δὴ
1408 4470 1526 4537 οὖν,
1571 4474 1667 4528 καὶ
1694 4472 1876 4545 quae.

292 4590 468 4646 φησον
498 4571 568 4626 τὰ
598 4572 689 4625 ὑπ’
730 4569 865 4642 ἐμοῦ
893 4586 978 4623 σοι
1007 4566 1256 4639 ἐναργῶς
1285 4566 1437 4638 παρὰ
1462 4567 1563 4637 τῆς
1587 4564 1736 4628 θείας
1772 4581 1878 4634 φω-

293 4666 393 4738 νῆς
413 4648 837 4736 παραδιδόμενα.
867 4661 1020 4715 Ἐπεὶ
1032 4659 1141 4731 γάρ
1168 4660 1227 4713 ἐν
1245 4661 1360 4721 τοῖς
1376 4656 1733 4730 παρῳχηκόσι
1752 4657 1880 4727 χρό-

293 4770 429 4818 νοις,
474 4752 690 4821 πρῶτος
733 4750 960 4804 δικαίων
1012 4748 1259 4820 ὑπῆρξεν
1280 4748 1470 4817 Ἅϐελ,
1494 4746 1611 4818 μετ’
1672 4748 1881 4800 ἐκεῖνον

292 4845 428 4915 Σὴθ,
458 4836 576 4896 εἶτα
617 4839 811 4910 Ἐνὼχ,
841 4838 987 4905 Νῶε,
1027 4833 1151 4893 εἶτα
1201 4837 1474 4909 Ἀϐραὰμ,
1530 4835 1740 4898 Ἰσαὰκ,
1786 4834 1883 4889 καὶ

306 4933 529 4991 ἰακώὸο
560 4925 707 4987 οὗτοι
745 4929 805 4983 δὲ
840 4929 1040 4991 πάντες
1061 4926 1437 4998 κοιμηθέντες,
1474 4926 1581 4979 ὑπὸ
1603 4925 1708 4995 γῆν
1733 4924 1885 4994 ὲτύγο

293 5042 480 5100 χανον,
517 5023 680 5095 μόνου
694 5019 817 5076 κατ’
834 5018 1080 5080 ἐκείνους
1108 5018 1236 5079 τοὺς
1264 5017 1490 5087 χρόνους
1514 5015 1624 5068 τῶν
1654 5015 1747 5068 ἐπὶ
1770 5016 1874 5085 γῆς

297 5117 506 5189 βροτῶν
560 5111 772 5168 δικαίου
832 5108 927 5163 τοῦ
961 5106 1082 5162 ἰὼσ
1122 5107 1481 5176 τυγχάνοντος
1499 5121 1515 5136 ο
1547 5105 1625 5170 ὡς
1654 5107 1749 5160 καὶ
1779 5104 1875 5160 τοῦ

292 5207 418 5262 Λὼτ
472 5207 531 5260 ἐν
585 5206 655 5276 τῇ
702 5199 1028 5257 πενταπόλει
1084 5197 1353 5268 Σοδόμων,
1404 5197 1566 5266 μόνου
1606 5197 1878 5268 ἐναρέτως

295 5295 562 5368 βιοῦντος,
614 5295 838 5357 δικαίως
890 5293 984 5347 τὸν
1030 5290 1253 5346 ἐκείνων
1309 5290 1572 5357 ἐκφυγεῖν
1622 5287 1875 5344 θάνατον.

292 5388 416 5442 Τῶν
462 5383 559 5443 οὖν
592 5383 1079 5457 προκοιμηθὲντων
1124 5380 1352 5437 δικαίων
1400 5378 1506 5434 ὑπὸ
1538 5379 1644 5450 γῆν
1681 5397 1881 5450 τυγχαο

290 5480 514 5544 υόντων,
568 5476 731 5548 μόνος
784 5473 895 5528 τῶν
939 5474 1034 5528 ἐπὶ
1069 5474 1173 5544 γῆς
1202 5473 1408 5535 δίκαιος
1434 5471 1680 5543 ὑπῆρχεν
1729 5470 1877 5529 Ἱὼσέ

294 5571 420 5623 Ὅτι
443 5568 503 5621 δὲ
525 5567 629 5638 οὐχ
650 5562 920 5635 ἁμαρτὼν
948 5564 1070 5617 κατ’
1098 5563 1364 5634 οὐρανοὺς
1392 5563 1487 5617 καὶ
1519 5561 1878 5633 κατάκριτος,

292 5642 507 5735 σώματι
546 5654 871 5727 συναφθεὶς,
892 5653 988 5708 ἐπὶ
1020 5652 1369 5725 δικαιοσύνην
1400 5653 1590 5725 ἤλασε,
1613 5655 1729 5716 τοῖς
1758 5654 1877 5724 μετ’

292 5755 500 5813 ἐκεῖνον
516 5745 908 5818 παιδευόμεθα.
931 5742 1099 5798 Ποίαν
1118 5742 1228 5813 γὰρ
1246 5743 1658 5816 ἐπιδειξάμενος
1674 5744 1883 5818 ἀρετὴν

363 5863 410 5897 υ
437 5860 582 5919 Psal.
606 5873 818 5927 ρειγν,
851 5856 905 5912 6.
984 5856 1029 5889 ¹³
1058 5854 1162 5912 Job
1188 5871 1225 5923 t,
1256 5855 1310 5924 6,
1338 5857 1389 5912 8.

255 5958 268 6000 ί
316 5942 327 5951 .

1642 360 1991 421 DIALOGUS
2029 357 2114 416 lli.

3395 350 3538 413 1102

1958 475 2184 531 inclusae
2219 481 2385 540 sunt,
2432 472 2711 545 quomodo
2758 472 2813 528 in
2866 472 2975 528 hoc
3010 470 3232 543 gravius
3269 471 3541 543 peccant?

1956 567 2062 633 Qui
2092 580 2225 622 vero
2251 567 2306 621 in
2337 565 2588 622 custodia
2618 564 2880 637 punitur,
2912 572 3126 620 constat
3146 565 3293 635 quod
3322 566 3541 622 etiamsi

1958 659 2090 715 velit
2113 672 2371 731 peccare,
2401 673 2512 713 non
2534 658 2734 729 possit.
2763 657 2877 715 Cur
2907 666 3088 712 autem
3118 672 3229 712 non
3252 666 3309 713 et
3338 657 3545 713 damo-

1958 763 2061 807 nes
2110 764 2221 806 una
2258 765 2384 806 cum
2425 750 2666 815 diabolo,
2702 760 2828 806 cum
2861 749 2975 804 sint
3014 756 3228 803 mentes
3264 756 3321 803 et
3358 747 3544 804 incor-

1958 845 2114 917 porei
2141 886 2158 913 ,
2184 854 2473 915 postquam
2510 851 2873 914 peccaverunt
2907 852 2963 899 et
3003 857 3072 897 ex
3108 842 3262 898 caelis
3305 828 3549 914 przecipi-

1961 938 2058 991 tati
2090 944 2240 1004 sunt,
2264 950 2374 991 non
2392 936 2448 991 in
2471 949 2724 1006 corpore,
2749 934 3210 1006 quemadmodum
3231 948 3354 999 nos,
3378 932 3545 990 etiam

1961 1027 2113 1097 ipsos
2154 1026 2223 1082 ad
2258 1027 2610 1083 sobrietatem
2637 1036 2692 1082 et
2719 1022 3118 1083 correctionem
3165 1025 3549 1082 conﬁrmavit?

1962 1119 2104 1173 Num
2137 1132 2270 1173 vero
2302 1117 2466 1173 etiam
2493 1115 2676 1173 Moses
2704 1117 2906 1188 populo
2932 1115 3323 1186 superveniens
3341 1156 3358 1181 ,
3383 1125 3442 1171 ut
3460 1130 3552 1172 es-

1962 1217 2086 1266 sent
2128 1208 2331 1263 infiniti
2364 1218 2420 1263 et
2453 1209 2919 1274 innumerabiles,
2966 1207 3113 1264 velut
3145 1222 3313 1263 arena
3358 1206 3549 1274 maris,

1963 1302 2184 1358 volebat
2217 1310 2299 1357 tot
2325 1302 2671 1358 intellectiles
2700 1310 2997 1371 potestates
3018 1301 3075 1357 in
3097 1301 3240 1358 coelo
3260 1312 3551 1372 peccantes

1964 1393 2033 1449 ad
2064 1409 2300 1465 corpora
2337 1394 2499 1465 dejici
2523 1435 2539 1462 ,
2567 1394 2622 1450 in
2662 1402 3019 1466 augmentum
3049 1409 3242 1451 eorum
3265 1395 3360 1465 qui
3389 1405 3555 1451 erant

1966 1483 2020 1537 in
2058 1485 2260 1540 terris?
2287 1482 2355 1540 Et
2381 1485 2539 1540 Anna
2565 1485 2824 1557 religiosa
2854 1484 3059 1541 femina
3089 1501 3190 1556 pro
3216 1484 3553 1541 fecunditate

1966 1574 2179 1632 Numen
2213 1591 2473 1644 exorans,
2511 1594 2642 1634 num
2680 1577 2911 1650 rogabat
2940 1585 3002 1633 ut
3032 1576 3364 1633 intellectilis
3384 1586 3441 1632 et
3468 1577 3555 1633 in-

1968 1683 2234 1740 corporea
2257 1677 2501 1740 potestas
2531 1685 2598 1725 ex
2633 1670 2788 1726 caelis
2813 1668 3051 1735 caderet,
3082 1684 3192 1740 quo
3224 1668 3344 1740 ipsa
3377 1669 3556 1725 homi-

1974 1775 2099 1816 nem
2140 1763 2463 1831 generaret?
2505 1761 2615 1819 Aut
2668 1762 2900 1821 Davides
2934 1761 3246 1818 divinorum
3290 1763 3382 1818 ille
3430 1777 3553 1817 car-

1973 1852 2185 1907 minum
2218 1863 2431 1921 auctor,
2451 1869 2550 1925 pro
2579 1853 2689 1926 piis
2718 1855 2854 1910 illud
2886 1863 3071 1909 votum
3094 1852 3304 1910 faciens
3336 1873 3349 1910 :
3378 1852 3445 1909 Et
3479 1854 3559 1909 ri-

1974 1945 2101 2000 deas
2136 1945 2279 2015 ﬁlios
2317 1945 2553 2017 ﬁliorum
2588 1955 2801 2001 tuorum
2826 1947 2894 2012 ¹³,
2918 1963 3046 2001 num
3068 1946 3326 2018 cupiebat
3347 1962 3446 2017 per
3475 1947 3562 2003 la-

1976 2051 2134 2108 psum
2197 2039 2747 2096 ultramuudanarum
2802 2048 3135 2112 potestatum
3196 2040 3332 2112 justi
3385 2058 3560 2113 genus

1979 2130 2374 2201 multiplicari?
2400 2129 2558 2198 Quod
2593 2117 2642 2188 si
2664 2132 2884 2189 animas
2900 2133 3099 2203 quzein
3129 2133 3271 2190 coelo
3294 2149 3560 2204 peccave-
3616 2163 3621 2167 η

1980 2229 2130 2286 runt,
2167 2220 2234 2275 ad
2270 2221 2598 2292 supplicium
2632 2222 2839 2279 nostris
2887 2223 3161 2294 colligavit
3199 2225 3558 2296 corporibus.

1980 2327 2081 2368 cur
2124 2311 2286 2367 etiam
2317 2327 2415 2368 eas
2453 2326 2573 2383 quae
2602 2328 2711 2368 non
2760 2323 3148 2384 peccaverunt,
3196 2316 3562 2379 consimiliter

1981 2419 2107 2460 cum
2148 2403 2260 2459 illis
2281 2403 2685 2472 condemnavit,
2718 2406 2773 2459 in
2805 2406 3128 2477 corporibus
3148 2407 3296 2478 ipsas
3324 2408 3563 2478 puniens
3613 2452 3619 2458 .

1980 2495 2441 2566 quemadmodum
2480 2506 2536 2552 et
2572 2496 2738 2554 illas?
2774 2497 2914 2554 Ecce
2949 2499 3096 2554 enim
3127 2499 3407 2570 quomodo
3444 2500 3563 2571 ipse

1982 2596 2213 2642 testatur
2256 2587 2323 2642 de
2366 2603 2565 2660 magno
2599 2587 2760 2655 Jobo,
2800 2597 2930 2645 ante
2972 2601 3251 2647 ostensam
3297 2594 3562 2649 adversus

1979 2679 2257 2735 diabolum
2304 2678 2676 2736 fortitudinem
2708 2679 2871 2735 :Non
2909 2692 2986 2736 est
3017 2684 3070 2736 in
3106 2693 3249 2738 terra
3281 2685 3562 2756 quisquam

1979 2771 2135 2824 homo
2153 2770 2343 2825 similis
2367 2786 2515 2826 servo
2542 2787 2655 2825 meo
2678 2770 2838 2837 Jobo,
2870 2774 2962 2843 qui
2985 2773 3171 2843 justus
3197 2786 3344 2830 estet
3379 2792 3561 2847 verax,

1981 2863 2307 2935 iuculpatus,
2343 2866 2489 2936 pius,
2523 2864 2791 2922 abstinens
2821 2866 2885 2921 ab
2911 2870 3054 2923 omni
3083 2885 3138 2926 re
3167 2869 3311 2927 mala
3368 2871 3434 2933 ³³,

2438 3064 2956 3151 INTERROGATIO
2999 3067 3110 3125 CL.

2056 3174 2163 3230 Sed
2195 3174 2316 3231 vide
2349 3175 2487 3245 quid
2517 3175 2756 3242 dixeris,
2788 3176 2996 3235 dixisse
3030 3178 3237 3250 Deum,
3261 3183 3407 3254 quod
3450 3198 3563 3241 non

1986 3261 2060 3317 sit
2097 3262 2264 3318 homo
2296 3265 2348 3318 in
2386 3274 2573 3320 torra:
2612 3267 2758 3335 quod
2792 3277 2878 3323 est
2903 3268 3026 3340 ejus
3062 3271 3153 3341 qui
3188 3271 3387 3341 innuit,
3425 3275 3564 3333 alios

1978 3367 2105 3409 esse
2142 3353 2396 3413 homines
2436 3355 2781 3413 intellectiles
2814 3358 2870 3413 in
2913 3360 3074 3427 ctelo,
3105 3377 3171 3417 ex
3192 3378 3429 3435 quorum
3457 3382 3565 3422 nu-

1980 3460 2135 3503 mero
2157 3444 2354 3512 Jobus,
2390 3457 2679 3519 postquam
2708 3452 2976 3520 peccavit,
3012 3456 3228 3526 corpori
3254 3457 3321 3513 ad
3357 3459 3565 3530 suppli-

1973 3538 2127 3594 .cium
2159 3538 2449 3611 colligatus
2477 3548 2583 3606 est,
2616 3549 2670 3596 et
2694 3555 2795 3611 per
2817 3543 3075 3601 virtutem
3099 3558 3449 3620 repurgatus,
3471 3565 3565 3607 an-

1978 3638 2036 3686 te
2062 3631 2280 3703 plagam
2314 3632 2696 3689 testimonium
2718 3636 2929 3705 accepit
2964 3650 2996 3690 a
3033 3635 3166 3702 Deo,
3196 3640 3343 3709 quod
3361 3639 3566 3712 justior

1980 3721 2057 3777 sit
2100 3721 2209 3777 illis
2241 3722 2562 3779 hominibus
2604 3724 2702 3794 qui
2745 3733 2877 3783 sunt
2921 3726 2978 3783 in
3023 3736 3203 3797 terra,
3231 3744 3337 3786 non
3377 3739 3560 3789 tamen

1980 3809 2094 3866 illis
2118 3811 2214 3882 qui
2242 3821 2373 3867 sunt
2395 3812 2450 3867 in
2476 3813 2657 3871 caelis.

2582 3921 2892 3994 Responsio.

2055 4010 2221 4068 Visus
2269 4022 2324 4069 et
2348 4021 2533 4070 tactus
2568 4014 2702 4071 mihi
2743 4016 2997 4074 videntur
3027 4021 3216 4078 auditu
3252 4023 3429 4096 magis
3455 4024 3564 4085 [ide

1981 4102 2148 4176 digna
2186 4119 2329 4161 esse.
2368 4104 2608 4163 Proinde
2638 4108 3016 4180 relinquamus
3039 4156 3055 4182 ,
3097 4131 3221 4186 quae
3266 4116 3472 4175 frustra
3509 4130 3564 4178 et

1982 4196 2192 4268 absque
2243 4196 2714 4257 demonstratione
2745 4202 3063 4275 audiuntur,
3109 4219 3175 4263 et
3211 4209 3392 4280 potius
3425 4226 3564 4268 con-

1983 4296 2282 4345 trectemus
2331 4303 2455 4359 quae
2488 4290 2761 4347 videntur.
2794 4292 2980 4365 Neque
3015 4299 3159 4354 enim
3186 4300 3566 4362 demonstrare

1980 4388 2137 4450 potes
2173 4394 2239 4435 ex
2266 4379 2456 4436 divina
2495 4396 2630 4438 voce
2658 4383 2726 4441 de
2749 4384 2919 4454 Jobo,
2949 4387 3091 4444 alios
3130 4401 3328 4461 praeter
3348 4409 3442 4452 eos
3468 4398 3564 4467 qui

1981 4479 2114 4526 sunt
2148 4471 2203 4526 in
2246 4479 2413 4538 terra,
2452 4472 2507 4527 in
2549 4474 2707 4530 caelis
2739 4491 2878 4532 esse
2905 4475 3159 4537 homines
3198 4482 3563 4546 intellectiles.

1980 4559 2184 4631 Aspice
2215 4561 2400 4633 igitur,
2437 4571 2493 4619 et
2532 4564 2692 4635 palpa
2727 4582 2851 4637 qua:
2882 4567 2977 4623 tibi
3016 4584 3046 4624 a
3081 4585 3170 4627 me
3201 4573 3481 4632 evidenter
3498 4577 3567 4634 de

1981 4649 2165 4706 divina
2198 4666 2332 4708 voce
2362 4668 2430 4708 ex
2457 4668 2589 4711 voce
2620 4656 2805 4712 divina
2844 4660 3157 4718 traduntur.
3207 4661 3567 4739 Quandoqui-

1984 4742 2108 4798 dem
2151 4744 2299 4798 enim
2342 4746 2638 4814 praeteritis
2668 4750 3005 4818 temporibus
3044 4753 3255 4823 primus
3285 4756 3563 4827 iustorum

1985 4833 2092 4891 fuit
2128 4836 2353 4903 Abelus,
2391 4851 2515 4908 post
2560 4838 2712 4894 illum
2752 4840 2988 4907 Sethus,
3021 4844 3218 4901 deinde
3263 4847 3520 4909 Enochus
3544 4893 3562 4918 ,

1984 4926 2119 4994 Noe,
2144 4928 2510 4995 Abrahamus,
2542 4929 2783 4996 lsaacus,
2813 4930 3072 5002 Iacobus,
3103 4951 3229 4994 cum
3252 4939 3330 4994 illi
3362 4958 3555 5000 omnes

1986 5020 2413 5077 ohdormiissent
2434 5062 2449 5089 ,
2482 5032 2537 5077 et
2559 5024 2662 5077 sub
2694 5030 2839 5078 terra
2869 5036 3074 5094 essent,
3109 5029 3260 5087 solus
3295 5032 3403 5089 illis
3426 5044 3564 5091 tem-

1984 5110 2234 5181 poribus,
2284 5110 2423 5164 inter
2478 5125 2574 5167 eos
2626 5111 2878 5170 homines
2927 5113 3021 5185 qui
3068 5111 3122 5172 in
3185 5120 3343 5177 terris
3383 5136 3561 5192 erant,

1983 5201 2171 5272 justus
2202 5209 2319 5255 erat
2342 5199 2535 5268 Johns,
2566 5202 2711 5258 sicut
2740 5211 2796 5258 et
2823 5202 3034 5261 Lothus
3066 5206 3121 5261 in
3163 5209 3407 5282 quinque
3428 5215 3565 5270 civi-

1989 5293 2194 5348 tatibus
2229 5291 2593 5349 Sodomorum
2650 5295 2802 5351 solus
2847 5296 3053 5368 integre
3092 5297 3316 5367 vivens,
3366 5307 3564 5361 merito

1987 5384 2208 5440 illorum
2237 5394 2466 5440 mortem
2510 5386 2822 5457 etfugiebat.
2852 5386 2931 5443 Illi
2971 5389 3137 5459 igitur
3159 5390 3294 5461 justi
3324 5384 3416 5465 qui
3442 5397 3559 5467 jam

1985 5488 2114 5533 ante
2156 5476 2584 5542 obdormierant,
2630 5492 2755 5533 eum
2802 5480 3095 5537 sub‘terra
3147 5495 3362 5551 essent,
3406 5488 3561 5543 solus

1987 5569 2132 5624 inter
2153 5582 2250 5624 eos
2277 5569 2371 5638 qui
2404 5582 2571 5638 super
2600 5579 2802 5626 terram
2822 5582 3002 5636 erant,
3024 5572 3208 5641 justus
3235 5573 3339 5631 fuit
3364 5575 3558 5636 Johns.

1985 5659 2144 5726 Quod
2188 5666 2370 5713 autem
2401 5660 2511 5714 non
2548 5660 2603 5714 in
2633 5660 2791 5716 cmlis
2834 5665 3111 5731 peccando
3141 5667 3557 5739 condemnatus,

1988 5751 2205 5822 corpori
2242 5751 2559 5821 copulatus,
2600 5751 2868 5822 justitiam
2911 5756 3194 5814 assecutus
3226 5756 3332 5828 sit,
3372 5775 3437 5816 ex
3469 5762 3558 5821 his

1974 5933 2007 5941 -ι
