4014 6310
1803 282 1863 312 PJK,

997 561 1151 667 IN
1316 560 2018 690 QUINTUM
2130 566 2691 678 TOMUM

1549 774 2181 963 apruistis
2199 882 2233 917 .

1639 1017 2115 1074 W

3364 957 3408 984 Ï„..

292 1166 562 1223 Aurelium
583 1166 943 1239 Augustinum
968 1181 1091 1224 cum
1120 1168 1302 1225 multis
1330 1168 1602 1242 praeclaris
1625 1170 1840 1227 dotibus
1859 1169 1925 1225 ad
1955 1158 2200 1228 ebeunda
2222 1169 2429 1243 singula
2454 1169 2711 1229 Ecclesiae
2736 1187 2959 1233 munera
2994 1175 3307 1235 instructum
3336 1177 3505 1237 fuisse

219 1276 386 1320 nemo
407 1269 580 1333 negat,
604 1271 716 1316 tum
744 1262 1012 1334 praecipue
1031 1262 1283 1319 eximium
1308 1263 1473 1320 divini
1498 1265 1648 1320 verbi
1669 1278 1972 1336 praeconem
1994 1264 2286 1332 exstitisse,
2308 1272 2469 1337 atque
2489 1280 2554 1322 ex
2574 1264 2689 1337 ejus
2708 1268 2877 1324 sacris
2898 1269 3243 1326 concionibus
3266 1271 3333 1327 ad
3360 1271 3506 1327 chri-

219 1355 425 1409 stianos
452 1354 679 1424 populos
704 1354 986 1411 utilitatem
1009 1354 1233 1412 rediisse
1262 1372 1368 1412 non
1399 1357 1727 1414 mediocrem
1754 1356 1807 1413 in
1836 1356 2082 1413 confesso
2102 1366 2203 1412 est.
2232 1357 2298 1412 Et
2318 1371 2447 1413 sane
2466 1358 2567 1413 hoc
2585 1358 2657 1414 ita
2678 1359 2909 1416 futurum
2931 1360 3143 1419 videtur
3165 1365 3509 1435 praesensisse

220 1447 467 1504 Valerius
510 1450 815 1521 episcopus,
847 1450 1279 1522 quandoquidem
1312 1452 1387 1508 illi
1418 1468 1608 1510 recens
1637 1453 1691 1509 in
1721 1452 2051 1525 Hipponensi
2079 1451 2317 1507 Ecclesia
2343 1451 2409 1507 ad
2434 1451 2789 1510 sacerdotium
2814 1465 3062 1527 cooptato
3090 1466 3424 1527 potestatem,
3454 1467 3513 1514 ut

220 1541 487 1598 Possidius
516 1552 704 1599 auctor
729 1552 833 1613 est,
864 1544 1158 1617 Evangelii,
1186 1556 1451 1617 praesente
1472 1561 1551 1613 se,
1575 1546 1774 1618 populo
1797 1544 2099 1617 exponendi
2120 1544 2273 1609 fecit;
2300 1560 2405 1616 quo
2425 1553 2687 1616 tempore,
2711 1546 2900 1603 eodem
2925 1548 3168 1605 Possidio
3192 1558 3346 1617 teste,
3369 1550 3512 1607 aliud

219 1634 417 1690 ferebat
444 1649 573 1690 usus
597 1635 969 1691 Africanarum
997 1636 1387 1706 Ecclesiarum,
1417 1638 1468 1693 in
1494 1639 1686 1709 quibus
1711 1645 1803 1692 aut
1828 1638 2047 1694 omnino
2072 1650 2366 1707 nunquam,
2394 1646 2486 1692 aut
2509 1638 2696 1693 saltem
2723 1654 2902 1695 coram
2932 1642 3194 1713 episcopis
3228 1643 3509 1716 presbyte-

219 1742 303 1784 ros
321 1744 351 1783 e
369 1736 623 1800 suggestu
643 1729 804 1785 verba
828 1729 1004 1786 facere
1032 1744 1137 1786 non
1168 1731 1379 1788 licebat.
1404 1731 1682 1787 Judicabat
1702 1730 1905 1786 scilicet
1925 1731 2043 1802 pius
2062 1729 2305 1785 Valerius
2330 1730 2683 1802 antiquiorem
2710 1732 2778 1789 de
2802 1748 2962 1805 grege
2987 1733 3089 1790 sibi
3109 1735 3313 1791 credito
3337 1736 3510 1809 deque

219 1823 330 1891 ejus
356 1820 660 1877 commodis
677 1822 1056 1893 promovendis
1086 1823 1188 1879 sibi
1217 1838 1403 1880 curam
1431 1839 1551 1881 esse
1574 1824 1791 1891 debere,
1815 1838 1973 1895 quam
2001 1823 2069 1880 de
2089 1823 2321 1879 humana
2347 1824 2751 1893 consuetudine,
2782 1841 2889 1881 non
2919 1826 3024 1881 alio
3049 1829 3274 1884 consilio
3298 1829 3509 1886 institu-

221 1926 289 1983 ta,
315 1918 419 1972 nisi
452 1926 513 1972 ut
538 1918 678 1974 inter
701 1919 1091 1977 eoelesiasticos
1119 1920 1396 1977 ministros
1415 1920 1757 1992 spectabilior
1781 1935 1995 1991 semper
2024 1918 2287 1975 emineret
2310 1918 2612 1989 episcopus.
2648 1916 2781 1975 Cum
2809 1928 2986 1975 autem
3017 1921 3070 1976 id
3100 1924 3335 1979 muneris
3364 1934 3503 1980 stre-

219 2025 313 2065 nue
340 2010 590 2081 Hippone
616 2012 765 2083 regio
790 2012 1037 2083 impleret
1065 2013 1414 2085 Augustinus,
1444 2022 1602 2084 atque
1629 2012 1745 2083 ejus
1774 2012 1912 2067 fama
1938 2011 2095 2082 longe
2114 2010 2328 2081 lateque
2356 2019 2751 2081 pervagaretur,
2779 2011 3027 2083 exemplo
3047 2015 3272 2083 permoti
3302 2015 3506 2087 aliquot

219 2103 477 2158 antistites
502 2118 633 2158 suos
660 2118 871 2176 quoque
896 2105 1238 2178 presbyteros
1259 2106 1473 2177 publice
1498 2106 1549 2160 in
1578 2105 1803 2161 ecclesia
1831 2104 2009 2161 dicere
2034 2103 2338 2171 voluerunt,
2367 2102 2468 2173 ipsi
2494 2103 2708 2159 interim
2730 2104 2783 2159 in
2804 2104 3107 2161 auditorum
3133 2122 3358 2165 numero
3376 2125 3511 2165 con-

221 2198 472 2255 sidentes.
502 2199 644 2268 Quin
687 2199 851 2257 etiam
893 2202 1118 2257 subinde
1145 2202 1196 2257 in
1227 2201 1456 2257 concilio
1482 2198 1892 2271 Carthaginensi
1919 2198 2246 2269 Augustinus
2287 2197 2653 2268 episcopatum
2703 2197 2930 2253 necdum
2972 2197 3241 2269 adeptusa
3268 2200 3512 2260 Patribus

221 2292 342 2363 ipsis
369 2309 556 2348 coram
578 2311 637 2350 se
666 2296 733 2352 de
764 2296 866 2352 lide
897 2310 958 2352 ac
982 2295 1228 2368 symbolo
1254 2295 1524 2368 disputare
1539 2295 1720 2366 jussus
1742 2303 1844 2361 est,
1869 2308 1989 2349 cum
2017 2292 2234 2350 biennio
2272 2301 2397 2349 ante
2424 2292 2794 2365 presbyterum
2826 2303 3089 2365 praesente
3118 2295 3370 2365 episcouo
3394 2312 3512 2353 ser-

220 2401 429 2443 monem
455 2388 657 2445 habere
682 2390 973 2445 inauditum
1000 2399 1162 2446 esset.

281 2476 535 2533 Craterum
563 2481 857 2553 episcopatu
880 2491 1130 2553 suscepto,
1161 2479 1389 2536 Possidii
1416 2479 1531 2536 haec
1556 2480 1719 2535 verba
1745 2488 1889 2545 sunt,
1918 2478 2077 2533 multo
2104 2477 2376 2532 instantius
2401 2493 2463 2531 ac
2491 2477 2782 2549 ferventius,
2824 2479 3020 2548 majore
3057 2480 3376 2545 auctoritate,
3412 2498 3513 2535 non

219 2573 271 2624 in
296 2587 401 2624 una
422 2581 621 2626 tantum
646 2575 871 2645 regione,
901 2574 989 2628 sed
1008 2573 1310 2644 ubicumque
1327 2581 1536 2645 rogatus
1569 2572 1800 2639 venisset,
1832 2570 2038 2626 verbum
2063 2569 2243 2624 salutis
2268 2578 2470 2624 attenta
2493 2568 2730 2624 alacriter
2757 2585 2820 2624 ac
2843 2570 3081 2637 suaviter,
3107 2571 3391 2642 pullulante
3425 2581 3510 2626 at-

221 2678 311 2734 que
334 2673 582 2719 crescente
607 2663 824 2719 Domini
853 2665 1098 2730 Ecclesia,
1124 2665 1434 2736 praedicavit.
1463 2663 1643 2734 Itaque
1668 2678 1773 2717 non
1801 2662 1940 2731 apud
1969 2676 2094 2716 suos
2122 2668 2325 2715 tantum
2356 2659 2749 2729 Hipponenses,
2781 2659 2876 2715 sed
2906 2659 3046 2730 apud
3068 2660 3515 2731 Carthaginenses

223 2772 449 2826 quoque,
475 2772 689 2813 necnon
720 2758 854 2814 alios
875 2774 972 2829 per
1000 2757 1235 2813 Africam
1258 2756 1485 2828 populos
1514 2768 1888 2827 smpenumero
1918 2752 2266 2807 concionatus
2294 2759 2397 2806 est.
2429 2751 2495 2804 Et
2512 2765 2643 2806 vero
2660 2764 2727 2805 ex
2748 2750 2814 2805 iis
2840 2751 3032 2821 quibus
3055 2751 3161 2806 vita
3187 2751 3302 2823 ejus
3326 2753 3518 2809 nobili-

223 2857 358 2903 tatur
383 2850 659 2919 prmelaris
682 2851 865 2922 gestis,
898 2851 1027 2907 illud
1056 2851 1139 2907 vel
1165 2850 1452 2906 maximam
1475 2849 1683 2905 laudem
1710 2857 1869 2919 atque
1896 2846 2302 2903 admirationem
2330 2854 2586 2913 meretur,
2605 2846 2747 2917 quod
2764 2846 3093 2903 Ctesareteiu
3110 2848 3420 2905 Mauritania
3436 2850 3518 2905 di-

222 2942 387 2997 cendo
411 2958 532 2999 sese
561 2943 806 2999 olfecisse
827 2943 963 2999 libro
989 2953 1180 3015 quarto
1206 2943 1273 3000 de
1304 2943 1554 2999 Doctrina
1584 2941 1892 2998 Christiana
1920 2941 2034 3012 ipse
2058 2948 2340 2995 memorat.
2380 2938 2606 3009 Vigebat
2643 2939 2894 2994 nimirum
2924 2940 2977 2994 in
3007 2955 3069 2995 ea
3111 2942 3242 2998 urbe
3271 2942 3515 3001 immanis

224 3034 567 3102 consuetudo,
594 3050 626 3089 a
655 3035 891 3107 patribus
910 3046 963 3091 et
989 3036 1104 3091 avis
1132 3037 1393 3107 longeque
1416 3051 1448 3091 a
1477 3034 1770 3105 majoribus
1797 3033 2010 3101 tradita,
2036 3049 2138 3105 qua
2166 3048 2267 3086 non
2293 3032 2423 3086 cives
2453 3032 2819 3097 tantummodo,
2850 3048 3021 3087 verum
3048 3035 3199 3088 etiam
3226 3039 3513 3109 propinqui,

224 3130 422 3197 fratres,
453 3135 709 3196 postremo
731 3137 961 3200 parentes
981 3146 1041 3183 ac
1066 3130 1162 3200 ï¬lii
1185 3129 1435 3200 lapidibus
1456 3129 1587 3183 inter
1610 3145 1663 3183 se
1690 3128 1743 3182 in
1769 3128 1897 3182 duas
1928 3136 2098 3199 partes
2124 3126 2289 3194 divisi,
2320 3129 2421 3196 'per
2458 3127 2649 3199 aliquot
2684 3127 2790 3182 dies
2825 3127 3088 3183 continuos
3125 3138 3259 3184 certo
3299 3139 3519 3203 tempore

222 3222 337 3273 anni
351 3221 643 3275 solemniter
657 3222 986 3291 dimicabant,
1015 3231 1062 3277 et
1076 3223 1283 3294 quisque
1298 3230 1351 3276 ut
1376 3238 1618 3293 quemque
1643 3229 1857 3291 poterat,
1877 3219 2133 3274 occidebat
2157 3217 2257 3290 (De
2272 3218 2516 3273 Doctrina
2534 3217 2848 3285 Christiana,
2872 3219 2961 3274 lib.
2983 3220 3037 3286 4,
3055 3237 3172 3291 cap.
3194 3221 3285 3287 28,
3310 3239 3363 3277 tt.
3396 3222 3513 3294 56).

222 3311 371 3369 Hunc
400 3312 491 3367 ille
520 3328 730 3369 morem
762 3322 871 3369 tam
902 3314 1073 3370 ferum
1104 3324 1317 3385 tamque
1342 3325 1600 3379 atrocem,
1633 3322 1741 3367 tam
1783 3312 2002 3369 crudele
2029 3322 2189 3382 atque
2218 3311 2569 3367 inveteratum
2598 3312 2818 3377 malum,
2848 3327 3015 3368 sacra:
3044 3327 3155 3369 suae
3198 3314 3515 3386 eloquentiae

222 3407 271 3460 vi
296 3408 505 3461 sustulit
530 3417 691 3479 atque
717 3408 973 3464 abolevit.
1008 3408 1105 3463 Cui
1131 3408 1376 3480 profecto
1398 3409 1634 3463 victoriae
1666 3421 1849 3479 parem
1875 3406 2035 3461 aliam
2068 3405 2312 3462 facundia
2332 3414 2386 3462 et
2406 3405 2642 3463 efï¬cacia
2660 3408 2923 3463 sermonis
2948 3423 2978 3463 a
3008 3408 3372 3466 celeberrimis
3390 3426 3514 3467 ora-

222 3500 422 3555 toribus
451 3509 660 3570 partam
686 3500 775 3555 vix
805 3516 1040 3571 unquam
1066 3501 1324 3571 reperias.

290 3586 419 3644 Erat
448 3606 580 3647 sane
608 3590 1001 3648 concionatoris
1030 3592 1167 3648 adeo
1211 3592 1432 3663 perfecti
1478 3599 1648 3648 artem
1690 3589 2041 3647 concionandi
2088 3589 2334 3646 edocere.
2374 3590 2487 3646 Hoc
2528 3590 2616 3647 ille
2641 3592 2886 3662 prmstitit
2910 3607 2975 3649 eo
3001 3593 3053 3649 in
3080 3594 3236 3661 libro,
3267 3610 3424 3669 quem
3446 3597 3516 3654 de

222 3684 469 3739 Doctrina
496 3684 819 3751 Christiana,
849 3683 904 3741 id
928 3694 1033 3752 est,
1060 3684 1128 3740 de
1156 3686 1377 3741 scientia
1401 3685 1624 3755 aliisque
1650 3684 1886 3740 doctoris
1914 3684 2191 3739 christiani
2222 3683 2460 3754 partibus
2488 3685 2718 3755 scripsit.
2748 3685 2823 3741 lbi
2853 3696 2975 3757 post
3002 3689 3292 3758 explicatas
3317 3691 3512 3762 priori-

218 3776 321 3831 bus
338 3778 495 3832 libris
513 3778 744 3848 germani
770 3792 960 3834 sensus
988 3793 1020 3834 e
1047 3778 1339 3850 Scriptum
1378 3777 1551 3849 adytis
1578 3777 1797 3834 eruendi
1825 3777 2057 3847 regulas,
2088 3775 2155 3831 ad
2185 3785 2484 3831 extremum
2512 3775 2723 3831 dicendi
2751 3786 3020 3849 prmcepta
3049 3782 3415 3851 persequitur;
3459 3792 3513 3839 et

219 3872 311 3943 qui
334 3873 556 3941 juvenis
573 3882 687 3928 ante
714 3874 1122 3930 conversionem
1152 3873 1479 3929 instituendo
1508 3872 1709 3927 oratori
1734 3870 1954 3942 profano
1972 3885 2193 3940 operam
2216 3869 2456 3935 dederat,
2480 3870 2618 3925 idem
2644 3872 2926 3942 episcopus
2948 3887 3012 3928 ac
3036 3887 3201 3930 senex
3222 3876 3513 3933 studiosius

221 3966 272 4020 in
302 3966 446 4021 hanc
476 3981 587 4021 rem
614 3966 869 4034 incubuit,
892 3976 952 4022 ut
975 3967 1322 4023 christianum
1349 3977 1617 4023 oratorem
1645 3964 1879 4020 erudiret
1899 3963 2336 4033 iuformaretque.
2879 4015 2883 4019 .

291 4060 368 4115 Ex
412 4060 515 4115 hoc
558 4062 769 4131 quidem
795 4076 959 4132 opere
986 4077 1282 4132 cognoscas
1309 4062 1432 4117 licet
1460 4061 1608 4116 illum
1634 4057 2003 4115 coneionando
2034 4070 2139 4112 non
2168 4056 2343 4112 solum
2368 4056 2582 4128 ingenio
2609 4070 2708 4112 suo
2734 4055 2874 4112 facili
2900 4066 3061 4130 atque
3090 4060 3309 4132 copioso
3329 4061 3509 4118 indul-

224 4156 371 4223 sisse,
400 4172 590 4212 verum
620 4158 783 4213 etiam
812 4158 943 4213 artis
969 4157 1219 4213 calluisse
1245 4157 1479 4227 regulas,
1505 4169 1605 4210 nec
1634 4169 1817 4209 eorum
1843 4152 2035 4224 quibus
2062 4150 2118 4206 lit
2146 4159 2205 4205 ut
2228 4149 2424 4205 veritas
2447 4158 2645 4221 pateat,
2675 4158 2734 4205 ut
2750 4150 2945 4206 veritas
2966 4152 3194 4222 placeat,
3222 4164 3281 4209 ut
3312 4156 3511 4212 veritas

224 4259 450 4318 moveat,
473 4250 764 4322 quidquam
791 4251 1084 4322 ignorasse.
1110 4251 1447 4321 Quapropter
1467 4248 1567 4303 etsi
1589 4247 1703 4317 ejus
1725 4246 1777 4301 in
1805 4244 2141 4302 sermonibus
2162 4257 2267 4299 non
2288 4243 2661 4313 deprehendas
2679 4244 2887 4300 anxiam
2909 4245 3052 4302 illam
3075 4247 3507 4319 sollicitudinem,

221 4356 319 4411 qua
348 4341 651 4399 auditorem
681 4342 906 4401 docilem
936 4342 1199 4413 prooemio
1229 4341 1425 4407 facere,
1457 4340 1753 4395 orationem
1780 4338 1832 4392 in
1853 4338 1997 4393 varia
2024 4336 2267 4393 membra
2289 4336 2577 4403 disserere,
2601 4352 2663 4393 ac
2690 4336 3060 4395 vehementem
3091 4340 3409 4415 plenamque
3426 4345 3510 4399 af-

222 4438 445 4493 fectibus
472 4438 845 4495 collectionem
875 4451 1088 4509 semper
1116 4436 1241 4493 hinc
1272 4435 1487 4501 elicere,
1519 4443 1579 4489 ut
1604 4447 1747 4488 nunc
1770 4433 1937 4488 moris
1960 4440 2061 4499 est,
2089 4430 2391 4487 curaverit:
2416 4430 2467 4485 id
2496 4440 2671 4486 tamen
2718 4446 2891 4503 neque
2934 4444 3322 4505 praeceptorum
3354 4438 3508 4509 igno-

222 4530 434 4594 rationi,
459 4545 637 4601 neque
665 4530 985 4587 necessariae
1008 4529 1072 4585 ad
1100 4529 1190 4585 illa
1215 4528 1268 4584 in
1296 4542 1451 4584 usum
1474 4525 1776 4583 reducenda
1808 4525 2084 4580 industria:
2111 4524 2351 4579 tenuitati
2377 4524 2497 4595 jure
2521 4524 2760 4591 tribuas;
2783 4524 2877 4581 sed
2902 4526 3078 4596 potius
3104 4527 3155 4582 in
3187 4528 3283 4585 has
3320 4546 3510 4586 causas

221 4623 418 4677 referre
447 4621 638 4688 debes,
660 4622 746 4677 vel
773 4621 912 4693 quod
936 4631 992 4677 ut
1012 4622 1298 4692 plurimum
1324 4619 1595 4690 simplices
1620 4616 1882 4682 homilias,
1908 4616 2010 4671 hoc
2024 4622 2126 4681 est,
2151 4629 2427 4672 sermones
2445 4614 2731 4672 familiares
2749 4618 2979 4687 pastoris
2994 4618 3060 4673 ad
3086 4620 3347 4689 oviculas,
3368 4639 3507 4693 prte-

218 4714 452 4783 ceptoris
479 4714 550 4767 ad
574 4713 884 4785 discipulos,
914 4722 969 4769 et
990 4712 1143 4785 quasi
1173 4712 1411 4784 parentis
1435 4710 1501 4765 ad
1542 4709 1698 4773 lilios,
1732 4707 1981 4771 haberet;
2012 4706 2094 4761 vel
2125 4706 2264 4777 quod
2295 4706 2587 4777 imparatus
2629 4716 2787 4778 atque
2813 4723 2879 4763 ex
2910 4716 3147 4779 tempore
3172 4712 3331 4768 verba
3363 4713 3506 4770 face.

215 4816 329 4872 ret;
356 4807 447 4862 vel
478 4806 711 4878 denique
737 4806 878 4878 quod
904 4821 1009 4861 non
1038 4806 1281 4876 apposite
1306 4804 1372 4859 ad
1400 4802 1692 4874 captandos
1738 4800 2012 4855 hominum
2040 4800 2396 4865 rumusculos,
2434 4800 2527 4855 sed
2559 4800 2625 4855 ad
2657 4801 2999 4857 illuminanda
3027 4804 3257 4875 ingenia,
3290 4806 3503 4862 inï¬‚am-

214 4900 412 4954 manda
445 4908 685 4969 pectora,
719 4900 951 4968 vitiaque
976 4913 1041 4953 ex
1069 4898 1260 4952 animis
1284 4899 1497 4967 penitus
1522 4891 1878 4950 exscindenda
1911 4889 2055 4961 loqui
2084 4899 2373 4961 satageret.
2405 4891 2569 4960 llujus
2590 4892 2666 4946 rei
2693 4891 2888 4961 passim
2932 4894 3268 4962 prohationes
3304 4911 3504 4968 suppe-

178 4962 193 4992 Î»
215 5002 334 5047 tunt
362 4962 623 5063 perquam
654 4962 911 5046 illustres.
933 4989 1063 5045 Nam
1084 5004 1205 5045 cum
1236 4962 1517 5059 aliquando
1547 4987 1597 5041 in
1631 4984 1998 5047 vinolentiam,
2026 4998 2145 5053 qua:
2169 4982 2357 5038 diebus
2386 4983 2533 5037 festis
2562 4983 2833 5039 charitatis
2861 4985 3038 5054 specie
3062 4986 3196 5041 intra
3222 4962 3502 5045 ecclesiam

213 5084 677 5155 frequentabatur,
699 5083 877 5137 dicere
898 5083 1168 5152 ccepisset,
1191 5080 1548 5149 corruptelam
1579 5079 1713 5132 hanc
1742 5091 1954 5131 rursum
1976 5075 2081 5130 alio
2106 5074 2193 5130 die
2216 5074 2469 5129 adhibitis
2485 5074 2677 5130 divinis
2709 5076 3041 5140 lectionibus,
3071 5087 3128 5131 ut
3153 5079 3386 5148 Epistola
3408 5082 3503 5147 29,

214 5178 278 5230 ad
312 5177 567 5248 Alypium
598 5191 627 5230 a
656 5174 808 5229 nobis
835 5189 976 5229 nunc
1004 5174 1234 5243 primum
1261 5173 1499 5242 evulgata
1529 5179 1792 5237 narratur,
1822 5185 1988 5240 usque
2023 5184 2087 5223 eo
2118 5167 2407 5223 insectatus
2434 5176 2534 5233 est,
2563 5167 2737 5238 quoad
2766 5169 2932 5237 ipsam
2962 5169 3029 5224 de
3058 5173 3293 5227 moribus
3325 5173 3503 5229 homi-

216 5286 339 5323 num
386 5269 623 5324 funditus
649 5268 885 5323 evulsam
915 5266 1246 5338 intelligeret.
1268 5265 1371 5321 Sed
1394 5273 1448 5319 et
1474 5263 1568 5318 Vir
1593 5274 1806 5318 sanctus
1830 5263 2145 5333 quandoque
2186 5278 2250 5317 ex
2292 5262 2478 5315 int-imo
2513 5262 2742 5331 quodam
2774 5263 2933 5316 animi
2964 5278 3143 5327 sensu,
3186 5269 3502 5338 quandoque

214 5363 376 5416 etiam
410 5378 476 5417 ex
506 5362 739 5416 fortuitis
768 5360 998 5426 casibus,
1029 5359 1153 5429 quid
1179 5374 1208 5412 a
1236 5374 1295 5413 se
1322 5358 1460 5413 Deus
1481 5356 1583 5411 dici
1613 5357 1787 5421 vellet,
1808 5350 2106 5425 judicabat;
2138 5365 2353 5425 tumque
2383 5355 2567 5409 relicto
2591 5370 2675 5421 en,
2708 5355 2847 5423 quod
2888 5356 3197 5412 meditatum
3230 5363 3499 5429 attulerat,

216 5464 560 5525 argumento,
592 5456 646 5509 in
671 5455 809 5509 aliud
844 5455 957 5523 ipso
986 5453 1239 5523 tetnpnris
1268 5453 1491 5506 articulo
1530 5452 1629 5505 sibi
1664 5451 1993 5521 prepositum
2030 5448 2360 5503 excurrehat.
2397 5447 2449 5501 Î¹Î¹Î¹
2484 5457 2591 5501 tum
2623 5448 2689 5501 de
2716 5462 2773 5502 se
2801 5449 2914 5518 ipso
2946 5450 2996 5503 in
3023 5450 3196 5507 Serm.
3230 5454 3315 5517 7|,
3349 5473 3398 5508 Î¹Î¹.
3432 5459 3501 5521 8Í¾

216 5558 272 5601 et
304 5548 425 5614 l80,
460 5566 515 5602 Î¹Î¹.
547 5548 601 5612 4,
635 5556 688 5601 et
712 5546 836 5609 552,
867 5562 920 5599 n.
955 5547 1005 5610 l,
1036 5555 1164 5609 etc.;
1196 5553 1304 5599 tum
1331 5544 1398 5598 de
1428 5544 1542 5615 ipso
1573 5541 1846 5598 Possidius
1872 5557 1988 5613 cap.
2022 5542 2088 5596 15
2110 5550 2457 5595 contestatur.
2878 5546 2883 5553 '

293 5641 426 5696 Cum
454 5641 687 5712 primum
718 5638 1063 5693 eoncionandi
1092 5639 1324 5707 suscepit
1348 5636 1694 5707 provinciam,
1726 5636 1968 5691 certatim
1998 5635 2063 5690 ad
2094 5651 2214 5691 eum
2245 5636 2568 5691 audiendum
2603 5636 2848 5692 catholici
2885 5640 3224 5708 haereticique
3250 5646 3505 5698 conv-da-

222 5733 382 5787 bans:
408 5741 661 5802 tantoque
692 5733 744 5785 in
770 5732 939 5801 pretio
964 5745 1240 5785 sermones
1266 5730 1428 5801 ipsius
1452 5729 1803 5792 habebantur,
1832 5739 1887 5781 ut
1908 5728 2174 5784 auditores
2202 5744 2304 5783 non
2337 5737 2539 5783 tantum
2572 5730 2691 5784 illos
2718 5732 2816 5785 sibi
2858 5735 2909 5786 in
2939 5734 3193 5786 memoria
3228 5735 3505 5792 studerent

221 5826 476 5898 deï¬gere,
500 5828 594 5884 sed
620 5827 777 5881 etiam
807 5825 1003 5882 charta:
1035 5824 1311 5881 mandatos
1351 5823 1494 5881 domi
1519 5837 1736 5880 servare
1764 5832 2124 5895 peroptarent.
2156 5824 2241 5878 Sic
2267 5824 2408 5879 cnim
2440 5821 2538 5880 hac
2564 5824 2629 5881 de
2659 5840 2715 5880 re
2744 5824 3048 5880 Possidius:
3073 5826 3309 5897 Quisquis
3333 5838 3388 5883 ut
3413 5846 3503 5886 ve-

545 5918 770 5982 Ssnc'r.
803 5920 1075 5981 Aususr.
1116 5917 1189 5975 V.
2874 5916 3105 5992 (Una)
