4002 6438
3822 284 3857 322 νς

517 376 580 435 ιι
1986 363 2097 422 PB;

2227 364 2377 423 t'l‘lO.
2696 407 2704 414 ε
2778 388 2783 395 '
3739 378 3807 441 12

515 456 610 552 luit
627 504 676 551 et
703 493 865 568 potuit
889 489 1113 547 notarios
1136 487 1397 555 adhibens,
1420 486 1573 543 etiam
1599 502 1658 542 ea
1685 500 1801 558 qua
1822 485 2114 542 dicebantur
2135 495 2343 557 excepta
2367 483 2692 540 describebat.
2720 483 2939 541 Certum
2972 491 3055 542 est
3079 494 3340 557 praeterea
3367 488 3654 549 conciones
3686 493 3802 564 plu-

406 612 409 619 ί
516 594 680 648 rimas
708 590 777 646 ab
801 587 991 645 eodem
1018 586 1265 651 Doctore,
1297 595 1389 641 aut
1412 582 1653 647 nondu-
1676 582 1986 655 pmnuntiat

2215 583 2376 639 6mm
2400 589 2684 653 postquam
2708 597 2801 638 eas
2821 583 2930 653 jam
2953 586 3371 655 pronuntiasset,
3405 587 3631 646 dictatas
3659 605 3794 662 esse,

514 685 628 743 sive
658 692 716 741 ut
740 686 884 756 ipsas
902 681 1116 753 iuberet
1140 679 1192 735 in
1219 677 1446 735 ecclesia
1468 690 1561 734 sua
1588 677 1822 745 recitari,
1847 677 1959 733 sive
1979 680 2038 732 ut
2060 674 2247 733 iisdem
2287 677 2375 732 alii
2405 691 2619 748 quoque
2634 676 2724 732 uti
2755 677 2922 735 libere
2952 673 3189 750 possent.
3231 680 3282 737 Is
3324 683 3466 738 enim
3496 699 3604 739 non
3633 687 3803 745 minus

516 776 792 849 ingeniose
821 788 980 845 quam
1010 772 1096 842 pie
1118 770 1355 836 illorum,
1379 770 1471 841 qui
1498 784 1617 825 eum
1646 769 1843 841 populo
1868 769 2079 825 virtutis
2092 784 2207 825 suae
2234 769 2590 840 praelucerent
2617 769 2898 840 exemplis,
2942 770 3150 828 alienos
3194 787 3466 831 sermones
3496 777 3800 848 recitarent,

512 869 811 941 apologiam
840 865 1041 922 scribit.
1065 864 1329 920 Observat
1352 861 1616 934 siquidem
1643 854 2025 935 ipsos,ttomitd
2056 856 2247 933 injuria
2266 856 2508 919 furtiaut
2537 862 2695 934 plagii
2723 864 2940 921 nomine
2965 866 3285 936 postulatum
3311 868 3397 934 iri,
3422 884 3543 924 cum
3570 869 3708 927 bene
3732 872 3807 928 vi-

515 964 708 1029 vendo,
739 971 794 1019 et
820 976 1002 1017 mores
1027 975 1154 1016 suos
1176 958 1246 1015 ad
1263 974 1382 1015 eam
1407 973 1565 1029 quam
1586 958 1881 1029 praedicant
1906 957 2201 1014 doctrinam
2226 957 2378 1029 quasi
2405 957 2471 1013 ad
2500 958 2753 1015 amussim
2775 960 3072 1033 dirigenda,
3100 962 3246 1017 illam
3272 963 3370 1018 sibi
3398 964 3629 1035 quodam
3650 967 3806 1026 modo

517 1055 781 1128 propriam
803 1052 1055 1110 efficiant.
1092 1050 1310 1106 Verbum
1335 1049 1446 1115 Dei,
1478 1050 1648 1121 inquit
1674 1050 1779 1118 ille,
1806 1048 1998 1105 nonest
2016 1049 2087 1105 ob
2114 1049 2186 1105 eis
2198 1045 2449 1117 alienum,
2480 1049 2568 1122 qui
2586 1050 2929 1123 obtemperant
2954 1053 3034 1118 ei;
3066 1054 3327 1125 potiusque
3355 1055 3443 1110 ille
3471 1057 3592 1111 dicit
3619 1059 3804 1127 aliena,

510 1152 596 1223 qui
621 1166 734 1205 cum
755 1149 889 1203 dicat
910 1148 1054 1214 bene,
1080 1148 1199 1223 vivit
1225 1147 1376 1202 male.
1413 1145 1755 1217 Quaecumque
1792 1146 1923 1201 enim
1951 1143 2080 1200 bona
2098 1143 2245 1212 dicit,
2274 1143 2383 1215 ejus
2409 1143 2686 1216 excogitari
2713 1146 2943 1201 videntur
2982 1147 3213 1221 ingenio,
3244 1147 3334 1205 ted
3361 1149 3423 1203 ab
3449 1151 3560 1221 ejus
3586 1152 3806 1209 moribus

513 1220 681 1298 aliena
710 1250 827 1297 sunt
857 1228 957 1314 (De
985 1225 1136 1295 Dect.
1167 1220 1378 1305 Christ.,
1404 1237 1490 1293 lib.
1518 1236 1573 1307 ι,
1602 1244 1718 1310 cap.
1739 1232 1826 1304 ea,
1852 1254 1907 1293 η.
1925 1233 2036 1311 ea).

581 1328 784 1394 Tomus
808 1353 875 1393 ex
907 1326 1306 1407 Augustiuianis
1330 1334 1570 1392 decimus
1599 1332 1684 1391 his
1718 1334 2054 1395 sermonibus
2087 1334 2278 1408 partim
2305 1335 2491 1405 dictis,
2518 1337 2714 1410 partim
2741 1337 2955 1397 dictatis
2976 1383 2992 1408 ,
3028 1342 3118 1414 qui
3146 1357 3244 1414 per
3272 1345 3555 1405 intervalla
3581 1349 3806 1412 diversis

510 1439 565 1487 et
594 1430 927 1503 temporibus
963 1438 1017 1486 et
1046 1428 1307 1486 classibus
1337 1430 1391 1485 in
1416 1428 1604 1505 vulgus
1628 1426 1977 1504 prodierunt,
2005 1430 2303 1487 constabat.
2328 1430 2561 1488 Eosdem
2588 1430 2675 1488 hic
2698 1433 3015 1493 exhibemus
3050 1454 3248 1496 novum
3276 1440 3331 1496 in
3359 1443 3602 1501 ordinem
3622 1446 3806 1505 distri-

508 1522 689 1595 butos,
718 1536 830 1599 quo
856 1533 912 1583 et
936 1524 1229 1583 secundum
1256 1524 1540 1598 genuinam
1569 1540 1721 1582 suam
1750 1524 1944 1581 seriem
1969 1518 2342 1597 disponuntur,
2374 1534 2433 1583 et
2456 1526 2523 1583 ab
2547 1527 2861 1584 adulterinis
2884 1532 3136 1589 omnibus
3159 1549 3224 1589 ac
3255 1537 3603 1607 supposititiis
3629 1542 3807 1613 sejun-

510 1630 728 1696 guntur.
758 1618 829 1681 Ut
857 1631 1033 1678 autem
1057 1637 1089 1679 e
1117 1631 1262 1678 torno
1289 1619 1497 1678 decimo
1523 1621 1611 1679 ubi
1637 1616 1947 1694 legebantur
1971 1630 2152 1691 antea,
2185 1621 2240 1678 in
2267 1623 2512 1694 quintum
2559 1624 2703 1682 hunc
2725 1640 2819 1682 eos
2861 1628 3312 1698 transterremus,
3353 1632 3508 1704 longa
3547 1635 3808 1697 delibera.

513 1718 658 1775 tione
683 1730 792 1775 non
816 1728 950 1790 opus
976 1715 1093 1773 fult.
1128 1715 1338 1773 Etenim
1367 1733 1487 1772 cum
1514 1716 1757 1788 plerique
1799 1714 1853 1772 in
1895 1717 2227 1789 Scripturam
2271 1732 2480 1774 sacram
2520 1719 2718 1776 fuerint
2755 1720 2951 1791 habiti,
2986 1739 3016 1778 a
3047 1727 3362 1784 tractatibus
3400 1730 3529 1784 tomi
3568 1733 3716 1789 tertii
3752 1743 3807 1793 et

511 1813 685 1887 quarti
713 1810 906 1887 quibus
935 1812 1125 1870 eadem
1152 1810 1243 1869 illa
1272 1812 1576 1883 exponitur,
1607 1812 1803 1884 quique
1828 1811 2117 1871 maximam
2146 1821 2352 1883 partem
2381 1815 2697 1871 concionum
2718 1812 2946 1872 formam
2988 1835 3097 1890 pra:
3136 1835 3200 1877 se
3242 1821 3447 1891 ferunt,
3479 1825 3690 1897 longius
3716 1843 3803 1886 re-

512 1904 716 1963 moveri
738 1904 1147 1980 haudquaquam
1179 1914 1445 1979 poterant.
1478 1906 1549 1960 At
1572 1920 1702 1962 vero
1726 1906 1925 1963 diutius
1955 1906 2215 1963 haesimus
2237 1906 2414 1974 dubii,
2441 1917 2497 1963 ut
2524 1908 2734 1965 illorum
2765 1910 3010 1973 ordinem
3047 1922 3123 1969 tot
3146 1915 3257 1986 jam
3286 1934 3550 1976 annorum
3579 1937 3676 1979 usu
3717 1940 3799 1982 re-

512 2009 723 2072 ceptum
750 2000 1063 2070 immutare,
1091 2016 1153 2055 ac
1181 2008 1289 2056 tam
1316 1999 1533 2067 multos,
1566 2014 1703 2073 quos
1730 1999 1980 2072 legitimis
2003 2000 2239 2058 insertos
2263 2001 2623 2060 Lovanienses
2652 2003 2771 2060 loco
2795 2021 2902 2063 non
2930 2019 3233 2079 moverant,
3258 2015 3411 2084 quasi
3436 2015 3631 2074 nothos
3646 2026 3807 2091 atque

513 2096 716 2152 alienos
740 2090 967 2169 rejiecre
998 2098 1050 2152 in
1081 2096 1321 2151 animum
1346 2094 1742 2151 induceremus.
1768 2092 1879 2151 Nos
1902 2110 2034 2153 sane
2060 2095 2283 2151 minime
2312 2093 2578 2167 fugiebat,
2605 2098 2736 2169 quin
2765 2108 2823 2155 ut
2849 2110 3084 2172 emptum
3111 2101 3339 2162 feliciter
3367 2106 3616 2178 caderet,
3640 2090 3808 2168 ardua

509 2194 845 2267 disceptatio,
877 2210 1101 2265 quchue
1122 2193 1349 2250 multum
1376 2193 1635 2264 temporis
1656 2202 1715 2250 et
1742 2193 2104 2252 meditationis
2127 2194 2388 2266 exigeret,
2412 2203 2555 2251 esset
2575 2195 2878 2254 adhibenda
2903 2218 2918 2253 :
2944 2214 3010 2256 ac
3043 2209 3304 2273 praetera
3336 2205 3630 2263 timemlum
3653 2208 3807 2266 vide-

513 2289 686 2358 batur,
717 2308 784 2346 ne
812 2291 1011 2347 criticis
1041 2290 1233 2360 spinis,
1260 2305 1330 2347 ex
1357 2290 1550 2365 quibus
1569 2290 1889 2362 plerumque
1913 2292 2143 2346 maxima
2170 2291 2340 2346 oritur
2364 2292 2767 2348 contentionum
2792 2308 2977 2366 seges,
3009 2295 3425 2367 implicarcmur.
3458 2300 3655 2358 Verum
3680 2317 3808 2361 cum

511 2388 741 2456 suscepti
773 2389 824 2441 in
850 2386 1237 2458 Augustiniana
1267 2401 1431 2460 opera
1462 2384 1661 2441 laboris
1689 2386 1973 2442 consilium
1996 2385 2091 2440 tria
2113 2386 2449 2457 potissimum
2479 2396 2705 2457 spectet,
2725 2403 2844 2460 qua:
2869 2390 3023 2447 nobis
3049 2392 3229 2448 statim
3250 2393 3319 2449 ab
3345 2393 3496 2450 initio
3525 2399 3806 2468 promoui-

513 2499 650 2546 mus,
683 2491 737 2538 et
765 2482 1040 2554 hucusque
1058 2490 1322 2552 prrestare
1346 2495 1537 2538 sumus
1560 2481 1734 2537 conati
1754 2520 1773 2548 ,
1800 2480 2053 2536 nimirum
2080 2489 2224 2536 utea
2252 2480 2462 2537 mendis
2491 2490 2879 2554 expurgentur,
2906 2484 3116 2541 meliori
3159 2485 3348 2542 ordine
3392 2504 3551 2559 quam
3589 2489 3805 2550 fuerant

511 2576 840 2647 digerantur,
862 2576 1094 2646 denique
1121 2575 1445 2647 supposititii
1472 2572 1613 2630 fetus
1637 2574 1708 2629 ab
1730 2573 1955 2629 aliorum
1976 2588 2200 2629 numero
2221 2583 2572 2645 scgregentur
2589 2592 2605 2641 ;
2624 2575 2785 2631 nobis
2806 2592 2914 2631 non
2934 2577 3033 2632 fuit
3056 2577 3319 2649 integrum
3339 2580 3395 2634 in
3410 2580 3516 2636 hoc
3532 2583 3809 2642 volumine

512 2673 739 2744 primam
758 2672 1015 2729 duntaxat
1042 2672 1205 2730 oflicii
1232 2673 1407 2728 nostri
1428 2679 1639 2744 partem
1669 2669 1954 2741 attingere,
1982 2668 2109 2724 aliis
2141 2669 2351 2724 duabus
2378 2671 2777 2741 praetermissis.
2804 2686 2940 2743 quas
2966 2671 3183 2743 quidem
3223 2674 3278 2731 in
3300 2674 3685 2747 Seruio-ibus,
3714 2679 3809 2737 ubi

509 2776 565 2823 et
601 2766 736 2824 ordo
772 2767 1028 2834 deterior,
1054 2776 1109 2823 et
1135 2766 1308 2837 maior
1343 2766 1456 2823 veri
1494 2764 1727 2836 l’alsique
1764 2763 2031 2834 Musio,
2059 2764 2342 2821 strictioris
2381 2781 2540 2837 quam
2572 2767 2628 2822 in
2661 2767 2872 2823 casteria
2907 2766 3060 2824 libris
3084 2771 3421 2826 necessitatis
3447 2786 3569 2829 esse
3596 2775 3812 2846 negabit

514 2878 695 2922 nemo.

582 2955 735 3025 Quod
849 2956 1116 3019 ordinem,
1145 2953 1387 3025 quisquis
1406 2967 1527 3010 cum
1558 2964 1699 3009 novo
1726 2958 1960 3008 veterem
1982 2964 2303 3022 componere
2331 2964 2437 3008 non
2464 2951 2792 3023 gravabitur,
2822 2951 3050 3024 plurima
3070 2961 3128 3010 et
3157 2955 3339 3026 gravia
3363 2955 3483 3027 ejus
3508 2958 3638 3015 vitia
3660 2960 3812 3019 nullo

512 3051 725 3122 "egeno
768 3049 1155 3121 deprehendet.
1208 3045 1610 3105 Animadvertet
1654 3045 1965 3112 Sermones,
1988 3044 2080 3116 qui
2122 3044 2456 3100 commodius
2481 3045 2535 3100 in
2560 3052 2791 3116 quatuor
2814 3046 3020 3103 classes
3040 3056 3381 3115 revocantur,
3416 3049 3473 3105 in
3497 3048 3806 3125 duodecim,

512 3160 737 3215 quarum
764 3143 885 3198 alite
911 3143 1089 3199 debita
1126 3142 1252 3198 aliis
1279 3148 1595 3212 rgumenta
1633 3138 2008 3207 continebant,
2048 3137 2213 3194 fuisse
2254 3136 2559 3193 distractos.
2598 3139 2868 3208 Agnoscet
2900 3139 3102 3208 libros,
3124 3155 3261 3212 quos
3284 3152 3509 3208 vocant,
3530 3142 3596 3198 de
3626 3142 3803 3200 Verbis

514 3234 752 3304 Domini,
776 3244 835 3291 et
862 3236 924 3289 de
964 3234 1138 3290 Verbis
1170 3234 1394 3305 Δρωιωί
1415 3274 1431 3301 ,
1454 3230 1832 3289 tantummodo
1875 3240 2084 3303 partem
2124 3230 2409 3301 complecti
2448 3245 2759 3287 sermonum
2783 3244 2971 3288 eorum
2992 3272 3008 3298 ,
3033 3234 3124 3305 qui
3152 3234 3219 3289 ad
3243 3233 3407 3291 hosce
3428 3235 3613 3293 titulos
3638 3241 3813 3308 portio

513 3330 747 3385 uehunt:
777 3328 1037 3399 intelliget
1074 3326 1368 3384 Sermones
1393 3327 1462 3382 de
1480 3325 1681 3394 Fastis,
1707 3337 1831 3382 cum
1861 3340 1957 3380 eos
1985 3325 2039 3379 in
2064 3324 2269 3380 classes
2292 3324 2357 3378 de
2384 3324 2629 3395 Tempore
2664 3334 2721 3381 et
2765 3326 2830 3380 de
2866 3326 3071 3384 Sanctis
3110 3338 3327 3386 coactos
3364 3331 3720 3401 oportuisset,
3755 3331 3814 3388 in

510 3423 646 3479 alias
665 3433 870 3493 septem
892 3396 984 3476 aut
1006 3430 1130 3478 octo
1155 3421 1483 3491 dissipatos;
1513 3428 1571 3477 et
1592 3436 1660 3477 ex
1688 3419 2040 3476 Senonibus
2063 3419 2293 3490 amplius
2314 3420 2548 3491 triginta,
2566 3420 2660 3492 qui
2684 3419 2754 3477 de
2776 3419 2931 3478 festis
2954 3423 3324 3495 Paschalibus,
3350 3396 3417 3482 ut
3434 3396 3537 3483 liae
3563 3426 3815 3499 exemplo

513 3526 744 3580 utamur,
776 3515 1157 3581 inscribuntur,
1190 3531 1296 3571 non
1324 3514 1431 3570 nisi
1470 3514 1658 3571 decem
1697 3516 1752 3570 in
1790 3514 1928 3570 serie
1966 3513 2035 3570 de
2074 3513 2339 3584 Tempore
2370 3515 2628 3583 inveniri;
2661 3516 2799 3572 alios
2833 3532 2994 3587 vero,
3020 3520 3068 3574 si
3093 3521 3217 3592 quis
3243 3536 3433 3578 omnes
3470 3523 3726 3579 evolvere
3756 3523 3816 3579 in

513 3612 695 3666 animo
725 3610 963 3676 haberet,
989 3611 1129 3665 inter
1152 3609 1539 3681 quinquaginta
1564 3607 1829 3663 Homilies
1849 3649 1865 3675 ,
1888 3608 1940 3662 in
1971 3605 2289 3665 collectione
2317 3607 2638 3664 Sermonem
2660 3624 2693 3664 a
2719 3609 3114 3668 Parisiensibus
3140 3613 3441 3670 additurum
3457 3655 3473 3680 ,
3500 3615 3554 3669 in
3584 3626 3816 3686 utraque

514 3712 668 3774 parte
688 3704 880 3758 classis
901 3701 1233 3759 de'Diversis
1250 3743 1269 3769 ,
1296 3716 1360 3758 ac
1378 3702 1435 3757 in
1466 3701 1852 3773 postcrluibus
1879 3700 2143 3757 classibus
2172 3700 2631 3773 pervestigandos.
2660 3702 2780 3760 Non
2811 3713 2988 3762 tamen
3015 3704 3380 3765 confusionem
3409 3708 3548 3764 hanc
3572 3709 3813 3767 mirabe-

512 3796 607 3863 ris,
638 3797 683 3851 si
698 3795 1140 3853 considercseos
1158 3810 1193 3849 a
1216 3794 1414 3866 quibus
1432 3794 1552 3851 istae
1578 3794 1780 3850 dasset
1806 3794 2062 3851 instituta
2086 3805 2231 3862 sum,
2264 3796 2464 3853 habere
2488 3797 2541 3852 in
2571 3797 2817 3854 manibus
2850 3814 3188 3874 nequaquam
3214 3806 3448 3877 patuisse
3471 3803 3811 3874 exemplaria

514 3892 753 3949 omnium
786 3888 1065 3962 Augustini
1092 3889 1441 3956 concinnum;
1464 3889 1660 3962 quippe
1686 3898 1813 3961 qua
1841 3887 2120 3946 codicibus
2160 3889 2331 3947 ferme
2370 3889 2698 3959 innumeris,
2730 3892 2875 3949 unde
2914 3896 3262 3965 postmodum
3285 3897 3448 3954 variis
3474 3895 3817 3966 temporibus

515 3996 682 4042 erutae
710 3984 1057 4055 collectaeque
1083 3982 1314 4048 fuerunt,
1346 3984 1770 4040 continerentur.

587 4079 721 4137 Tres
770 4080 973 4150 primas
1012 4077 1250 4145 duaeea,
1268 4076 1528 4133 nimirum
1555 4076 1624 4133 de
1650 4076 1839 4133 Verbis
1868 4075 2115 4145 Domini,
2143 4076 2213 4132 de
2239 4076 2430 4135 Verbis
2456 4079 2729 4150 Apostoli,
2756 4088 2815 4137 et
2842 4079 3191 4136 Homiliaram
3218 4079 3603 4152 quinquaginta
3629 4121 3645 4147 ,
3682 4094 3820 4137 cum

516 4178 572 4234 in
600 4173 978 4244 Minueritne
1005 4179 1270 4228 alterum
1300 4172 1729 4244 octingentorum
1756 4179 1813 4227 et
1838 4170 2074 4241 amplius
2097 4170 2457 4242 reperiantur,
2478 4172 2724 4245 antiquas
2742 4186 2866 4230 use
2894 4170 3116 4228 inﬁciari
3138 4187 3252 4229 non
3272 4184 3563 4245 possumus
3590 4187 3605 4226 :
3632 4180 3689 4227 at
3717 4185 3821 4230 ea:

517 4270 815 4342 Augustino
839 4268 1092 4340 mutiles,
1116 4269 1263 4340 quod
1291 4268 1477 4324 volunt
1510 4266 1751 4324 nonnulli
1772 4308 1791 4335 ,
1816 4265 1960 4322 haud
1987 4264 2142 4323 facile
2169 4267 2549 4324 concedamus.
2577 4268 2761 4337 Qualis
2787 4270 2933 4326 enim
2962 4268 3275 4326 eorundem
3304 4282 3612 4326 sermonum
3640 4268 3823 4326 sancti

518 4367 765 4427 Βοαοὼ
787 4372 944 4423 aetate
970 4364 1107 4422 ordo
1131 4363 1327 4433 Ῑαααι,
1356 4379 1465 4421 non
1489 4363 1705 4420 aliunde
1729 4361 1935 4419 certius
1963 4362 2089 4419 licet
2109 4376 2435 4435 cognoscere
2452 4405 2468 4429 ,
2490 4378 2654 4435 quam
2676 4378 2745 4420 ex
2774 4362 2955 4422 indice
3002 4364 3227 4421 Possidii
3246 4406 3262 4435 ,
3306 4364 3400 4436 qui
3442 4364 3644 4421 classes
3696 4364 3822 4420 illas

519 4461 741 4519 omnino
765 4475 941 4532 neque
969 4467 1269 4526 memorat,
1296 4474 1468 4530 neque
1489 4458 1755 4530 sequitur.
1786 4457 1987 4513 Harum
2027 4457 2188 4512 trium
2227 4457 2371 4512 nulla
2416 4469 2530 4513 non
2570 4456 2737 4514 habet
2780 4457 3114 4528 subditith,
3143 4470 3374 4530 quorum
3400 4457 3566 4530 aliqui
3589 4455 3823 4513 Gazsarii

520 4557 852 4616 Arelatensis
875 4557 1320 4629 episcopi'stilum
1341 4555 1576 4626 sapiunt.
3486 4558 3491 4561 λ

590 4650 792 4708 Classis
813 4649 884 4706 de
913 4649 1105 4706 Verbis
1126 4649 1335 4704 bonum
1376 4660 1483 4703 non
1529 4646 1725 4703 eodem
1746 4644 1943 4702 ordine
1984 4656 2260 4702 sermones
2283 4643 2482 4717 ubique
2504 4644 2562 4700 tn
2587 4643 2813 4701 vetustis
2850 4644 3246 4716 exemplaribus
3287 4642 3542 4702 ostendit.
3574 4642 3824 4700 Plurima

522 4762 645 4807 cum
690 4745 1012 4803 editionibus
1038 4745 1382 4803 consentiunt
1400 4785 1414 4811 ,
1448 4742 1543 4799 sed
1572 4754 1678 4799 non
1705 4743 1907 4799 omnia.
1942 4740 2055 4799 Hoc
2080 4740 2255 4813 ipsum
2287 4756 2354 4797 ex
2388 4740 2524 4797 locis
2549 4750 2580 4796 ιι
2609 4740 2750 4797 Beda
2768 4783 2784 4810 ,
2825 4741 2881 4797 td
2909 4750 3013 4808 est,
3044 4757 3075 4797 a
3104 4741 3285 4809 Floro,
3315 4740 3583 4813 excerptis
3608 4740 3826 4809 optime

521 4842 1275 4915 conjectarentLovanlenses
1298 4836 1555 4910 Theologi
1581 4856 1595 4893 :
1621 4850 1719 4894 nos
1738 4846 1868 4894 vero
1893 4838 2136 4909 lpsismet
2160 4835 2329 4893 oculis
2373 4836 2429 4891 in
2472 4836 2724 4907 singulari
2764 4828 2819 4891 et
2854 4837 3119 4908 exquisito
3160 4835 3346 4891 codice
3390 4850 3457 4891 ex
3503 4832 3823 4891 Colbertina

519 4938 840 4997 bibliotheca
863 4943 1049 4993 notato
1070 4935 1235 5001 2821,
1255 4942 1311 4992 et
1334 4935 1404 4991 ab
1432 4934 1606 5001 annis,
1637 4941 1695 4989 ut
1722 4933 2003 4989 minimum
2019 4974 2033 4998 ,
2066 4930 2383 5002 octingentis
2406 4941 2626 4987 exarata
2643 4973 2657 4997 ,
2687 4929 2781 4985 ubi
2803 4930 2990 4986 eadem
3016 4930 3103 4985 illa
3140 4929 3308 4985 series
3328 4942 3451 4985 eum
3477 4928 3619 4983 Flori
3644 4928 3823 4985 colle-
3853 4924 3871 4986 ἱ

519 5033 696 5089 ctione
720 5030 988 5102 congruit,
1019 5036 1076 5086 et
1099 5028 1241 5085 unde
1269 5044 1375 5084 non
1405 5040 1606 5101 paucos
1637 5036 1917 5081 sermones
1961 5023 2389 5094 exprompsimus
2438 5022 2697 5078 hactenus
2735 5021 2966 5078 ineditos
2986 5063 3002 5088 ,
3042 5020 3512 5092 deprehendimus.
3543 5019 3828 5077 Germana

519 5126 710 5198 primae
737 5122 899 5194 hujus
923 5121 1111 5180 classis
1140 5121 1436 5193 inscriptio,
1464 5132 1585 5176 eum
1614 5117 1789 5186 Flori,
1818 5124 1930 5173 tum
1960 5115 2442 5185 manuscriptorum
2469 5114 2606 5171 bene
2638 5114 2926 5169 multorum
2953 5112 3261 5169 testimonio
3286 5111 3627 5184 comprobata
3650 5154 3666 5179 ,
3701 5112 3827 5167 lucc

520 5224 637 5273 erat
657 5256 672 5283 ,
703 5214 770 5270 de
799 5210 976 5269 Verbis
997 5211 1265 5284 Evangelii
1288 5210 1467 5283 :quod
1497 5208 1777 5282 Augustini
1818 5220 2011 5279 nempe
2053 5207 2536 5264 commentationes
2565 5205 2616 5261 in
2643 5220 2807 5263 omne
2847 5219 3017 5279 genus
3060 5206 3300 5262 locorum
3326 5220 3357 5262 e
3385 5214 3611 5277 quatuor
3638 5204 3833 5261 Evan-

521 5310 678 5382 geliis
703 5308 991 5381 petitorum
1016 5305 1427 5377 complectatur.

596 5404 912 5476 Quanquam
939 5408 1117 5458 autem
1148 5399 1436 5456 Sermones
1460 5397 1528 5455 de
1555 5396 1745 5453 Verbis
1773 5395 1984 5451 Domini
2014 5396 2066 5451 in
2096 5393 2490 5467 exemplaribus
2517 5394 2835 5464 quibusdam
2861 5397 3102 5468 reperire
3126 5403 3211 5453 est
3236 5397 3355 5453 sine
3378 5394 3734 5453 Sermonlbus
3756 5395 3832 5453 de

529 5498 724 5556 Verbis
750 5495 982 5569 apostoli
1008 5512 1024 5548 :
1056 5493 1156 5549 hos
1183 5501 1361 5548 tamen
1390 5505 1654 5562 nusquam
1683 5489 1921 5559 reperias
1947 5489 2051 5545 nisi
2092 5502 2215 5545 eum
2257 5489 2363 5544 illis
2402 5488 2475 5544 ita
2513 5487 2852 5558 conjunctos,
2876 5501 2932 5547 ut
2962 5500 3084 5562 post
3110 5493 3498 5562 sexagesimum
3528 5499 3787 5561 quartum
3811 5534 3829 5559 ,

529 5606 639 5663 quo
662 5590 830 5646 series
857 5588 926 5646 de
953 5586 1147 5644 Verbis
1175 5584 1383 5640 Domini
1415 5583 1772 5647 concluditur,
1810 5582 2011 5650 primus
2039 5582 2108 5639 de
2134 5581 2325 5639 Verbis
2350 5581 2588 5653 Apostoli
2617 5583 2813 5663 ubique
2842 5591 3152 5639 numeretur
3180 5584 3539 5655 sexagesimus
3567 5583 3831 5654 quintus,

531 5683 823 5749 secundus,
853 5680 1217 5752 sexagesimus
1247 5689 1462 5745 sextus;
1490 5687 1544 5734 et
1569 5677 1649 5732 sic
1673 5676 1739 5731 de
1766 5677 1971 5729 maturis
1999 5693 2011 5729 :
2040 5690 2263 5745 quorum
2291 5689 2396 5729 non
2426 5691 2615 5733 omnes
2640 5676 2708 5732 de
2738 5677 2909 5730 verbis
2942 5680 2978 5731 Α
2991 5679 3179 5747 postoli
3198 5721 3213 5745 ,
3243 5678 3333 5734 sed
3365 5676 3555 5750 partim
3577 5677 3644 5734 de
3670 5678 3835 5734 Acti-

529 5777 632 5836 bus
656 5775 1030 5849 Apostolorum
1051 5816 1066 5841 ,
1090 5774 1288 5845 partim
1327 5772 1488 5827 etiam
1524 5769 1592 5825 de
1628 5769 1805 5825 verbis
1835 5768 2007 5833 Petri,
2047 5761 2270 5837 Jacobi,
2311 5781 2374 5823 ac
2403 5766 2654 5837 Joannis,
2680 5783 2745 5825 ex
2774 5768 3028 5840 Epistolis
3065 5771 3407 5840 earumdem,
3439 5779 3635 5844 agunt:
3662 5771 3745 5827 ita
3770 5779 3837 5831 ut

532 5871 654 5931 dum
677 5872 780 5930 illa:
802 5870 1003 5927 classes
1023 5868 1151 5924 nihil
1180 5866 1325 5937 aliud
1353 5866 1460 5923 sint
1482 5878 1640 5936 quam
1669 5863 1990 5919 Sermonum
2017 5863 2071 5919 iu
2094 5862 2420 5933 Scriptorum
2453 5862 2577 5918 novi
2605 5861 2937 5920 Testamenti
2960 5864 3225 5922 colleCtio.
