4002 6446
494 386 569 451 ιε
1964 382 2074 442 PR;

2171 383 2347 442 ATIO.
3683 388 3750 447 l6

566 502 925 559 Partitioncm
951 500 1270 557 instituimus
1305 499 1471 556 multo
1510 500 1908 556 concinuiorem
1943 502 2433 572 accuratiorcmque
2458 544 2472 568 ,
2498 501 2550 556 in
2576 514 2678 572 qua
2698 508 2859 558 etiam
2883 516 2993 575 prce
3036 503 3327 561 Robertina
3357 504 3459 561 hoc
3481 506 3745 564 commodi

493 608 606 665 est,
636 596 778 670 quod
806 597 1019 667 propius
1044 596 1110 649 ab
1135 597 1345 665 antiqua
1374 603 1427 650 et
1455 596 1663 666 vulgata
1688 594 1925 661 recedit;
1977 609 2097 649 cum
2126 609 2404 651 sermones
2430 609 2616 651 omnes
2654 609 2751 666 pro
2774 597 3030 653 varietate
3075 600 3376 669 argumenti
3421 606 3638 655 revocet
3677 600 3747 656 ad

494 692 660 749 hosce
687 703 913 763 quatuor
936 690 1147 747 ordines
1168 732 1182 756 ,
1215 690 1281 746 de
1306 689 1593 760 Scripturis
1612 731 1627 757 ,
1655 690 1721 745 de
1748 690 2011 759 Tempore
2033 729 2049 756 ,
2072 688 2141 744 de
2167 688 2376 745 Sanctis
2394 732 2409 757 ,
2438 698 2491 744 et
2513 690 2581 744 de
2605 689 2855 745 Diversis.
2882 690 3195 747 Addidimus
3221 701 3475 761 praeterea
3503 693 3742 763 quintum

493 785 738 841 ordinem
766 784 1085 839 Sermonum
1107 781 1410 849 dubiorum,
1440 781 1584 854 quod
1610 780 1859 837 videlicet
1883 781 2087 836 nullum
2107 780 2209 837 nisi
2229 790 2410 853 aperte
2434 782 2825 854 supposititium
2847 782 2901 839 in
2928 784 3289 855 Appendicem
3315 785 3537 856 rejicerc
3564 787 3746 843 consi-

494 876 623 931 lium
653 875 829 931 fuerit.

568 969 756 1025 Falsus
791 976 969 1024 autem
1000 967 1142 1023 veris
1165 966 1364 1023 diutius
1387 965 1637 1022 confusos
1657 965 1962 1037 relinquere
1986 966 2295 1037 neutiquam
2322 967 2513 1023 licebat
2538 985 2553 1023 :
2584 968 3010 1040 quandoquidem
3062 969 3163 1026 hac
3197 970 3251 1025 in
3289 985 3349 1026 re
3372 969 3611 1041 quotidie
3640 979 3748 1028 tam

496 1062 652 1118 multi
676 1061 1078 1131 decipiebantur
1095 1101 1111 1127 ,
1142 1069 1200 1115 ut
1227 1059 1440 1130 quidam
1470 1059 1630 1115 nimis
1657 1058 1859 1114 creduli
1885 1058 2200 1129 scriptiones
2223 1059 2404 1115 Fausti
2432 1069 2590 1131 atque
2612 1060 2836 1115 aliorum
2865 1061 2960 1116 imi
2987 1060 3222 1116 subsellii
3267 1071 3543 1117 auctorum
3572 1065 3753 1134 Augu-

493 1157 753 1213 stinianas
777 1156 1069 1220 ducerent;
1097 1154 1186 1209 alii
1225 1162 1409 1209 contra
1453 1154 1573 1224 plus
1599 1167 1751 1223 aequo
1775 1152 2057 1223 suspiciosi
2085 1167 2362 1208 sermones
2387 1154 2678 1224 Augustino
2707 1154 2863 1225 longe
2909 1152 3250 1225 dignissimos
3283 1163 3374 1209 aut
3397 1164 3749 1225 respuerent,

490 1261 583 1306 aut
608 1260 885 1321 suspectos
911 1248 1188 1304 haberent.
1217 1247 1323 1303 Sed
1346 1247 1604 1318 Optimum
1630 1245 1841 1301 videtur
1863 1246 2115 1316 principia
2137 1253 2187 1300 ct
2211 1255 2393 1314 notas,
2420 1248 2610 1317 quibus
2633 1246 2799 1303 innixi
2836 1246 2939 1303 hoc
2974 1247 3231 1318 judicium
3267 1257 3427 1318 atque
3470 1263 3753 1304 censuram

491 1346 730 1416 aggressi
756 1360 940 1400 sumus
960 1386 975 1411 ,
1002 1344 1274 1400 declarare
1300 1385 1317 1411 ,
1345 1353 1403 1398 ut
1428 1343 1553 1399 hinc
1576 1350 1773 1397 statuat
1800 1342 2165 1412 unusquisque
2181 1382 2195 1407 ,
2224 1357 2347 1397 num
2371 1344 2422 1397 in
2445 1343 2663 1398 materia
2695 1343 2826 1397 tanti
2845 1343 3100 1399 momenti
3120 1344 3437 1399 sententiam
3461 1344 3667 1400 limam
3692 1359 3755 1401 ac

490 1451 696 1497 certam
726 1439 865 1495 ferre
892 1440 1220 1510 potuerimus
1251 1458 1266 1494 :
1294 1440 1503 1494 tametsi
1526 1438 1643 1492 fieri
1669 1447 1899 1507 nequeat
1926 1446 1985 1492 ut
2008 1436 2313 1508 singillatim
2342 1445 2498 1491 notas
2526 1452 2713 1494 omnes
2741 1436 2932 1509 quibus
2960 1437 3223 1494 sermonis
3251 1438 3503 1509 cujusque
3528 1453 3755 1495 censura

492 1534 757 1589 stabilitur
776 1575 791 1599 ,
819 1534 1119 1602 aperiamus
1142 1574 1156 1598 ,
1180 1532 1274 1587 sed
1304 1540 1505 1587 tantum
1530 1531 1821 1601 generatim
1846 1530 2047 1601 aliquas
2064 1571 2079 1597 ,
2108 1544 2306 1600 easque
2334 1531 2501 1598 magis
2530 1528 2837 1584 familiares.

508 1624 517 1634 '
563 1626 800 1680 Primum
828 1627 1065 1679 omnium
1091 1625 1229 1691 stili,
1258 1639 1362 1694 quo
1388 1630 1591 1677 tantum
1635 1631 1883 1678 auctores
1926 1622 2065 1677 inter
2094 1637 2153 1677 se
2176 1663 2191 1688 ,
2218 1629 2473 1691 quantum
2518 1621 2760 1676 homines
2784 1621 2931 1676 vultu
2959 1619 3247 1689 differunt,
3274 1621 3536 1677 rationem
3569 1621 3759 1678 habui-

491 1734 632 1775 mus.
660 1719 758 1775 Hic
786 1733 975 1787 nempe
1000 1716 1142 1788 quod
1170 1717 1325 1786 epist.
1352 1715 1423 1772 93
1441 1756 1455 1780 ,
1483 1732 1539 1769 n.
1572 1714 1639 1770 59
1657 1755 1674 1781 ,
1722 1713 1791 1770 de
1819 1714 2083 1786 Cypriane
2122 1713 2262 1767 dixit
2314 1713 2639 1783 Augustinus
2661 1754 2675 1779 ,
2707 1713 2821 1783 pari
2843 1714 2963 1782 jure
2987 1712 3112 1767 licet
3135 1711 3203 1767 de
3231 1713 3346 1783 ipso
3373 1715 3754 1783 pronuntiare:

494 1811 660 1867 Stilus
685 1813 796 1882 ejus
837 1810 982 1864 habet
1019 1809 1292 1882 quamdam
1336 1806 1594 1878 propriam
1618 1806 1829 1877 faciem,
1861 1822 1961 1876 qua
1989 1804 2144 1877 possit
2169 1805 2393 1875 agnosci.
2425 1803 2559 1858 Eum
2586 1811 2801 1860 sanctus
2849 1803 3203 1874 Hieronymus
3231 1818 3298 1859 ex
3325 1805 3448 1859 stilo
3471 1846 3487 1873 ,
3529 1815 3587 1860 ut
3610 1805 3756 1862 idem

489 1906 714 1975 epistola
741 1906 879 1960 inter
906 1903 1317 1975 Augustinianas
1342 1902 1409 1957 68
1437 1908 1661 1956 testatur
1694 1940 1711 1968 ,
1739 1899 1973 1971 agnovit.
2002 1898 2071 1954 Et
2095 1897 2464 1968 Lugdunensis
2495 1897 2727 1953 Ecclesia
2755 1896 2889 1954 libro
2913 1896 2981 1952 de
3008 1896 3174 1951 tribus
3195 1895 3467 1967 Epistolis,
3497 1913 3615 1969 cap.
3647 1900 3722 1955 '55
3740 1940 3757 1967 ,

492 2008 552 2054 ut
579 1999 766 2070 probet
790 1998 1218 2071 Hypognosticon
1246 1995 1344 2067 ipsi
1369 2010 1477 2050 non
1504 2009 1625 2051 esse
1644 1993 2052 2049 adscribendum
2078 2034 2095 2061 ,
2124 1991 2318 2049 eodem
2341 1992 2509 2047 utitur
2531 2000 2864 2063 argumento.
2892 1989 3271 2046 Verumtamen
3295 1991 3340 2046 si
3387 1993 3601 2048 nomine
3646 1994 3758 2050 stili

494 2093 624 2149 nihil
650 2093 793 2149 aliud
821 2093 1143 2164 intelligatur
1166 2105 1322 2162 quam
1350 2090 1512 2146 dictio
1537 2132 1552 2156 ,
1576 2088 1850 2146 fatendum
1869 2098 1953 2146 est
1978 2090 2125 2144 illum
2160 2103 2265 2143 non
2290 2102 2501 2159 semper
2526 2102 2688 2142 unum
2716 2095 2875 2157 atque
2898 2085 3154 2156 aequalem
3173 2084 3404 2140 existere
3430 2087 3481 2140 in
3504 2088 3759 2157 operibus

491 2187 808 2258 Augustini,
860 2186 953 2241 sed
992 2183 1223 2240 maxime
1270 2183 1323 2238 in
1362 2182 1736 2248 sermonibus,
1770 2194 1904 2252 quos
1932 2189 2079 2236 tanta
2120 2195 2300 2237 rerum
2351 2194 2413 2235 ac
2440 2179 2675 2234 locorum
2720 2177 3025 2233 diversitate
3054 2191 3152 2247 per
3192 2175 3538 2247 quadraginta
3585 2194 3759 2234 annos

494 2279 697 2336 habuit.
731 2278 873 2333 Inter
891 2278 990 2333 hos
1014 2277 1102 2331 alii
1123 2276 1191 2331 ab
1216 2291 1282 2332 eo
1310 2292 1405 2347 per
1424 2273 1779 2330 sacerdotium
1807 2288 1964 2330 suum
1993 2274 2275 2345 compositi
2309 2273 2541 2344 priorum
2571 2273 2737 2343 ipsius
2764 2271 3184 2327 lucubrationum
3210 2270 3442 2326 colorem
3470 2273 3759 2343 quemdam

492 2369 772 2437 referunt,
813 2370 901 2424 alii
932 2370 1001 2425 ab
1024 2369 1210 2424 eodem
1239 2368 1529 2423 maturiore
1549 2366 1657 2437 jam
1687 2374 1846 2422 actate
1872 2367 2194 2437 pronuntiati
2222 2366 2286 2420 ad
2312 2366 2603 2436 posteriora
2632 2379 2793 2435 opera
2820 2363 2987 2435 magis
3006 2363 3262 2418 accedunt
3290 2381 3304 2417 :
3333 2366 3572 2420 nonnulli
3596 2382 3760 2423 accu-

492 2474 609 2519 rate
631 2472 686 2518 et
726 2479 846 2518 cum
894 2462 1237 2519 meditatione
1282 2461 1574 2516 elucubrati
1614 2467 1770 2526 sunt,
1824 2458 2063 2514 nonnulli
2112 2475 2177 2514 ex
2213 2470 2450 2530 tempore
2480 2458 2622 2515 fusi:
2650 2460 2770 2515 illos
2796 2468 3035 2515 extremo
3061 2458 3514 2514 RetraCtationum
3544 2461 3756 2531 capite,

492 2555 630 2611 libro
650 2556 707 2622 2,
730 2555 957 2610 dictatos
980 2564 1155 2617 vocat,
1180 2553 1280 2608 hos
1305 2562 1480 2608 autem
1507 2552 1678 2607 dictos
1711 2568 1724 2606 :
1756 2552 2085 2623 proindeque
2114 2553 2318 2622 aliquos
2343 2552 2624 2618 habemus,
2650 2552 2834 2622 quales
2854 2567 2885 2607 a
2911 2551 3131 2606 notariis
3150 2593 3165 2616 ,
3194 2550 3319 2606 dum
3345 2552 3505 2607 verba
3532 2553 3756 2624 faceret,

493 2650 729 2717 excerpti
762 2658 884 2703 sunt
908 2690 921 2712 ,
950 2663 1071 2703 cum
1104 2647 1190 2702 alii
1233 2647 1475 2717 legantur
1501 2661 1652 2716 aeque
1698 2646 1961 2701 emendati
1989 2660 2052 2702 ac
2076 2645 2265 2716 integri
2293 2656 2452 2716 atque
2478 2661 2639 2717 opera
2668 2646 2864 2716 proprii
2894 2646 3127 2701 auctoris
3154 2660 3312 2700 manu
3340 2656 3553 2702 exarata
3579 2649 3761 2705 solent

489 2757 631 2798 esse.
662 2742 716 2797 ld
745 2758 867 2799 cum
892 2743 1062 2796 critici
1085 2740 1298 2812 quidam
1330 2757 1435 2795 non
1460 2741 1587 2796 satis
1614 2740 2004 2804 advertissent,
2034 2738 2323 2795 Sermones
2352 2742 2539 2811 primis
2568 2740 2840 2810 Augustini
2868 2740 3022 2794 annis
3041 2781 3056 2806 ,
3083 2749 3141 2794 ut
3162 2755 3259 2794 suo
3297 2740 3416 2797 loco
3448 2742 3763 2799 observavi-

488 2851 611 2891 mus
631 2878 646 2901 ,
690 2836 1020 2906 compositos
1045 2844 1229 2890 sancto
1270 2835 1482 2889 Ductori
1512 2834 1903 2903 abjudicarunt.
1936 2834 2015 2888 Ad
2041 2834 2345 2903 hujusmodi
2372 2850 2499 2904 ergo
2524 2848 2804 2889 censuram
2850 2841 2994 2889 recte
3017 2834 3346 2902 obeundam,
3397 2844 3757 2908 prieterquam

491 2927 630 2997 quod
660 2926 814 2982 stilus
840 2927 1019 2996 cperis
1040 2926 1184 2981 dubii
1207 2926 1275 2980 ad
1300 2926 1508 2996 singula
1536 2925 1830 2980 indubitata
1858 2939 2019 2995 opera
2041 2926 2334 2996 exigendus
2362 2936 2444 2981 est
2465 2968 2479 2992 ,
2512 2941 2839 2997 nequaquam
2864 2927 2942 2982 vis
2970 2928 3057 2983 illa
3088 2927 3201 2982 sive
3225 2928 3445 2998 spiritus
3472 2944 3576 3000 quo
3600 2931 3762 2987 stilus

493 3018 644 3089 quasi
672 3019 938 3072 animatur
960 3059 974 3084 ,
1006 3017 1311 3087 postltaberi
1335 3016 1510 3071 debet.
1542 3014 1747 3087 Ubique
1771 3017 1912 3071 enim
1936 3019 2239 3088 agnoscitur
2260 3018 2590 3089 Augustinus
2620 3019 2836 3088 preprio
2861 3020 3089 3091 quodam
3128 3020 3445 3091 eloquentiae
3481 3024 3655 3094 gravis
3696 3041 3762 3081 ac

496 3109 650 3162 seria:
689 3124 885 3179 genere
909 3150 923 3174 ,
961 3107 1101 3178 quod
1129 3108 1228 3162 sibi
1259 3108 1514 3163 lectorum
1542 3108 1750 3163 animos
1776 3108 1990 3180 subjicit
2008 3150 2023 3177 ,
2054 3125 2161 3164 non
2186 3110 2366 3180 lepore
2389 3119 2615 3181 compta:
2648 3121 2806 3182 atque
2846 3112 3104 3168 affectata:
3128 3114 3443 3170 elocutionis
3464 3157 3481 3182 ,
3510 3117 3603 3173 sed
3635 3118 3761 3173 elli-

490 3199 635 3255 cacia
686 3199 911 3270 quadam
947 3198 1165 3268 judicii,
1222 3199 1548 3268 prudentim,
1590 3200 1835 3271 pietatis,
1876 3202 2201 3266 honestatis,
2244 3202 2545 3270 modestite,
2579 3205 2881 3271 comitatis,
2927 3206 3257 3277 aliarumque
3304 3209 3587 3273 virtutum,
3634 3227 3759 3281 qua:

490 3292 692 3363 passim
732 3293 783 3347 in
825 3292 939 3361 ejus
965 3293 1205 3347 oratione
1250 3291 1384 3346 adeo
1407 3291 1610 3362 fulgent
1635 3300 1794 3363 atque
1818 3292 2082 3359 emicant,
2134 3303 2192 3348 ut
2218 3294 2381 3363 ipsius
2410 3295 2589 3349 stilum
2633 3311 2790 3350 nemo
2826 3296 3117 3351 imitatione
3146 3308 3479 3369 assequatur.
3530 3299 3626 3356 Hic
3672 3313 3762 3359 est

487 3388 754 3457 praecipue
780 3387 977 3459 Lydius
1001 3387 1134 3456 lapis
1153 3428 1166 3452 ,
1193 3402 1299 3457 quo
1325 3401 1601 3442 sermones
1621 3401 1747 3442 vere
1773 3387 2141 3458 Augustiniani
2173 3388 2498 3457 probantur;
2531 3395 2586 3441 et
2609 3387 2675 3442 ad
2697 3403 2853 3458 quem
2882 3388 3241 3461 Appendicem
3272 3392 3319 3446 si
3338 3392 3456 3463 quis
3474 3392 3754 3461 adhibeat,

488 3478 544 3533 in
575 3492 692 3533 eam
720 3493 887 3548 prope
908 3479 1206 3533 universam
1236 3487 1521 3549 cognoscet
1546 3476 1737 3533 cadere
1759 3478 1884 3531 illud
1913 3494 2100 3548 posse,
2133 3480 2274 3550 quod
2304 3479 2373 3534 de
2402 3479 2796 3551 Hypognostico
2823 3483 3220 3551 pronuntiatum
3241 3493 3360 3540 est:
3393 3485 3460 3540 Et
3488 3504 3661 3543 sensus
3687 3489 3753 3542 ab

489 3570 631 3624 illius
656 3587 805 3626 sensu
832 3572 1041 3642 inferior
1059 3571 1266 3624 habetur
1289 3612 1305 3637 ,
1331 3582 1378 3625 et
1408 3572 1651 3625 modestia
1677 3580 1825 3639 atque
1855 3571 2115 3626 humilitas
2134 3589 2333 3626 morum
2359 3582 2405 3627 et
2428 3589 2715 3628 sermonum
2734 3576 2843 3646 ejus
2871 3592 2972 3629 non
2996 3577 3064 3631 ibi
3087 3587 3328 3634 servatur.

560 3663 930 3734 Lugdunensis
960 3663 1233 3731 Ecclesia,
1281 3664 1431 3734 cujus
1460 3663 1573 3717 lucc
1615 3664 1776 3718 verba
1809 3672 1964 3729 sunt,
2009 3663 2203 3719 ibidem
2254 3664 2396 3719 aliud
2442 3665 2697 3722 indicium
2744 3666 2892 3721 addit
2930 3685 2944 3721 :
2992 3668 3059 3722 Et
3102 3671 3420 3737 testimoniis,
3463 3672 3658 3743 inquit,
3689 3691 3757 3729 ea:

491 3755 723 3811 hebraica
751 3757 1079 3811 translatione
1097 3799 1111 3820 ,
1164 3773 1314 3827 quam
1339 3757 1510 3811 beatus
1540 3756 1877 3827 Hieronymus
1906 3758 2093 3824 edidit,
2125 3767 2306 3829 printer
2342 3760 2453 3831 ejus
2481 3762 2890 3817 consuetudinem
2916 3772 3092 3817 contra
3117 3766 3230 3820 illos
3258 3765 3515 3822 Itwreticos
3553 3770 3709 3823 utitur
3734 3788 3755 3825 :

487 3848 623 3919 quod
641 3847 727 3902 ille
756 3864 819 3903 ετ
837 3849 1044 3916 antiqua
1067 3849 1231 3918 potius
1266 3848 1482 3902 editione
1506 3852 1672 3919 facere
1698 3848 1971 3902 consuevit.
2005 3847 2159 3915 Quod
2192 3850 2404 3918 quidem
2436 3850 2688 3907 iudicium
2719 3866 2786 3907 eo
2828 3852 3036 3923 longius
3084 3856 3343 3926 latiusque
3383 3857 3716 3927 protenditur
3738 3902 3756 3929 ,

486 3939 630 4009 quod
656 3939 815 4015 aliam
846 3939 1244 3995 translationem
1270 3981 1286 4006 ,
1336 3956 1456 3994 cum
1485 3940 1632 3994 brevi
1660 3940 2028 3995 auctoritatem
2062 3941 2257 3996 veteris
2283 3952 2641 4014 occupasset,
2692 3954 2901 4001 constat
2934 3946 3046 4016 jam
3094 3948 3218 4004 inde
3258 3966 3288 4003 a
3333 3952 3517 4019 quinto
3555 3955 3761 4011 smculo

486 4031 762 4103 amplexos
808 4048 926 4087 esse
953 4032 1262 4086 Salvianum
1310 4031 1732 4095 Massiliensem,
1766 4031 2089 4086 Eucherium
2115 4031 2569 4102 Lugdunensem,
2599 4034 2828 4091 Leonem
2861 4036 3156 4092 Romanum
3195 4039 3503 4096 Pontificem
3528 4085 3544 4107 ,
3595 4054 3763 4116 atque

491 4127 648 4181 alios.
682 4125 971 4195 Gregorius
1001 4132 1355 4193 cognomento
1383 4122 1601 4193 Magnus
1624 4165 1639 4190 ,
1672 4123 1761 4193 qui
1793 4138 2015 4190 novam,
2046 4138 2202 4191 quam
2225 4134 2379 4179 vocat
2398 4165 2413 4190 ,
2462 4127 2700 4182 scribens
2731 4128 2780 4183 in
2804 4128 2991 4183 librum
3017 4128 3116 4184 Job
3140 4131 3405 4201 sequitur,
3436 4134 3661 4203 epistola
3688 4142 3764 4197 ad

489 4217 789 4272 Leandrum
812 4225 1088 4286 utramque
1115 4214 1167 4268 in
1192 4214 1427 4269 Ecclesia
1460 4214 1696 4269 Romana
1725 4221 1850 4267 tunc
1880 4213 2135 4283 temporis
2166 4213 2266 4286 legi
2300 4216 2507 4271 solitam
2553 4218 2731 4273 tradit.
2766 4219 2871 4275 Sed
2900 4235 3002 4275 non
3042 4221 3209 4275 multo
3236 4231 3355 4291 post
3382 4238 3515 4279 nova
3559 4228 3763 4299 ubique

490 4310 724 4380 gentium
768 4306 1030 4369 obtinuit,
1077 4313 1213 4361 teste
1242 4304 1443 4361 Isidoro
1465 4346 1479 4371 ,
1508 4305 1598 4374 qui
1647 4319 1751 4358 non
1793 4305 1952 4374 longe
1997 4305 2064 4359 ab
2092 4306 2241 4360 initio
2288 4308 2497 4376 septimi
2525 4310 2707 4364 sreculi
2734 4311 2785 4364 in
2811 4312 2944 4367 libro
2974 4313 3145 4383 primo
3186 4312 3252 4367 de
3286 4313 3488 4371 Divinis
3513 4317 3718 4376 Officiis
3745 4364 3763 4389 ,

489 4421 607 4476 cap.
639 4405 725 4469 η,
752 4404 1050 4459 sichabct:
1083 4401 1162 4456 De
1183 4401 1376 4455 hebrteo
1406 4410 1572 4454 autem
1612 4401 1665 4453 in
1695 4402 1906 4455 latinum
1928 4400 2272 4454 tantummodo
2299 4400 2636 4473 Hieronymus
2664 4406 2918 4477 presbyter
2942 4423 3113 4461 sacras
3150 4407 3445 4478 Scripturas
3478 4419 3723 4469 convertit
3747 4457 3765 4484 ,

492 4500 635 4568 cujus
661 4497 874 4550 editione
892 4495 1189 4566 generaliter
1216 4508 1385 4547 omnes
1410 4492 1651 4546 Ecclesia:
1672 4507 2021 4561 usquequaque
2052 4500 2285 4546 utuntur.

565 4589 735 4643 Porro
769 4587 914 4641 hisce
938 4584 1255 4641 testimoniis
1285 4582 1600 4638 Psalterium
1628 4582 2096 4652 llieronymianum
2119 4597 2183 4636 cx
2206 4583 2441 4653 hebrmo,
2470 4586 2610 4656 quod
2640 4601 2811 4658 neque
2836 4589 2889 4643 in
2917 4589 3331 4662 Hypognostico,
3359 4610 3530 4666 neque
3555 4597 3607 4652 in
3636 4599 3772 4658 aliis

493 4689 737 4738 veterum
768 4676 1220 4734 lucubrationibus
1254 4675 1535 4746 reperitur,
1576 4674 1795 4731 minime
1822 4673 2218 4743 intelligendum
2248 4685 2332 4731 est
2364 4694 2377 4731 :
2408 4686 2465 4732 at
2492 4678 2828 4735 solummodo
2857 4682 2975 4737 alia:
3002 4684 3203 4755 antiqui
3232 4684 3450 4743 ftederis
3482 4692 3773 4762 praecipua;

492 4784 692 4848 partes.
723 4772 1078 4829 Nihilominus
1106 4777 1283 4824 tamen
1322 4782 1443 4822 cum
1484 4766 1773 4832 Psalterio,
1821 4766 1874 4821 in
1903 4766 2045 4837 quod
2072 4768 2482 4825 commentarios
2520 4770 2687 4826 edidit
2714 4773 3073 4843 Augustinus,
3104 4792 3213 4830 sua:
3250 4780 3477 4848 propria:
3508 4782 3771 4843 lectiones

492 4870 633 4934 sint,
665 4874 822 4936 atque
859 4862 928 4917 ab
965 4861 1191 4916 aliorum
1223 4858 1366 4914 haud
1395 4856 1736 4913 mediocriter
1777 4856 2163 4927 discrepantes,
2208 4858 2334 4914 illud
2361 4874 2573 4931 quoque
2603 4862 2731 4917 satis
2774 4863 2976 4919 utiliter
3008 4865 3061 4920 in
3103 4866 3347 4922 examine
3380 4877 3566 4927 nostro
3602 4873 3772 4930 adhi-

491 4964 728 5019 buimus.

564 5053 699 5107 Cum
729 5051 779 5105 in
809 5047 1119 5121 praefatione
1144 5045 1274 5100 tomi
1304 5045 1477 5115 quarti
1503 5044 1570 5100 de
1600 5043 1949 5098 translatione
1976 5058 2131 5113 quam
2164 5051 2376 5099 secutus
2403 5053 2520 5099 erat
2544 5047 2902 5118 Augustinus,
2942 5061 2971 5101 a
3002 5047 3155 5103 nobis
3180 5060 3427 5120 ageretur
3454 5055 3578 5126 (qua
3605 5056 3673 5114 de
3712 5076 3771 5119 re

496 5147 550 5201 in
583 5144 896 5217 praefatione
923 5141 1099 5203 tertii,
1136 5138 1189 5191 in
1216 5136 1581 5192 admonitione
1605 5150 1765 5206 super
1792 5135 2069 5206 Augustini
2097 5134 2327 5205 Speculo
2346 5178 2361 5201 ,
2390 5145 2443 5191 et
2470 5138 2594 5192 alibi
2624 5139 2675 5192 in
2705 5153 2897 5209 genere
2916 5139 3027 5209 jam
3052 5139 3223 5197 fuerat
3249 5145 3489 5201 nonnihil
3513 5149 3767 5208 observa-

492 5252 608 5293 tum
629 5238 670 5309 ),
697 5245 929 5291 mentem
958 5242 1195 5288 nostram
1227 5244 1607 5301 aperueramus
1629 5228 1696 5283 de
1723 5228 1958 5299 Vulgata:
1984 5227 2263 5294 Psalterio,
2291 5229 2431 5298 quod
2457 5230 2666 5299 quidem
2697 5231 2850 5286 nobis
2876 5232 3006 5288 illud
3028 5235 3221 5305 ipsum,
3250 5236 3302 5290 in
3324 5252 3429 5308 quo
3448 5241 3765 5313 corrigendo

494 5332 852 5401 Hieronymus
882 5323 1171 5380 secundam
1200 5337 1383 5376 curam
1414 5330 1599 5391 rogatu
1630 5319 1807 5374 Paulae
1833 5330 1989 5389 atque
2015 5318 2284 5374 Eustochii
2312 5330 2634 5390 susceperat,
2666 5337 2783 5378 esse
2814 5322 3109 5379 videbatur.
3139 5325 3324 5380 Utrum
3352 5329 3403 5382 in
3432 5345 3543 5385 rem
3571 5346 3770 5392 eorum

495 5425 585 5494 qui
637 5422 923 5489 Scriptum
967 5416 1140 5471 studio
1182 5423 1377 5469 navant
1416 5428 1669 5484 operam,
1716 5411 1944 5466 futurum
1986 5410 2399 5481 sit‘opinionem
2444 5422 2678 5467 nostram
2724 5417 3075 5485 confirmare,
3122 5432 3226 5473 non
3271 5418 3772 5485 definimus:certe

460 5502 472 5579 ξ
501 5513 837 5568 committere
861 5522 964 5563 non
990 5521 1292 5576 possumus,
1324 5504 1449 5576 quin
1478 5504 1575 5557 viri
1608 5503 1659 5556 in
1696 5502 1886 5557 litteris
1914 5499 2158 5556 humanis
2184 5509 2239 5555 et
2272 5501 2464 5556 divinis
2484 5504 2755 5559 exercitati
2778 5506 3167 5576 objectionibus
3193 5508 3329 5563 haud
3359 5518 3771 5577 contemnendis

496 5605 904 5665 satisfaciamus.

481 5711 488 5723 '
569 5697 883 5752 Dixeramutt
918 5709 1175 5766 nusquam
1216 5690 1269 5747 in
1308 5690 1579 5748 Psalteriis
1610 5692 1817 5747 calamo
1861 5690 2075 5760 scriptis
2098 5731 2112 5755 ,
2153 5705 2272 5760 quae
2297 5692 2449 5747 nobis
2480 5694 2530 5749 in
2561 5711 2748 5751 manus
2784 5712 2977 5769 magno
3007 5717 3229 5757 numero
3254 5714 3545 5771 venerunt,
3577 5707 3675 5760 nisi
3708 5723 3771 5763 in

501 5784 763 5858 Vulgata,
798 5782 1190 5855 Hieronymiaui
1220 5781 1458 5837 Psalterii
1486 5781 1745 5837 obeliscos
1770 5790 1926 5853 atque
1952 5781 2235 5836 asteriscos
2271 5782 2489 5837 inveniri
2513 5826 2525 5849 ,
2556 5796 2715 5856 atque
2741 5788 2871 5842 adeo
2896 5806 3058 5845 unum
3100 5792 3343 5865 idemque
3371 5795 3536 5851 videri
3563 5795 3770 5858 Psalte-
