4014 6310
263 343 331 397 17
1754 335 1848 393 PR

1975 334 2139 393 ATIO.
3490 342 3560 400 18

259 462 434 528 rium;
466 474 532 517 ac
562 472 685 517 eam
710 472 824 515 rem
843 456 1008 515 etiam
1034 452 1348 513 conﬁrmari
1389 452 1736 525 inscriptione
1765 453 1920 509 unius
1963 468 1995 508 e
2023 450 2340 507 Colbertinis
2394 453 2767 527 manuscriptis
2795 453 2885 511 ubi
2917 453 3133 528 dicitur
3156 461 3477 513 mnuum
3518 472 3555 513 a

258 564 433 608 sancto
476 552 792 625 Hieronymo
832 552 889 607 in
934 566 1083 606 novo.

334 649 541 704 Verum
571 647 730 703 nobis
755 645 1056 702 occurritur
1080 645 1107 700 1
1138 642 1455 699 Psalterium
1492 642 1547 698 in
1590 641 1674 697 his
1709 641 1983 698 codicibus
2019 652 2292 698 exaratum
2332 641 2473 697 idem
2518 650 2677 713 atque
2715 642 2955 714 Vulgatae
2995 659 3330 717 nequaquam
3370 644 3561 709 haberi

261 757 452 815 posse,
484 738 924 813 quandoquidem
951 740 1090 795 inter
1108 753 1170 795 se
1194 739 1475 810 plusquam
1504 748 1717 794 centum
1744 739 1876 796 locis
1899 738 2178 807 differunt,
2207 755 2271 795 ac
2298 754 2483 795 eorum
2503 756 2605 794 non
2631 756 2806 810 pauca
2838 750 3169 796 numerantur
3206 741 3562 813 discrepantia
3589 811 3597 820 _

261 854 375 907 que
399 838 479 891 uel
508 852 753 908 magnum
790 834 974 889 habent
997 841 1336 899 momentum,
1363 833 1440 887 uel
1463 832 1792 903 scriptoribus
1820 835 1973 890 tribui
2011 851 2115 889 non
2144 846 2373 905 possunt.
2404 834 2554 890 Hanc
2577 842 2779 889 tantam
2803 838 3117 892 varietatem
3160 837 3560 895 multitudinem
3598 834 3603 837 “

264 930 485 986 minime
510 927 837 995 difﬁtemur;
870 926 966 985 sed
991 926 1253 982 minorem
1293 940 1413 982 esse
1441 926 1751 996 nequivisse
1778 927 2168 983 contendimus.
2198 926 2449 998 Quisquis
2480 927 2531 982 in
2558 927 2865 983 evolvendis
2895 931 3269 998 manuscriptis
3306 931 3394 987 vel
3433 946 3556 988 me-

263 1022 504 1078 diocrem
532 1021 771 1078 laborem
801 1020 1156 1093 impenderit,
1179 1020 1225 1076 is
1247 1020 1494 1092 ignorare
1522 1035 1858 1093 nequaquam
1898 1021 2098 1092 poterit
2130 1036 2249 1077 rara
2294 1021 2519 1077 inveniri
2552 1022 2878 1092 exemplaria
2896 1064 2910 1089 ,
2938 1023 2991 1076 in
3019 1023 3213 1093 quibus
3240 1025 3555 1096 paginarum

269 1130 529 1171 numerus
553 1114 872 1170 varietatum
897 1114 1012 1170 sive
1039 1111 1302 1168 bonarum
1332 1112 1446 1169 sive
1471 1112 1731 1168 malarum
1752 1111 2089 1169 multitudine
2108 1128 2215 1168 non
2238 1112 2512 1179 vincatur;
2537 1121 2591 1169 et
2617 1114 2669 1168 in
2699 1112 3003 1183 hujusmodi
3034 1115 3246 1185 scriptis
3275 1116 3558 1172 codicibus

262 1221 377 1261 non
408 1220 555 1261 secus
577 1220 643 1260 ac
670 1204 993 1275 quandoque
1016 1204 1071 1259 in
1098 1203 1257 1259 editis
1275 1245 1292 1273 ,
1315 1203 1496 1275 gravia
1524 1202 1767 1275 quaedam
1790 1217 2076 1259 occurrere
2096 1245 2110 1269 ,
2134 1219 2240 1260 non
2274 1203 2435 1259 modo
2468 1220 2581 1275 qum
2611 1222 2641 1259 α
2669 1204 2891 1259 librariis
2910 1246 2926 1271 ,
2955 1215 3013 1259 ut
3038 1204 3347 1279 Hieronymi
3375 1208 3559 1265 verbis

265 1307 490 1365 utamur,
516 1297 907 1353 dormitantibus
942 1304 1030 1351 aut
1070 1296 1246 1350 addita
1282 1304 1401 1351 sunt
1435 1305 1523 1351 aut
1557 1303 1789 1362 mutata;
1825 1294 1921 1350 sed
1958 1295 2118 1351 etiam
2157 1314 2189 1350 a
2228 1296 2675 1366 prcesumptoribus
2700 1298 2946 1368 imperitis
2973 1299 3235 1352 emendata
3264 1301 3552 1368 perversius

263 1387 455 1461 (Epist.
492 1391 619 1457 125,
642 1390 724 1443 ad
751 1389 1078 1461 Damasum).
1108 1388 1279 1443 Lucas
1308 1387 1595 1459 Brugensis
1614 1389 1704 1460 qui
1729 1387 1843 1443 sola
1867 1388 2084 1459 collegit
2124 1388 2365 1444 Romana:
2398 1390 2722 1444 correctionis
2754 1390 2807 1443 in
2845 1388 3026 1445 Bibliis
3061 1390 3293 1445 editionis
3336 1393 3555 1463 vulgata:

249 1484 405 1552 jussu
432 1482 576 1538 Sinti
611 1481 652 1536 V
680 1484 951 1554 recognitis
976 1484 1086 1537 loca
1124 1481 1424 1553 insigniora,
1472 1481 1663 1538 horum
1690 1481 1972 1553 plusquam
1998 1481 2228 1539 ducenta
2257 1483 2308 1537 in
2340 1483 2456 1539 solo
2496 1483 2756 1540 Psalterio
2782 1485 3077 1539 annotavit.
3109 1483 3239 1553 Quis
3266 1501 3395 1542 vero
3424 1487 3548 1543 inde

253 1576 471 1646 colligat
494 1584 592 1631 aut
616 1576 888 1632 codicibus
916 1574 985 1631 ad
1009 1590 1142 1645 quos
1167 1574 1302 1630 facta
1329 1583 1412 1632 est
1442 1590 1503 1630 ea
1531 1577 1792 1631 correctio
1811 1617 1829 1645 ,
1868 1574 2155 1646 Vulgatam
2184 1577 2404 1634 minimc
2445 1578 2742 1647 contineri,
2786 1588 2879 1633 aut
2920 1578 3198 1650 Vulgatam
3238 1578 3407 1650 ipsam
3435 1594 3557 1650 qua:

250 1669 451 1724 nostris
480 1670 537 1723 in
566 1669 753 1724 Bibliis
780 1669 942 1725 hodie
964 1667 1359 1736 circumfertur,
1389 1678 1443 1724 et
1471 1670 1523 1723 in
1552 1685 1655 1740 qua
1698 1678 1773 1724 tot
1794 1670 2145 1725 observantur
2167 1669 2506 1727 diversitates
2526 1712 2540 1736 ,
2588 1687 2695 1725 non
2737 1670 2981 1727 eamdem
3011 1687 3131 1742 quae
3176 1680 3291 1727 erat
3332 1670 3558 1728 Concilii

251 1761 556 1818 Tridentini
586 1772 827 1834 tempore
852 1763 1285 1820 existimandam.
1313 1764 1552 1835 Denique
1583 1762 1781 1819 laudati
1806 1779 1837 1819 a
1861 1763 2016 1819 nobis
2042 1764 2386 1834 manuscripti
2417 1779 2539 1819 eam
2574 1779 2696 1819 cum
2737 1763 2963 1834 Vulgata
3005 1766 3413 1824 consensionem
3446 1779 3558 1836 prta

250 1871 310 1913 se
335 1856 543 1926 ierunt,
568 1873 675 1928 qua
702 1857 964 1929 majorem
992 1868 1083 1913 aut
1104 1856 1525 1928 frequentiorem
1552 1872 1658 1912 non
1690 1856 1846 1912 facile
1873 1857 1927 1911 in
1956 1856 2075 1912 aliis
2098 1858 2315 1929 aequalis
2339 1858 2510 1914 anatis
2535 1858 2939 1928 exemplaribus
2960 1859 3199 1928 reperire
3223 1861 3312 1913 sit.

317 1951 492 2007 Nobis
520 1962 707 2023 postea
733 1952 1020 2023 opponitur
1047 1952 1339 2009 auctoritas
1364 1951 1662 2009 Tridentini
1704 1950 1959 2019 Concilii,
2003 1950 2147 2022 quod
2186 1949 2519 2007 inSessione
2552 1967 2603 2007 ιν
2630 1952 2806 2006 statuit
2832 1960 2889 2005 ut
2923 1951 3038 2023 ipsa
3075 1960 3211 2005 uetus
3241 1961 3287 2006 et
3324 1950 3551 2024 Vulgata

246 2044 425 2111 editio,
452 2060 571 2115 qut:
595 2046 748 2117 longo
774 2054 847 2101 tot
867 2046 1167 2101 saeculorum
1191 2062 1289 2101 usu
1313 2047 1367 2101 in
1393 2047 1506 2117 ipsa
1531 2045 1760 2101 Ecclesia
1786 2045 1996 2117 probata
2023 2055 2187 2101 est....
2223 2063 2315 2115 pro
2343 2047 2632 2102 authentico
2656 2047 2900 2103 habeatur
2929 2064 2947 2103 :
2972 2065 3076 2119 quo
3107 2050 3242 2115 loco,
3271 2058 3327 2103 ut
3356 2060 3556 2118 suppo-

246 2139 414 2203 nitur,
447 2137 703 2209 Synodus
730 2138 966 2210 Vulgata:
996 2140 1213 2194 nomine
1238 2138 1422 2194 Italam
1450 2138 1721 2211 intelligit,
1751 2155 1873 2195 cum
1899 2154 1998 2194 nos
2019 2149 2203 2194 contra
2226 2137 2505 2209 Vulgatam
2524 2153 2777 2195 vocemus
2797 2139 2858 2193 B.
2885 2138 3195 2211 Hieronymi
3220 2138 3553 2193 versionem:

242 2246 305 2286 ac
332 2232 567 2303 proinde
596 2242 778 2289 nostra
805 2235 1068 2290 sententia
1098 2233 1411 2289 Tridentino
1441 2232 1681 2290 Concilio
1719 2235 1893 2290 minus
1919 2234 2057 2290 bene
2090 2232 2365 2289 cohaerere
2393 2231 2622 2287 videtur.
2667 2231 2747 2287 Ad
2783 2232 3142 2303 suspicionem
3190 2231 3328 2285 hanc
3372 2229 3557 2300 proql

243 2322 605 2379 amovendam
632 2324 763 2380 satis
788 2324 1001 2397 quidem
1030 2334 1174 2380 esset
1202 2324 1527 2395 respondere
1546 2340 1655 2380 non
1682 2325 1983 2381 versionem
2005 2324 2252 2381 Psalterii
2273 2339 2466 2379 novam
2486 2338 2647 2395 quam
2666 2338 2732 2380 ex
2755 2322 2972 2379 hebrmo
2991 2323 3159 2380 edidit
3178 2323 3553 2391 Hieronymus,

245 2430 275 2469 ι
305 2416 469 2472 nobis
495 2417 739 2488 Vulgata:
770 2418 984 2475 nomine
1002 2418 1355 2490 designatam,
1380 2418 1476 2474 sed
1502 2434 1620 2474 eam
1648 2418 1817 2475 solam
1843 2434 2002 2491 quam
2028 2417 2095 2472 ad
2118 2432 2324 2489 graecos
2353 2417 2568 2473 codices
2594 2418 2935 2486 emendavit,
2967 2432 3084 2488 quae
3112 2425 3267 2472 antea
3297 2414 3349 2470 in
3378 2413 3552 2477 Italia,

244 2509 440 2564 saltem
480 2510 537 2564 in
565 2508 731 2577 Urbe,
762 2521 819 2565 ut
846 2528 913 2566 ex
941 2512 1106 2581 ipsi-us
1126 2510 1195 2566 ad
1215 2510 1434 2565 Paulam
1462 2520 1515 2567 et
1543 2511 1890 2567 Eustochium
1920 2511 2144 2582 epistola
2170 2510 2443 2578 discimus,
2491 2510 2546 2567 in
2575 2525 2673 2567 usu
2707 2519 2842 2569 erat.
2869 2510 3069 2566 Verum
3089 2508 3303 2566 aliunde
3330 2506 3558 2563 manife-

254 2611 399 2657 stum
430 2611 573 2658 esta
611 2604 851 2660 Concilio
876 2604 1009 2660 nihil
1034 2604 1176 2659 aliud
1205 2619 1298 2675 per
1322 2604 1602 2675 Vulgatam
1643 2604 1870 2677 intelligi
1916 2605 2238 2671 versionem,
2280 2604 2383 2660 nisi
2421 2620 2541 2660 eam
2585 2620 2706 2676 qua:
2748 2604 2852 2676 legi
2893 2603 3175 2660 consuevit
3207 2603 3270 2657 in
3312 2600 3557 2657 Ecclesia

249 2695 512 2752 amolica
543 2715 556 2751 :
585 2697 741 2766 cujus
766 2698 976 2753 tametsi
1005 2698 1264 2768 plurimas
1304 2706 1486 2768 partes
1513 2696 1873 2770 Hieronymus
1896 2695 2225 2753 transtulerit
2254 2711 2321 2752 ex
2346 2696 2562 2752 hebraao
2597 2695 3075 2767 (quemadmodum
3106 2695 3219 2750 sola
3251 2692 3559 2749 testimonia

257 2805 325 2845 ex
357 2789 454 2843 hac
482 2790 602 2859 ipsa
633 2790 703 2845 ab
723 2791 1037 2861 Augustino,
1080 2791 1217 2847 libro
1241 2791 1277 2847 4
1296 2791 1364 2847 de
1392 2789 1644 2847 Doctrina
1672 2788 1995 2857 Christiana,
2026 2804 2146 2860 cap.
2176 2789 2229 2855 7,
2258 2788 2385 2845 item
2412 2788 2548 2845 libro
2577 2788 2612 2844 5
2641 2796 2696 2844 ct
2720 2786 2754 2844 6
2780 2786 3008 2855 Quaest.,
3038 2796 3093 2843 ct
3136 2786 3273 2841 libro
3301 2786 3333 2839 7
3365 2783 3556 2840 Locut.

252 2880 304 2935 in
335 2880 771 2951 Heptateuchum
798 2884 958 2952 petita
988 2882 1200 2939 abunde
1226 2882 1496 2955 probant),
1526 2898 1590 2939 ea
1619 2891 1795 2938 tamen
1822 2881 2047 2939 Concilii
2074 2891 2347 2952 tempore,
2390 2896 2498 2952 quo
2520 2880 2631 2952 jam
2664 2881 2941 2951 plusquam
2969 2879 3113 2934 mille
3142 2886 3195 2933 et
3224 2886 3441 2932 centum
3465 2890 3561 2931 an-

250 2992 347 3032 nos
376 2980 724 3046 numerabat,
755 2979 1097 3051 Optimojure
1121 2981 1337 3052 antiqua
1355 2980 1461 3037 dici
1485 2988 1722 3051 poterat;
1750 2978 1973 3050 perinde
2013 2987 2172 3048 atque
2201 2976 2387 3032 lsidori
2411 2976 2744 3047 Hispalensis
2771 2983 2930 3031 aetate
2954 2974 3063 3044 jam
3100 2972 3335 3043 Vulgata:
3364 2983 3559 3025 nomen

251 3080 366 3126 erat
391 3072 625 3144 adepta,
664 3090 785 3130 cum
822 3092 885 3132 ca
916 3077 1131 3131 editione
1161 3093 1334 3131 omnes
1380 3075 1629 3131 Ecclesiae
1665 3092 2020 3147 usquequaque
2057 3074 2344 3130 utebantur.
2376 3072 2643 3131 Caeterum
2678 3088 2783 3129 non
2815 3074 2934 3129 sine
2960 3072 3106 3143 gravi
3146 3068 3562 3127 liallucinationc

252 3162 502 3219 crederet
530 3166 795 3236 quispiam
818 3166 959 3222 idem
983 3167 1033 3221 in
1058 3166 1365 3223 Tridentina
1392 3167 1610 3239 Synodo
1640 3176 1695 3224 et
1722 3167 1864 3238 apud
1893 3176 2102 3224 veteres
2122 3182 2217 3238 per
2237 3166 2473 3238 Vulgata:
2497 3182 2683 3231 vocem
2705 3166 3017 3238 signiﬁcari.
3042 3166 3099 3221 ln
3125 3165 3343 3238 Synodo
3367 3179 3430 3219 ea
3455 3176 3561 3218 vox

252 3256 519 3326 integram
552 3259 833 3329 utriusque
858 3258 1075 3316 foederis
1104 3261 1433 3330 Scripturam
1473 3259 1635 3316 latine
1675 3259 1939 3316 redditam
1983 3268 2038 3317 et
2071 3258 2269 3315 nostris
2311 3266 2620 3315 contentam
2659 3260 2713 3313 in
2748 3258 2934 3314 Bibliis
2970 3258 3190 3314 denotat
3221 3274 3234 3310 :
3266 3271 3388 3311 cum
3417 3253 3560 3324 apud

260 3347 672 3422 Hieronymum,
701 3352 926 3423 epistola
952 3353 1077 3420 155,
1116 3352 1183 3407 ad
1208 3352 1465 3409 Sunniam
1486 3360 1541 3407 et
1565 3350 1832 3407 Fretelam
1858 3351 2075 3422 scripta,
2099 3365 2329 3422 graecam
2352 3349 2637 3421 quamdam
2668 3350 2877 3405 Veteris
2903 3349 3228 3405 Testamenti
3254 3346 3560 3403 versionem

251 3438 461 3508 signet;
495 3442 723 3511 epistola
748 3457 876 3497 vero
903 3442 1025 3509 101,
1053 3442 1122 3499 ad
1152 3442 1574 3508 Pammachium,
1607 3442 1909 3500 versionem
1938 3442 2011 3498 ita
2038 3451 2301 3509 vocatam,
2329 3457 2450 3497 eum
2475 3456 2538 3497 ea
2566 3450 2765 3497 nostra:
2784 3452 3163 3513 opponeretur.

323 3533 597 3600 Quantum
626 3537 692 3592 ad
713 3538 1074 3608 conjecturam
1104 3537 1294 3595 eodem
1319 3538 1440 3595 loco
1466 3553 1498 3592 a
1525 3538 1679 3594 nobis
1708 3537 2059 3609 propositam,
2090 3537 2209 3607 ejus
2233 3536 2352 3592 dua:
2377 3544 2502 3592 sunt
2529 3544 2707 3607 partes
2734 3554 2747 3591 :
2774 3535 2963 3603 altera,
2988 3534 3265 3607 Vulgatam
3291 3542 3557 3600 nostram,

252 3642 415 3697 quam
443 3645 474 3683 a
508 3629 767 3686 Psalterio
807 3647 903 3701 per
930 3630 1317 3702 Hieronymum
1347 3638 1591 3687 correcto
1618 3630 1838 3685 minime
1865 3629 2135 3686 diversam
2162 3644 2282 3685 esse
2309 3629 2753 3701 prohaveramus,
2784 3631 3006 3699 potuisse
3052 3630 3114 3682 ab
3160 3629 3297 3699 ipso,
3341 3627 3561 3697 epistola

256 3720 386 3788 155,
412 3722 518 3776 dici
538 3724 815 3778 senionem
838 3740 901 3779 ea:
930 3722 1183 3795 Hexaplis
1209 3741 1243 3777 a
1270 3740 1324 3778 se
1350 3725 1537 3778 editam
1556 3764 1572 3789 ,
1612 3723 1746 3794 quod
1784 3724 1928 3777 illaut
1966 3722 2147 3777 iisdem
2185 3721 2555 3792 exemplaribus
2596 3721 2984 3776 consentientem
3036 3719 3308 3788 effecisset;
3344 3720 3560 3791 epistola

250 3826 377 3864 vero
412 3812 590 3868 Paula
612 3824 659 3870 et
684 3814 963 3871 Eustochio
988 3816 1179 3887 scripta
1206 3816 1482 3872 versionem
1508 3814 1855 3869 tantummodo
1888 3822 2196 3878 correctam,
2227 3813 2363 3881 quod
2390 3812 2610 3882 antiqua:
2646 3810 2794 3865 verba
2818 3853 2832 3875 ,
2865 3822 3112 3881 quantum
3139 3812 3192 3865 in
3220 3811 3332 3882 ipso
3359 3815 3554 3881 fuerat,

248 3902 553 3957 retinuisset
575 3918 594 3958 :
615 3904 797 3973 altera,
825 3906 962 3961 forte
986 3907 1273 3977 contigisse
1299 3916 1356 3961 ut
1383 3906 1559 3960 eadem
1583 3907 1696 3977 ipsa
1720 3906 1881 3960 versio
1900 3945 1915 3971 ,
1946 3904 2098 3975 cujus
2122 3905 2245 3958 certi
2275 3904 2371 3958 loci
2399 3903 2614 3959 Sunnia:
2636 3912 2682 3959 et
2707 3902 2927 3958 Fretela:
2951 3906 3203 3976 negotium
3223 3902 3554 3975 facessebant,

250 4009 316 4047 ea:
343 3992 643 4064 Germania,
666 3997 750 4052 ubi
769 3997 1013 4068 degebant
1042 3998 1201 4055 iidem
1222 3998 1318 4054 viri
1347 3998 1515 4070 (viros
1540 3999 1682 4055 enim
1706 3996 1963 4054 Sunniam
1987 4012 2050 4052 ac
2079 3996 2347 4053 Fretelam
2376 3996 2632 4064 dicimus,
2664 3995 2805 4068 quod
2834 3996 3143 4069 Hieronymi
3184 3998 3252 4054 ad
3282 3998 3403 4053 illos
3440 3995 3556 4067 cpi-

254 4089 392 4142 stola
425 4091 478 4144 in
510 4090 693 4147 codice
717 4086 1026 4149 Colbertino
1061 4101 1117 4149 ct
1150 4094 1205 4149 in
1245 4092 1597 4150 Germanensi
1645 4092 1971 4148 inscribatur
2014 4091 2367 4147 Dilectissimis
2413 4090 2733 4163 [ratribus,)
2769 4091 2885 4161 jam
2928 4091 2991 4146 ab
3040 4092 3118 4146 his
3162 4092 3467 4163 temporibus
3501 4091 3556 4146 in

258 4178 456 4236 Callias
488 4187 785 4251 pervenerit.
817 4184 1109 4255 Utramque
1137 4183 1276 4240 hanc
1306 4193 1510 4257 partem
1541 4192 1699 4255 negat
1729 4183 1822 4239 Vir
1847 4183 2107 4250 eruditus,
2151 4198 2256 4239 non
2285 4184 2391 4239 alio
2418 4183 2610 4239 ductus
2638 4192 2984 4254 argumento,
3010 4199 3169 4255 quam
3196 4184 3320 4254 quia
3351 4182 3556 4238 Psalte-

256 4276 388 4328 rium
415 4274 679 4331 Gallicum
706 4278 868 4349 (quod
896 4278 1038 4334 idem
1067 4279 1222 4335 nobis
1248 4288 1331 4336 est
1347 4288 1510 4350 atque
1536 4279 1817 4349 Vulgatum
1841 4279 1896 4334 in
1921 4278 2196 4334 codicibus
2222 4288 2377 4334 antea
2401 4278 2626 4334 laudatis
2645 4279 3117 4353 comprehensum)
3138 4281 3200 4334 ab
3222 4280 3313 4334 illa
3332 4280 3558 4335 versione

255 4385 575 4439 samntopere
598 4371 864 4427 ὠίου-ἀει.
897 4371 1106 4428 Sufﬁcit
1132 4382 1191 4429 ut
1218 4374 1266 4429 ci
1303 4371 1559 4443 majorem
1589 4373 1737 4429 omni
1762 4373 2075 4442 exceptione
2112 4382 2302 4427 testem
2335 4372 2678 4427 Hincmarum
2712 4373 3088 4444 producamus,
3119 4373 3209 4443 qui
3240 4372 3464 4445 cpistola
3489 4370 3559 4426 ad

256 4460 592 4519 Ludovieum
614 4462 915 4521 Germania:
941 4481 1158 4537 regem,
1206 4482 1311 4521 non
1361 4465 1522 4523 modo
1544 4466 1786 4537 Vulgatze
1810 4474 2005 4522 nostrte
2036 4481 2152 4521 eam
2174 4482 2294 4537 quae
2324 4466 2391 4521 ab
2420 4467 2745 4539 Hieronymo
2761 4468 3039 4522 communis
3059 4477 3105 4521 et
3121 4466 3327 4538 vulgata
3340 4466 3557 4537 dicitur,

255 4560 510 4629 opponit;
540 4560 638 4618 sed
665 4562 823 4617 etiam
852 4563 1047 4619 asserit
1072 4561 1213 4633 apud
1242 4562 1426 4619 Gallos
1450 4576 1548 4617 suo
1585 4571 1826 4632 tempore
1863 4577 1980 4618 eam
2012 4562 2313 4618 versionem
2333 4603 2349 4628 ,
2396 4578 2554 4633 quam
2589 4563 2730 4619 idem
2758 4562 2850 4618 ille
2889 4563 3086 4617 Doctor
3117 4562 3186 4616 ad
3228 4561 3481 4618 Sunniam
3506 4570 3559 4616 et

258 4651 519 4709 Fretelarn
541 4654 763 4710 scribens
785 4657 1035 4727 exposuit,
1066 4656 1120 4713 in
1141 4672 1242 4713 usu
1271 4655 1455 4712 fuisse.
1486 4655 1822 4728 Quapropter
1842 4656 1894 4711 in
1926 4655 1976 4711 id
2001 4656 2396 4712 consentiamus
2423 4671 2644 4713 necesse
2680 4665 2763 4713 est
2788 4657 2906 4711 illas
2933 4672 3144 4721 omnes,
3171 4672 3291 4727 qua:
3318 4657 3372 4711 in
3398 4655 3551 4711 Psal—

253 4745 403 4801 tet-iis
426 4747 636 4803 nostris
667 4748 874 4804 calamo
914 4749 1144 4805 exaratis
1185 4757 1428 4815 exstant,
1463 4747 1847 4818 discrepantias
1873 4750 1947 4803 vel
1972 4767 2002 4803 a
2029 4748 2249 4805 librariis
2274 4791 2288 4816 ,
2320 4759 2379 4805 ut
2404 4764 2565 4821 supra
2604 4750 2912 4818 dicebatur,
2958 4750 3374 4815 dot-nutantibus,
3413 4748 3493 4804 vel
3521 4765 3555 4805 a

256 4843 708 4913 presumptoribus
734 4844 978 4915 imperitis
1003 4844 1328 4900 scaturiisse.
1359 4843 1457 4898 Hic
1480 4842 1736 4899 Valafridi
1778 4843 2060 4900 Strabonis
2092 4843 2329 4900 auctoris
2367 4844 2657 4900 Hincmaro
2708 4845 2927 4915 mqualis
2967 4846 3184 4911 locum,
3234 4844 3321 4897 ubi
3366 4841 3553 4898 Gallos

252 4934 539 4988 secundum
564 4935 959 4989 emendationem
982 4952 1136 5007 quam
1176 4934 1518 5006 Hieronymus
1553 4935 1617 4989 de
1654 4934 1991 5008 Septuaginta
2029 4934 2371 5009 Interpretum
2397 4937 2617 4993 editione
2644 4938 2957 5008 composuit,
3006 4935 3313 4992 Psalterium
3350 4946 3557 4992 cantare

255 5035 483 5084 testatur
513 5029 615 5101 (De
645 5030 769 5085 Reb.
802 5029 1096 5086 Ecclesiast.
1123 5047 1238 5102 cap.
1260 5029 1374 5100 ‘25),
1403 5028 1651 5086 conferre
1675 5030 2088 5100 supersedemus
2115 5046 2130 5085 :
2155 5045 2256 5086 nec
2286 5031 2447 5086 etiam
2476 5039 2560 5085 est
2586 5031 2796 5087 animus
2837 5043 2915 5086 t0t
2953 5031 3096 5086 viros
3140 5030 3325 5085 doctos
3343 5070 3360 5096 ,
3407 5029 3552 5086 unde

253 5134 429 5178 causa
455 5131 661 5179 nostra:
688 5140 794 5179 non
824 5124 1045 5179 minima
1073 5125 1226 5179 fieret
1252 5124 1583 5180 auctoritatis
1605 5125 1877 5189 accessio,
1910 5139 2245 5191 memorare,
2293 5133 2476 5194 utputa
2514 5124 2773 5180 Jacobum
2814 5125 3048 5181 Fabrum
3096 5135 3150 5180 et
3196 5124 3411 5180 Petrum
3460 5126 3551 5180 l‘i-

256 5214 495 5283 thmutn,
524 5216 718 5287 quibus
742 5217 964 5273 omnino
1000 5230 1311 5288 persuasum
1342 5226 1456 5272 erat
1483 5216 1744 5271 Gallicum
1774 5216 2091 5272 Psalterium
2130 5230 2251 5272 esse
2276 5216 2405 5272 illud
2434 5217 2608 5287 ipsum
2651 5217 2794 5288 quod
2840 5218 3030 5271 iterum
3079 5218 3313 5272 correxit
3357 5218 3549 5272 Hiero-

262 5326 474 5382 nymus.
498 5310 641 5366 Nihil
669 5328 799 5368 vero
823 5327 924 5368 nos
945 5321 1125 5368 movet
1152 5313 1362 5383 vulgata
1387 5312 1473 5366 illa
1497 5310 1805 5383 Hieronymi
1829 5310 1896 5365 ad
1923 5311 2207 5365 Damasum
2233 5310 2480 5382 epistola,
2508 5311 2660 5381 cujus
2704 5312 2804 5367 hoc
2831 5311 3034 5365 initium
3066 5321 3147 5369 est
3171 5330 3182 5366 :
3211 5311 3333 5383 Legi
3361 5312 3554 5367 litteras

263 5402 585 5474 Apostolatus
600 5404 698 5471 tui,
728 5414 984 5477 poscentes
1013 5414 1069 5458 ut
1096 5405 1367 5460 secundum
1391 5402 1765 5471 simplicitatem
1786 5402 2126 5474 Septuaginta
2158 5401 2500 5474 Interpretum
2523 5421 2706 5459 canens
2732 5404 3194 5475 Psalmographum
3226 5407 3531 5473 interpreter

254 5498 504 5567 (unum,
532 5516 692 5571 quam
718 5501 853 5556 alius
878 5501 947 5557 de
976 5500 1235 5556 Psalterio
1256 5499 1497 5555 Romano
1527 5498 1793 5570 intelligit,
1822 5498 1959 5554 alius
1987 5497 2054 5556 de
2082 5496 2358 5555 Gallicano
2386 5517 2399 5552 :
2430 5498 2566 5567 haec,
2594 5500 2827 5569 inquam,
2858 5501 2989 5556 nihil
3015 5516 3113 5556 nos
3140 5510 3336 5565 movet,
3362 5508 3547 5570 utpote

252 5609 371 5661 qua:
393 5594 680 5650 falsitatem
713 5610 863 5650 suam
893 5604 1076 5666 aperte
1106 5593 1313 5665 prodat.
2678 5606 2681 5607 '

322 5685 441 5741 Jam
472 5688 540 5741 ad
564 5699 939 5759 argumentum
967 5698 1321 5743 revertamur.
1351 5685 1515 5741 Nobis
1537 5685 1697 5741 etiam
1723 5700 1900 5755 operui
1928 5686 2155 5755 pretium
2182 5699 2307 5741 esse
2335 5686 2502 5741 visum
2530 5694 2610 5739 est
2637 5685 2875 5742 studiose
2904 5685 3224 5742 Sermonum
3248 5686 3547 5740 doctrinam

256 5782 585 5852 examinare,
616 5797 793 5844 utrum
823 5788 1025 5845 scilicet
1051 5802 1171 5845 cum
1204 5784 1585 5855 Augustintaua
1612 5798 1724 5841 sive
1746 5797 1800 5838 ιιι
1830 5781 1951 5841 ﬁdei
1977 5795 2038 5840 ac
2066 5796 2272 5840 morum
2297 5776 2655 5850 dogmatibus,
2691 5788 2802 5847 sive
2827 5785 2881 5843 in
2908 5782 3191 5855 Scriptura:
3214 5778 3548 5852 expositione
