  <div class='ocr_page' id='page_1' title='image "/cluster/home/n/w/nwhite01/storage/ocr_20150623/38/hvd.32044015706294/015.png"; bbox 0 0 4002 6440; ppageno 0'>
   <div class='ocr_carea' id='block_1_1' title="bbox 475 338 3753 399">
    <p class='ocr_par' dir='ltr' id='par_1_1' title="bbox 475 338 3753 399">
     <span class='ocr_line' id='line_1_1' title="bbox 475 338 3753 399; baseline 0 -1"><span class='ocrx_word' id='word_1_1' title='bbox 475 342 546 399; x_wconf 77' lang='grc'><strong>19</strong></span> <span class='ocrx_word' id='word_1_2' title='bbox 1921 338 2312 398; x_wconf 65' lang='grc' dir='ltr'><strong>ΡΒΕΡΔΤῙΟ.</strong></span> <span class='ocrx_word' id='word_1_3' title='bbox 3683 342 3753 398; x_wconf 70' lang='grc' dir='ltr'>ω</span> 
     </span>
    </p>
   </div>
   <div class='ocr_carea' id='block_1_2' title="bbox 475 454 3750 531">
    <p class='ocr_par' dir='ltr' id='par_1_2' title="bbox 475 454 3750 531">
     <span class='ocr_line' id='line_1_2' title="bbox 475 454 3750 531; baseline 0.001 -20"><span class='ocrx_word' id='word_1_4' title='bbox 475 472 540 512; x_wconf 88' lang='lat' dir='ltr'><strong>ac</strong></span> <span class='ocrx_word' id='word_1_5' title='bbox 566 469 1009 531; x_wconf 74' lang='lat' dir='ltr'><strong>usuoongrueret</strong></span> <span class='ocrx_word' id='word_1_6' title='bbox 1051 479 1068 518; x_wconf 90' lang='lat'><strong>:</strong></span> <span class='ocrx_word' id='word_1_7' title='bbox 1105 458 1406 516; x_wconf 66' lang='lat' dir='ltr'><strong>oberratis</strong></span> <span class='ocrx_word' id='word_1_8' title='bbox 1447 465 1628 514; x_wconf 66' lang='lat' dir='ltr'><strong>amen</strong></span> <span class='ocrx_word' id='word_1_9' title='bbox 1671 457 1738 514; x_wconf 87' lang='lat' dir='ltr'><strong>iis</strong></span> <span class='ocrx_word' id='word_1_10' title='bbox 1775 457 2060 528; x_wconf 83' lang='lat' dir='ltr'><strong>capitibus,</strong></span> <span class='ocrx_word' id='word_1_11' title='bbox 2091 458 2143 511; x_wconf 90' lang='lat' dir='ltr'><strong>in</strong></span> <span class='ocrx_word' id='word_1_12' title='bbox 2168 457 2368 526; x_wconf 82' lang='lat' dir='ltr'><strong>quibus</strong></span> <span class='ocrx_word' id='word_1_13' title='bbox 2405 463 2498 514; x_wconf 89' lang='lat' dir='ltr'><strong>aut</strong></span> <span class='ocrx_word' id='word_1_14' title='bbox 2522 465 2863 524; x_wconf 76' lang='lat' dir='ltr'><strong>sententiam,</strong></span> <span class='ocrx_word' id='word_1_15' title='bbox 2906 467 2998 514; x_wconf 84' lang='lat' dir='ltr'><strong>aut</strong></span> <span class='ocrx_word' id='word_1_16' title='bbox 3022 454 3276 530; x_wconf 79' lang='lat' dir='ltr'><strong>loquendi</strong></span> <span class='ocrx_word' id='word_1_17' title='bbox 3301 457 3589 528; x_wconf 68' lang='lat' dir='ltr'><strong>attolletn,</strong></span> <span class='ocrx_word' id='word_1_18' title='bbox 3613 456 3750 516; x_wconf 80' lang='lat' dir='ltr'><strong>sicut</strong></span> 
     </span>
    </p>
   </div>
   <div class='ocr_carea' id='block_1_3' title="bbox 476 549 3753 624">
    <p class='ocr_par' dir='ltr' id='par_1_3' title="bbox 476 549 3753 624">
     <span class='ocr_line' id='line_1_3' title="bbox 476 549 3753 624; baseline 0.002 -21"><span class='ocrx_word' id='word_1_19' title='bbox 476 549 704 606; x_wconf 90' lang='lat' dir='ltr'><strong>aliorum</strong></span> <span class='ocrx_word' id='word_1_20' title='bbox 729 553 845 623; x_wconf 87' lang='lat' dir='ltr'><strong>ejus</strong></span> <span class='ocrx_word' id='word_1_21' title='bbox 873 568 1093 624; x_wconf 92' lang='lat' dir='ltr'><strong>operum</strong></span> <span class='ocrx_word' id='word_1_22' title='bbox 1121 552 1311 623; x_wconf 90' lang='lat' dir='ltr'><strong>probat</strong></span> <span class='ocrx_word' id='word_1_23' title='bbox 1338 551 1666 620; x_wconf 75' lang='lat' dir='ltr'><strong>retractatio,</strong></span> <span class='ocrx_word' id='word_1_24' title='bbox 1694 552 1936 606; x_wconf 84' lang='lat' dir='ltr'><strong>mutavit.</strong></span> <span class='ocrx_word' id='word_1_25' title='bbox 1969 550 2328 619; x_wconf 87' lang='lat' dir='ltr'><strong>Quamobrem</strong></span> <span class='ocrx_word' id='word_1_26' title='bbox 2351 549 2537 606; x_wconf 90' lang='lat' dir='ltr'><strong>Sermo</strong></span> <span class='ocrx_word' id='word_1_27' title='bbox 2573 549 2699 618; x_wconf 80' lang='grc'>259,</span> <span class='ocrx_word' id='word_1_28' title='bbox 2729 550 2876 605; x_wconf 86' lang='lat' dir='ltr'><strong>verbi</strong></span> <span class='ocrx_word' id='word_1_29' title='bbox 2900 553 3088 621; x_wconf 83' lang='lat' dir='ltr'><strong>gratia,</strong></span> <span class='ocrx_word' id='word_1_30' title='bbox 3120 551 3245 606; x_wconf 90' lang='lat' dir='ltr'><strong>licet</strong></span> <span class='ocrx_word' id='word_1_31' title='bbox 3269 551 3324 606; x_wconf 89' lang='lat' dir='ltr'><strong>in</strong></span> <span class='ocrx_word' id='word_1_32' title='bbox 3353 565 3421 606; x_wconf 86' lang='lat' dir='ltr'><strong>eo</strong></span> <span class='ocrx_word' id='word_1_33' title='bbox 3447 558 3753 608; x_wconf 71' lang='lat' dir='ltr'><strong>sauciorum</strong></span> 
     </span>
    </p>
   </div>
   <div class='ocr_carea' id='block_1_4' title="bbox 477 641 3757 715">
    <p class='ocr_par' dir='ltr' id='par_1_4' title="bbox 477 641 3757 715">
     <span class='ocr_line' id='line_1_4' title="bbox 477 641 3757 715; baseline 0 -17"><span class='ocrx_word' id='word_1_34' title='bbox 477 653 600 712; x_wconf 75' lang='lat' dir='ltr'><strong>post</strong></span> <span class='ocrx_word' id='word_1_35' title='bbox 624 647 1070 703; x_wconf 72' lang='lat' dir='ltr'><strong>resurrectionem</strong></span> <span class='ocrx_word' id='word_1_36' title='bbox 1089 645 1142 702; x_wconf 90' lang='lat' dir='ltr'><strong>in</strong></span> <span class='ocrx_word' id='word_1_37' title='bbox 1165 653 1306 701; x_wconf 85' lang='lat' dir='ltr'><strong>terra</strong></span> <span class='ocrx_word' id='word_1_38' title='bbox 1323 642 1681 701; x_wconf 85' lang='lat' dir='ltr'><strong>sabbatismus</strong></span> <span class='ocrx_word' id='word_1_39' title='bbox 1710 659 1774 700; x_wconf 91' lang='lat' dir='ltr'><strong>ac</strong></span> <span class='ocrx_word' id='word_1_40' title='bbox 1794 658 2014 714; x_wconf 81' lang='lat' dir='ltr'><strong>regnum</strong></span> <span class='ocrx_word' id='word_1_41' title='bbox 2035 641 2315 706; x_wconf 85' lang='lat' dir='ltr'><strong>doceatur,</strong></span> <span class='ocrx_word' id='word_1_42' title='bbox 2340 657 2448 698; x_wconf 88' lang='lat' dir='ltr'><strong>non</strong></span> <span class='ocrx_word' id='word_1_43' title='bbox 2472 651 2649 698; x_wconf 87' lang='lat' dir='ltr'><strong>tamen</strong></span> <span class='ocrx_word' id='word_1_44' title='bbox 2671 657 2739 698; x_wconf 75' lang='lat' dir='ltr'><strong>ex</strong></span> <span class='ocrx_word' id='word_1_45' title='bbox 2757 643 2880 698; x_wconf 81' lang='lat' dir='ltr'><strong>albo</strong></span> <span class='ocrx_word' id='word_1_46' title='bbox 2899 643 3410 715; x_wconf 83' lang='lat' dir='ltr'><strong>Augustinianorum</strong></span> <span class='ocrx_word' id='word_1_47' title='bbox 3432 643 3529 698; x_wconf 87' lang='lat' dir='ltr'><strong>fuit</strong></span> <span class='ocrx_word' id='word_1_48' title='bbox 3553 657 3757 715; x_wconf 78' lang='lat' dir='ltr'><strong>expun-</strong></span> 
     </span>
    </p>
   </div>
   <div class='ocr_carea' id='block_1_5' title="bbox 473 735 3758 813">
    <p class='ocr_par' dir='ltr' id='par_1_5' title="bbox 473 735 3758 813">
     <span class='ocr_line' id='line_1_5' title="bbox 473 735 3758 813; baseline -0 -18"><span class='ocrx_word' id='word_1_49' title='bbox 473 740 682 810; x_wconf 75' lang='lat' dir='ltr'><strong>gendus</strong></span> <span class='ocrx_word' id='word_1_50' title='bbox 701 758 722 808; x_wconf 67' lang='grc' dir='ltr'>ς,</span> <span class='ocrx_word' id='word_1_51' title='bbox 745 743 957 813; x_wconf 86' lang='lat' dir='ltr'><strong>quando</strong></span> <span class='ocrx_word' id='word_1_52' title='bbox 977 741 1072 798; x_wconf 83' lang='lat' dir='ltr'><strong>Vir</strong></span> <span class='ocrx_word' id='word_1_53' title='bbox 1095 749 1314 798; x_wconf 85' lang='lat' dir='ltr'><strong>sanctus</strong></span> <span class='ocrx_word' id='word_1_54' title='bbox 1339 740 1478 797; x_wconf 88' lang='lat' dir='ltr'><strong>libro</strong></span> <span class='ocrx_word' id='word_1_55' title='bbox 1498 739 1570 797; x_wconf 80' lang='grc'><strong>20</strong></span> <span class='ocrx_word' id='word_1_56' title='bbox 1604 739 1674 796; x_wconf 91' lang='lat' dir='ltr'><strong>de</strong></span> <span class='ocrx_word' id='word_1_57' title='bbox 1697 739 1925 796; x_wconf 88' lang='lat' dir='ltr'><strong>Civitate</strong></span> <span class='ocrx_word' id='word_1_58' title='bbox 1948 737 2065 807; x_wconf 86' lang='lat' dir='ltr'><strong>Dei,</strong></span> <span class='ocrx_word' id='word_1_59' title='bbox 2097 751 2216 808; x_wconf 88' lang='lat' dir='ltr'><strong>cap.</strong></span> <span class='ocrx_word' id='word_1_60' title='bbox 2245 739 2298 803; x_wconf 86' lang='lat'><strong>7,</strong></span> <span class='ocrx_word' id='word_1_61' title='bbox 2331 737 2383 793; x_wconf 91' lang='lat' dir='ltr'><strong>in</strong></span> <span class='ocrx_word' id='word_1_62' title='bbox 2404 753 2469 794; x_wconf 87' lang='lat' dir='ltr'><strong>ea</strong></span> <span class='ocrx_word' id='word_1_63' title='bbox 2505 751 2567 792; x_wconf 89' lang='lat' dir='ltr'><strong>se</strong></span> <span class='ocrx_word' id='word_1_64' title='bbox 2591 735 2757 792; x_wconf 84' lang='lat' dir='ltr'><strong>fuisse</strong></span> <span class='ocrx_word' id='word_1_65' title='bbox 2777 735 3064 808; x_wconf 76' lang='lat' dir='ltr'><strong>aliquando</strong></span> <span class='ocrx_word' id='word_1_66' title='bbox 3086 736 3350 793; x_wconf 75' lang='lat' dir='ltr'><strong>sententia</strong></span> <span class='ocrx_word' id='word_1_67' title='bbox 3379 735 3595 791; x_wconf 86' lang='lat' dir='ltr'><strong>fatetur.</strong></span> <span class='ocrx_word' id='word_1_68' title='bbox 3622 736 3758 794; x_wconf 89' lang='lat' dir='ltr'><strong>Alibi</strong></span> 
     </span>
    </p>
   </div>
   <div class='ocr_carea' id='block_1_6' title="bbox 471 829 3759 908">
    <p class='ocr_par' dir='ltr' id='par_1_6' title="bbox 471 829 3759 908">
     <span class='ocr_line' id='line_1_6' title="bbox 471 829 3759 908; baseline 0.002 -22"><span class='ocrx_word' id='word_1_69' title='bbox 471 831 696 892; x_wconf 82' lang='lat' dir='ltr'><strong>forsitan</strong></span> <span class='ocrx_word' id='word_1_70' title='bbox 723 837 935 908; x_wconf 87' lang='lat' dir='ltr'><strong>quidam</strong></span> <span class='ocrx_word' id='word_1_71' title='bbox 955 835 1261 907; x_wconf 87' lang='lat' dir='ltr'><strong>hujusmodi</strong></span> <span class='ocrx_word' id='word_1_72' title='bbox 1279 835 1432 892; x_wconf 90' lang='lat' dir='ltr'><strong>locus</strong></span> <span class='ocrx_word' id='word_1_73' title='bbox 1455 836 1624 906; x_wconf 86' lang='lat' dir='ltr'><strong>possit</strong></span> <span class='ocrx_word' id='word_1_74' title='bbox 1642 849 1944 902; x_wconf 85' lang='lat' dir='ltr'><strong>occurrere,</strong></span> <span class='ocrx_word' id='word_1_75' title='bbox 1964 847 2126 905; x_wconf 79' lang='lat' dir='ltr'><strong>quem</strong></span> <span class='ocrx_word' id='word_1_76' title='bbox 2141 832 2469 906; x_wconf 70' lang='lat' dir='ltr'><strong>Augustinus</strong></span> <span class='ocrx_word' id='word_1_77' title='bbox 2488 833 2604 904; x_wconf 87' lang='lat' dir='ltr'><strong>ipse</strong></span> <span class='ocrx_word' id='word_1_78' title='bbox 2627 841 2958 900; x_wconf 86' lang='lat' dir='ltr'><strong>annotasset,</strong></span> <span class='ocrx_word' id='word_1_79' title='bbox 2981 831 3419 904; x_wconf 74' lang='lat' dir='ltr'><strong>nisimortedum</strong></span> <span class='ocrx_word' id='word_1_80' title='bbox 3435 829 3759 894; x_wconf 74' lang='lat' dir='ltr'><strong>Sermonari</strong></span> 
     </span>
    </p>
   </div>
   <div class='ocr_carea' id='block_1_7' title="bbox 471 930 2019 1002">
    <p class='ocr_par' dir='ltr' id='par_1_7' title="bbox 471 930 2019 1002">
     <span class='ocr_line' id='line_1_7' title="bbox 471 930 2019 1002; baseline 0.001 -18"><span class='ocrx_word' id='word_1_81' title='bbox 471 945 694 986; x_wconf 86' lang='lat' dir='ltr'><strong>suorum</strong></span> <span class='ocrx_word' id='word_1_82' title='bbox 722 931 1152 986; x_wconf 85' lang='lat' dir='ltr'><strong>retractationem</strong></span> <span class='ocrx_word' id='word_1_83' title='bbox 1173 930 1522 988; x_wconf 83' lang='lat' dir='ltr'><strong>meditaretur</strong></span> <span class='ocrx_word' id='word_1_84' title='bbox 1539 941 1683 989; x_wconf 83' lang='lat' dir='ltr'><strong>esset</strong></span> <span class='ocrx_word' id='word_1_85' title='bbox 1710 939 2019 1002; x_wconf 74' lang='lat' dir='ltr'><strong>oeutpctus.</strong></span> 
     </span>
    </p>
   </div>
   <div class='ocr_carea' id='block_1_8' title="bbox 545 1024 3757 1101">
    <p class='ocr_par' dir='ltr' id='par_1_8' title="bbox 545 1024 3757 1101">
     <span class='ocr_line' id='line_1_8' title="bbox 545 1024 3757 1101; baseline 0.003 -23"><span class='ocrx_word' id='word_1_86' title='bbox 545 1024 820 1080; x_wconf 80' lang='lat' dir='ltr'><strong>Accedunt</strong></span> <span class='ocrx_word' id='word_1_87' title='bbox 840 1024 924 1081; x_wconf 87' lang='lat' dir='ltr'><strong>bis</strong></span> <span class='ocrx_word' id='word_1_88' title='bbox 950 1032 1210 1096; x_wconf 87' lang='lat' dir='ltr'><strong>tempora,</strong></span> <span class='ocrx_word' id='word_1_89' title='bbox 1233 1025 1372 1092; x_wconf 87' lang='lat' dir='ltr'><strong>loca,</strong></span> <span class='ocrx_word' id='word_1_90' title='bbox 1403 1041 1668 1098; x_wconf 59' lang='lat' dir='ltr'><strong>personae,</strong></span> <span class='ocrx_word' id='word_1_91' title='bbox 1699 1027 1936 1098; x_wconf 81' lang='lat' dir='ltr'><strong>negotia,</strong></span> <span class='ocrx_word' id='word_1_92' title='bbox 1961 1026 2119 1095; x_wconf 86' lang='lat' dir='ltr'><strong>facta,</strong></span> <span class='ocrx_word' id='word_1_93' title='bbox 2141 1040 2377 1095; x_wconf 84' lang='lat' dir='ltr'><strong>errores,</strong></span> <span class='ocrx_word' id='word_1_94' title='bbox 2407 1027 2616 1099; x_wconf 83' lang='lat' dir='ltr'><strong>aliaque</strong></span> <span class='ocrx_word' id='word_1_95' title='bbox 2636 1027 2852 1098; x_wconf 78' lang='lat' dir='ltr'><strong>similia,</strong></span> <span class='ocrx_word' id='word_1_96' title='bbox 2873 1027 2944 1086; x_wconf 89' lang='lat' dir='ltr'><strong>de</strong></span> <span class='ocrx_word' id='word_1_97' title='bbox 2970 1027 3165 1101; x_wconf 83' lang='lat' dir='ltr'><strong>quibus</strong></span> <span class='ocrx_word' id='word_1_98' title='bbox 3190 1028 3248 1086; x_wconf 90' lang='lat' dir='ltr'><strong>in</strong></span> <span class='ocrx_word' id='word_1_99' title='bbox 3271 1027 3614 1088; x_wconf 75' lang='lat' dir='ltr'><strong>sermonibus</strong></span> <span class='ocrx_word' id='word_1_100' title='bbox 3645 1027 3757 1087; x_wconf 74' lang='lat' dir='ltr'><strong>dil-</strong></span> 
     </span>
    </p>
   </div>
   <div class='ocr_carea' id='block_1_9' title="bbox 473 1115 2649 1190">
    <p class='ocr_par' dir='ltr' id='par_1_9' title="bbox 473 1115 2649 1190">
     <span class='ocr_line' id='line_1_9' title="bbox 473 1115 2649 1190; baseline 0.004 -23"><span class='ocrx_word' id='word_1_101' title='bbox 473 1122 705 1181; x_wconf 87' lang='lat' dir='ltr'><strong>putatur,</strong></span> <span class='ocrx_word' id='word_1_102' title='bbox 741 1115 883 1169; x_wconf 89' lang='lat' dir='ltr'><strong>unde</strong></span> <span class='ocrx_word' id='word_1_103' title='bbox 913 1117 1139 1185; x_wconf 88' lang='lat' dir='ltr'><strong>plurima</strong></span> <span class='ocrx_word' id='word_1_104' title='bbox 1164 1117 1231 1172; x_wconf 86' lang='lat' dir='ltr'><strong>ad</strong></span> <span class='ocrx_word' id='word_1_105' title='bbox 1255 1118 1588 1174; x_wconf 85' lang='lat' dir='ltr'><strong>statuendam</strong></span> <span class='ocrx_word' id='word_1_106' title='bbox 1611 1119 1831 1174; x_wconf 89' lang='lat' dir='ltr'><strong>criticcn</strong></span> <span class='ocrx_word' id='word_1_107' title='bbox 1853 1128 2169 1189; x_wconf 76' lang='lat' dir='ltr'><strong>argumenta</strong></span> <span class='ocrx_word' id='word_1_108' title='bbox 2195 1119 2649 1190; x_wconf 73' lang='lat' dir='ltr'><strong>deprompsimns.</strong></span> 
     </span>
    </p>
   </div>
   <div class='ocr_carea' id='block_1_10' title="bbox 547 1207 3751 1287">
    <p class='ocr_par' dir='ltr' id='par_1_10' title="bbox 547 1207 3751 1287">
     <span class='ocr_line' id='line_1_10' title="bbox 547 1207 3751 1287; baseline 0.003 -27"><span class='ocrx_word' id='word_1_109' title='bbox 547 1207 662 1262; x_wconf 82' lang='lat' dir='ltr'><strong>Alia</strong></span> <span class='ocrx_word' id='word_1_110' title='bbox 691 1208 846 1262; x_wconf 89' lang='lat' dir='ltr'><strong>nobis</strong></span> <span class='ocrx_word' id='word_1_111' title='bbox 885 1208 1111 1266; x_wconf 86' lang='lat' dir='ltr'><strong>Possidii</strong></span> <span class='ocrx_word' id='word_1_112' title='bbox 1153 1211 1510 1281; x_wconf 80' lang='lat' dir='ltr'><strong>suppeditavit</strong></span> <span class='ocrx_word' id='word_1_113' title='bbox 1550 1211 1838 1278; x_wconf 89' lang='lat' dir='ltr'><strong>Indieulus,</strong></span> <span class='ocrx_word' id='word_1_114' title='bbox 1866 1228 1973 1268; x_wconf 90' lang='lat' dir='ltr'><strong>non</strong></span> <span class='ocrx_word' id='word_1_115' title='bbox 2017 1215 2160 1284; x_wconf 88' lang='lat' dir='ltr'><strong>quod</strong></span> <span class='ocrx_word' id='word_1_116' title='bbox 2187 1227 2466 1270; x_wconf 75' lang='lat' dir='ltr'><strong>sermones</strong></span> <span class='ocrx_word' id='word_1_117' title='bbox 2493 1228 2702 1278; x_wconf 85' lang='lat' dir='ltr'><strong>omnes,</strong></span> <span class='ocrx_word' id='word_1_118' title='bbox 2729 1227 2956 1285; x_wconf 91' lang='lat' dir='ltr'><strong>quorum</strong></span> <span class='ocrx_word' id='word_1_119' title='bbox 2988 1215 3363 1286; x_wconf 82' lang='lat' dir='ltr'><strong>inscriptiones</strong></span> <span class='ocrx_word' id='word_1_120' title='bbox 3391 1214 3462 1271; x_wconf 86' lang='lat' dir='ltr'><strong>ibi</strong></span> <span class='ocrx_word' id='word_1_121' title='bbox 3489 1213 3751 1287; x_wconf 83' lang='lat' dir='ltr'><strong>leguntur,</strong></span> 
     </span>
    </p>
   </div>
   <div class='ocr_carea' id='block_1_11' title="bbox 476 1299 3761 1377">
    <p class='ocr_par' dir='ltr' id='par_1_11' title="bbox 476 1299 3761 1377">
     <span class='ocr_line' id='line_1_11' title="bbox 476 1299 3761 1377; baseline 0.004 -23"><span class='ocrx_word' id='word_1_122' title='bbox 476 1299 776 1371; x_wconf 75' lang='lat' dir='ltr'><strong>Augustino</strong></span> <span class='ocrx_word' id='word_1_123' title='bbox 805 1302 1165 1370; x_wconf 81' lang='lat' dir='ltr'><strong>putaverimus</strong></span> <span class='ocrx_word' id='word_1_124' title='bbox 1193 1305 1580 1370; x_wconf 90' lang='lat' dir='ltr'><strong>attribuendos,</strong></span> <span class='ocrx_word' id='word_1_125' title='bbox 1616 1307 1766 1376; x_wconf 90' lang='lat' dir='ltr'><strong>quasi</strong></span> <span class='ocrx_word' id='word_1_126' title='bbox 1795 1321 1898 1361; x_wconf 93' lang='lat' dir='ltr'><strong>non</strong></span> <span class='ocrx_word' id='word_1_127' title='bbox 1940 1317 2120 1377; x_wconf 84' lang='lat' dir='ltr'><strong>posset</strong></span> <span class='ocrx_word' id='word_1_128' title='bbox 2144 1322 2174 1363; x_wconf 90' lang='lat' dir='ltr'><strong>a</strong></span> <span class='ocrx_word' id='word_1_129' title='bbox 2214 1308 2402 1363; x_wconf 86' lang='lat' dir='ltr'><strong>multis</strong></span> <span class='ocrx_word' id='word_1_130' title='bbox 2425 1309 2892 1364; x_wconf 76' lang='lat' dir='ltr'><strong>concinnatoribus</strong></span> <span class='ocrx_word' id='word_1_131' title='bbox 2917 1309 3103 1366; x_wconf 84' lang='lat' dir='ltr'><strong>eadem</strong></span> <span class='ocrx_word' id='word_1_132' title='bbox 3133 1311 3356 1366; x_wconf 86' lang='lat' dir='ltr'><strong>materia</strong></span> <span class='ocrx_word' id='word_1_133' title='bbox 3386 1310 3635 1374; x_wconf 85' lang='lat' dir='ltr'><strong>tractari;</strong></span> <span class='ocrx_word' id='word_1_134' title='bbox 3666 1307 3761 1366; x_wconf 84' lang='lat' dir='ltr'><strong>sed</strong></span> 
     </span>
    </p>
   </div>
   <div class='ocr_carea' id='block_1_12' title="bbox 471 1393 3764 1476">
    <p class='ocr_par' dir='ltr' id='par_1_12' title="bbox 471 1393 3764 1476">
     <span class='ocr_line' id='line_1_12' title="bbox 471 1393 3764 1476; baseline 0.004 -28"><span class='ocrx_word' id='word_1_135' title='bbox 471 1403 532 1448; x_wconf 90' lang='lat' dir='ltr'><strong>ut</strong></span> <span class='ocrx_word' id='word_1_136' title='bbox 563 1394 612 1448; x_wconf 91' lang='lat' dir='ltr'><strong>ei</strong></span> <span class='ocrx_word' id='word_1_137' title='bbox 639 1409 742 1447; x_wconf 89' lang='lat' dir='ltr'><strong>non</strong></span> <span class='ocrx_word' id='word_1_138' title='bbox 771 1393 842 1448; x_wconf 86' lang='lat' dir='ltr'><strong>ita</strong></span> <span class='ocrx_word' id='word_1_139' title='bbox 869 1393 1021 1450; x_wconf 81' lang='lat' dir='ltr'><strong>facile</strong></span> <span class='ocrx_word' id='word_1_140' title='bbox 1043 1410 1318 1469; x_wconf 87' lang='lat' dir='ltr'><strong>sermones</strong></span> <span class='ocrx_word' id='word_1_141' title='bbox 1346 1399 1453 1454; x_wconf 91' lang='lat' dir='ltr'><strong>illic</strong></span> <span class='ocrx_word' id='word_1_142' title='bbox 1479 1399 1697 1456; x_wconf 91' lang='lat' dir='ltr'><strong>minime</strong></span> <span class='ocrx_word' id='word_1_143' title='bbox 1719 1401 2023 1472; x_wconf 84' lang='lat' dir='ltr'><strong>designatos</strong></span> <span class='ocrx_word' id='word_1_144' title='bbox 2048 1403 2501 1458; x_wconf 83' lang='lat' dir='ltr'><strong>adscriberemus.</strong></span> <span class='ocrx_word' id='word_1_145' title='bbox 2530 1404 2662 1458; x_wconf 86' lang='lat' dir='ltr'><strong>Huic</strong></span> <span class='ocrx_word' id='word_1_146' title='bbox 2684 1403 2917 1458; x_wconf 91' lang='lat' dir='ltr'><strong>indiculo</strong></span> <span class='ocrx_word' id='word_1_147' title='bbox 2940 1406 3170 1475; x_wconf 89' lang='lat' dir='ltr'><strong>priscum</strong></span> <span class='ocrx_word' id='word_1_148' title='bbox 3196 1404 3629 1476; x_wconf 83' lang='lat' dir='ltr'><strong>Carthaginensis</strong></span> <span class='ocrx_word' id='word_1_149' title='bbox 3660 1405 3764 1461; x_wconf 86' lang='lat' dir='ltr'><strong>Ec-</strong></span> 
     </span>
    </p>
   </div>
   <div class='ocr_carea' id='block_1_13' title="bbox 473 1486 3766 1568">
    <p class='ocr_par' dir='ltr' id='par_1_13' title="bbox 473 1486 3766 1568">
     <span class='ocr_line' id='line_1_13' title="bbox 473 1486 3766 1568; baseline 0.003 -26"><span class='ocrx_word' id='word_1_150' title='bbox 473 1486 652 1542; x_wconf 69' lang='lat' dir='ltr'><strong>CieSiiB</strong></span> <span class='ocrx_word' id='word_1_151' title='bbox 691 1487 1086 1557; x_wconf 87' lang='lat' dir='ltr'><strong>Calendarium,</strong></span> <span class='ocrx_word' id='word_1_152' title='bbox 1117 1491 1258 1560; x_wconf 92' lang='lat' dir='ltr'><strong>quod</strong></span> <span class='ocrx_word' id='word_1_153' title='bbox 1288 1493 1470 1562; x_wconf 86' lang='lat' dir='ltr'><strong>paucis</strong></span> <span class='ocrx_word' id='word_1_154' title='bbox 1496 1493 1690 1549; x_wconf 89' lang='lat' dir='ltr'><strong>abhinc</strong></span> <span class='ocrx_word' id='word_1_155' title='bbox 1719 1495 1992 1551; x_wconf 85' lang='lat' dir='ltr'><strong>mensibus</strong></span> <span class='ocrx_word' id='word_1_156' title='bbox 2020 1499 2072 1550; x_wconf 89' lang='lat' dir='ltr'><strong>in</strong></span> <span class='ocrx_word' id='word_1_157' title='bbox 2101 1506 2244 1551; x_wconf 91' lang='lat' dir='ltr'><strong>tomo</strong></span> <span class='ocrx_word' id='word_1_158' title='bbox 2269 1497 2303 1552; x_wconf 79' lang='grc'>5</span> <span class='ocrx_word' id='word_1_159' title='bbox 2325 1497 2701 1552; x_wconf 88' lang='lat' dir='ltr'><strong>Aualectorum</strong></span> <span class='ocrx_word' id='word_1_160' title='bbox 2727 1497 2928 1552; x_wconf 91' lang='lat' dir='ltr'><strong>editum</strong></span> <span class='ocrx_word' id='word_1_161' title='bbox 2959 1498 3075 1563; x_wconf 91' lang='lat' dir='ltr'><strong>fuit,</strong></span> <span class='ocrx_word' id='word_1_162' title='bbox 3099 1498 3448 1568; x_wconf 83' lang='lat' dir='ltr'><strong>adjungentes</strong></span> <span class='ocrx_word' id='word_1_163' title='bbox 3485 1497 3664 1552; x_wconf 89' lang='lat' dir='ltr'><strong>minus</strong></span> <span class='ocrx_word' id='word_1_164' title='bbox 3695 1496 3766 1551; x_wconf 88' lang='lat' dir='ltr'><strong>ti-</strong></span> 
     </span>
    </p>
   </div>
   <div class='ocr_carea' id='block_1_14' title="bbox 471 1582 3765 1662">
    <p class='ocr_par' dir='ltr' id='par_1_14' title="bbox 471 1582 3765 1662">
     <span class='ocr_line' id='line_1_14' title="bbox 471 1582 3765 1662; baseline 0.004 -27"><span class='ocrx_word' id='word_1_165' title='bbox 471 1582 617 1638; x_wconf 87' lang='lat' dir='ltr'><strong>mide</strong></span> <span class='ocrx_word' id='word_1_166' title='bbox 645 1587 886 1641; x_wconf 84' lang='lat' dir='ltr'><strong>censoria</strong></span> <span class='ocrx_word' id='word_1_167' title='bbox 917 1596 1040 1644; x_wconf 82' lang='lat' dir='ltr'><strong>nota</strong></span> <span class='ocrx_word' id='word_1_168' title='bbox 1068 1589 1387 1645; x_wconf 82' lang='lat' dir='ltr'><strong>confiximus</strong></span> <span class='ocrx_word' id='word_1_169' title='bbox 1414 1593 1703 1647; x_wconf 87' lang='lat' dir='ltr'><strong>conciones</strong></span> <span class='ocrx_word' id='word_1_170' title='bbox 1744 1592 2000 1662; x_wconf 89' lang='lat' dir='ltr'><strong>quasdam</strong></span> <span class='ocrx_word' id='word_1_171' title='bbox 2029 1593 2080 1646; x_wconf 90' lang='lat' dir='ltr'><strong>in</strong></span> <span class='ocrx_word' id='word_1_172' title='bbox 2124 1602 2301 1647; x_wconf 83' lang='lat' dir='ltr'><strong>certas</strong></span> <span class='ocrx_word' id='word_1_173' title='bbox 2327 1593 2724 1656; x_wconf 87' lang='lat' dir='ltr'><strong>solemnitates,</strong></span> <span class='ocrx_word' id='word_1_174' title='bbox 2751 1607 2974 1662; x_wconf 87' lang='lat' dir='ltr'><strong>quarum</strong></span> <span class='ocrx_word' id='word_1_175' title='bbox 3015 1593 3067 1646; x_wconf 90' lang='lat' dir='ltr'><strong>in</strong></span> <span class='ocrx_word' id='word_1_176' title='bbox 3098 1601 3290 1647; x_wconf 91' lang='lat' dir='ltr'><strong>neutro</strong></span> <span class='ocrx_word' id='word_1_177' title='bbox 3317 1591 3642 1646; x_wconf 88' lang='lat' dir='ltr'><strong>mentionem</strong></span> <span class='ocrx_word' id='word_1_178' title='bbox 3674 1605 3765 1647; x_wconf 84' lang='lat' dir='ltr'><strong>re-</strong></span> 
     </span>
    </p>
   </div>
   <div class='ocr_carea' id='block_1_15' title="bbox 469 1676 3760 1754">
    <p class='ocr_par' dir='ltr' id='par_1_15' title="bbox 469 1676 3760 1754">
     <span class='ocr_line' id='line_1_15' title="bbox 469 1676 3760 1754; baseline 0.004 -28"><span class='ocrx_word' id='word_1_179' title='bbox 469 1676 666 1742; x_wconf 87' lang='lat' dir='ltr'><strong>perias.</strong></span> <span class='ocrx_word' id='word_1_180' title='bbox 716 1676 868 1732; x_wconf 86' lang='lat' dir='ltr'><strong>Tales</strong></span> <span class='ocrx_word' id='word_1_181' title='bbox 895 1688 1018 1734; x_wconf 88' lang='lat' dir='ltr'><strong>sunt</strong></span> <span class='ocrx_word' id='word_1_182' title='bbox 1045 1680 1399 1750; x_wconf 87' lang='lat' dir='ltr'><strong>Litaniarum,</strong></span> <span class='ocrx_word' id='word_1_183' title='bbox 1431 1684 1545 1739; x_wconf 82' lang='lat' dir='ltr'><strong>sive</strong></span> <span class='ocrx_word' id='word_1_184' title='bbox 1576 1684 1953 1754; x_wconf 81' lang='lat' dir='ltr'><strong>Rogationum,</strong></span> <span class='ocrx_word' id='word_1_185' title='bbox 1994 1684 2372 1740; x_wconf 76' lang='lat' dir='ltr'><strong>Conversionis</strong></span> <span class='ocrx_word' id='word_1_186' title='bbox 2411 1684 2468 1741; x_wconf 91' lang='lat' dir='ltr'><strong>S.</strong></span> <span class='ocrx_word' id='word_1_187' title='bbox 2503 1684 2685 1753; x_wconf 85' lang='lat' dir='ltr'><strong>Pauli,</strong></span> <span class='ocrx_word' id='word_1_188' title='bbox 2717 1683 2998 1741; x_wconf 72' lang='lat' dir='ltr'><strong>Cathedrte</strong></span> <span class='ocrx_word' id='word_1_189' title='bbox 3023 1684 3081 1742; x_wconf 88' lang='lat' dir='ltr'><strong>S.</strong></span> <span class='ocrx_word' id='word_1_190' title='bbox 3121 1684 3288 1754; x_wconf 90' lang='lat' dir='ltr'><strong>Petri,</strong></span> <span class='ocrx_word' id='word_1_191' title='bbox 3320 1683 3760 1740; x_wconf 81' lang='lat' dir='ltr'><strong>Annuntiationis</strong></span> 
     </span>
    </p>
   </div>
   <div class='ocr_carea' id='block_1_16' title="bbox 469 1764 1873 1843">
    <p class='ocr_par' dir='ltr' id='par_1_16' title="bbox 469 1764 1873 1843">
     <span class='ocr_line' id='line_1_16' title="bbox 469 1764 1873 1843; baseline 0.008 -23"><span class='ocrx_word' id='word_1_192' title='bbox 469 1764 781 1837; x_wconf 84' lang='lat' dir='ltr'><strong>Dominicae,</strong></span> <span class='ocrx_word' id='word_1_193' title='bbox 814 1771 1210 1843; x_wconf 85' lang='lat' dir='ltr'><strong>Assumptionis</strong></span> <span class='ocrx_word' id='word_1_194' title='bbox 1238 1774 1295 1829; x_wconf 87' lang='grc' dir='ltr'>Β.</span> <span class='ocrx_word' id='word_1_195' title='bbox 1327 1775 1530 1840; x_wconf 70' lang='lat' dir='ltr'><strong>Marizc,</strong></span> <span class='ocrx_word' id='word_1_196' title='bbox 1562 1792 1624 1830; x_wconf 90' lang='lat' dir='ltr'><strong>ac</strong></span> <span class='ocrx_word' id='word_1_197' title='bbox 1651 1777 1873 1831; x_wconf 82' lang='lat' dir='ltr'><strong>similes.</strong></span> 
     </span>
    </p>
   </div>
   <div class='ocr_carea' id='block_1_17' title="bbox 543 1860 3766 1942">
    <p class='ocr_par' dir='ltr' id='par_1_17' title="bbox 543 1860 3766 1942">
     <span class='ocr_line' id='line_1_17' title="bbox 543 1860 3766 1942; baseline 0.004 -29"><span class='ocrx_word' id='word_1_198' title='bbox 543 1860 766 1932; x_wconf 80' lang='lat' dir='ltr'><strong>Insuper</strong></span> <span class='ocrx_word' id='word_1_199' title='bbox 791 1865 946 1921; x_wconf 78' lang='lat' dir='ltr'><strong>Beda:</strong></span> <span class='ocrx_word' id='word_1_200' title='bbox 972 1883 1036 1922; x_wconf 91' lang='lat' dir='ltr'><strong>ac</strong></span> <span class='ocrx_word' id='word_1_201' title='bbox 1071 1867 1236 1934; x_wconf 85' lang='lat' dir='ltr'><strong>Flori,</strong></span> <span class='ocrx_word' id='word_1_202' title='bbox 1262 1885 1488 1940; x_wconf 92' lang='lat' dir='ltr'><strong>quorum</strong></span> <span class='ocrx_word' id='word_1_203' title='bbox 1522 1871 1828 1926; x_wconf 72' lang='lat' dir='ltr'><strong>testimoiiia</strong></span> <span class='ocrx_word' id='word_1_204' title='bbox 1856 1870 1927 1924; x_wconf 87' lang='lat' dir='ltr'><strong>ad</strong></span> <span class='ocrx_word' id='word_1_205' title='bbox 1953 1867 2342 1925; x_wconf 83' lang='lat' dir='ltr'><strong>conciliandam</strong></span> <span class='ocrx_word' id='word_1_206' title='bbox 2368 1871 2514 1927; x_wconf 89' lang='lat' dir='ltr'><strong>veris</strong></span> <span class='ocrx_word' id='word_1_207' title='bbox 2539 1870 2817 1942; x_wconf 82' lang='lat' dir='ltr'><strong>Augustini</strong></span> <span class='ocrx_word' id='word_1_208' title='bbox 2843 1869 3094 1941; x_wconf 85' lang='lat' dir='ltr'><strong>operibus</strong></span> <span class='ocrx_word' id='word_1_209' title='bbox 3129 1869 3500 1925; x_wconf 87' lang='lat' dir='ltr'><strong>auctoritatem</strong></span> <span class='ocrx_word' id='word_1_210' title='bbox 3535 1868 3766 1926; x_wconf 84' lang='lat' dir='ltr'><strong>multum</strong></span> 
     </span>
    </p>
   </div>
   <div class='ocr_carea' id='block_1_18' title="bbox 471 1953 3764 2034">
    <p class='ocr_par' dir='ltr' id='par_1_18' title="bbox 471 1953 3764 2034">
     <span class='ocr_line' id='line_1_18' title="bbox 471 1953 3764 2034; baseline 0.004 -29"><span class='ocrx_word' id='word_1_211' title='bbox 471 1953 653 2008; x_wconf 87' lang='lat' dir='ltr'><strong>valere</strong></span> <span class='ocrx_word' id='word_1_212' title='bbox 695 1971 800 2009; x_wconf 90' lang='lat' dir='ltr'><strong>non</strong></span> <span class='ocrx_word' id='word_1_213' title='bbox 827 1966 944 2012; x_wconf 92' lang='lat' dir='ltr'><strong>erat</strong></span> <span class='ocrx_word' id='word_1_214' title='bbox 967 1958 1201 2028; x_wconf 89' lang='lat' dir='ltr'><strong>ignotum</strong></span> <span class='ocrx_word' id='word_1_215' title='bbox 1224 2003 1239 2026; x_wconf 91' lang='lat'><strong>,</strong></span> <span class='ocrx_word' id='word_1_216' title='bbox 1268 1963 1614 2018; x_wconf 89' lang='lat' dir='ltr'><strong>collectiones</strong></span> <span class='ocrx_word' id='word_1_217' title='bbox 1639 1963 1691 2017; x_wconf 92' lang='lat' dir='ltr'><strong>in</strong></span> <span class='ocrx_word' id='word_1_218' title='bbox 1723 1961 1944 2017; x_wconf 87' lang='lat' dir='ltr'><strong>Paulum</strong></span> <span class='ocrx_word' id='word_1_219' title='bbox 1976 1973 2222 2018; x_wconf 87' lang='lat' dir='ltr'><strong>accurate</strong></span> <span class='ocrx_word' id='word_1_220' title='bbox 2249 1979 2369 2018; x_wconf 90' lang='lat' dir='ltr'><strong>cum</strong></span> <span class='ocrx_word' id='word_1_221' title='bbox 2401 1964 2754 2020; x_wconf 89' lang='lat' dir='ltr'><strong>Sermonibus</strong></span> <span class='ocrx_word' id='word_1_222' title='bbox 2781 1963 3122 2019; x_wconf 86' lang='lat' dir='ltr'><strong>contulimus.</strong></span> <span class='ocrx_word' id='word_1_223' title='bbox 3153 1963 3314 2034; x_wconf 83' lang='lat' dir='ltr'><strong>Atqui</strong></span> <span class='ocrx_word' id='word_1_224' title='bbox 3347 1978 3442 2032; x_wconf 91' lang='lat' dir='ltr'><strong>per</strong></span> <span class='ocrx_word' id='word_1_225' title='bbox 3480 1961 3764 2019; x_wconf 86' lang='lat' dir='ltr'><strong>collectio-</strong></span> 
     </span>
    </p>
   </div>
   <div class='ocr_carea' id='block_1_19' title="bbox 473 2045 3766 2128">
    <p class='ocr_par' dir='ltr' id='par_1_19' title="bbox 473 2045 3766 2128">
     <span class='ocr_line' id='line_1_19' title="bbox 473 2045 3766 2128; baseline 0.005 -32"><span class='ocrx_word' id='word_1_226' title='bbox 473 2058 596 2098; x_wconf 91' lang='lat' dir='ltr'><strong>nem</strong></span> <span class='ocrx_word' id='word_1_227' title='bbox 627 2045 782 2102; x_wconf 63' lang='lat' dir='ltr'><strong>Beda:</strong></span> <span class='ocrx_word' id='word_1_228' title='bbox 821 2050 1143 2108; x_wconf 87' lang='lat' dir='ltr'><strong>intellectam</strong></span> <span class='ocrx_word' id='word_1_229' title='bbox 1170 2054 1415 2110; x_wconf 86' lang='lat' dir='ltr'><strong>volumus</strong></span> <span class='ocrx_word' id='word_1_230' title='bbox 1443 2071 1562 2110; x_wconf 90' lang='lat' dir='ltr'><strong>eam</strong></span> <span class='ocrx_word' id='word_1_231' title='bbox 1581 2097 1596 2121; x_wconf 93' lang='lat'><strong>,</strong></span> <span class='ocrx_word' id='word_1_232' title='bbox 1640 2071 1760 2127; x_wconf 84' lang='lat' dir='ltr'><strong>quae</strong></span> <span class='ocrx_word' id='word_1_233' title='bbox 1786 2056 1900 2111; x_wconf 86' lang='lat' dir='ltr'><strong>sine</strong></span> <span class='ocrx_word' id='word_1_234' title='bbox 1940 2058 2302 2113; x_wconf 87' lang='lat' dir='ltr'><strong>controversia</strong></span> <span class='ocrx_word' id='word_1_235' title='bbox 2334 2058 2498 2127; x_wconf 89' lang='lat' dir='ltr'><strong>ipsius</strong></span> <span class='ocrx_word' id='word_1_236' title='bbox 2527 2066 2628 2124; x_wconf 91' lang='lat' dir='ltr'><strong>est,</strong></span> <span class='ocrx_word' id='word_1_237' title='bbox 2660 2072 2833 2128; x_wconf 89' lang='lat' dir='ltr'><strong>neque</strong></span> <span class='ocrx_word' id='word_1_238' title='bbox 2863 2071 3089 2128; x_wconf 86' lang='lat' dir='ltr'><strong>usquam</strong></span> <span class='ocrx_word' id='word_1_239' title='bbox 3117 2056 3244 2114; x_wconf 83' lang='lat' dir='ltr'><strong>alibi</strong></span> <span class='ocrx_word' id='word_1_240' title='bbox 3281 2072 3438 2128; x_wconf 87' lang='lat' dir='ltr'><strong>quam</strong></span> <span class='ocrx_word' id='word_1_241' title='bbox 3467 2055 3520 2111; x_wconf 86' lang='lat' dir='ltr'><strong>in</strong></span> <span class='ocrx_word' id='word_1_242' title='bbox 3548 2054 3766 2126; x_wconf 83' lang='lat' dir='ltr'><strong>scriptis</strong></span> 
     </span>
    </p>
   </div>
   <div class='ocr_carea' id='block_1_20' title="bbox 472 2135 3769 2222">
    <p class='ocr_par' dir='ltr' id='par_1_20' title="bbox 472 2135 3769 2222">
     <span class='ocr_line' id='line_1_20' title="bbox 472 2135 3769 2222; baseline 0.005 -33"><span class='ocrx_word' id='word_1_243' title='bbox 472 2135 768 2205; x_wconf 85' lang='lat' dir='ltr'><strong>codicibus,</strong></span> <span class='ocrx_word' id='word_1_244' title='bbox 804 2140 890 2194; x_wconf 92' lang='lat' dir='ltr'><strong>ubi</strong></span> <span class='ocrx_word' id='word_1_245' title='bbox 921 2142 1038 2210; x_wconf 86' lang='lat' dir='ltr'><strong>ejus</strong></span> <span class='ocrx_word' id='word_1_246' title='bbox 1067 2144 1375 2201; x_wconf 84' lang='lat' dir='ltr'><strong>inscribitur</strong></span> <span class='ocrx_word' id='word_1_247' title='bbox 1393 2148 1629 2215; x_wconf 89' lang='lat' dir='ltr'><strong>nomine,</strong></span> <span class='ocrx_word' id='word_1_248' title='bbox 1657 2149 1940 2204; x_wconf 90' lang='lat' dir='ltr'><strong>invenitur.</strong></span> <span class='ocrx_word' id='word_1_249' title='bbox 1970 2149 2086 2203; x_wconf 90' lang='lat' dir='ltr'><strong>Alia</strong></span> <span class='ocrx_word' id='word_1_250' title='bbox 2115 2149 2398 2220; x_wconf 86' lang='lat' dir='ltr'><strong>siquidem,</strong></span> <span class='ocrx_word' id='word_1_251' title='bbox 2426 2164 2585 2221; x_wconf 90' lang='lat' dir='ltr'><strong>quam</strong></span> <span class='ocrx_word' id='word_1_252' title='bbox 2615 2151 2757 2205; x_wconf 89' lang='lat' dir='ltr'><strong>inter</strong></span> <span class='ocrx_word' id='word_1_253' title='bbox 2778 2149 3019 2220; x_wconf 86' lang='lat' dir='ltr'><strong>ejusdem</strong></span> <span class='ocrx_word' id='word_1_254' title='bbox 3048 2165 3210 2222; x_wconf 86' lang='lat' dir='ltr'><strong>opera</strong></span> <span class='ocrx_word' id='word_1_255' title='bbox 3227 2149 3425 2206; x_wconf 85' lang='lat' dir='ltr'><strong>editam</strong></span> <span class='ocrx_word' id='word_1_256' title='bbox 3469 2147 3571 2222; x_wconf 89' lang='lat' dir='ltr'><strong>ipsi</strong></span> <span class='ocrx_word' id='word_1_257' title='bbox 3603 2148 3769 2220; x_wconf 85' lang='lat' dir='ltr'><strong>vulgo</strong></span> 
     </span>
    </p>
   </div>
   <div class='ocr_carea' id='block_1_21' title="bbox 471 2226 3044 2316">
    <p class='ocr_par' dir='ltr' id='par_1_21' title="bbox 471 2226 3044 2316">
     <span class='ocr_line' id='line_1_21' title="bbox 471 2226 3044 2316; baseline 0.007 -35"><span class='ocrx_word' id='word_1_258' title='bbox 471 2226 804 2300; x_wconf 72' lang='lat' dir='ltr'><strong>adjudicant,</strong></span> <span class='ocrx_word' id='word_1_259' title='bbox 825 2233 966 2290; x_wconf 85' lang='lat' dir='ltr'><strong>Flori</strong></span> <span class='ocrx_word' id='word_1_260' title='bbox 989 2236 1198 2292; x_wconf 85' lang='lat' dir='ltr'><strong>diaconi</strong></span> <span class='ocrx_word' id='word_1_261' title='bbox 1230 2239 1602 2310; x_wconf 79' lang='lat' dir='ltr'><strong>Lugdunensis</strong></span> <span class='ocrx_word' id='word_1_262' title='bbox 1625 2256 1747 2298; x_wconf 87' lang='lat' dir='ltr'><strong>esse</strong></span> <span class='ocrx_word' id='word_1_263' title='bbox 1765 2243 1819 2298; x_wconf 92' lang='lat' dir='ltr'><strong>in</strong></span> <span class='ocrx_word' id='word_1_264' title='bbox 1843 2253 1990 2298; x_wconf 84' lang='lat' dir='ltr'><strong>torno</strong></span> <span class='ocrx_word' id='word_1_265' title='bbox 2015 2244 2392 2300; x_wconf 85' lang='lat' dir='ltr'><strong>Analectorum</strong></span> <span class='ocrx_word' id='word_1_266' title='bbox 2423 2245 2597 2316; x_wconf 89' lang='lat' dir='ltr'><strong>primo</strong></span> <span class='ocrx_word' id='word_1_267' title='bbox 2621 2246 3044 2302; x_wconf 88' lang='lat' dir='ltr'><strong>demonstratur.</strong></span> 
     </span>
    </p>
   </div>
   <div class='ocr_carea' id='block_1_22' title="bbox 547 2323 3768 2413">
    <p class='ocr_par' dir='ltr' id='par_1_22' title="bbox 547 2323 3768 2413">
     <span class='ocr_line' id='line_1_22' title="bbox 547 2323 3768 2413; baseline 0.005 -36"><span class='ocrx_word' id='word_1_268' title='bbox 547 2323 684 2391; x_wconf 88' lang='lat' dir='ltr'><strong>Quid</strong></span> <span class='ocrx_word' id='word_1_269' title='bbox 709 2325 874 2381; x_wconf 79' lang='lat' dir='ltr'><strong>refert</strong></span> <span class='ocrx_word' id='word_1_270' title='bbox 900 2327 1002 2384; x_wconf 90' lang='lat' dir='ltr'><strong>hoc</strong></span> <span class='ocrx_word' id='word_1_271' title='bbox 1023 2331 1140 2385; x_wconf 90' lang='lat' dir='ltr'><strong>loco</strong></span> <span class='ocrx_word' id='word_1_272' title='bbox 1166 2333 1475 2389; x_wconf 90' lang='lat' dir='ltr'><strong>innumeros</strong></span> <span class='ocrx_word' id='word_1_273' title='bbox 1502 2336 1896 2407; x_wconf 85' lang='lat' dir='ltr'><strong>manuscriptos</strong></span> <span class='ocrx_word' id='word_1_274' title='bbox 1916 2351 2053 2408; x_wconf 90' lang='lat' dir='ltr'><strong>quos</strong></span> <span class='ocrx_word' id='word_1_275' title='bbox 2077 2338 2445 2393; x_wconf 80' lang='lat' dir='ltr'><strong>consuluimns</strong></span> <span class='ocrx_word' id='word_1_276' title='bbox 2471 2340 2792 2395; x_wconf 81' lang='lat' dir='ltr'><strong>recensere?</strong></span> <span class='ocrx_word' id='word_1_277' title='bbox 2819 2340 3018 2394; x_wconf 78' lang='lat' dir='ltr'><strong>[lorum</strong></span> <span class='ocrx_word' id='word_1_278' title='bbox 3045 2337 3282 2397; x_wconf 88' lang='lat' dir='ltr'><strong>subsidio</strong></span> <span class='ocrx_word' id='word_1_279' title='bbox 3309 2338 3566 2413; x_wconf 88' lang='lat' dir='ltr'><strong>quosdam</strong></span> <span class='ocrx_word' id='word_1_280' title='bbox 3590 2338 3768 2407; x_wconf 89' lang='lat' dir='ltr'><strong>locos,</strong></span> 
     </span>
    </p>
   </div>
   <div class='ocr_carea' id='block_1_23' title="bbox 471 2414 3773 2504">
    <p class='ocr_par' dir='ltr' id='par_1_23' title="bbox 471 2414 3773 2504">
     <span class='ocr_line' id='line_1_23' title="bbox 471 2414 3773 2504; baseline 0.005 -35"><span class='ocrx_word' id='word_1_281' title='bbox 471 2414 665 2484; x_wconf 83' lang='lat' dir='ltr'><strong>quibus</strong></span> <span class='ocrx_word' id='word_1_282' title='bbox 694 2421 920 2487; x_wconf 84' lang='lat' dir='ltr'><strong>permoti</strong></span> <span class='ocrx_word' id='word_1_283' title='bbox 946 2424 1186 2478; x_wconf 90' lang='lat' dir='ltr'><strong>nonnulli</strong></span> <span class='ocrx_word' id='word_1_284' title='bbox 1214 2426 1532 2482; x_wconf 86' lang='lat' dir='ltr'><strong>Criticorum</strong></span> <span class='ocrx_word' id='word_1_285' title='bbox 1558 2429 1910 2500; x_wconf 79' lang='lat' dir='ltr'><strong>Augustinum</strong></span> <span class='ocrx_word' id='word_1_286' title='bbox 1933 2429 2002 2486; x_wconf 92' lang='lat' dir='ltr'><strong>de</strong></span> <span class='ocrx_word' id='word_1_287' title='bbox 2028 2430 2367 2501; x_wconf 86' lang='lat' dir='ltr'><strong>possessione</strong></span> <span class='ocrx_word' id='word_1_288' title='bbox 2387 2431 2707 2488; x_wconf 86' lang='lat' dir='ltr'><strong>Sermonum</strong></span> <span class='ocrx_word' id='word_1_289' title='bbox 2729 2433 2931 2504; x_wconf 92' lang='lat' dir='ltr'><strong>aliquot</strong></span> <span class='ocrx_word' id='word_1_290' title='bbox 2953 2447 3080 2489; x_wconf 84' lang='lat' dir='ltr'><strong>vere</strong></span> <span class='ocrx_word' id='word_1_291' title='bbox 3109 2433 3613 2504; x_wconf 86' lang='lat' dir='ltr'><strong>Augustinianorum</strong></span> <span class='ocrx_word' id='word_1_292' title='bbox 3639 2447 3773 2487; x_wconf 83' lang='lat' dir='ltr'><strong>exe-</strong></span> 
     </span>
    </p>
   </div>
   <div class='ocr_carea' id='block_1_24' title="bbox 473 2514 3767 2600">
    <p class='ocr_par' dir='ltr' id='par_1_24' title="bbox 473 2514 3767 2600">
     <span class='ocr_line' id='line_1_24' title="bbox 473 2514 3767 2600; baseline 0.005 -33"><span class='ocrx_word' id='word_1_293' title='bbox 473 2522 704 2582; x_wconf 73' lang='lat' dir='ltr'><strong>gerant,‘</strong></span> <span class='ocrx_word' id='word_1_294' title='bbox 720 2514 773 2569; x_wconf 90' lang='lat' dir='ltr'><strong>in</strong></span> <span class='ocrx_word' id='word_1_295' title='bbox 803 2518 1024 2573; x_wconf 82' lang='lat' dir='ltr'><strong>excusis</strong></span> <span class='ocrx_word' id='word_1_296' title='bbox 1051 2530 1300 2592; x_wconf 73' lang='lat' dir='ltr'><strong>corrupte</strong></span> <span class='ocrx_word' id='word_1_297' title='bbox 1324 2522 1428 2594; x_wconf 85' lang='lat' dir='ltr'><strong>legi</strong></span> <span class='ocrx_word' id='word_1_298' title='bbox 1447 2523 1899 2594; x_wconf 83' lang='lat' dir='ltr'><strong>deprehendimus</strong></span> <span class='ocrx_word' id='word_1_299' title='bbox 1928 2543 1942 2580; x_wconf 92' lang='lat'><strong>:</strong></span> <span class='ocrx_word' id='word_1_300' title='bbox 1973 2534 2160 2583; x_wconf 87' lang='lat' dir='ltr'><strong>contra</strong></span> <span class='ocrx_word' id='word_1_301' title='bbox 2183 2541 2313 2582; x_wconf 89' lang='lat' dir='ltr'><strong>vero</strong></span> <span class='ocrx_word' id='word_1_302' title='bbox 2333 2527 2687 2597; x_wconf 88' lang='lat' dir='ltr'><strong>quorumdam</strong></span> <span class='ocrx_word' id='word_1_303' title='bbox 2712 2527 2958 2598; x_wconf 79' lang='lat' dir='ltr'><strong>aliorum,</strong></span> <span class='ocrx_word' id='word_1_304' title='bbox 2989 2528 3080 2600; x_wconf 91' lang='lat' dir='ltr'><strong>qui</strong></span> <span class='ocrx_word' id='word_1_305' title='bbox 3102 2526 3407 2585; x_wconf 82' lang='lat' dir='ltr'><strong>ferebantur</strong></span> <span class='ocrx_word' id='word_1_306' title='bbox 3428 2526 3596 2599; x_wconf 86' lang='lat' dir='ltr'><strong>ipsius</strong></span> <span class='ocrx_word' id='word_1_307' title='bbox 3619 2539 3767 2594; x_wconf 86' lang='lat' dir='ltr'><strong>esse,</strong></span> 
     </span>
    </p>
   </div>
   <div class='ocr_carea' id='block_1_25' title="bbox 470 2604 1348 2671">
    <p class='ocr_par' dir='ltr' id='par_1_25' title="bbox 470 2604 1348 2671">
     <span class='ocr_line' id='line_1_25' title="bbox 470 2604 1348 2671; baseline 0.008 -11"><span class='ocrx_word' id='word_1_308' title='bbox 470 2604 737 2662; x_wconf 89' lang='lat' dir='ltr'><strong>interdum</strong></span> <span class='ocrx_word' id='word_1_309' title='bbox 759 2618 1005 2667; x_wconf 87' lang='lat' dir='ltr'><strong>auctores</strong></span> <span class='ocrx_word' id='word_1_310' title='bbox 1025 2612 1348 2671; x_wconf 77' lang='lat' dir='ltr'><strong>deteximus.</strong></span> 
     </span>
    </p>
   </div>
   <div class='ocr_carea' id='block_1_26' title="bbox 543 2698 3768 2782">
    <p class='ocr_par' dir='ltr' id='par_1_26' title="bbox 543 2698 3768 2782">
     <span class='ocr_line' id='line_1_26' title="bbox 543 2698 3768 2782; baseline 0.003 -26"><span class='ocrx_word' id='word_1_311' title='bbox 543 2698 729 2770; x_wconf 84' lang='lat' dir='ltr'><strong>Neque</strong></span> <span class='ocrx_word' id='word_1_312' title='bbox 765 2717 892 2757; x_wconf 80' lang='lat' dir='ltr'><strong>vero</strong></span> <span class='ocrx_word' id='word_1_313' title='bbox 934 2704 1092 2760; x_wconf 88' lang='lat' dir='ltr'><strong>nobis</strong></span> <span class='ocrx_word' id='word_1_314' title='bbox 1116 2707 1246 2760; x_wconf 82' lang='lat' dir='ltr'><strong>satis</strong></span> <span class='ocrx_word' id='word_1_315' title='bbox 1275 2707 1447 2762; x_wconf 84' lang='lat' dir='ltr'><strong>visum</strong></span> <span class='ocrx_word' id='word_1_316' title='bbox 1485 2715 1572 2765; x_wconf 88' lang='lat' dir='ltr'><strong>est</strong></span> <span class='ocrx_word' id='word_1_317' title='bbox 1593 2709 1874 2780; x_wconf 84' lang='lat' dir='ltr'><strong>Augustini</strong></span> <span class='ocrx_word' id='word_1_318' title='bbox 1903 2711 2118 2767; x_wconf 89' lang='lat' dir='ltr'><strong>codices</strong></span> <span class='ocrx_word' id='word_1_319' title='bbox 2159 2713 2408 2768; x_wconf 82' lang='lat' dir='ltr'><strong>evolvere</strong></span> <span class='ocrx_word' id='word_1_320' title='bbox 2445 2711 2838 2782; x_wconf 87' lang='lat' dir='ltr'><strong>manuscriptos</strong></span> <span class='ocrx_word' id='word_1_321' title='bbox 2870 2730 2886 2768; x_wconf 91' lang='lat'><strong>:</strong></span> <span class='ocrx_word' id='word_1_322' title='bbox 2917 2710 3012 2768; x_wconf 89' lang='lat' dir='ltr'><strong>sed</strong></span> <span class='ocrx_word' id='word_1_323' title='bbox 3049 2720 3306 2781; x_wconf 74' lang='lat' dir='ltr'><strong>praeterea</strong></span> <span class='ocrx_word' id='word_1_324' title='bbox 3333 2709 3504 2767; x_wconf 90' lang='lat' dir='ltr'><strong>editas</strong></span> <span class='ocrx_word' id='word_1_325' title='bbox 3530 2709 3768 2766; x_wconf 83' lang='lat' dir='ltr'><strong>aliorum</strong></span> 
     </span>
    </p>
   </div>
   <div class='ocr_carea' id='block_1_27' title="bbox 471 2791 3771 2876">
    <p class='ocr_par' dir='ltr' id='par_1_27' title="bbox 471 2791 3771 2876">
     <span class='ocr_line' id='line_1_27' title="bbox 471 2791 3771 2876; baseline 0.004 -29"><span class='ocrx_word' id='word_1_326' title='bbox 471 2791 687 2848; x_wconf 89' lang='lat' dir='ltr'><strong>Patrum</strong></span> <span class='ocrx_word' id='word_1_327' title='bbox 727 2798 1210 2853; x_wconf 84' lang='lat' dir='ltr'><strong>commentationes</strong></span> <span class='ocrx_word' id='word_1_328' title='bbox 1237 2800 1680 2856; x_wconf 81' lang='lat' dir='ltr'><strong>examinavimus.</strong></span> <span class='ocrx_word' id='word_1_329' title='bbox 1724 2801 1926 2859; x_wconf 84' lang='lat' dir='ltr'><strong>Eorum</strong></span> <span class='ocrx_word' id='word_1_330' title='bbox 1967 2804 2162 2874; x_wconf 89' lang='lat' dir='ltr'><strong>quippe</strong></span> <span class='ocrx_word' id='word_1_331' title='bbox 2197 2806 2378 2859; x_wconf 89' lang='lat' dir='ltr'><strong>stilum</strong></span> <span class='ocrx_word' id='word_1_332' title='bbox 2419 2813 2474 2860; x_wconf 89' lang='lat' dir='ltr'><strong>et</strong></span> <span class='ocrx_word' id='word_1_333' title='bbox 2501 2820 2564 2860; x_wconf 90' lang='lat' dir='ltr'><strong>ea</strong></span> <span class='ocrx_word' id='word_1_334' title='bbox 2589 2803 2728 2860; x_wconf 88' lang='lat' dir='ltr'><strong>circa</strong></span> <span class='ocrx_word' id='word_1_335' title='bbox 2756 2819 2877 2876; x_wconf 70' lang='lat' dir='ltr'><strong>qua:</strong></span> <span class='ocrx_word' id='word_1_336' title='bbox 2914 2814 3194 2860; x_wconf 86' lang='lat' dir='ltr'><strong>versantur</strong></span> <span class='ocrx_word' id='word_1_337' title='bbox 3220 2811 3530 2875; x_wconf 86' lang='lat' dir='ltr'><strong>argumenta</strong></span> <span class='ocrx_word' id='word_1_338' title='bbox 3560 2812 3771 2860; x_wconf 81' lang='lat' dir='ltr'><strong>attente</strong></span> 
     </span>
    </p>
   </div>
   <div class='ocr_carea' id='block_1_28' title="bbox 471 2886 3768 2968">
    <p class='ocr_par' dir='ltr' id='par_1_28' title="bbox 471 2886 3768 2968">
     <span class='ocr_line' id='line_1_28' title="bbox 471 2886 3768 2968; baseline 0.004 -29"><span class='ocrx_word' id='word_1_339' title='bbox 471 2886 805 2942; x_wconf 86' lang='lat' dir='ltr'><strong>considerata</strong></span> <span class='ocrx_word' id='word_1_340' title='bbox 849 2891 1120 2959; x_wconf 82' lang='lat' dir='ltr'><strong>oportuit,</strong></span> <span class='ocrx_word' id='word_1_341' title='bbox 1165 2900 1226 2946; x_wconf 93' lang='lat' dir='ltr'><strong>ut</strong></span> <span class='ocrx_word' id='word_1_342' title='bbox 1269 2893 1486 2962; x_wconf 90' lang='lat' dir='ltr'><strong>quinam</strong></span> <span class='ocrx_word' id='word_1_343' title='bbox 1527 2908 1806 2951; x_wconf 85' lang='lat' dir='ltr'><strong>sermones</strong></span> <span class='ocrx_word' id='word_1_344' title='bbox 1846 2896 1977 2966; x_wconf 89' lang='lat' dir='ltr'><strong>ipsis</strong></span> <span class='ocrx_word' id='word_1_345' title='bbox 2004 2897 2497 2954; x_wconf 51' lang='lat' dir='ltr'><strong>tribuendbessent</strong></span> <span class='ocrx_word' id='word_1_346' title='bbox 2537 2897 3010 2968; x_wconf 86' lang='lat' dir='ltr'><strong>dignosceremus,</strong></span> <span class='ocrx_word' id='word_1_347' title='bbox 3054 2905 3109 2952; x_wconf 92' lang='lat' dir='ltr'><strong>et</strong></span> <span class='ocrx_word' id='word_1_348' title='bbox 3148 2895 3367 2951; x_wconf 86' lang='lat' dir='ltr'><strong>lacinias</strong></span> <span class='ocrx_word' id='word_1_349' title='bbox 3413 2894 3768 2966; x_wconf 85' lang='lat' dir='ltr'><strong>investigare-</strong></span> 
     </span>
    </p>
   </div>
   <div class='ocr_carea' id='block_1_29' title="bbox 472 2983 3766 3060">
    <p class='ocr_par' dir='ltr' id='par_1_29' title="bbox 472 2983 3766 3060">
     <span class='ocr_line' id='line_1_29' title="bbox 472 2983 3766 3060; baseline 0.003 -27"><span class='ocrx_word' id='word_1_350' title='bbox 472 2994 628 3045; x_wconf 88' lang='lat' dir='ltr'><strong>mus,</strong></span> <span class='ocrx_word' id='word_1_351' title='bbox 680 2997 748 3036; x_wconf 85' lang='lat' dir='ltr'><strong>ex</strong></span> <span class='ocrx_word' id='word_1_352' title='bbox 791 2983 986 3053; x_wconf 88' lang='lat' dir='ltr'><strong>quibus</strong></span> <span class='ocrx_word' id='word_1_353' title='bbox 1035 2984 1322 3040; x_wconf 87' lang='lat' dir='ltr'><strong>adulterini</strong></span> <span class='ocrx_word' id='word_1_354' title='bbox 1367 2994 1622 3042; x_wconf 82' lang='lat' dir='ltr'><strong>tractatus</strong></span> <span class='ocrx_word' id='word_1_355' title='bbox 1667 2990 2127 3045; x_wconf 87' lang='lat' dir='ltr'><strong>consarcinantur.</strong></span> <span class='ocrx_word' id='word_1_356' title='bbox 2183 2990 2326 3046; x_wconf 85' lang='lat' dir='ltr'><strong>Inter</strong></span> <span class='ocrx_word' id='word_1_357' title='bbox 2370 2990 2468 3045; x_wconf 90' lang='lat' dir='ltr'><strong>hos</strong></span> <span class='ocrx_word' id='word_1_358' title='bbox 2521 2990 2665 3046; x_wconf 89' lang='lat' dir='ltr'><strong>enim</strong></span> <span class='ocrx_word' id='word_1_359' title='bbox 2715 2997 2840 3044; x_wconf 85' lang='lat' dir='ltr'><strong>sunt</strong></span> <span class='ocrx_word' id='word_1_360' title='bbox 2889 2989 2982 3060; x_wconf 88' lang='lat' dir='ltr'><strong>qui</strong></span> <span class='ocrx_word' id='word_1_361' title='bbox 3034 3004 3103 3045; x_wconf 84' lang='lat' dir='ltr'><strong>ex</strong></span> <span class='ocrx_word' id='word_1_362' title='bbox 3151 2988 3417 3059; x_wconf 84' lang='lat' dir='ltr'><strong>Origene,</strong></span> <span class='ocrx_word' id='word_1_363' title='bbox 3465 2986 3766 3059; x_wconf 81' lang='lat' dir='ltr'><strong>Cypriane,</strong></span> 
     </span>
    </p>
   </div>
   <div class='ocr_carea' id='block_1_30' title="bbox 471 3075 3769 3156">
    <p class='ocr_par' dir='ltr' id='par_1_30' title="bbox 471 3075 3769 3156">
     <span class='ocr_line' id='line_1_30' title="bbox 471 3075 3769 3156; baseline 0.002 -26"><span class='ocrx_word' id='word_1_364' title='bbox 471 3075 792 3144; x_wconf 81' lang='lat' dir='ltr'><strong>Ambrosio,</strong></span> <span class='ocrx_word' id='word_1_365' title='bbox 839 3077 1104 3150; x_wconf 79' lang='lat' dir='ltr'><strong>Maximo,</strong></span> <span class='ocrx_word' id='word_1_366' title='bbox 1151 3080 1367 3148; x_wconf 89' lang='lat' dir='ltr'><strong>Leone,</strong></span> <span class='ocrx_word' id='word_1_367' title='bbox 1410 3081 1645 3153; x_wconf 83' lang='lat' dir='ltr'><strong>Fausto,</strong></span> <span class='ocrx_word' id='word_1_368' title='bbox 1686 3082 1946 3156; x_wconf 86' lang='lat' dir='ltr'><strong>Gregorio</strong></span> <span class='ocrx_word' id='word_1_369' title='bbox 1983 3085 2174 3156; x_wconf 82' lang='lat' dir='ltr'><strong>Magno</strong></span> <span class='ocrx_word' id='word_1_370' title='bbox 2198 3124 2214 3151; x_wconf 93' lang='lat'><strong>,</strong></span> <span class='ocrx_word' id='word_1_371' title='bbox 2259 3084 2489 3140; x_wconf 85' lang='lat' dir='ltr'><strong>Alcuino</strong></span> <span class='ocrx_word' id='word_1_372' title='bbox 2511 3123 2527 3152; x_wconf 92' lang='lat'><strong>,</strong></span> <span class='ocrx_word' id='word_1_373' title='bbox 2569 3083 2731 3140; x_wconf 89' lang='lat' dir='ltr'><strong>lvone</strong></span> <span class='ocrx_word' id='word_1_374' title='bbox 2772 3083 3127 3152; x_wconf 85' lang='lat' dir='ltr'><strong>Carnutensi,</strong></span> <span class='ocrx_word' id='word_1_375' title='bbox 3165 3092 3326 3154; x_wconf 83' lang='lat' dir='ltr'><strong>atque</strong></span> <span class='ocrx_word' id='word_1_376' title='bbox 3350 3083 3468 3138; x_wconf 87' lang='lat' dir='ltr'><strong>aliis</strong></span> <span class='ocrx_word' id='word_1_377' title='bbox 3496 3078 3769 3150; x_wconf 87' lang='lat' dir='ltr'><strong>desumptf</strong></span> 
     </span>
    </p>
   </div>
   <div class='ocr_carea' id='block_1_31' title="bbox 471 3169 601 3224">
    <p class='ocr_par' dir='ltr' id='par_1_31' title="bbox 471 3169 601 3224">
     <span class='ocr_line' id='line_1_31' title="bbox 471 3169 601 3224; baseline -0.015 0"><span class='ocrx_word' id='word_1_378' title='bbox 471 3169 601 3224; x_wconf 78' lang='lat' dir='ltr'><strong>sint.</strong></span> 
     </span>
    </p>
   </div>
   <div class='ocr_carea' id='block_1_32' title="bbox 548 3261 3755 3340">
    <p class='ocr_par' dir='ltr' id='par_1_32' title="bbox 548 3261 3755 3340">
     <span class='ocr_line' id='line_1_32' title="bbox 548 3261 3755 3340; baseline 0.002 -25"><span class='ocrx_word' id='word_1_379' title='bbox 548 3261 606 3317; x_wconf 91' lang='lat' dir='ltr'><strong>ln</strong></span> <span class='ocrx_word' id='word_1_380' title='bbox 638 3262 971 3332; x_wconf 87' lang='lat' dir='ltr'><strong>Homiliario,</strong></span> <span class='ocrx_word' id='word_1_381' title='bbox 1003 3266 1145 3336; x_wconf 87' lang='lat' dir='ltr'><strong>quod</strong></span> <span class='ocrx_word' id='word_1_382' title='bbox 1175 3266 1430 3323; x_wconf 84' lang='lat' dir='ltr'><strong>Rabanus</strong></span> <span class='ocrx_word' id='word_1_383' title='bbox 1453 3283 1484 3323; x_wconf 90' lang='lat' dir='ltr'><strong>a</strong></span> <span class='ocrx_word' id='word_1_384' title='bbox 1509 3282 1572 3326; x_wconf 87' lang='lat' dir='ltr'><strong>se</strong></span> <span class='ocrx_word' id='word_1_385' title='bbox 1606 3269 1982 3326; x_wconf 87' lang='lat' dir='ltr'><strong>concinnatum</strong></span> <span class='ocrx_word' id='word_1_386' title='bbox 2024 3269 2284 3326; x_wconf 84' lang='lat' dir='ltr'><strong>Haistolfo</strong></span> <span class='ocrx_word' id='word_1_387' title='bbox 2309 3269 2710 3340; x_wconf 82' lang='lat' dir='ltr'><strong>archiepiscopo</strong></span> <span class='ocrx_word' id='word_1_388' title='bbox 2741 3265 3063 3335; x_wconf 88' lang='lat' dir='ltr'><strong>destinavit,</strong></span> <span class='ocrx_word' id='word_1_389' title='bbox 3105 3281 3302 3323; x_wconf 91' lang='lat' dir='ltr'><strong>novem</strong></span> <span class='ocrx_word' id='word_1_390' title='bbox 3331 3280 3630 3334; x_wconf 84' lang='lat' dir='ltr'><strong>sermones,</strong></span> <span class='ocrx_word' id='word_1_391' title='bbox 3659 3263 3755 3336; x_wconf 89' lang='lat' dir='ltr'><strong>qui</strong></span> 
     </span>
    </p>
   </div>
   <div class='ocr_carea' id='block_1_33' title="bbox 471 3355 2051 3434">
    <p class='ocr_par' dir='ltr' id='par_1_33' title="bbox 471 3360 2051 3434">
     <span class='ocr_line' id='line_1_33' title="bbox 471 3360 2051 3434; baseline 0.003 -20"><span class='ocrx_word' id='word_1_392' title='bbox 471 3367 657 3414; x_wconf 86' lang='lat' dir='ltr'><strong>nostra</strong></span> <span class='ocrx_word' id='word_1_393' title='bbox 686 3360 738 3414; x_wconf 86' lang='lat' dir='ltr'><strong>in</strong></span> <span class='ocrx_word' id='word_1_394' title='bbox 761 3361 1058 3431; x_wconf 89' lang='lat' dir='ltr'><strong>appendiee</strong></span> <span class='ocrx_word' id='word_1_395' title='bbox 1095 3361 1186 3430; x_wconf 86' lang='lat'><strong>98,</strong></span> <span class='ocrx_word' id='word_1_396' title='bbox 1218 3363 1340 3430; x_wconf 88' lang='grc'>108,</span> <span class='ocrx_word' id='word_1_397' title='bbox 1370 3363 1499 3433; x_wconf 87' lang='grc'>222,</span> <span class='ocrx_word' id='word_1_398' title='bbox 1537 3363 1664 3430; x_wconf 87' lang='grc'>280,</span> <span class='ocrx_word' id='word_1_399' title='bbox 1691 3365 1819 3434; x_wconf 87' lang='grc'>290,</span> <span class='ocrx_word' id='word_1_400' title='bbox 1852 3366 1980 3434; x_wconf 84' lang='grc'>291,</span> <span class='ocrx_word' id='word_1_401' title='bbox 2010 3366 2051 3419; x_wconf 54' lang='grc'>21</span> 
     </span>
    </p>
   </div>
   <div class='ocr_carea' id='block_1_34' title="bbox 2183 3355 3763 3434">
    <p class='ocr_par' dir='ltr' id='par_1_34' title="bbox 2183 3355 3763 3429">
     <span class='ocr_line' id='line_1_34' title="bbox 2183 3355 3763 3429; baseline -0.004 -8"><span class='ocrx_word' id='word_1_402' title='bbox 2183 3365 2294 3429; x_wconf 79' lang='grc'>502,</span> <span class='ocrx_word' id='word_1_403' title='bbox 2325 3365 2431 3422; x_wconf 78' lang='grc'><strong>504</strong></span> <span class='ocrx_word' id='word_1_404' title='bbox 2469 3371 2835 3429; x_wconf 90' lang='lat' dir='ltr'><strong>numerantur,</strong></span> <span class='ocrx_word' id='word_1_405' title='bbox 2870 3361 3093 3419; x_wconf 90' lang='lat' dir='ltr'><strong>totidem</strong></span> <span class='ocrx_word' id='word_1_406' title='bbox 3135 3361 3317 3418; x_wconf 84' lang='lat' dir='ltr'><strong>verbis</strong></span> <span class='ocrx_word' id='word_1_407' title='bbox 3345 3361 3670 3425; x_wconf 80' lang='lat' dir='ltr'><strong>invenimus.</strong></span> <span class='ocrx_word' id='word_1_408' title='bbox 3698 3355 3763 3414; x_wconf 90' lang='lat' dir='ltr'><strong>ld</strong></span> 
     </span>
    </p>
   </div>
   <div class='ocr_carea' id='block_1_35' title="bbox 470 3452 2840 3532">
    <p class='ocr_par' dir='ltr' id='par_1_35' title="bbox 470 3452 2840 3532">
     <span class='ocr_line' id='line_1_35' title="bbox 470 3452 2840 3532; baseline 0.002 -26"><span class='ocrx_word' id='word_1_409' title='bbox 470 3452 684 3524; x_wconf 91' lang='lat' dir='ltr'><strong>quidem</strong></span> <span class='ocrx_word' id='word_1_410' title='bbox 711 3469 808 3510; x_wconf 93' lang='lat' dir='ltr'><strong>suo</strong></span> <span class='ocrx_word' id='word_1_411' title='bbox 836 3455 954 3510; x_wconf 90' lang='lat' dir='ltr'><strong>loco</strong></span> <span class='ocrx_word' id='word_1_412' title='bbox 975 3472 1081 3511; x_wconf 88' lang='lat' dir='ltr'><strong>non</strong></span> <span class='ocrx_word' id='word_1_413' title='bbox 1105 3458 1478 3524; x_wconf 84' lang='lat' dir='ltr'><strong>tacuissemus,</strong></span> <span class='ocrx_word' id='word_1_414' title='bbox 1511 3459 1614 3514; x_wconf 91' lang='lat' dir='ltr'><strong>nisi</strong></span> <span class='ocrx_word' id='word_1_415' title='bbox 1638 3459 1841 3515; x_wconf 80' lang='lat' dir='ltr'><strong>Rabani</strong></span> <span class='ocrx_word' id='word_1_416' title='bbox 1871 3475 2034 3532; x_wconf 89' lang='lat' dir='ltr'><strong>opera</strong></span> <span class='ocrx_word' id='word_1_417' title='bbox 2058 3460 2325 3515; x_wconf 86' lang='lat' dir='ltr'><strong>discutere</strong></span> <span class='ocrx_word' id='word_1_418' title='bbox 2350 3474 2449 3514; x_wconf 92' lang='lat' dir='ltr'><strong>nos</strong></span> <span class='ocrx_word' id='word_1_419' title='bbox 2478 3458 2840 3528; x_wconf 60' lang='lat' dir='ltr'><strong>prmteriisset.</strong></span> 
     </span>
    </p>
   </div>
   <div class='ocr_carea' id='block_1_36' title="bbox 540 3545 3764 3624">
    <p class='ocr_par' dir='ltr' id='par_1_36' title="bbox 540 3545 3764 3624">
     <span class='ocr_line' id='line_1_36' title="bbox 540 3545 3764 3624; baseline -0.001 -22"><span class='ocrx_word' id='word_1_420' title='bbox 540 3547 704 3603; x_wconf 79' lang='lat' dir='ltr'><strong>Multo</strong></span> <span class='ocrx_word' id='word_1_421' title='bbox 727 3550 846 3620; x_wconf 82' lang='lat' dir='ltr'><strong>plus</strong></span> <span class='ocrx_word' id='word_1_422' title='bbox 870 3566 1014 3606; x_wconf 74' lang='lat' dir='ltr'><strong>cura:</strong></span> <span class='ocrx_word' id='word_1_423' title='bbox 1041 3552 1335 3608; x_wconf 89' lang='lat' dir='ltr'><strong>adhibitum</strong></span> <span class='ocrx_word' id='word_1_424' title='bbox 1363 3562 1446 3609; x_wconf 90' lang='lat' dir='ltr'><strong>est</strong></span> <span class='ocrx_word' id='word_1_425' title='bbox 1464 3553 1517 3609; x_wconf 93' lang='lat' dir='ltr'><strong>in</strong></span> <span class='ocrx_word' id='word_1_426' title='bbox 1542 3555 1901 3610; x_wconf 79' lang='lat' dir='ltr'><strong>examinando</strong></span> <span class='ocrx_word' id='word_1_427' title='bbox 1921 3555 2181 3621; x_wconf 84' lang='lat' dir='ltr'><strong>Caesario;</strong></span> <span class='ocrx_word' id='word_1_428' title='bbox 2213 3555 2410 3624; x_wconf 86' lang='lat' dir='ltr'><strong>quippe</strong></span> <span class='ocrx_word' id='word_1_429' title='bbox 2436 3552 2529 3624; x_wconf 91' lang='lat' dir='ltr'><strong>qui</strong></span> <span class='ocrx_word' id='word_1_430' title='bbox 2565 3551 2852 3607; x_wconf 89' lang='lat' dir='ltr'><strong>conciones</strong></span> <span class='ocrx_word' id='word_1_431' title='bbox 2881 3562 3047 3621; x_wconf 86' lang='lat' dir='ltr'><strong>prope</strong></span> <span class='ocrx_word' id='word_1_432' title='bbox 3075 3549 3406 3611; x_wconf 88' lang='lat' dir='ltr'><strong>innumeras,</strong></span> <span class='ocrx_word' id='word_1_433' title='bbox 3440 3545 3682 3616; x_wconf 84' lang='lat' dir='ltr'><strong>quamvis</strong></span> <span class='ocrx_word' id='word_1_434' title='bbox 3706 3546 3764 3600; x_wconf 91' lang='lat' dir='ltr'><strong>ei</strong></span> 
     </span>
    </p>
   </div>
   <div class='ocr_carea' id='block_1_37' title="bbox 470 3638 3756 3719">
    <p class='ocr_par' dir='ltr' id='par_1_37' title="bbox 470 3638 3756 3719">
     <span class='ocr_line' id='line_1_37' title="bbox 470 3638 3756 3719; baseline -0.001 -21"><span class='ocrx_word' id='word_1_435' title='bbox 470 3645 684 3700; x_wconf 88' lang='lat' dir='ltr'><strong>nonnisi</strong></span> <span class='ocrx_word' id='word_1_436' title='bbox 713 3647 928 3701; x_wconf 88' lang='lat' dir='ltr'><strong>circiter</strong></span> <span class='ocrx_word' id='word_1_437' title='bbox 953 3648 1300 3719; x_wconf 83' lang='lat' dir='ltr'><strong>quadraginta</strong></span> <span class='ocrx_word' id='word_1_438' title='bbox 1340 3648 1394 3704; x_wconf 90' lang='lat' dir='ltr'><strong>in</strong></span> <span class='ocrx_word' id='word_1_439' title='bbox 1435 3649 1758 3706; x_wconf 74' lang='lat' dir='ltr'><strong>Bibliotheca</strong></span> <span class='ocrx_word' id='word_1_440' title='bbox 1786 3651 2004 3705; x_wconf 85' lang='lat' dir='ltr'><strong>Patrum</strong></span> <span class='ocrx_word' id='word_1_441' title='bbox 2043 3649 2449 3714; x_wconf 90' lang='lat' dir='ltr'><strong>adscribantur,</strong></span> <span class='ocrx_word' id='word_1_442' title='bbox 2489 3645 2841 3703; x_wconf 85' lang='lat' dir='ltr'><strong>elucubravit.</strong></span> <span class='ocrx_word' id='word_1_443' title='bbox 2879 3644 3144 3700; x_wconf 90' lang='lat' dir='ltr'><strong>Discimus</strong></span> <span class='ocrx_word' id='word_1_444' title='bbox 3171 3644 3314 3698; x_wconf 88' lang='lat' dir='ltr'><strong>enim</strong></span> <span class='ocrx_word' id='word_1_445' title='bbox 3348 3657 3414 3696; x_wconf 75' lang='lat' dir='ltr'><strong>ex</strong></span> <span class='ocrx_word' id='word_1_446' title='bbox 3455 3639 3572 3710; x_wconf 89' lang='lat' dir='ltr'><strong>ejus</strong></span> <span class='ocrx_word' id='word_1_447' title='bbox 3599 3638 3756 3706; x_wconf 81' lang='lat' dir='ltr'><strong>Vita,</strong></span> 
     </span>
    </p>
   </div>
   <div class='ocr_carea' id='block_1_38' title="bbox 468 3731 3758 3812">
    <p class='ocr_par' dir='ltr' id='par_1_38' title="bbox 468 3731 3758 3812">
     <span class='ocr_line' id='line_1_38' title="bbox 468 3731 3758 3812; baseline -0.002 -21"><span class='ocrx_word' id='word_1_448' title='bbox 468 3735 642 3807; x_wconf 86' lang='lat' dir='ltr'><strong>ipsum</strong></span> <span class='ocrx_word' id='word_1_449' title='bbox 669 3738 760 3793; x_wconf 92' lang='lat' dir='ltr'><strong>ubi</strong></span> <span class='ocrx_word' id='word_1_450' title='bbox 789 3738 1019 3810; x_wconf 90' lang='lat' dir='ltr'><strong>primum</strong></span> <span class='ocrx_word' id='word_1_451' title='bbox 1050 3741 1116 3795; x_wconf 90' lang='lat' dir='ltr'><strong>ad</strong></span> <span class='ocrx_word' id='word_1_452' title='bbox 1147 3741 1503 3812; x_wconf 86' lang='lat' dir='ltr'><strong>episcopalem</strong></span> <span class='ocrx_word' id='word_1_453' title='bbox 1530 3743 1772 3798; x_wconf 84' lang='lat' dir='ltr'><strong>ordinem</strong></span> <span class='ocrx_word' id='word_1_454' title='bbox 1801 3743 1996 3797; x_wconf 90' lang='lat' dir='ltr'><strong>ascitus</strong></span> <span class='ocrx_word' id='word_1_455' title='bbox 2022 3751 2184 3807; x_wconf 91' lang='lat' dir='ltr'><strong>esset,</strong></span> <span class='ocrx_word' id='word_1_456' title='bbox 2212 3741 2466 3795; x_wconf 88' lang='lat' dir='ltr'><strong>translata</strong></span> <span class='ocrx_word' id='word_1_457' title='bbox 2493 3738 2869 3808; x_wconf 85' lang='lat' dir='ltr'><strong>Apostolorum</strong></span> <span class='ocrx_word' id='word_1_458' title='bbox 2899 3737 3149 3806; x_wconf 81' lang='lat' dir='ltr'><strong>exemplo</strong></span> <span class='ocrx_word' id='word_1_459' title='bbox 3174 3737 3224 3790; x_wconf 89' lang='lat' dir='ltr'><strong>in</strong></span> <span class='ocrx_word' id='word_1_460' title='bbox 3247 3734 3498 3789; x_wconf 84' lang='lat' dir='ltr'><strong>diaconos</strong></span> <span class='ocrx_word' id='word_1_461' title='bbox 3527 3731 3758 3786; x_wconf 88' lang='lat' dir='ltr'><strong>aliorum</strong></span> 
     </span>
    </p>
   </div>
   <div class='ocr_carea' id='block_1_39' title="bbox 470 3821 3766 3906">
    <p class='ocr_par' dir='ltr' id='par_1_39' title="bbox 470 3821 3766 3906">
     <span class='ocr_line' id='line_1_39' title="bbox 470 3821 3766 3906; baseline -0.003 -20"><span class='ocrx_word' id='word_1_462' title='bbox 470 3831 887 3886; x_wconf 87' lang='lat' dir='ltr'><strong>ministeriorum</strong></span> <span class='ocrx_word' id='word_1_463' title='bbox 915 3847 1064 3899; x_wconf 90' lang='lat' dir='ltr'><strong>cura,</strong></span> <span class='ocrx_word' id='word_1_464' title='bbox 1100 3840 1270 3890; x_wconf 89' lang='lat' dir='ltr'><strong>totum</strong></span> <span class='ocrx_word' id='word_1_465' title='bbox 1293 3825 1359 3888; x_wconf 31' lang='lat' dir='ltr'><strong>&#39;se</strong></span> <span class='ocrx_word' id='word_1_466' title='bbox 1381 3835 1776 3906; x_wconf 59' lang='lat' dir='ltr'><strong>praedicationis</strong></span> <span class='ocrx_word' id='word_1_467' title='bbox 1801 3833 1980 3888; x_wconf 87' lang='lat' dir='ltr'><strong>officio</strong></span> <span class='ocrx_word' id='word_1_468' title='bbox 2001 3833 2250 3898; x_wconf 88' lang='lat' dir='ltr'><strong>dedisse;</strong></span> <span class='ocrx_word' id='word_1_469' title='bbox 2284 3847 2346 3887; x_wconf 83' lang='lat' dir='ltr'><strong>ac</strong></span> <span class='ocrx_word' id='word_1_470' title='bbox 2371 3830 2500 3887; x_wconf 91' lang='lat' dir='ltr'><strong>illud</strong></span> <span class='ocrx_word' id='word_1_471' title='bbox 2523 3845 2698 3899; x_wconf 84' lang='lat' dir='ltr'><strong>usque</strong></span> <span class='ocrx_word' id='word_1_472' title='bbox 2720 3829 2857 3885; x_wconf 89' lang='lat' dir='ltr'><strong>adeo</strong></span> <span class='ocrx_word' id='word_1_473' title='bbox 2885 3829 3031 3883; x_wconf 89' lang='lat' dir='ltr'><strong>cordi</strong></span> <span class='ocrx_word' id='word_1_474' title='bbox 3060 3829 3328 3893; x_wconf 87' lang='lat' dir='ltr'><strong>habuisse,</strong></span> <span class='ocrx_word' id='word_1_475' title='bbox 3369 3834 3423 3878; x_wconf 84' lang='lat' dir='ltr'><strong>ut</strong></span> <span class='ocrx_word' id='word_1_476' title='bbox 3449 3825 3517 3878; x_wconf 84' lang='lat' dir='ltr'><strong>ad</strong></span> <span class='ocrx_word' id='word_1_477' title='bbox 3546 3821 3766 3879; x_wconf 77' lang='lat' dir='ltr'><strong>Matuti-</strong></span> 
     </span>
    </p>
   </div>
   <div class='ocr_carea' id='block_1_40' title="bbox 470 3917 3766 3996">
    <p class='ocr_par' dir='ltr' id='par_1_40' title="bbox 470 3917 3766 3996">
     <span class='ocr_line' id='line_1_40' title="bbox 470 3917 3766 3996; baseline -0.002 -17"><span class='ocrx_word' id='word_1_478' title='bbox 470 3939 593 3979; x_wconf 84' lang='lat' dir='ltr'><strong>num</strong></span> <span class='ocrx_word' id='word_1_479' title='bbox 617 3931 666 3976; x_wconf 85' lang='lat' dir='ltr'><strong>et</strong></span> <span class='ocrx_word' id='word_1_480' title='bbox 691 3923 757 3976; x_wconf 91' lang='lat' dir='ltr'><strong>ad</strong></span> <span class='ocrx_word' id='word_1_481' title='bbox 786 3924 1145 3993; x_wconf 74' lang='lat' dir='ltr'><strong>lueet-narium,</strong></span> <span class='ocrx_word' id='word_1_482' title='bbox 1175 3926 1276 3982; x_wconf 91' lang='lat' dir='ltr'><strong>hoc</strong></span> <span class='ocrx_word' id='word_1_483' title='bbox 1300 3935 1400 3989; x_wconf 90' lang='lat' dir='ltr'><strong>est,</strong></span> <span class='ocrx_word' id='word_1_484' title='bbox 1427 3927 1699 3983; x_wconf 87' lang='lat' dir='ltr'><strong>matutinis</strong></span> <span class='ocrx_word' id='word_1_485' title='bbox 1727 3941 1791 3981; x_wconf 86' lang='lat' dir='ltr'><strong>ac</strong></span> <span class='ocrx_word' id='word_1_486' title='bbox 1818 3927 2138 3996; x_wconf 74' lang='lat' dir='ltr'><strong>vespertinis</strong></span> <span class='ocrx_word' id='word_1_487' title='bbox 2174 3925 2342 3992; x_wconf 85' lang='lat' dir='ltr'><strong>horis,</strong></span> <span class='ocrx_word' id='word_1_488' title='bbox 2367 3924 2530 3980; x_wconf 89' lang='lat' dir='ltr'><strong>verba</strong></span> <span class='ocrx_word' id='word_1_489' title='bbox 2557 3923 2748 3979; x_wconf 87' lang='lat' dir='ltr'><strong>fecisse</strong></span> <span class='ocrx_word' id='word_1_490' title='bbox 2786 3937 2892 3977; x_wconf 92' lang='lat' dir='ltr'><strong>non</strong></span> <span class='ocrx_word' id='word_1_491' title='bbox 2919 3932 3220 3987; x_wconf 87' lang='lat' dir='ltr'><strong>contentus,</strong></span> <span class='ocrx_word' id='word_1_492' title='bbox 3254 3922 3306 3976; x_wconf 91' lang='lat' dir='ltr'><strong>in</strong></span> <span class='ocrx_word' id='word_1_493' title='bbox 3347 3919 3565 3974; x_wconf 80' lang='lat' dir='ltr'><strong>dissitas</strong></span> <span class='ocrx_word' id='word_1_494' title='bbox 3599 3917 3766 3973; x_wconf 86' lang='lat' dir='ltr'><strong>etiam</strong></span> 
     </span>
    </p>
   </div>
   <div class='ocr_carea' id='block_1_41' title="bbox 467 4009 3767 4087">
    <p class='ocr_par' dir='ltr' id='par_1_41' title="bbox 467 4009 3767 4087">
     <span class='ocr_line' id='line_1_41' title="bbox 467 4009 3767 4087; baseline -0.002 -16"><span class='ocrx_word' id='word_1_495' title='bbox 467 4016 717 4086; x_wconf 85' lang='lat' dir='ltr'><strong>regiones</strong></span> <span class='ocrx_word' id='word_1_496' title='bbox 757 4029 1034 4072; x_wconf 88' lang='lat' dir='ltr'><strong>sermones</strong></span> <span class='ocrx_word' id='word_1_497' title='bbox 1066 4032 1096 4071; x_wconf 89' lang='lat' dir='ltr'><strong>a</strong></span> <span class='ocrx_word' id='word_1_498' title='bbox 1137 4032 1195 4071; x_wconf 90' lang='lat' dir='ltr'><strong>se</strong></span> <span class='ocrx_word' id='word_1_499' title='bbox 1231 4025 1599 4087; x_wconf 88' lang='lat' dir='ltr'><strong>comparatos,</strong></span> <span class='ocrx_word' id='word_1_500' title='bbox 1631 4026 1687 4070; x_wconf 91' lang='lat' dir='ltr'><strong>ut</strong></span> <span class='ocrx_word' id='word_1_501' title='bbox 1726 4017 1833 4071; x_wconf 91' lang='lat' dir='ltr'><strong>illic</strong></span> <span class='ocrx_word' id='word_1_502' title='bbox 1860 4019 2233 4081; x_wconf 90' lang='lat' dir='ltr'><strong>recitarentur,</strong></span> <span class='ocrx_word' id='word_1_503' title='bbox 2273 4014 2594 4071; x_wconf 85' lang='lat' dir='ltr'><strong>deferendos</strong></span> <span class='ocrx_word' id='word_1_504' title='bbox 2624 4023 2856 4069; x_wconf 88' lang='lat' dir='ltr'><strong>curaret.</strong></span> <span class='ocrx_word' id='word_1_505' title='bbox 2886 4012 3060 4083; x_wconf 82' lang='lat' dir='ltr'><strong>Longe</strong></span> <span class='ocrx_word' id='word_1_506' title='bbox 3091 4022 3259 4078; x_wconf 71' lang='lat' dir='ltr'><strong>tamen</strong></span> <span class='ocrx_word' id='word_1_507' title='bbox 3286 4011 3482 4079; x_wconf 76' lang='lat' dir='ltr'><strong>positis,</strong></span> <span class='ocrx_word' id='word_1_508' title='bbox 3509 4009 3767 4077; x_wconf 88' lang='lat' dir='ltr'><strong>inquiunt</strong></span> 
     </span>
    </p>
   </div>
   <div class='ocr_carea' id='block_1_42' title="bbox 467 4101 3768 4178">
    <p class='ocr_par' dir='ltr' id='par_1_42' title="bbox 467 4101 3768 4178">
     <span class='ocr_line' id='line_1_42' title="bbox 467 4101 3768 4178; baseline -0.003 -16"><span class='ocrx_word' id='word_1_509' title='bbox 467 4107 606 4163; x_wconf 92' lang='lat' dir='ltr'><strong>libro</strong></span> <span class='ocrx_word' id='word_1_510' title='bbox 638 4108 664 4163; x_wconf 96' lang='grc'><strong>1</strong></span> <span class='ocrx_word' id='word_1_511' title='bbox 700 4109 866 4178; x_wconf 89' lang='lat' dir='ltr'><strong>ipsius</strong></span> <span class='ocrx_word' id='word_1_512' title='bbox 896 4108 1151 4175; x_wconf 87' lang='lat' dir='ltr'><strong>historici,</strong></span> <span class='ocrx_word' id='word_1_513' title='bbox 1181 4109 1234 4162; x_wconf 87' lang='lat' dir='ltr'><strong>in</strong></span> <span class='ocrx_word' id='word_1_514' title='bbox 1260 4107 1518 4175; x_wconf 83' lang='lat' dir='ltr'><strong>Francia,</strong></span> <span class='ocrx_word' id='word_1_515' title='bbox 1547 4110 1599 4162; x_wconf 87' lang='lat' dir='ltr'><strong>in</strong></span> <span class='ocrx_word' id='word_1_516' title='bbox 1639 4106 1843 4173; x_wconf 79' lang='lat' dir='ltr'><strong>Galliis,</strong></span> <span class='ocrx_word' id='word_1_517' title='bbox 1873 4120 2022 4176; x_wconf 84' lang='lat' dir='ltr'><strong>atque</strong></span> <span class='ocrx_word' id='word_1_518' title='bbox 2058 4110 2112 4161; x_wconf 91' lang='lat' dir='ltr'><strong>in</strong></span> <span class='ocrx_word' id='word_1_519' title='bbox 2154 4106 2311 4160; x_wconf 81' lang='lat' dir='ltr'><strong>Italia</strong></span> <span class='ocrx_word' id='word_1_520' title='bbox 2330 4147 2346 4172; x_wconf 94' lang='lat'><strong>,</strong></span> <span class='ocrx_word' id='word_1_521' title='bbox 2378 4116 2424 4160; x_wconf 88' lang='lat' dir='ltr'><strong>et</strong></span> <span class='ocrx_word' id='word_1_522' title='bbox 2450 4107 2502 4160; x_wconf 87' lang='lat' dir='ltr'><strong>in</strong></span> <span class='ocrx_word' id='word_1_523' title='bbox 2533 4105 2818 4178; x_wconf 83' lang='lat' dir='ltr'><strong>Hispania,</strong></span> <span class='ocrx_word' id='word_1_524' title='bbox 2852 4103 3154 4174; x_wconf 76' lang='lat' dir='ltr'><strong>diversisque</strong></span> <span class='ocrx_word' id='word_1_525' title='bbox 3183 4101 3451 4173; x_wconf 78' lang='lat' dir='ltr'><strong>provinciis</strong></span> <span class='ocrx_word' id='word_1_526' title='bbox 3478 4101 3768 4155; x_wconf 76' lang='lat' dir='ltr'><strong>constitutis</strong></span> 
     </span>
    </p>
   </div>
   <div class='ocr_carea' id='block_1_43' title="bbox 467 4193 3770 4272">
    <p class='ocr_par' dir='ltr' id='par_1_43' title="bbox 467 4193 3770 4272">
     <span class='ocr_line' id='line_1_43' title="bbox 467 4193 3770 4272; baseline -0.001 -19"><span class='ocrx_word' id='word_1_527' title='bbox 467 4199 746 4254; x_wconf 77' lang='lat' dir='ltr'><strong>transmisit</strong></span> <span class='ocrx_word' id='word_1_528' title='bbox 775 4216 864 4270; x_wconf 82' lang='lat' dir='ltr'><strong>per</strong></span> <span class='ocrx_word' id='word_1_529' title='bbox 885 4201 1171 4256; x_wconf 72' lang='lat' dir='ltr'><strong>sacerdote:</strong></span> <span class='ocrx_word' id='word_1_530' title='bbox 1198 4201 1322 4272; x_wconf 86' lang='lat' dir='ltr'><strong>quid</strong></span> <span class='ocrx_word' id='word_1_531' title='bbox 1351 4201 1404 4255; x_wconf 89' lang='lat' dir='ltr'><strong>in</strong></span> <span class='ocrx_word' id='word_1_532' title='bbox 1428 4199 1777 4256; x_wconf 74' lang='lat' dir='ltr'><strong>ecclesiis‘anis</strong></span> <span class='ocrx_word' id='word_1_533' title='bbox 1799 4201 2076 4271; x_wconf 63' lang='lat' dir='ltr'><strong>pradicare</strong></span> <span class='ocrx_word' id='word_1_534' title='bbox 2105 4205 2350 4272; x_wconf 82' lang='lat' dir='ltr'><strong>facerent.</strong></span> <span class='ocrx_word' id='word_1_535' title='bbox 2380 4198 2544 4255; x_wconf 87' lang='lat' dir='ltr'><strong>Iidem</strong></span> <span class='ocrx_word' id='word_1_536' title='bbox 2570 4200 2819 4255; x_wconf 89' lang='lat' dir='ltr'><strong>similiter</strong></span> <span class='ocrx_word' id='word_1_537' title='bbox 2841 4211 2939 4253; x_wconf 84' lang='lat' dir='ltr'><strong>nos</strong></span> <span class='ocrx_word' id='word_1_538' title='bbox 2963 4197 3157 4252; x_wconf 89' lang='lat' dir='ltr'><strong>docent</strong></span> <span class='ocrx_word' id='word_1_539' title='bbox 3176 4196 3298 4267; x_wconf 87' lang='lat' dir='ltr'><strong>quis</strong></span> <span class='ocrx_word' id='word_1_540' title='bbox 3324 4194 3440 4265; x_wconf 87' lang='lat' dir='ltr'><strong>ejus</strong></span> <span class='ocrx_word' id='word_1_541' title='bbox 3470 4194 3627 4249; x_wconf 82' lang='lat' dir='ltr'><strong>stilus</strong></span> <span class='ocrx_word' id='word_1_542' title='bbox 3648 4193 3770 4250; x_wconf 87' lang='lat' dir='ltr'><strong>fue-</strong></span> 
     </span>
    </p>
   </div>
   <div class='ocr_carea' id='block_1_44' title="bbox 464 4290 3767 4368">
    <p class='ocr_par' dir='ltr' id='par_1_44' title="bbox 464 4290 3767 4368">
     <span class='ocr_line' id='line_1_44' title="bbox 464 4290 3767 4368; baseline -0.002 -20"><span class='ocrx_word' id='word_1_543' title='bbox 464 4294 556 4360; x_wconf 90' lang='lat' dir='ltr'><strong>rit,</strong></span> <span class='ocrx_word' id='word_1_544' title='bbox 586 4294 725 4350; x_wconf 89' lang='lat' dir='ltr'><strong>circa</strong></span> <span class='ocrx_word' id='word_1_545' title='bbox 751 4311 909 4366; x_wconf 89' lang='lat' dir='ltr'><strong>quam</strong></span> <span class='ocrx_word' id='word_1_546' title='bbox 936 4300 1212 4353; x_wconf 85' lang='lat' dir='ltr'><strong>materiam</strong></span> <span class='ocrx_word' id='word_1_547' title='bbox 1243 4297 1576 4368; x_wconf 88' lang='lat' dir='ltr'><strong>potissimum</strong></span> <span class='ocrx_word' id='word_1_548' title='bbox 1603 4297 1721 4367; x_wconf 88' lang='lat' dir='ltr'><strong>ejus</strong></span> <span class='ocrx_word' id='word_1_549' title='bbox 1747 4298 2033 4352; x_wconf 76' lang='lat' dir='ltr'><strong>conciones</strong></span> <span class='ocrx_word' id='word_1_550' title='bbox 2058 4303 2422 4360; x_wconf 88' lang='lat' dir='ltr'><strong>versarentur,</strong></span> <span class='ocrx_word' id='word_1_551' title='bbox 2451 4309 2569 4364; x_wconf 67' lang='lat' dir='ltr'><strong>quae</strong></span> <span class='ocrx_word' id='word_1_552' title='bbox 2594 4294 2794 4349; x_wconf 88' lang='lat' dir='ltr'><strong>soleret</strong></span> <span class='ocrx_word' id='word_1_553' title='bbox 2822 4291 3072 4348; x_wconf 89' lang='lat' dir='ltr'><strong>insectari</strong></span> <span class='ocrx_word' id='word_1_554' title='bbox 3098 4290 3247 4356; x_wconf 87' lang='lat' dir='ltr'><strong>vitia,</strong></span> <span class='ocrx_word' id='word_1_555' title='bbox 3272 4297 3327 4345; x_wconf 92' lang='lat' dir='ltr'><strong>et</strong></span> <span class='ocrx_word' id='word_1_556' title='bbox 3351 4303 3484 4360; x_wconf 87' lang='lat' dir='ltr'><strong>quas</strong></span> <span class='ocrx_word' id='word_1_557' title='bbox 3512 4304 3621 4359; x_wconf 84' lang='lat' dir='ltr'><strong>prae</strong></span> <span class='ocrx_word' id='word_1_558' title='bbox 3649 4303 3767 4344; x_wconf 79' lang='lat' dir='ltr'><strong>cae-</strong></span> 
     </span>
    </p>
   </div>
   <div class='ocr_carea' id='block_1_45' title="bbox 463 4384 3765 4462">
    <p class='ocr_par' dir='ltr' id='par_1_45' title="bbox 463 4384 3765 4462">
     <span class='ocr_line' id='line_1_45' title="bbox 463 4384 3765 4462; baseline -0.003 -17"><span class='ocrx_word' id='word_1_559' title='bbox 463 4390 596 4445; x_wconf 89' lang='lat' dir='ltr'><strong>teris</strong></span> <span class='ocrx_word' id='word_1_560' title='bbox 627 4391 851 4448; x_wconf 84' lang='lat' dir='ltr'><strong>virtutes</strong></span> <span class='ocrx_word' id='word_1_561' title='bbox 872 4393 1109 4448; x_wconf 90' lang='lat' dir='ltr'><strong>inserere</strong></span> <span class='ocrx_word' id='word_1_562' title='bbox 1133 4393 1437 4448; x_wconf 89' lang='lat' dir='ltr'><strong>auditorum</strong></span> <span class='ocrx_word' id='word_1_563' title='bbox 1460 4393 1651 4447; x_wconf 90' lang='lat' dir='ltr'><strong>animis</strong></span> <span class='ocrx_word' id='word_1_564' title='bbox 1671 4393 1964 4458; x_wconf 91' lang='lat' dir='ltr'><strong>niteretur;</strong></span> <span class='ocrx_word' id='word_1_565' title='bbox 1989 4391 2054 4446; x_wconf 90' lang='lat' dir='ltr'><strong>ad</strong></span> <span class='ocrx_word' id='word_1_566' title='bbox 2077 4389 2192 4446; x_wconf 69' lang='lat' dir='ltr'><strong>htec</strong></span> <span class='ocrx_word' id='word_1_567' title='bbox 2219 4406 2324 4462; x_wconf 90' lang='lat' dir='ltr'><strong>qua</strong></span> <span class='ocrx_word' id='word_1_568' title='bbox 2344 4389 2606 4444; x_wconf 89' lang='lat' dir='ltr'><strong>charitate</strong></span> <span class='ocrx_word' id='word_1_569' title='bbox 2627 4397 2678 4443; x_wconf 87' lang='lat' dir='ltr'><strong>et</strong></span> <span class='ocrx_word' id='word_1_570' title='bbox 2708 4387 2966 4441; x_wconf 89' lang='lat' dir='ltr'><strong>industria</strong></span> <span class='ocrx_word' id='word_1_571' title='bbox 2987 4384 3184 4440; x_wconf 92' lang='lat' dir='ltr'><strong>infimis</strong></span> <span class='ocrx_word' id='word_1_572' title='bbox 3209 4397 3330 4440; x_wconf 85' lang='lat' dir='ltr'><strong>sese</strong></span> <span class='ocrx_word' id='word_1_573' title='bbox 3355 4389 3765 4452; x_wconf 86' lang='lat' dir='ltr'><strong>attemperaret,</strong></span> 
     </span>
    </p>
   </div>
   <div class='ocr_carea' id='block_1_46' title="bbox 461 4473 3770 4553">
    <p class='ocr_par' dir='ltr' id='par_1_46' title="bbox 461 4473 3770 4553">
     <span class='ocr_line' id='line_1_46' title="bbox 461 4473 3770 4553; baseline -0.003 -16"><span class='ocrx_word' id='word_1_574' title='bbox 461 4496 755 4552; x_wconf 90' lang='lat' dir='ltr'><strong>eorumque</strong></span> <span class='ocrx_word' id='word_1_575' title='bbox 780 4485 948 4553; x_wconf 83' lang='lat' dir='ltr'><strong>gratia</strong></span> <span class='ocrx_word' id='word_1_576' title='bbox 973 4483 1258 4539; x_wconf 88' lang='lat' dir='ltr'><strong>familiares</strong></span> <span class='ocrx_word' id='word_1_577' title='bbox 1281 4499 1349 4539; x_wconf 79' lang='lat' dir='ltr'><strong>ex</strong></span> <span class='ocrx_word' id='word_1_578' title='bbox 1376 4482 1538 4538; x_wconf 88' lang='lat' dir='ltr'><strong>rebus</strong></span> <span class='ocrx_word' id='word_1_579' title='bbox 1570 4481 2268 4551; x_wconf 80' lang='lat' dir='ltr'><strong>omnibus‘comparationcs</strong></span> <span class='ocrx_word' id='word_1_580' title='bbox 2288 4479 2616 4536; x_wconf 88' lang='lat' dir='ltr'><strong>desumeret.</strong></span> <span class='ocrx_word' id='word_1_581' title='bbox 2652 4476 2888 4543; x_wconf 85' lang='lat' dir='ltr'><strong>Tantam,</strong></span> <span class='ocrx_word' id='word_1_582' title='bbox 2918 4475 3183 4546; x_wconf 84' lang='lat' dir='ltr'><strong>inquiunt,</strong></span> <span class='ocrx_word' id='word_1_583' title='bbox 3207 4474 3255 4528; x_wconf 81' lang='lat' dir='ltr'><strong>ei</strong></span> <span class='ocrx_word' id='word_1_584' title='bbox 3286 4473 3421 4528; x_wconf 77' lang='lat' dir='ltr'><strong>Dens</strong></span> <span class='ocrx_word' id='word_1_585' title='bbox 3447 4473 3660 4544; x_wconf 79' lang='lat' dir='ltr'><strong>gratiam</strong></span> <span class='ocrx_word' id='word_1_586' title='bbox 3701 4473 3770 4528; x_wconf 71' lang='lat' dir='ltr'><strong>de</strong></span> 
     </span>
    </p>
   </div>
   <div class='ocr_carea' id='block_1_47' title="bbox 460 4567 3772 4648">
    <p class='ocr_par' dir='ltr' id='par_1_47' title="bbox 460 4567 3772 4648">
     <span class='ocr_line' id='line_1_47' title="bbox 460 4567 3772 4648; baseline -0.003 -20"><span class='ocrx_word' id='word_1_587' title='bbox 460 4591 516 4629; x_wconf 78' lang='lat' dir='ltr'><strong>se</strong></span> <span class='ocrx_word' id='word_1_588' title='bbox 539 4574 737 4629; x_wconf 79' lang='lat' dir='ltr'><strong>dicendi</strong></span> <span class='ocrx_word' id='word_1_589' title='bbox 762 4575 920 4642; x_wconf 83' lang='lat' dir='ltr'><strong>dedit,</strong></span> <span class='ocrx_word' id='word_1_590' title='bbox 951 4586 1003 4630; x_wconf 86' lang='lat' dir='ltr'><strong>ul</strong></span> <span class='ocrx_word' id='word_1_591' title='bbox 1027 4576 1272 4647; x_wconf 81' lang='lat' dir='ltr'><strong>quidquid</strong></span> <span class='ocrx_word' id='word_1_592' title='bbox 1289 4576 1448 4631; x_wconf 74' lang='lat' dir='ltr'><strong>oculis</strong></span> <span class='ocrx_word' id='word_1_593' title='bbox 1475 4577 1642 4630; x_wconf 73' lang='lat' dir='ltr'><strong>videre</strong></span> <span class='ocrx_word' id='word_1_594' title='bbox 1669 4575 1926 4648; x_wconf 77' lang='lat' dir='ltr'><strong>potuisset,</strong></span> <span class='ocrx_word' id='word_1_595' title='bbox 1953 4575 2021 4628; x_wconf 86' lang='lat' dir='ltr'><strong>ad</strong></span> <span class='ocrx_word' id='word_1_596' title='bbox 2040 4574 2428 4644; x_wconf 65' lang='lat' dir='ltr'><strong>ludificationem</strong></span> <span class='ocrx_word' id='word_1_597' title='bbox 2448 4571 2761 4626; x_wconf 80' lang='lat' dir='ltr'><strong>audientium</strong></span> <span class='ocrx_word' id='word_1_598' title='bbox 2787 4586 2879 4642; x_wconf 84' lang='lat' dir='ltr'><strong>pro</strong></span> <span class='ocrx_word' id='word_1_599' title='bbox 2904 4568 3249 4624; x_wconf 71' lang='lat' dir='ltr'><strong>similitudinis</strong></span> <span class='ocrx_word' id='word_1_600' title='bbox 3278 4567 3619 4621; x_wconf 77' lang='lat' dir='ltr'><strong>consolatione</strong></span> <span class='ocrx_word' id='word_1_601' title='bbox 3639 4579 3772 4635; x_wconf 76' lang='lat' dir='ltr'><strong>pro-</strong></span> 
     </span>
    </p>
   </div>
   <div class='ocr_carea' id='block_1_48' title="bbox 460 4661 3770 4738">
    <p class='ocr_par' dir='ltr' id='par_1_48' title="bbox 460 4661 3770 4738">
     <span class='ocr_line' id='line_1_48' title="bbox 460 4661 3770 4738; baseline -0.002 -19"><span class='ocrx_word' id='word_1_602' title='bbox 460 4676 686 4735; x_wconf 82' lang='lat' dir='ltr'><strong>poneret.</strong></span> <span class='ocrx_word' id='word_1_603' title='bbox 717 4667 953 4738; x_wconf 90' lang='lat' dir='ltr'><strong>Denique</strong></span> <span class='ocrx_word' id='word_1_604' title='bbox 985 4669 1291 4738; x_wconf 60' lang='lat' dir='ltr'><strong>praeclaram</strong></span> <span class='ocrx_word' id='word_1_605' title='bbox 1324 4669 1478 4724; x_wconf 87' lang='lat' dir='ltr'><strong>istam</strong></span> <span class='ocrx_word' id='word_1_606' title='bbox 1503 4669 1822 4726; x_wconf 87' lang='lat' dir='ltr'><strong>sententiam</strong></span> <span class='ocrx_word' id='word_1_607' title='bbox 1849 4667 2066 4724; x_wconf 89' lang='lat' dir='ltr'><strong>solitum</strong></span> <span class='ocrx_word' id='word_1_608' title='bbox 2088 4681 2211 4724; x_wconf 86' lang='lat' dir='ltr'><strong>esse</strong></span> <span class='ocrx_word' id='word_1_609' title='bbox 2237 4667 2417 4723; x_wconf 86' lang='lat' dir='ltr'><strong>dicere</strong></span> <span class='ocrx_word' id='word_1_610' title='bbox 2443 4671 2906 4722; x_wconf 87' lang='lat' dir='ltr'><strong>commemorant:</strong></span> <span class='ocrx_word' id='word_1_611' title='bbox 2936 4661 3192 4719; x_wconf 70' lang='lat' dir='ltr'><strong>Nonnulli</strong></span> <span class='ocrx_word' id='word_1_612' title='bbox 3210 4661 3539 4718; x_wconf 74' lang='lat' dir='ltr'><strong>rusticitatem</strong></span> <span class='ocrx_word' id='word_1_613' title='bbox 3565 4673 3770 4715; x_wconf 69' lang='lat' dir='ltr'><strong>cenno-</strong></span> 
     </span>
    </p>
   </div>
   <div class='ocr_carea' id='block_1_49' title="bbox 459 4762 1626 4826">
    <p class='ocr_par' dir='ltr' id='par_1_49' title="bbox 459 4762 1626 4826">
     <span class='ocr_line' id='line_1_49' title="bbox 459 4762 1626 4826; baseline 0.003 -13"><span class='ocrx_word' id='word_1_614' title='bbox 459 4775 581 4814; x_wconf 73' lang='lat' dir='ltr'><strong>num</strong></span> <span class='ocrx_word' id='word_1_615' title='bbox 603 4762 782 4826; x_wconf 74' lang='lat' dir='ltr'><strong>vitant,</strong></span> <span class='ocrx_word' id='word_1_616' title='bbox 809 4770 857 4815; x_wconf 79' lang='lat' dir='ltr'><strong>et</strong></span> <span class='ocrx_word' id='word_1_617' title='bbox 877 4778 907 4814; x_wconf 92' lang='lat' dir='ltr'><strong>a</strong></span> <span class='ocrx_word' id='word_1_618' title='bbox 936 4762 1051 4816; x_wconf 71' lang='lat' dir='ltr'><strong>vita:</strong></span> <span class='ocrx_word' id='word_1_619' title='bbox 1074 4763 1204 4818; x_wconf 75' lang='lat' dir='ltr'><strong>vitiis</strong></span> <span class='ocrx_word' id='word_1_620' title='bbox 1225 4778 1325 4816; x_wconf 87' lang='lat' dir='ltr'><strong>non</strong></span> <span class='ocrx_word' id='word_1_621' title='bbox 1352 4762 1626 4817; x_wconf 78' lang='lat' dir='ltr'><strong>declinant.</strong></span> 
     </span>
    </p>
   </div>
   <div class='ocr_carea' id='block_1_50' title="bbox 530 4839 3769 4923">
    <p class='ocr_par' dir='ltr' id='par_1_50' title="bbox 530 4839 3769 4923">
     <span class='ocr_line' id='line_1_50' title="bbox 530 4839 3769 4923; baseline -0.002 -18"><span class='ocrx_word' id='word_1_622' title='bbox 530 4850 670 4908; x_wconf 89' lang='lat' dir='ltr'><strong>lluic</strong></span> <span class='ocrx_word' id='word_1_623' title='bbox 696 4853 857 4923; x_wconf 89' lang='lat' dir='ltr'><strong>igitur</strong></span> <span class='ocrx_word' id='word_1_624' title='bbox 886 4853 1156 4923; x_wconf 87' lang='lat' dir='ltr'><strong>ingentem</strong></span> <span class='ocrx_word' id='word_1_625' title='bbox 1186 4869 1491 4909; x_wconf 85' lang='lat' dir='ltr'><strong>sermonum</strong></span> <span class='ocrx_word' id='word_1_626' title='bbox 1524 4839 2182 4920; x_wconf 39' lang='lat' dir='ltr'><strong>numerum&#39;restituimus,</strong></span> <span class='ocrx_word' id='word_1_627' title='bbox 2213 4851 2405 4923; x_wconf 89' lang='lat' dir='ltr'><strong>partim</strong></span> <span class='ocrx_word' id='word_1_628' title='bbox 2436 4850 2922 4920; x_wconf 87' lang='lat' dir='ltr'><strong>manuscriptorum</strong></span> <span class='ocrx_word' id='word_1_629' title='bbox 2950 4847 3233 4912; x_wconf 88' lang='lat' dir='ltr'><strong>librorum,</strong></span> <span class='ocrx_word' id='word_1_630' title='bbox 3258 4844 3316 4899; x_wconf 88' lang='lat' dir='ltr'><strong>in</strong></span> <span class='ocrx_word' id='word_1_631' title='bbox 3340 4839 3535 4914; x_wconf 87' lang='lat' dir='ltr'><strong>quibus</strong></span> <span class='ocrx_word' id='word_1_632' title='bbox 3558 4853 3769 4899; x_wconf 81' lang='lat' dir='ltr'><strong>nomen</strong></span> 
     </span>
    </p>
   </div>
   <div class='ocr_carea' id='block_1_51' title="bbox 459 4935 3808 5020">
    <p class='ocr_par' dir='ltr' id='par_1_51' title="bbox 459 4935 3808 5020">
     <span class='ocr_line' id='line_1_51' title="bbox 459 4935 3808 5020; baseline -0.002 -20"><span class='ocrx_word' id='word_1_633' title='bbox 459 4945 628 5015; x_wconf 88' lang='lat' dir='ltr'><strong>ipsius</strong></span> <span class='ocrx_word' id='word_1_634' title='bbox 654 4948 1038 5019; x_wconf 69' lang='lat' dir='ltr'><strong>praeferebatur</strong></span> <span class='ocrx_word' id='word_1_635' title='bbox 1058 4991 1074 5018; x_wconf 94' lang='lat'><strong>,</strong></span> <span class='ocrx_word' id='word_1_636' title='bbox 1101 4949 1452 5012; x_wconf 90' lang='lat' dir='ltr'><strong>auctoritate;</strong></span> <span class='ocrx_word' id='word_1_637' title='bbox 1482 4949 1672 5019; x_wconf 90' lang='lat' dir='ltr'><strong>partim</strong></span> <span class='ocrx_word' id='word_1_638' title='bbox 1701 4948 1882 5003; x_wconf 89' lang='lat' dir='ltr'><strong>multis</strong></span> <span class='ocrx_word' id='word_1_639' title='bbox 1909 4947 2098 5002; x_wconf 89' lang='lat' dir='ltr'><strong>solidis</strong></span> <span class='ocrx_word' id='word_1_640' title='bbox 2124 4961 2186 5002; x_wconf 86' lang='lat' dir='ltr'><strong>ac</strong></span> <span class='ocrx_word' id='word_1_641' title='bbox 2225 4945 2391 5002; x_wconf 84' lang='lat' dir='ltr'><strong>firmis</strong></span> <span class='ocrx_word' id='word_1_642' title='bbox 2418 4945 2767 5017; x_wconf 86' lang='lat' dir='ltr'><strong>argumentis,</strong></span> <span class='ocrx_word' id='word_1_643' title='bbox 2799 4958 2917 5013; x_wconf 75' lang='lat' dir='ltr'><strong>qua:</strong></span> <span class='ocrx_word' id='word_1_644' title='bbox 2939 4956 3007 4997; x_wconf 83' lang='lat' dir='ltr'><strong>ex</strong></span> <span class='ocrx_word' id='word_1_645' title='bbox 3032 4940 3149 5010; x_wconf 89' lang='lat' dir='ltr'><strong>ejus</strong></span> <span class='ocrx_word' id='word_1_646' title='bbox 3166 4937 3292 4993; x_wconf 87' lang='lat' dir='ltr'><strong>stilo</strong></span> <span class='ocrx_word' id='word_1_647' title='bbox 3319 4936 3608 4992; x_wconf 87' lang='lat' dir='ltr'><strong>admodum</strong></span> <span class='ocrx_word' id='word_1_648' title='bbox 3635 4935 3768 4992; x_wconf 86' lang='lat' dir='ltr'><strong>sin-</strong></span> <span class='ocrx_word' id='word_1_649' title='bbox 3799 4983 3808 5020; x_wconf 54' lang='grc' dir='ltr'>ι</span> 
     </span>
    </p>
   </div>
   <div class='ocr_carea' id='block_1_52' title="bbox 457 5029 3765 5114">
    <p class='ocr_par' dir='ltr' id='par_1_52' title="bbox 457 5029 3765 5114">
     <span class='ocr_line' id='line_1_52' title="bbox 457 5029 3765 5114; baseline -0.002 -22"><span class='ocrx_word' id='word_1_650' title='bbox 457 5039 628 5108; x_wconf 88' lang='lat' dir='ltr'><strong>gulari</strong></span> <span class='ocrx_word' id='word_1_651' title='bbox 653 5050 814 5113; x_wconf 90' lang='lat' dir='ltr'><strong>atque</strong></span> <span class='ocrx_word' id='word_1_652' title='bbox 839 5042 904 5098; x_wconf 89' lang='lat' dir='ltr'><strong>ad</strong></span> <span class='ocrx_word' id='word_1_653' title='bbox 933 5043 1326 5114; x_wconf 84' lang='lat' dir='ltr'><strong>agnoscendum</strong></span> <span class='ocrx_word' id='word_1_654' title='bbox 1355 5041 1517 5106; x_wconf 88' lang='lat' dir='ltr'><strong>facili,</strong></span> <span class='ocrx_word' id='word_1_655' title='bbox 1546 5057 1577 5097; x_wconf 90' lang='lat' dir='ltr'><strong>e</strong></span> <span class='ocrx_word' id='word_1_656' title='bbox 1597 5041 1860 5107; x_wconf 76' lang='lat' dir='ltr'><strong>doctrina,</strong></span> <span class='ocrx_word' id='word_1_657' title='bbox 1883 5040 2094 5098; x_wconf 91' lang='lat' dir='ltr'><strong>dicendi</strong></span> <span class='ocrx_word' id='word_1_658' title='bbox 2122 5039 2386 5106; x_wconf 82' lang='lat' dir='ltr'><strong>formulis,</strong></span> <span class='ocrx_word' id='word_1_659' title='bbox 2419 5039 2628 5095; x_wconf 87' lang='lat' dir='ltr'><strong>usitatis</strong></span> <span class='ocrx_word' id='word_1_660' title='bbox 2651 5034 3190 5100; x_wconf 85' lang='lat' dir='ltr'><strong>considerationibus,</strong></span> <span class='ocrx_word' id='word_1_661' title='bbox 3217 5031 3472 5098; x_wconf 81' lang='lat' dir='ltr'><strong>exordiis,</strong></span> <span class='ocrx_word' id='word_1_662' title='bbox 3499 5029 3765 5089; x_wconf 79' lang='lat' dir='ltr'><strong>clausulis</strong></span> 
     </span>
    </p>
   </div>
   <div class='ocr_carea' id='block_1_53' title="bbox 457 5124 3765 5209">
    <p class='ocr_par' dir='ltr' id='par_1_53' title="bbox 457 5124 3765 5209">
     <span class='ocr_line' id='line_1_53' title="bbox 457 5124 3765 5209; baseline -0.002 -21"><span class='ocrx_word' id='word_1_663' title='bbox 457 5147 523 5189; x_wconf 90' lang='lat' dir='ltr'><strong>ac</strong></span> <span class='ocrx_word' id='word_1_664' title='bbox 545 5137 1070 5206; x_wconf 89' lang='lat' dir='ltr'><strong>recapitulationibus</strong></span> <span class='ocrx_word' id='word_1_665' title='bbox 1096 5138 1195 5208; x_wconf 83' lang='lat' dir='ltr'><strong>ipsi</strong></span> <span class='ocrx_word' id='word_1_666' title='bbox 1215 5137 1467 5209; x_wconf 89' lang='lat' dir='ltr'><strong>propriis,</strong></span> <span class='ocrx_word' id='word_1_667' title='bbox 1497 5136 1850 5208; x_wconf 81' lang='lat' dir='ltr'><strong>singularibus</strong></span> <span class='ocrx_word' id='word_1_668' title='bbox 1873 5136 2049 5204; x_wconf 88' lang='lat' dir='ltr'><strong>factis,</strong></span> <span class='ocrx_word' id='word_1_669' title='bbox 2073 5135 2337 5206; x_wconf 88' lang='lat' dir='ltr'><strong>adjunctis</strong></span> <span class='ocrx_word' id='word_1_670' title='bbox 2357 5147 2728 5205; x_wconf 89' lang='lat' dir='ltr'><strong>personarum,</strong></span> <span class='ocrx_word' id='word_1_671' title='bbox 2753 5139 3076 5200; x_wconf 91' lang='lat' dir='ltr'><strong>temporum,</strong></span> <span class='ocrx_word' id='word_1_672' title='bbox 3099 5127 3365 5192; x_wconf 91' lang='lat' dir='ltr'><strong>locorum,</strong></span> <span class='ocrx_word' id='word_1_673' title='bbox 3391 5137 3512 5196; x_wconf 66' lang='lat' dir='ltr'><strong>quae</strong></span> <span class='ocrx_word' id='word_1_674' title='bbox 3549 5124 3765 5183; x_wconf 86' lang='lat' dir='ltr'><strong>nemini</strong></span> 
     </span>
    </p>
   </div>
   <div class='ocr_carea' id='block_1_54' title="bbox 462 5220 3762 5303">
    <p class='ocr_par' dir='ltr' id='par_1_54' title="bbox 462 5220 3762 5303">
     <span class='ocr_line' id='line_1_54' title="bbox 462 5220 3762 5303; baseline -0.002 -23"><span class='ocrx_word' id='word_1_675' title='bbox 462 5227 564 5282; x_wconf 85' lang='lat' dir='ltr'><strong>nisi</strong></span> <span class='ocrx_word' id='word_1_676' title='bbox 591 5229 764 5285; x_wconf 90' lang='lat' dir='ltr'><strong>eidem</strong></span> <span class='ocrx_word' id='word_1_677' title='bbox 791 5241 913 5301; x_wconf 89' lang='lat' dir='ltr'><strong>apte</strong></span> <span class='ocrx_word' id='word_1_678' title='bbox 935 5235 1291 5298; x_wconf 88' lang='lat' dir='ltr'><strong>conveniunt,</strong></span> <span class='ocrx_word' id='word_1_679' title='bbox 1322 5233 1482 5303; x_wconf 90' lang='lat' dir='ltr'><strong>petita</strong></span> <span class='ocrx_word' id='word_1_680' title='bbox 1524 5241 1665 5286; x_wconf 89' lang='lat' dir='ltr'><strong>sunt.</strong></span> <span class='ocrx_word' id='word_1_681' title='bbox 1697 5229 2000 5285; x_wconf 89' lang='lat' dir='ltr'><strong>Omittimus</strong></span> <span class='ocrx_word' id='word_1_682' title='bbox 2030 5229 2118 5284; x_wconf 87' lang='lat' dir='ltr'><strong>hic</strong></span> <span class='ocrx_word' id='word_1_683' title='bbox 2147 5229 2388 5298; x_wconf 86' lang='lat' dir='ltr'><strong>ejusdem</strong></span> <span class='ocrx_word' id='word_1_684' title='bbox 2414 5228 2647 5299; x_wconf 72' lang='lat' dir='ltr'><strong>Regulae</strong></span> <span class='ocrx_word' id='word_1_685' title='bbox 2668 5225 2733 5281; x_wconf 89' lang='lat' dir='ltr'><strong>ad</strong></span> <span class='ocrx_word' id='word_1_686' title='bbox 2759 5223 3028 5295; x_wconf 81' lang='lat' dir='ltr'><strong>Virgines,</strong></span> <span class='ocrx_word' id='word_1_687' title='bbox 3053 5223 3107 5277; x_wconf 91' lang='lat' dir='ltr'><strong>in</strong></span> <span class='ocrx_word' id='word_1_688' title='bbox 3134 5221 3329 5292; x_wconf 90' lang='lat' dir='ltr'><strong>quibus</strong></span> <span class='ocrx_word' id='word_1_689' title='bbox 3353 5235 3460 5276; x_wconf 90' lang='lat' dir='ltr'><strong>non</strong></span> <span class='ocrx_word' id='word_1_690' title='bbox 3489 5233 3614 5274; x_wconf 87' lang='lat' dir='ltr'><strong>raro</strong></span> <span class='ocrx_word' id='word_1_691' title='bbox 3639 5220 3762 5291; x_wconf 80' lang='lat' dir='ltr'><strong>ipsa</strong></span> 
     </span>
    </p>
   </div>
   <div class='ocr_carea' id='block_1_55' title="bbox 459 5312 3763 5394">
    <p class='ocr_par' dir='ltr' id='par_1_55' title="bbox 459 5312 3763 5394">
     <span class='ocr_line' id='line_1_55' title="bbox 459 5312 3763 5394; baseline -0.001 -20"><span class='ocrx_word' id='word_1_692' title='bbox 459 5320 644 5389; x_wconf 85' lang='lat' dir='ltr'><strong>verba,</strong></span> <span class='ocrx_word' id='word_1_693' title='bbox 663 5336 782 5392; x_wconf 81' lang='lat' dir='ltr'><strong>quae</strong></span> <span class='ocrx_word' id='word_1_694' title='bbox 809 5324 860 5378; x_wconf 91' lang='lat' dir='ltr'><strong>in</strong></span> <span class='ocrx_word' id='word_1_695' title='bbox 887 5324 1252 5390; x_wconf 70' lang='lat' dir='ltr'><strong>Sermonilius,</strong></span> <span class='ocrx_word' id='word_1_696' title='bbox 1282 5325 1620 5394; x_wconf 89' lang='lat' dir='ltr'><strong>reperiuntur</strong></span> <span class='ocrx_word' id='word_1_697' title='bbox 1647 5341 1660 5377; x_wconf 90' lang='lat'><strong>:</strong></span> <span class='ocrx_word' id='word_1_698' title='bbox 1688 5324 1915 5393; x_wconf 80' lang='lat' dir='ltr'><strong>exempli</strong></span> <span class='ocrx_word' id='word_1_699' title='bbox 1943 5338 2101 5378; x_wconf 84' lang='lat' dir='ltr'><strong>causa</strong></span> <span class='ocrx_word' id='word_1_700' title='bbox 2131 5324 2182 5377; x_wconf 92' lang='lat' dir='ltr'><strong>in</strong></span> <span class='ocrx_word' id='word_1_701' title='bbox 2209 5338 2390 5378; x_wconf 85' lang='lat' dir='ltr'><strong>earum</strong></span> <span class='ocrx_word' id='word_1_702' title='bbox 2426 5322 2602 5390; x_wconf 86' lang='lat' dir='ltr'><strong>capite</strong></span> <span class='ocrx_word' id='word_1_703' title='bbox 2626 5320 2715 5387; x_wconf 80' lang='grc'>50,</span> <span class='ocrx_word' id='word_1_704' title='bbox 2739 5317 2959 5390; x_wconf 90' lang='lat' dir='ltr'><strong>perinde</strong></span> <span class='ocrx_word' id='word_1_705' title='bbox 2984 5331 3047 5372; x_wconf 91' lang='lat' dir='ltr'><strong>ac</strong></span> <span class='ocrx_word' id='word_1_706' title='bbox 3072 5317 3124 5370; x_wconf 91' lang='lat' dir='ltr'><strong>in</strong></span> <span class='ocrx_word' id='word_1_707' title='bbox 3143 5314 3404 5370; x_wconf 87' lang='lat' dir='ltr'><strong>Sermone</strong></span> <span class='ocrx_word' id='word_1_708' title='bbox 3429 5312 3763 5382; x_wconf 77' lang='lat' dir='ltr'><strong>Appendicis</strong></span> 
     </span>
    </p>
   </div>
   <div class='ocr_carea' id='block_1_56' title="bbox 457 5405 2037 5489">
    <p class='ocr_par' dir='ltr' id='par_1_56' title="bbox 457 5411 2037 5489">
     <span class='ocr_line' id='line_1_56' title="bbox 457 5411 2037 5489; baseline 0.004 -23"><span class='ocrx_word' id='word_1_709' title='bbox 457 5411 583 5477; x_wconf 77' lang='grc'><strong>141,</strong></span> <span class='ocrx_word' id='word_1_710' title='bbox 616 5431 672 5468; x_wconf 91' lang='lat' dir='ltr'><strong>n.</strong></span> <span class='ocrx_word' id='word_1_711' title='bbox 693 5415 758 5479; x_wconf 90' lang='grc'>2;</span> <span class='ocrx_word' id='word_1_712' title='bbox 780 5417 914 5480; x_wconf 80' lang='grc'>270,</span> <span class='ocrx_word' id='word_1_713' title='bbox 942 5433 995 5470; x_wconf 92' lang='lat' dir='ltr'><strong>n.</strong></span> <span class='ocrx_word' id='word_1_714' title='bbox 1018 5419 1072 5482; x_wconf 79' lang='lat'><strong>5,</strong></span> <span class='ocrx_word' id='word_1_715' title='bbox 1097 5427 1150 5472; x_wconf 90' lang='lat' dir='ltr'><strong>et</strong></span> <span class='ocrx_word' id='word_1_716' title='bbox 1175 5417 1389 5484; x_wconf 75' lang='grc' dir='ltr'><strong>275,ιη.</strong></span> <span class='ocrx_word' id='word_1_717' title='bbox 1420 5419 1472 5485; x_wconf 90' lang='grc'>1,</span> <span class='ocrx_word' id='word_1_718' title='bbox 1507 5432 1611 5472; x_wconf 80' lang='lat' dir='ltr'><strong>vox</strong></span> <span class='ocrx_word' id='word_1_719' title='bbox 1641 5417 1844 5471; x_wconf 77' lang='lat' dir='ltr'><strong>Canam</strong></span> <span class='ocrx_word' id='word_1_720' title='bbox 1865 5432 1961 5489; x_wconf 89' lang='lat' dir='ltr'><strong>pro</strong></span> <span class='ocrx_word' id='word_1_721' title='bbox 1989 5433 2037 5473; x_wconf 70' lang='lat' dir='ltr'><strong>cr</strong></span> 
     </span>
    </p>
   </div>
   <div class='ocr_carea' id='block_1_57' title="bbox 2181 5405 3761 5489">
    <p class='ocr_par' dir='ltr' id='par_1_57' title="bbox 2186 5405 3761 5483">
     <span class='ocr_line' id='line_1_57' title="bbox 2186 5405 3761 5483; baseline -0.006 -12"><span class='ocrx_word' id='word_1_722' title='bbox 2186 5417 2350 5471; x_wconf 88' lang='lat' dir='ltr'><strong>inaria</strong></span> <span class='ocrx_word' id='word_1_723' title='bbox 2378 5423 2695 5483; x_wconf 86' lang='lat' dir='ltr'><strong>usurpatur;</strong></span> <span class='ocrx_word' id='word_1_724' title='bbox 2727 5421 2783 5468; x_wconf 91' lang='lat' dir='ltr'><strong>et</strong></span> <span class='ocrx_word' id='word_1_725' title='bbox 2811 5411 3123 5469; x_wconf 86' lang='lat' dir='ltr'><strong>earumdem</strong></span> <span class='ocrx_word' id='word_1_726' title='bbox 3153 5410 3326 5480; x_wconf 89' lang='lat' dir='ltr'><strong>capite</strong></span> <span class='ocrx_word' id='word_1_727' title='bbox 3348 5406 3440 5474; x_wconf 87' lang='grc'><strong>28,</strong></span> <span class='ocrx_word' id='word_1_728' title='bbox 3467 5405 3761 5462; x_wconf 72' lang='lat' dir='ltr'><strong>Canaoaria</strong></span> 
     </span>
    </p>
   </div>
   <div class='ocr_carea' id='block_1_58' title="bbox 455 5503 3756 5580">
    <p class='ocr_par' dir='ltr' id='par_1_58' title="bbox 455 5503 3756 5580">
     <span class='ocr_line' id='line_1_58' title="bbox 455 5503 3756 5580; baseline -0.001 -22"><span class='ocrx_word' id='word_1_729' title='bbox 455 5519 574 5560; x_wconf 86' lang='lat' dir='ltr'><strong>eam</strong></span> <span class='ocrx_word' id='word_1_730' title='bbox 609 5507 695 5562; x_wconf 90' lang='lat' dir='ltr'><strong>cui</strong></span> <span class='ocrx_word' id='word_1_731' title='bbox 721 5508 873 5578; x_wconf 86' lang='lat' dir='ltr'><strong>hujus</strong></span> <span class='ocrx_word' id='word_1_732' title='bbox 903 5509 1070 5580; x_wconf 65' lang='lat' dir='ltr'><strong>ipsius</strong></span> <span class='ocrx_word' id='word_1_733' title='bbox 1095 5511 1243 5564; x_wconf 65' lang='lat' dir='ltr'><strong>cella:</strong></span> <span class='ocrx_word' id='word_1_734' title='bbox 1275 5527 1403 5564; x_wconf 86' lang='lat' dir='ltr'><strong>cura</strong></span> <span class='ocrx_word' id='word_1_735' title='bbox 1425 5509 1742 5564; x_wconf 82' lang='lat' dir='ltr'><strong>demandata</strong></span> <span class='ocrx_word' id='word_1_736' title='bbox 1772 5519 1874 5577; x_wconf 90' lang='lat' dir='ltr'><strong>est,</strong></span> <span class='ocrx_word' id='word_1_737' title='bbox 1897 5511 2178 5580; x_wconf 82' lang='lat' dir='ltr'><strong>significat.</strong></span> <span class='ocrx_word' id='word_1_738' title='bbox 2213 5509 2409 5563; x_wconf 82' lang='lat' dir='ltr'><strong>Verum</strong></span> <span class='ocrx_word' id='word_1_739' title='bbox 2453 5507 2582 5562; x_wconf 89' lang='lat' dir='ltr'><strong>illud</strong></span> <span class='ocrx_word' id='word_1_740' title='bbox 2608 5509 2890 5578; x_wconf 69' lang='lat' dir='ltr'><strong>praeterire</strong></span> <span class='ocrx_word' id='word_1_741' title='bbox 2916 5519 3248 5574; x_wconf 87' lang='lat' dir='ltr'><strong>nequaquam</strong></span> <span class='ocrx_word' id='word_1_742' title='bbox 3277 5515 3577 5571; x_wconf 86' lang='lat' dir='ltr'><strong>possumus,</strong></span> <span class='ocrx_word' id='word_1_743' title='bbox 3603 5503 3756 5570; x_wconf 88' lang='lat' dir='ltr'><strong>quod</strong></span> 
     </span>
    </p>
   </div>
   <div class='ocr_carea' id='block_1_59' title="bbox 453 5597 3759 5675">
    <p class='ocr_par' dir='ltr' id='par_1_59' title="bbox 453 5597 3759 5675">
     <span class='ocr_line' id='line_1_59' title="bbox 453 5597 3759 5675; baseline 0 -23"><span class='ocrx_word' id='word_1_744' title='bbox 453 5613 618 5654; x_wconf 88' lang='lat' dir='ltr'><strong>unum</strong></span> <span class='ocrx_word' id='word_1_745' title='bbox 647 5602 712 5657; x_wconf 90' lang='lat' dir='ltr'><strong>ad</strong></span> <span class='ocrx_word' id='word_1_746' title='bbox 748 5618 1026 5658; x_wconf 80' lang='lat' dir='ltr'><strong>sermones</strong></span> <span class='ocrx_word' id='word_1_747' title='bbox 1055 5606 1171 5659; x_wconf 87' lang='lat' dir='ltr'><strong>illos</strong></span> <span class='ocrx_word' id='word_1_748' title='bbox 1201 5605 1429 5660; x_wconf 80' lang='lat' dir='ltr'><strong>Caesarie</strong></span> <span class='ocrx_word' id='word_1_749' title='bbox 1464 5607 1824 5662; x_wconf 78' lang='lat' dir='ltr'><strong>restituendos</strong></span> <span class='ocrx_word' id='word_1_750' title='bbox 1853 5607 2141 5672; x_wconf 77' lang='lat' dir='ltr'><strong>sufficeret,</strong></span> <span class='ocrx_word' id='word_1_751' title='bbox 2169 5621 2355 5660; x_wconf 83' lang='lat' dir='ltr'><strong>eorum</strong></span> <span class='ocrx_word' id='word_1_752' title='bbox 2393 5606 2643 5662; x_wconf 84' lang='lat' dir='ltr'><strong>videlicet</strong></span> <span class='ocrx_word' id='word_1_753' title='bbox 2669 5622 2789 5660; x_wconf 90' lang='lat' dir='ltr'><strong>cum</strong></span> <span class='ocrx_word' id='word_1_754' title='bbox 2821 5604 3076 5675; x_wconf 90' lang='lat' dir='ltr'><strong>Synodis,</strong></span> <span class='ocrx_word' id='word_1_755' title='bbox 3107 5602 3302 5674; x_wconf 88' lang='lat' dir='ltr'><strong>quibus</strong></span> <span class='ocrx_word' id='word_1_756' title='bbox 3325 5600 3420 5654; x_wconf 87' lang='lat' dir='ltr'><strong>abs</strong></span> <span class='ocrx_word' id='word_1_757' title='bbox 3455 5614 3514 5654; x_wconf 89' lang='lat' dir='ltr'><strong>se</strong></span> <span class='ocrx_word' id='word_1_758' title='bbox 3549 5597 3759 5652; x_wconf 87' lang='lat' dir='ltr'><strong>coactis</strong></span> 
     </span>
    </p>
   </div>
   <div class='ocr_carea' id='block_1_60' title="bbox 453 5691 3759 5772">
    <p class='ocr_par' dir='ltr' id='par_1_60' title="bbox 453 5691 3759 5772">
     <span class='ocr_line' id='line_1_60' title="bbox 453 5691 3759 5772; baseline -0.001 -25"><span class='ocrx_word' id='word_1_759' title='bbox 453 5695 684 5763; x_wconf 81' lang='lat' dir='ltr'><strong>praefuit,</strong></span> <span class='ocrx_word' id='word_1_760' title='bbox 712 5700 979 5768; x_wconf 87' lang='lat' dir='ltr'><strong>cognatio,</strong></span> <span class='ocrx_word' id='word_1_761' title='bbox 1005 5715 1208 5754; x_wconf 87' lang='lat' dir='ltr'><strong>necnon</strong></span> <span class='ocrx_word' id='word_1_762' title='bbox 1239 5701 1292 5754; x_wconf 91' lang='lat' dir='ltr'><strong>in</strong></span> <span class='ocrx_word' id='word_1_763' title='bbox 1322 5702 1464 5770; x_wconf 88' lang='lat' dir='ltr'><strong>stilo,</strong></span> <span class='ocrx_word' id='word_1_764' title='bbox 1497 5701 1719 5756; x_wconf 89' lang='lat' dir='ltr'><strong>vocibus</strong></span> <span class='ocrx_word' id='word_1_765' title='bbox 1744 5717 1806 5756; x_wconf 91' lang='lat' dir='ltr'><strong>ac</strong></span> <span class='ocrx_word' id='word_1_766' title='bbox 1834 5703 2112 5757; x_wconf 87' lang='lat' dir='ltr'><strong>sententiis</strong></span> <span class='ocrx_word' id='word_1_767' title='bbox 2140 5701 2378 5772; x_wconf 87' lang='lat' dir='ltr'><strong>perfecta</strong></span> <span class='ocrx_word' id='word_1_768' title='bbox 2405 5701 2712 5758; x_wconf 89' lang='lat' dir='ltr'><strong>consensio.</strong></span> <span class='ocrx_word' id='word_1_769' title='bbox 2744 5699 2854 5754; x_wconf 84' lang='lat' dir='ltr'><strong>liae</strong></span> <span class='ocrx_word' id='word_1_770' title='bbox 2880 5699 3161 5753; x_wconf 87' lang='lat' dir='ltr'><strong>occasione</strong></span> <span class='ocrx_word' id='word_1_771' title='bbox 3187 5694 3359 5752; x_wconf 86' lang='lat' dir='ltr'><strong>oratio</strong></span> <span class='ocrx_word' id='word_1_772' title='bbox 3386 5707 3543 5764; x_wconf 88' lang='lat' dir='ltr'><strong>quam</strong></span> <span class='ocrx_word' id='word_1_773' title='bbox 3567 5691 3759 5747; x_wconf 81' lang='lat' dir='ltr'><strong>habuit</strong></span> 
     </span>
    </p>
   </div>
   <div class='ocr_carea' id='block_1_61' title="bbox 455 5782 3757 5874">
    <p class='ocr_par' dir='ltr' id='par_1_61' title="bbox 455 5782 3757 5874">
     <span class='ocr_line' id='line_1_61' title="bbox 455 5782 3757 5874; baseline 0.002 -31"><span class='ocrx_word' id='word_1_774' title='bbox 455 5782 599 5846; x_wconf 81' lang='lat' dir='ltr'><strong>idem</strong></span> <span class='ocrx_word' id='word_1_775' title='bbox 623 5793 823 5862; x_wconf 64' lang='lat' dir='ltr'><strong>praesul</strong></span> <span class='ocrx_word' id='word_1_776' title='bbox 861 5793 917 5852; x_wconf 89' lang='lat' dir='ltr'><strong>in</strong></span> <span class='ocrx_word' id='word_1_777' title='bbox 955 5809 1113 5852; x_wconf 84' lang='lat' dir='ltr'><strong>causa</strong></span> <span class='ocrx_word' id='word_1_778' title='bbox 1149 5793 1532 5853; x_wconf 78' lang='lat' dir='ltr'><strong>Contumeliosi</strong></span> <span class='ocrx_word' id='word_1_779' title='bbox 1573 5794 1814 5868; x_wconf 78' lang='lat' dir='ltr'><strong>episcopi</strong></span> <span class='ocrx_word' id='word_1_780' title='bbox 1847 5795 2158 5869; x_wconf 75' lang='lat' dir='ltr'><strong>Regiensis,</strong></span> <span class='ocrx_word' id='word_1_781' title='bbox 2201 5807 2257 5855; x_wconf 90' lang='lat' dir='ltr'><strong>et</strong></span> <span class='ocrx_word' id='word_1_782' title='bbox 2283 5808 2446 5870; x_wconf 88' lang='lat' dir='ltr'><strong>quam</strong></span> <span class='ocrx_word' id='word_1_783' title='bbox 2473 5802 2620 5854; x_wconf 88' lang='lat' dir='ltr'><strong>tomo</strong></span> <span class='ocrx_word' id='word_1_784' title='bbox 2656 5793 2683 5851; x_wconf 86' lang='grc'><strong>1</strong></span> <span class='ocrx_word' id='word_1_785' title='bbox 2717 5792 3075 5852; x_wconf 83' lang='lat' dir='ltr'><strong>Conciliorum</strong></span> <span class='ocrx_word' id='word_1_786' title='bbox 3112 5791 3300 5851; x_wconf 81' lang='lat' dir='ltr'><strong>Galliae</strong></span> <span class='ocrx_word' id='word_1_787' title='bbox 3326 5783 3757 5874; x_wconf 77' lang='lat' dir='ltr'><strong>edidit</strong></span> 
     </span>
    </p>
   </div>
   <div class='ocr_carea' id='block_1_62' title="bbox 1981 5926 2228 5968">
    <p class='ocr_par' dir='ltr' id='par_1_62' title="bbox 1981 5926 2228 5968">
     <span class='ocr_line' id='line_1_62' title="bbox 1981 5926 2228 5968; baseline 0 -27"><span class='ocrx_word' id='word_1_788' title='bbox 1981 5937 1996 5941; x_wconf 94' lang='lat'><strong>..</strong></span> <span class='ocrx_word' id='word_1_789' title='bbox 2055 5943 2058 5945; x_wconf 29' lang='grc' dir='ltr'>λ</span> <span class='ocrx_word' id='word_1_790' title='bbox 2139 5926 2204 5968; x_wconf 33' lang='grc' dir='ltr'><strong>ἦέ.</strong></span> <span class='ocrx_word' id='word_1_791' title='bbox 2218 5944 2228 5952; x_wconf 48' lang='grc' dir='ltr'><strong><em>ο</em></strong></span> 
     </span>
    </p>
   </div>
  </div>
