4014 6310
208 272 276 332 ﬂ
1487 265 1844 324 SYLLABUS
1880 265 2199 324 CODICUM.
3441 274 3513 331 αἳ

212 384 554 453 Sirmondus,
586 385 691 441 hoc
719 383 838 439 loco
867 382 933 438 ad
961 382 1180 438 verbum
1212 391 1355 438 esset
1375 381 1672 439 exhibenda
1704 401 1716 435 :
1747 381 2007 452 siquidem
2033 379 2370 438 sermonibus
2394 384 2485 454 qui
2508 385 2680 441 eidem
2702 399 2732 440 a
2761 385 2916 442 nobis
2943 383 3317 456 restituuntur,
3349 388 3507 444 simi—

212 481 314 536 lius
346 478 484 534 nihil
524 476 754 533 inveniri
783 478 970 547 possit.
1013 475 1198 548 Neque
1235 477 1421 554 inutile
1451 474 1610 532 fuerit
1635 476 1923 531 observare
1949 476 2122 532 hacin
2148 477 2388 533 oratione
2419 477 2486 534 ab
2527 495 2592 534 eo
2621 479 2875 535 Faustum
2907 480 3226 552 Begiensem
3249 496 3375 537 cum
3407 483 3508 536 lto-

216 573 364 629 noris
395 571 791 643 signiﬁcatione
812 569 1113 638 nominari,
1141 578 1201 625 ut
1225 570 1270 626 sl
1297 571 1414 642 quis
1442 571 1558 642 ejus
1584 571 1638 628 in
1663 569 2009 627 concionibus
2033 570 2264 642 aliquam
2290 569 2450 647 hujus
2477 573 2709 634 auctoris
2728 575 3048 632 sententiam
3073 573 3508 652 deprehenderit,

212 667 266 724 id
288 682 398 723 non
419 667 667 722 miretur.
1154 728 1160 734 _

290 761 561 818 Caeterum
584 760 727 833 quod
747 758 1010 818 Caesarius
1034 775 1066 817 e
1091 759 1274 817 Fausti
1302 759 1452 816 libris
1477 767 1748 816 mutuatus
1772 767 1874 828 est,
1903 774 2002 831 pro
2022 759 2188 815 nihilo
2207 759 2378 818 ferme
2402 759 2700 828 habebitur,
2721 762 2769 817 si
2796 777 2916 819 cum
2937 763 3003 820 iis
3026 779 3146 836 quae
3171 780 3242 821 ex
3267 763 3494 820 aliorum

213 867 455 914 veterum
488 863 1032 919 commentationibus
1057 861 1344 933 decerpsit,
1374 867 1734 930 comparetur.
1765 859 2014 930 Legimus
2041 859 2092 915 in
2120 857 2238 916 Vita
2264 857 2525 931 ejusdem,
2552 857 2647 915 lib.
2677 858 2730 927 l,
2759 874 2882 916 eum
2912 875 3032 916 cum
3054 869 3272 932 propter
3297 861 3508 916 valetu-

207 949 389 1010 dinem
413 955 527 1024 jam
550 956 860 1016 concionari
887 974 984 1028 per
1003 973 1062 1014 se
1089 973 1196 1016 non
1223 965 1428 1028 posset,
1451 955 1640 1026 jubere
1661 955 1874 1010 solitum
1897 970 1926 1008 a
1956 955 2323 1010 sacerdotibus
2347 969 2410 1010 ac
2435 953 2675 1010 diaeonis
2699 955 2752 1008 in
2785 954 3023 1027 Ecclesia
3049 971 3142 1011 sua
3169 956 3379 1012 recitari
3404 971 3508 1014 non

211 1047 374 1102 modo
403 1062 686 1106 sermones
712 1051 961 1125 proprios
979 1093 994 1118 ,
1019 1066 1211 1106 verum
1239 1051 1400 1106 etiam
1429 1047 1720 1116 Ambrosii,
1746 1048 2028 1120 Augustini
2060 1058 2115 1106 et
2137 1047 2380 1106 aliorum.
2411 1047 2544 1104 llinc
2569 1048 2754 1121 procul
2781 1047 2942 1104 dubio
2971 1048 3240 1106 breviores
3276 1049 3349 1104 illi
3377 1049 3505 1105 Ser-

209 1155 400 1196 mones
439 1139 690 1210 prodiere
716 1182 736 1208 ,
763 1143 820 1200 in
841 1143 1031 1214 quibus
1051 1152 1247 1213 pratler
1271 1141 1550 1199 exordium
1573 1149 1626 1203 et
1653 1141 2066 1212 perorationem,
2095 1157 2214 1212 quae
2242 1141 2407 1211 ipsius
2432 1141 2793 1204 characterem
2821 1140 3079 1209 referunt,
3113 1141 3315 1212 reliqua
3344 1141 3505 1212 petita

209 1243 341 1289 sunt
369 1250 434 1289 ex
461 1235 778 1305 Augustino.
817 1235 1166 1292 Exscrihebat
1197 1246 1358 1306 atque
1385 1235 1690 1292 imitabatur
1713 1233 1980 1289 lubentius
2000 1242 2245 1290 sanctum
2275 1232 2416 1289 hunc
2437 1233 2738 1298 Doctorem,
2771 1232 2921 1302 cujus
2950 1231 3227 1302 opiniones
3256 1241 3504 1302 tanquam

209 1328 492 1384 catholicze
518 1331 730 1383 veritati
757 1329 1043 1386 admodum
1069 1337 1428 1402 congruentes
1448 1328 1720 1400 prmdicat.
1753 1328 1924 1398 lpsius
1957 1325 2256 1382 doctrinam
2285 1326 2428 1382 omni
2459 1325 2633 1381 studio
2661 1326 3029 1396 propttgnavlt,
3055 1332 3108 1378 et
3132 1339 3196 1378 ex
3222 1339 3281 1378 ca
3311 1339 3504 1378 secun-

211 1420 291 1476 da:
319 1423 664 1477 Arausicanze
705 1423 907 1496 Syttodi
939 1440 1172 1479 canones
1211 1425 1488 1478 constituit
1527 1440 1538 1475 :
1582 1422 2000 1492 observaturquc
2033 1421 2086 1474 in
2113 1420 2148 1474 2
2185 1420 2321 1475 libro
2353 1419 2485 1474 Vitae
2516 1419 2690 1484 illius,
2730 1420 2899 1489 ipsutn
2931 1427 3170 1473 extremo
3195 1432 3293 1472 suo
3321 1417 3505 1470 morbo

211 1514 336 1568 inter
367 1531 470 1568 non
504 1516 728 1569 modicos
749 1533 873 1586 quos
900 1518 1184 1588 patiebatur
1213 1517 1412 1574 dolores
1437 1515 1743 1571 sciscitatum
1772 1532 1880 1571 esse
1905 1531 2058 1585 quant
2086 1515 2139 1568 in
2167 1515 2397 1586 proximo
2431 1523 2554 1569 esset
2585 1513 2855 1567 beatissimi
2882 1513 3152 1583 Augustini
3185 1511 3507 1583 depositionis

209 1605 348 1671 dies;
384 1618 430 1660 et
452 1623 570 1660 cum
599 1608 864 1662 imminere
887 1609 1407 1663 commemorationem
1429 1609 1588 1678 ipsius
1614 1607 1903 1673 didicisset,
1929 1606 2114 1661 dixisse
2141 1622 2158 1661 :
2187 1604 2400 1676 Confido
2429 1606 2481 1660 in
2503 1605 2746 1674 Domino,
2776 1604 2912 1674 quod
2940 1622 3103 1658 meum
3124 1606 3388 1658 transitum
3409 1621 3504 1658 non

209 1698 356 1770 longe
375 1701 633 1755 divisurus
653 1711 725 1755 est
753 1702 814 1754 ab
845 1702 1005 1772 ipsius
1028 1717 1045 1755 :
1074 1703 1212 1772 quia,
1238 1711 1293 1758 ut
1326 1701 1426 1771 ipsi
1451 1701 1631 1769 nostis,
1653 1709 1897 1767 quantum
1922 1699 2076 1754 dilexi
2103 1700 2212 1769 ejus
2239 1699 2685 1758 catholicissimum
2709 1714 2932 1765 sensum,
2961 1708 3155 1751 tantum
3181 1714 3260 1750 me
3280 1698 3371 1751 etsi
3397 1697 3505 1750 dis-

206 1802 499 1860 crepantem
540 1795 762 1861 mcritis,
800 1794 1004 1848 minime
1041 1802 1207 1847 tanien
1244 1809 1358 1850 reor
1403 1793 1645 1848 distantia
1687 1790 1916 1863 longiore
1946 1790 2274 1863 depositionis
2313 1806 2439 1848 mea
2465 1790 2596 1844 diem
2637 1789 2700 1843 ab
2733 1790 2842 1860 ejus
2871 1789 3032 1844 obitus
3073 1800 3295 1855 tempore
3328 1806 3505 1861 seque—

205 1887 373 1939 strati.

272 1977 448 2031 Porro
476 1976 721 2046 ejusdem
753 1977 1041 2033 conciones
1065 1978 1198 2032 tanti
1223 1977 1576 2047 ducebantur,
1604 1985 1665 2036 ut
1689 1977 2136 2050 quemadmodum
2167 1978 2280 2049 ipse
2308 1994 2375 2034 ex
2409 1977 2713 2047 Augustini,
2745 1977 2822 2032 sic
2852 1993 2914 2032 ex
2944 1977 3217 2045 ipsinsmet
3245 1978 3507 2033 sermoni—

202 2070 300 2124 bus
324 2071 418 2124 alii
449 2081 825 2142 excerperent,
858 2072 996 2127 unde
1026 2073 1146 2128 novi
1171 2086 1446 2128 sermones
1475 2072 1944 2127 concinnarentur.
1974 2071 2086 2127 Iloc
2113 2071 2352 2143 profecto
2391 2070 2637 2127 homilias
2661 2070 2818 2142 Eligit
2847 2080 2900 2126 et
2927 2070 3128 2130 Rabani
3153 2087 3272 2126 cum
3300 2086 3506 2127 sermo-

201 2166 358 2221 nibus
383 2167 718 2236 Appendicis
746 2176 946 2222 nostra:
970 2168 1332 2238 comparando
1357 2168 1530 2239 quivis
1557 2168 1833 2238 intelliget.

269 2260 614 2330 Superestut
637 2262 763 2333 quid
790 2262 972 2317 auxilii
1008 2262 1160 2318 nobis
1186 2261 1253 2318 ad
1293 2262 1588 2320 institutam
1618 2262 1940 2319 Sermonum
1966 2261 2249 2334 Augustini
2268 2276 2548 2318 censuram
2576 2262 2902 2334 prmbuerint
2931 2261 3310 2330 Lovanienscs,
3340 2278 3507 2335 expo-

201 2367 413 2406 namus.
445 2353 527 2407 llli
551 2368 644 2407 sua
671 2354 726 2410 in
754 2364 958 2411 tomum
986 2354 1036 2412 Χ
1057 2354 1457 2426 prmfatiuncula
1483 2355 1773 2412 admonent
1797 2369 1856 2410 se
1877 2354 1930 2409 in
1951 2353 2236 2412 censendis
2262 2354 2611 2412 Sermonibus
2637 2365 2852 2412 secutos
2870 2356 2978 2412 fere
3001 2371 3118 2412 esse
3131 2354 3384 2426 judicium
3408 2358 3509 2413 do-

200 2447 426 2502 ctissimi
451 2447 558 2501 viri
580 2447 789 2502 Martini
819 2448 982 2519 Lipsii
1007 2449 1209 2519 :iisqui
1237 2458 1385 2504 certo
1404 2450 1500 2505 visi
1529 2457 1653 2505 sunt
1681 2465 1803 2506 esse
1831 2450 2129 2519 Augustini,
2159 2465 2353 2505 nomen
2372 2450 2487 2519 ejus
2515 2451 2891 2521 adscripsisse;
2924 2453 3012 2521 qui
3041 2463 3191 2511 certo
3210 2452 3510 2522 deprehen-

198 2541 244 2597 si
279 2552 406 2596 sunt
453 2542 624 2612 ipsius
651 2559 759 2599 non
785 2558 924 2611 esse,
962 2543 1215 2614 rejecisse
1257 2545 1308 2600 in
1354 2545 1717 2618 Appendicem
1745 2565 1756 2600 :
1782 2547 2013 2617 reliquos
2052 2555 2140 2600 aut
2167 2564 2268 2601 non
2310 2548 2434 2601 satis
2451 2547 2704 2603 discussos
2733 2558 2821 2604 aut
2850 2567 2913 2606 ex
2943 2550 3141 2620 judicio
3158 2551 3508 2622 quorumdam

199 2635 368 2688 dubiis
393 2637 733 2703 aucloritatis,
770 2637 908 2691 inter
934 2637 1212 2708 Augustini
1245 2637 1535 2697 Sermones
1558 2639 1838 2711 reliquisse
1857 2681 1872 2708 ,
1909 2656 2015 2696 non
2046 2648 2222 2697 tamen
2251 2640 2431 2696 addito
2460 2641 2574 2712 ejus
2606 2643 2840 2698 nomine.
2869 2644 2949 2698 Ad
2983 2644 3117 2698 hanc
3143 2645 3301 2714 igitur
3327 2652 3508 2699 notam

199 2727 292 2797 qui
323 2729 660 2796 potissimum
704 2745 978 2785 sermones
1005 2731 1070 2785 ad
1102 2746 1327 2786 examen
1355 2741 1536 2788 essent
1576 2733 1882 2801 revocandi,
1909 2734 2256 2804 cognovimus
2292 2751 2305 2786 :
2339 2742 2394 2789 et
2431 2750 2560 2790 sane
2588 2736 2947 2797 consideranti
2979 2740 3153 2807 palam
3178 2738 3290 2806 ﬁet,
3321 2753 3507 2793 eorum

207 2819 289 2888 qui
316 2834 346 2870 a
373 2819 531 2873 nobis
555 2821 870 2890 rejiciuntur
902 2821 1059 2892 longe
1087 2822 1345 2891 plurimos
1381 2840 1445 2879 ex
1478 2825 1582 2879 illis
1611 2840 1731 2880 esse
1755 2839 1891 2897 quos
1918 2842 2019 2882 non
2045 2826 2170 2882 satis
2198 2825 2450 2881 discussos
2473 2836 2562 2880 aut
2587 2827 2752 2883 dubia:
2784 2831 3094 2885 auctoritatis
3118 2837 3327 2885 vocant.
3360 2830 3508 2886 Prae-

205 2917 354 2966 terea
382 2913 616 2967 aliorum
646 2915 699 2967 in
737 2915 1150 2984 Augustinianos
1179 2915 1469 2972 Sermones
1497 2933 1751 2974 censuras
1775 2919 2159 2986 consuluimus,
2191 2935 2413 2990 quarum
2443 2919 2562 2975 duae
2595 2922 2876 2993 praecipua:
2906 2934 3029 2978 sunt
3055 2933 3108 2978 ct
3131 2925 3505 2992 accuratiores,

201 3004 366 3060 altera
401 3005 642 3066 Simonis
663 3006 866 3064 Verlini
894 3007 1034 3065 edita
1059 3025 1148 3064 an.
1178 3008 1337 3077 1618,
1367 3012 1536 3069 altera
1565 3012 1823 3070 Bernardi
1849 3013 2099 3085 Vindingi
2126 3029 2212 3074 an.
2245 3013 2402 3070 1623.
2433 3014 2564 3070 Cum
2589 3025 2768 3074 autem
2805 3017 2859 3074 lti
2879 3032 3132 3075 censores
3154 3021 3390 3080 omnium
3417 3036 3506 3076 sa-

201 3101 472 3172 gacissimi
502 3103 774 3158 nonnullis
805 3103 855 3158 in
880 3103 1012 3158 locis
1037 3104 1398 3161 aberraverint
1424 3147 1438 3172 ,
1466 3107 1782 3178 arrogantiae
1815 3116 1960 3164 esset
1999 3108 2050 3163 id
2076 3123 2174 3163 nos
2201 3117 2476 3165 assecutos
2503 3109 2723 3165 credere
2744 3151 2759 3178 ,
2806 3120 2862 3165 ut
2892 3111 2979 3166 hic
3015 3129 3285 3184 nunquam
3306 3113 3508 3186 judicio

201 3192 536 3250 falleremur.
569 3195 819 3250 Attamen
847 3195 1166 3252 conﬁdimus
1191 3196 1388 3252 factum
1416 3205 1473 3253 ut
1501 3214 1602 3254 nec
1626 3199 1792 3254 ullum
1818 3200 1956 3255 inter
1980 3200 2140 3255 falsos
2181 3210 2364 3272 aperte
2390 3216 2615 3270 verum,
2640 3217 2738 3258 nec
2771 3203 2936 3258 ullum
2970 3204 3108 3260 inter
3135 3220 3288 3261 veros
3323 3214 3509 3277 aperte

202 3283 391 3339 falsum
419 3285 795 3343 retulerimus.
817 3285 934 3343 Hoc
954 3287 1107 3343 nobis
1124 3290 1500 3360 proposuimus
1527 3290 1595 3344 ab
1616 3291 1800 3356 initio;
1825 3302 1956 3347 etea
1973 3299 2193 3362 propter
2218 3293 2272 3346 in
2295 3293 2632 3348 sermonibus
2651 3294 2886 3350 nondum
2903 3296 3079 3365 editis,
3102 3298 3192 3368 qui
3210 3299 3514 3370 Augustino

202 3381 252 3436 in
279 3382 666 3452 manuscriptis
686 3382 1082 3449 adscribuntur,
1111 3399 1210 3439 nos
1238 3383 1565 3456 praebuimus
1592 3385 1909 3440 severiores.
1945 3385 2025 3440 Ex
2047 3400 2233 3441 eorum
2258 3401 2486 3442 numero
2510 3388 2667 3459 longe
2701 3390 2938 3447 maximo
2957 3391 3186 3448 selectos
3205 3391 3507 3449 octodecim

201 3483 406 3531 tantum
438 3491 568 3531 cum
609 3477 920 3546 fragmentis
948 3477 1150 3548 aliquot
1173 3477 1262 3535 hic
1286 3478 1579 3549 adjecimus
1599 3521 1612 3545 ,
1643 3479 1700 3535 in
1735 3479 1929 3551 quibus
1955 3479 2010 3537 S.
2043 3481 2288 3538 Doctoris
2314 3481 2612 3554 character,
2644 3483 2914 3556 ingenium
2951 3495 3006 3543 et
3033 3486 3281 3543 doctrina.
3308 3484 3507 3558 liquido

197 3569 528 3639 perspicitur
550 3577 610 3624 et
636 3569 909 3624 elucescit.

208 3665 3494 3724 Ἢ

1231 3711 1632 3718 -ῇ--ι-υα-
1673 3715 1694 3717 --
1713 3716 1732 3719 --
1757 3714 2491 3721 ν-κ--ᾑ--ο
2510 3713 3428 3725 ———-————_————-

2748 3933 3061 4016 ρηιητι,

1303 4030 1369 4072 ET
1405 4028 1556 4071 NOTAE
1594 4029 1776 4080 QUIBUS
1813 4029 2030 4073 CODICES
2068 4027 2406 4070 INMGANTUR.

1627 4147 2048 4204 «ceteros»

724 4286 1036 4328 msmm
1068 4285 1279 4327 CODlCES-
1902 4311 1938 4360 τ’

2094 4253 2341 4302 manensis
2361 4264 2507 4314 unus,
2530 4251 2656 4308 alter
2677 4254 3003 4308 Corheiensis.

1902 4311 1938 4360 f.
2033 4317 2141 4362 Mss.
2166 4312 2511 4365 Floriacenses.

196 4390 242 4430 ι.
321 4375 692 4492 vegeat-3;?
713 4390 744 4430 θ
765 4375 1059 4430 bibliotheca
1090 4378 1305 4430 Abbatiae
1334 4384 1378 4427 s.
1410 4376 1627 4430 Audoeni
1664 4384 1781 4430 noto

1922 4347 1956 4426 i.
2035 4347 2636 4447 ἓῧίῖῖιῑὲἕᾶἲωω
2654 4377 2882 4430 collewo
2895 4378 3313 4440 inmutatum
3325 4383 3507 4449 ιαμ

2092 4449 2122 4488 e
2143 4437 2440 4490 btbliotheca
2459 4440 2760 4492 Corbeiensi.

387 4453 660 4502 magenSts.
2092 4453 2122 4488 e
2144 4453 2440 4490 utnttomeca
2459 4453 2760 4492 corneteusu

198 4503 258 4573 b._
331 4504 601 4573 peccensis
622 4503 903 4573 monasterii
927 4502 1136 4573 codices.
1399 4563 1411 4573 _
1453 4571 1460 4573 Α
1539 4565 1552 4573 _
1577 4565 1603 4573 __
1623 4562 1656 4573 __
1710 4565 1723 4573 _
1904 4498 1974 4573 is;
2027 4504 2134 4573 stes.
2147 4508 2205 4573 _s_.
2229 4502 2371 4573 θριξςὶ
2395 4504 2715 4573 Fussalensis._
2737 4566 2760 4573 η

198 4565 277 4615 ω.
330 4564 804 4637 moutth
835 4565 1118 4637 in__Pa_ulum
1140 4577 1286 4637 manu
1319 4563 1498 4629 scripta
1539 4562 1802 4618 bibliotbe-
1905 4560 1993 4612 ful.
2037 4569 2120 4637 an.
2147 4562 2546 4637 ppstf‘uliensium
2561 4566 2770 4637 egenam
2791 4572 2836 4616 s.
2861 4567 3090 4618 mani
3109 4568 3408 4622 mauis,

385 4641 462 4677 cm
486 4629 773 4676 Bertinianze
794 4641 850 4677 ac
872 4628 1200 4679 Floriacensis.
1417 4627 1432 4629 “
1906 4639 1957 4688 g.

1106 4629 1200 4679 isis.
1417 4627 1432 4629 “
1906 4639 1957 4688 g.
2040 4627 2439 4688 Gemmeticeusis
2461 4627 2691 4678 Ahhatize.

197 4688 278 4738 bn.
337 4697 447 4738 uss.
477 4697 524 4737 s.
551 4689 749 4751 Benigni
768 4690 1084 4754 Divionensis.
1907 4687 1984 4751 gr.
2049 4693 2093 4736 s.
2118 4687 2340 4754 Germani
2364 4700 2392 4754 a
2408 4688 2566 4754 _Pratis
2585 4690 2780 4754 codices
2815 4689 2949 4740 bene
2980 4691 3138 4754 multi,
3163 4699 3216 4744 et
3239 4706 3300 4744 ex
3326 4694 3386 4746 iis
3406 4696 3503 4745 sin-

195 4765 238 4802 c-
325 4749 730 4823 (Ξιτςαεξιοηςξηέίς
1241 4805 1247 4812 ἱ

1906 4749 1933 4823 _'
2040 4816 2056 4823 _
2074 4749 2502 4823 .gnlaresquidam
2524 4763 2580 4823 a_e
2594 4750 2961 4823 perelegantes.

194 4827 264 4864 cr.
332 4813 569 4863 Ecclesiae
591 4815 913 4862 Carnutensis.
1242 4809 1247 4812 ’
1906 4809 1944 4862 l.
2040 4809 2166 4861 Libri
2187 4809 2513 4863 Laudtineosis
2533 4809 2774 4864 Ecclesia.

194 4890 264 4926 cs.
333 4876 674 4925 (:isterciensis
697 4877 928 4924 Abbatize.
1618 4934 1631 4938 _
1758 4937 1768 4938 ί
1908 4872 1969 4922 lr.
2036 4875 2262 4938 t.yren_sis'
2279 4875 2573 4938 monasterii.

195 4947 285 4989 cst.
337 4938 545 4987 Codices
579 4945 660 4986 PP.
679 4937 1076 5000 ,Cistercicnsium
1107 4944 1153 5000 δ.
1191 4938 1355 4988 Crucis
1375 4939 1426 4988 in
1445 4934 1720 5000 Jerusalem
1739 4937 1806 4988 de
1907 4948 1977 4986 m.
2039 4934 2082 4984 si
2107 4935 2418 5000 Michaelisin
2441 4935 2659 5000 periculo

387 5002 550 5060 Urbe;
569 5055 576 5065 Γ
595 4999 725 5065 unde
761 5013 1041 5049 sermonum
1081 4998 1266 5065 aliquot
1302 5002 1604 5065 occasionem
1644 4998 1804 5065 diem—
1908 5011 1961 5065 η,
2046 4999 2281 5065 t\'_a_varrici
2299 4997 2496 5065 collegii
2512 5000 2814 5065 Parisiensis.

387 5059 815 5173 qugdidicimus,
865 5075 1066 5140 necnon
1094 5059 1192 5127 quo
1230 5074 1318 5113 eos
1353 5061 1460 5112 loco
1497 5062 1679 5112 dixerit
1716 5069 1808 5111 Au-
1908 5060 1993 5124 ph.
2044 5059 2458 5174 1³ὴῶεὲοὲεῇἐὲ
2473 5061 2630 5114 codex
2652 5063 2910 5128 oorticeus,
2936 5065 3019 5130 qui
3045 5063 3159 5118 olim
3179 5063 3503 5118 Narbonensis

387 5137 458 5174 zu
507 5137 635 5174 mus.
2433 5158 2446 5171 .

385 5133 635 5186 gustinus.
1056 5133 1066 5140 '
2093 5133 2318 5173 scelestae
2340 5133 2446 5174 ruit.

194 5202 258 5240 Cl.
337 5184 769 5259 uss..mlbe_rtinm
807 5184 1115 5259 bibliotlteeze
1159 5187 1342 5259 plures,
1371 5187 1514 5251 inter
1537 5199 1660 5259 quos
1702 5199 1803 5236 ma-
1910 5198 1985 5248 pr.
2049 5190 2163 5259 stes.
2185 5184 2530 5259 [matellenses

389 5250 510 5298 'oris
529 5251 675 5312 pretii
704 5262 849 5309 unus,
875 5250 959 5312 qui
980 5248 1063 5298 821
1093 5247 1302 5310 noiatur,
1327 5247 1583 5300 sermones
1601 5249 1667 5298 de
1690 5262 1806 5298 ver-
1908 5247 1951 5297 r.
2048 5247 2209 5297 neniae
2229 5247 2554 5310 bibliothecas,
2590 5256 2771 5312 praeter
2800 5249 2894 5301 alia
2933 5251 3247 5316 exemplaria,
3270 5252 3499 5306 volumen

383 5265 733 5359 iisEvanstelii
751 5313 910 5359 veteri
933 5312 1122 5359 ordine.
1138 5312 1406 5359 secundum
1427 5325 1575 5359 onem
1596 5313 1646 5359 in
1665 5312 1807 5359 Beda
2093 5284 2371 5359 gumiae.
2407 5311 2540 5359 (mod
2567 5322 2598 5359 ι
2631 5315 2806 5359 iacebo
2836 5314 3080 5359 δίκαιοΜο
3109 5314 3354 5359 laudamus
3393 5323 3498 5359 est-

427 5284 1583 5377 ξ’ἱῖἑὸέὲιᾷῑὲεῆᾌέἓεῖἒὲιῖὸᾷὖῶἘὖἓὲ
1596 5284 1807 5377 ἕώῶ
1908 5284 1951 5297 ”
2048 5284 2554 5377 ““ἒιίξυῖἑῖἕῖ“’ἱιῖεῐιιῖ’
2567 5284 3498 5377 ἔίἓὲὄίιοἛῶὄιῖἀἙνιῒυῖἑώῒὲεἷῖ

389 5386 486 5423 seu
509 5371 635 5440 flori
654 5372 943 5440 collectione
967 5371 1257 5438 plerumque
1293 5371 1563 5440 laudantur,
1587 5373 1806 5440 digestos
2094 5371 2568 5440 complectens:duas
2596 5376 2793 5440 priores,
2825 5385 2992 5440 partes
3019 5377 3285 5431 collectorii

388 5437 682 5500 continens,
720 5436 880 5500 iisque
917 5435 1129 5500 insertos
1171 5435 1431 5500 quosdam,
1477 5435 1685 5500 quorum
1721 5436 1802 5487 vel
2094 5435 2696 5500 num'_Augustinianoiuttt
2720 5435 2925 5488 ttobérto
2942 5439 3007 5490 de
3029 5440 3189 5492 Bardis
3208 5439 3500 5493 Cancellario

385 5496 512 5547 nihil
536 5511 758 5564 prorsus
794 5496 847 5549 in
875 5507 990 5550 ante
1024 5496 1204 5561 editis;
1232 5499 1316 5550 vel
1345 5496 1617 5564 ﬁagtnenta
1647 5500 1804 5550 solum
2097 5496 2348 5564 Parisiensi
2369 5505 2568 5564 auctore
2591 5499 2824 5564 adornati.

390 5572 454 5608 ex
632 5568 670 5612 ι.
1183 5560 1186 5561 ν
1423 5560 1440 5564 ν
1905 5573 1998 5608 rm.
2035 5561 2294 5623 ttemigiani
2318 5561 2442 5623 apud
2469 5568 2640 5610 nemos
2655 5563 2861 5612 cmnobii
2883 5564 3091 5617 codices.

197 5620 273 5670 ob.
332 5623 461 5670 Libri
483 5625 807 5688 Corbeienses
827 5623 1021 5685 Optimae
1039 5631 1165 5688 notae
1176 5635 1232 5673 ac
1249 5625 1580 5675 vetustissimi.
1903 5634 1945 5672 s.
2043 5620 2607 5688 BibliOtheem'sot-bonici

197 5695 280 5733 cur
335 5689 446 5733 ΗΞ.
467 5691 514 5734 S.
537 5683 747 5735 Cornelii
768 5683 1174 5747 (huipendiensis.
1331 5748 1334 5749 ν
1905 5693 1942 5734 t.
2040 5691 2083 5732 S.
2104 5685 2386 5749 Theoderici
2410 5698 2563 5749 prope
2585 5683 2773 5738 iiéinos.

200 5757 250 5799 ο.
334 5752 688 5812 Excerptotum
707 5749 907 5813 Eugypii
925 5749 1120 5801 codices
1148 5749 1246 5802 duo
1266 5748 1453 5802 calamo
1474 5750 1657 5814 scripti.
1680 5757 1796 5802 Ger-
1903 5755 1999 5800 vat.
2035 5748 2286 5798 Vaticanus
2303 5748 2479 5810 codex.
