4002 6454
504 408 577 464 23
1052 354 1053 357 Ἴ
1759 402 1817 461 S.
1859 399 2224 461 AUGUSTI!“
2261 397 2566 458 EPISCOPI
3721 397 3778 459 2|

505 536 588 636 ia.
1500 642 1528 656 "

643 645 728 696 Alii
752 647 945 711 quidam
962 646 1152 695 codices
1173 643 1275 692 suis
1298 640 1417 691 locis
1434 642 1718 693 indicantur.

1120 741 1244 776 enm
1274 738 1482 776 CODICES.

504 810 606 853 Am.
653 809 933 852 sermonum
981 799 1433 863 Augustinianorum
1482 798 1592 863 libri

697 863 960 913 Amerbacb
985 859 1155 911 excusi
1179 860 1395 920 Basileze,
1419 873 1497 909 an.
1527 859 1648 909 1494
1672 866 1724 909 et
1743 859 1880 907 1495.

504 930 580 974 Er.
645 926 769 975 Libri
791 938 820 973 a
853 924 1104 973 Desiderio
1124 929 1319 973 Erasmo
1361 918 1594 972 recensiti
1632 929 1685 970 et
1718 921 1846 975 apud
1869 918 2099 969 Basileam

690 998 880 1056 rmsum
905 985 1022 1056 editi
1044 986 1352 1056 Frobenianis
1367 985 1521 1056 typis,
1538 984 1787 1056 ausim:
1989 1055 1996 1056 η

507 1045 643 1098 Ullm.
659 1045 892 1098 Volumen
926 1055 1209 1097 sermonum
1248 1046 1312 1097 de
1367 1042 1579 1096 Diversis
1624 1046 1820 1095 Joannis
1836 1042 2099 1092 Ulimmerii

1762 804 1996 846 Joannem
2034 795 2099 845 de

2388 529 2504 568 cura
2525 513 2820 579 publicatum
2840 512 3149 579 Manlian.
3174 510 3315 563 1564.

2202 588 2303 632 Par.
2339 573 2618 630 Parisiensis
2669 578 2819 629 editio
2866 573 3109 627 nonnullis
3147 574 3459 626 sermonibus
3512 580 3650 624 aucta
3704 586 3777 626 sn.

2201 711 2311 755 Lov.
2345 643 2872 754 tovaniensium
2895 699 3245 762 Theologorum
3268 710 3419 762 opera
3440 696 3589 760 longe
3606 700 3781 762 auctior

2388 774 2440 817 et
2457 766 2731 828 castigatior
2756 778 2786 814 e
2809 762 2947 828 prelo
2977 759 3269 810 Plan‘tiniano
3292 759 3623 828 profecta,an_.
3652 759 3783 810 1576.

2200 829 2337 878 sirm.
2351 830 2509 879 Codex
2531 821 3104 878 Sermonuniadditorum
3136 835 3165 871 a
3191 821 3365 873 Jacobo
3400 821 3660 879 sirmondo,
3710 833 3785 870 an.

3739 950 3788 994 ει

2458 1031 2487 1066 e
2560 1028 2638 1064 vic
2756 1026 2770 1035 ‘
3028 1022 3039 1035 '
3399 1043 3412 1066 ,
3503 1044 3513 1055 .

2435 1006 2542 1067 tera
2560 1016 2670 1064 vice
2691 1011 2974 1075 castigatius
2995 1006 3139 1072 paulo
3159 1006 3421 1069 ex‘cusum,
3434 1019 3513 1055 an.
3537 1006 3672 1056 1655.

893 1123 1303 1197 Camparavimus
1324 1135 1562 1197 prwterea
1577 1145 1663 1183 eas
1682 1141 1852 1182 omnes
1866 1124 2108 1180 editiones
2124 1120 2267 1175 initio
2284 1120 2518 1176 Retraet.
2537 1130 2590 1175 et
2606 1117 2845 1173 Conl’ess.
2869 1124 2905 1167 t.
2930 1115 2981 1180 l,
3005 1122 3321 1169 memoratas.
3344 1110 3415 1165 M.

529 1218 3765 1256 —————————————————-—____________
3589 1252 3686 1256 -.
3695 1251 3764 1256 __

531 1246 3267 1465 mm

1479 1579 2241 1666 HIPPONENSIS
2290 1576 2821 1661 EPISCOPI

1532 1777 2797 1947 SERMONES

1788 2050 1938 2121 AD
1990 2046 2522 2120 POPULUM

938 2196 1207 2259 OMNES
1251 2192 1668 2258 CLASSIBUS
1702 2184 2085 2264 QUATUOR
2125 2181 2334 2249 NUNC
2379 2180 2692 2245 PRIMUM
2728 2175 3312 2242 COMPREHENSI.

751 2357 950 2402 PRIMA
984 2358 1207 2401 CLASSE
1251 2352 1701 2401 CONTINENTUR
1729 2344 2058 2393 SERMONES

830 2439 914 2479 DE
946 2438 1311 2481 SCRIPTURIS
1346 2433 1612 2480 VETERIS
1644 2431 1726 2475 ET
1755 2427 1903 2476 NOVI
1934 2426 2063 2470 ΤΕ·-

828 2517 1171 2562 STAMENTI.

2300 2341 2609 2397 SECUNDA,
2638 2338 2965 2385 SEBMONES
2996 2338 3079 2380 DE
3112 2336 3434 2381 TEMPORE.

2307 2422 2566 2478 TERTIA,
2612 2418 2937 2465 SERMONES
2980 2418 3062 2460 DE
3108 2417 3383 2461 SANGTIS.

2307 2500 2586 2559 QUABTA,
2619 2499 2945 2546 SERMONES
2976 2499 3062 2542 DE
3104 2495 3411 2544 DIVERSIS.

509 2648 593 2698 llis
611 2649 662 2699 in
682 2649 852 2713 quinta
874 2648 1036 2702 Classe
1058 2650 1326 2703 succedunt
1349 2656 1610 2699 sermones
1640 2642 1792 2713 dubii,
1817 2638 1900 2702 qui
1914 2629 2652 2713 ischilicetunonmeerbodbgabendi
2682 2628 2908 2681 videntur
2932 2640 3018 2691 pro
3040 2625 3408 2689 Augustinianis.
3444 2621 3497 2673 1n
3521 2620 3806 2685 Appendlce

1749 2700 1948 2753 demum
1968 2705 2226 2747 sermones
2246 2700 2551 2757 supposititii.

1829 2853 2463 2927 Mem

852 3051 1471 3164 CLASSIS
1528 3043 2083 3193 PRIMA
2195 3037 2407 3150 DE
2487 3025 3441 3143 SCRIPTURIS.

950 3242 1180 3299 διικΜο
1217 3238 1472 3297 PRIMUS
1497 3243 1516 3264 ί
1545 3237 1642 3311 (α).

514 3330 593 3389 De
617 3348 676 3387 eo
702 3333 839 3406 quod
874 3334 1117 3404 scriptum
1157 3342 1251 3402 est,
1284 3331 1411 3387 Gen.
1442 3347 1481 3399 ι,
1513 3331 1566 3399 i,
1604 3329 1661 3384 ln
1697 3328 1956 3399 principio
1982 3325 2104 3382 fecit

518 3464 523 3467 λ
586 3428 729 3484 Deus
769 3427 966 3484 cmlum
993 3435 1048 3484 et
1079 3438 1308 3492 terram;
1340 3436 1386 3480 et
1411 3425 1567 3480 Joan.
1599 3440 1639 3492 ι,
1676 3424 1725 3490 1,
1755 3423 1812 3479 ln
1844 3420 2103 3499 principio

588 3527 708 3578 erat
740 3520 968 3578 Verbum
1003 3539 1015 3575 :
1045 3528 1222 3576 contra
1252 3518 1564 3573 Manicbwos
1591 3517 1688 3590 (b).

683 3632 1083 3689 Manichworum
1118 3633 1173 3687 in
1204 3641 1415 3687 ueterem
1442 3630 1625 3703 Legem
1654 3628 1940 3684 calumniae.

586 3766 812 3823 CAPUT
831 3766 1113 3825 PRIMUM.
1127 3768 1264 3823 -1.
1283 3766 1385 3836 Qui
1405 3765 1648 3822 meminit
1669 3762 1836 3820 debiti
1856 3761 1960 3828 sui,
1991 3776 2106 3818 sen-

517 3860 803 3933 tentiaeque
835 3862 1175 3932 apostolicae,
1208 3876 1311 3932 qua
1334 3860 1538 3916 dictum
1567 3867 1683 3927 est,
1719 3856 1925 3914 Nemini
1954 3856 2105 3926 quid-

515 3970 668 4022 quam
693 3952 934 4021 debeatis,
956 3954 1053 4010 nisi
1071 3963 1126 4009 ut
1145 3954 1356 4010 invicem
1375 3953 1597 4025 diligatis
1613 3952 1787 4023 (Rom.
1805 3967 1921 4018 xm,
1940 3949 2019 4017 8),
2046 3965 2107 4005 se

517 4044 691 4115 ipsum
713 4045 872 4102 debet
889 4046 956 4101 ad
976 4045 1306 4101 reddendum
1330 4046 1445 4116 ipse
1464 4044 1808 4117 compellere.
1830 4044 1899 4099 Et
1920 4056 2107 4099 revera

517 4136 848 4208 quantolibet
872 4136 1087 4194 fremitu
1112 4136 1442 4195 debitoribus
1470 4144 1781 4194 exactorum
1812 4142 1985 4189 terror
2022 4133 2107 4188 in-
2134 4144 2149 4157 ·

517 4228 772 4295 cumbat;
824 4229 992 4284 multo
1035 4227 1405 4286 vehementius
1452 4227 1617 4297 exigit
1663 4225 1934 4289 cbaritas,
1988 4238 2108 4293 qua:

517 4318 693 4375 aufert
736 4319 803 4375 ab
845 4320 1123 4376 exactione
1166 4318 1373 4390 pondus
1416 4317 1643 4383 timoris,
1689 4323 1746 4372 et
1777 4312 2109 4371 verecundia:

518 4410 695 4481 majus
732 4411 973 4481 imponit.
1018 4410 1234 4466 Memini
1273 4424 1361 4465 me
1395 4407 1559 4465 fuisse
1588 4406 1880 4478 pollicitum
1916 4403 2109 4460 Chari-

518 4501 615 4556 tati
661 4511 889 4570 vestrae,
935 4500 1191 4557 adversus
1231 4500 1645 4557 Manichaeorum
1694 4498 1883 4554 stultas
1926 4496 2108 4568 perni-

518 4595 797 4667 ciosasque
837 4596 1161 4663 calumnias,
1202 4594 1396 4666 quibus
1422 4593 1604 4650 Veteri
1642 4592 1984 4648 Testamento
2022 4591 2107 4645 in-

517 4688 810 4757 sidiantur,
864 4688 1266 4760 responsionem
1315 4702 1413 4758 per
1461 4700 1561 4742 nos
1611 4700 1719 4741 non
1771 4683 2106 4751 defuturam,

517 4790 772 4851 quantum
809 4780 1067 4835 Dominus
1094 4778 1298 4835 donare
1326 4778 1593 4849 dignatur.
1627 4776 1898 4832 Advertite
1927 4775 2107 4846 igitur,

517 4883 572 4928 et
599 4871 777 4928 videte
821 4872 1040 4944 laqueos
1076 4870 1444 4942 serpentinos,
1473 4878 1633 4940 atque
1679 4867 1803 4924 inde
1840 4866 2110 4923 subtracta

514 4965 642 5035 jugo
668 4965 867 5021 Christi
886 4965 1021 5021 colla
1047 4964 1349 5035 supponite.
1374 4962 1586 5019 Audent
1610 4961 1806 5033 quippe
1829 4961 1905 5017 illi
1926 4961 2111 5031 hujus-

517 5059 725 5113 cemodi
755 5058 905 5115 dolos
932 5056 1266 5128 praetendere
1286 5056 1531 5123 ineuntis,
1558 5064 1617 5110 ut
1640 5054 1817 5111 dicant
1840 5053 2112 5110 adversari

515 5148 620 5203 sibi
651 5148 950 5220 Scripturas
970 5149 1105 5205 Novi
1130 5157 1185 5206 et
1208 5148 1417 5205 Veteris
1448 5147 1797 5216 Testamenti,
1827 5148 1897 5202 ita
1923 5155 1980 5203 ut
2007 5162 2111 5202 una

518 5242 624 5298 title
653 5243 869 5299 retineri
911 5251 1196 5315 utrumque
1236 5259 1341 5299 non
1368 5243 1537 5314 possit
1569 5260 1581 5297 :
1617 5250 1670 5299 et
1696 5242 1813 5313 ipsa
1850 5241 2110 5313 principia

520 5335 643 5390 libri
684 5334 956 5392 Ceneseos
999 5345 1055 5392 et
1103 5334 1375 5405 Evangelii
1419 5342 1543 5390 κατὰ
1588 5332 1851 5390 Joannem
1898 5332 2113 5388 sibimet

520 5425 741 5481 inimica
798 5426 1121 5498 persuadere
1176 5424 1457 5482 molientes
1481 5466 1495 5493 ,
1554 5424 1709 5497 quasi
1762 5439 1830 5482 ex
1883 5422 2110 5480 adversa

517 5518 693 5574 fronte
732 5519 1088 5574 committunt.

581 5655 600 5673 '
636 5654 923 5718 Recognitus
946 5663 1024 5705 est
1045 5654 1103 5704 ad
1137 5655 1216 5705 cb.
1256 5662 1309 5705 et
1350 5654 1411 5704 ad
1447 5653 1583 5704 Ulim.
1611 5661 1713 5705 Par.
1736 5658 1846 5703 ων.

581 5740 653 5863 (ag
677 5739 817 5800 Alias,
842 5739 907 5812 de
928 5740 1140 5791 Diversis
1163 5739 1240 5790 14.

581 5802 631 5863 (ι)
680 5812 712 5848 Α
746 5804 953 5853 Possidio
991 5810 1185 5856 notatur
1224 5813 1240 5855 ε

517 5796 653 5931 mg.)
669 5796 953 5933 api’ogsidio
991 5810 1185 5856 notatur
1224 5802 1463 5856 sermonis
1506 5800 1653 5871 hujus
1688 5796 1860 5853 titulus
1898 5799 1949 5851 iu
1979 5796 2105 5849 Indi-

2293 3227 2521 3287 CAPUT
2559 3226 2623 3281 ll.
2651 3255 2723 3265 —
2749 3223 2803 3277 2.
2835 3222 3046 3295 Moyses
3072 3221 3216 3277 enim
3250 3219 3399 3288 dicit,
3437 3215 3703 3289 inquiunt,
3739 3210 3817 3268 In

2208 3321 2461 3395 principio
2508 3319 2623 3391 fecit
2675 3317 2814 3373 Deus
2858 3314 3040 3370 caelum
3086 3324 3135 3369 et
3179 3323 3383 3379 terram,
3429 3323 3528 3366 nec
3565 3308 3819 3365 nominat

2209 3417 2435 3482 Filium,
2483 3430 2580 3486 per
2618 3427 2777 3482 quem
2815 3410 2949 3466 facta
2987 3418 3113 3465 sunt
3152 3407 3331 3465 omnia
3364 3423 3377 3461 :
3410 3420 3533 3461 eum
3570 3403 3822 3460 Joannes

2209 3508 2369 3575 dicat,
2397 3504 2466 3560 In
2495 3503 2745 3577 principio
2786 3510 2895 3556 erat
2920 3498 3168 3567 Verbum,
3208 3507 3256 3552 et
3289 3495 3507 3551 Verbum
3530 3502 3637 3550 erat
3665 3493 3823 3565 apud

2210 3600 2399 3668 Deum,
2441 3607 2489 3654 et
2530 3596 2671 3652 Deus
2711 3602 2818 3651 erat
2867 3591 3109 3648 Verbum.
3150 3588 3262 3644 Hoc
3305 3596 3413 3642 erat
3454 3588 3509 3640 in
3550 3582 3825 3656 principio

2208 3691 2349 3762 apud
2374 3688 2557 3744 Deum.
2598 3685 2787 3741 Omnia
2812 3700 2902 3751 per
2936 3683 3106 3753 ipsum
3130 3681 3266 3750 facta
3298 3686 3436 3745 sunt,
3468 3685 3515 3730 et
3543 3676 3652 3729 sine
3689 3674 3825 3745 ipsa

2208 3784 2399 3855 factum
2437 3790 2511 3837 est
2549 3779 2697 3835 nihil.
2740 3775 2974 3833 Hoccine
3009 3771 3336 3831 contrarium
3372 3778 3473 3835 est,
3515 3783 3584 3823 an
3621 3767 3826 3839 potius

2210 3875 2527 3947 sibimetipsi
2551 3870 2807 3929 contrarii
2827 3876 2973 3935 sunt,
3000 3867 3092 3939 qui
3113 3880 3176 3924 ea
3199 3880 3319 3938 qua:
3344 3878 3453 3920 non
3471 3860 3827 3929 intelligunt,

2210 3971 2448 4028 caecitate
2471 3964 2885 4038 reprehendere,
2914 3977 3074 4034 quam
3106 3960 3302 4032 pietate
3328 3968 3570 4029 quaerere
3598 3952 3827 4008 malue-

2211 4064 2373 4121 runt?
2398 4060 2536 4130 Quid
2562 4059 2706 4116 enim
2734 4054 2931 4114 dicturi
2955 4061 3103 4121 sunt,
3127 4066 3249 4108 cum
3276 4050 3449 4120 ipsum
3476 4043 3832 4116 principium

2211 4157 2403 4213 Filium
2449 4153 2545 4211 Dei
2588 4167 2711 4210 esse
2753 4146 3101 4220 respondero,
3142 4145 3197 4200 in
3237 4156 3343 4214 quo
3392 4140 3562 4195 Deum
3609 4136 3837 4193 iecisse

2212 4249 2410 4306 caelum
2448 4255 2505 4305 et
2549 4255 2781 4311 terram,
2820 4240 3047 4298 Genesis
3084 4234 3351 4309 loquitur?
3388 4234 3472 4289 An
3518 4230 3658 4287 forte
3707 4228 3837 4286 hoc

2212 4340 2439 4413 probare
2469 4353 2575 4395 non
2602 4346 2818 4408 potero,
2849 4347 2972 4390 eum
3002 4329 3072 4385 de
3100 4330 3216 4399 ipso
3241 4325 3389 4382 Novo
3417 4324 3793 4379 Testamento
3814 4362 3837 4391 ,

2212 4435 2296 4490 cui
2322 4433 2489 4490 velint
2518 4430 2715 4497 nolint,
2749 4428 2913 4484 fracta
2941 4423 3208 4495 superbia:
3240 4418 3448 4476 cervice
3476 4414 3837 4485 subdantur,

2213 4536 2377 4583 testes
2418 4525 2546 4582 mihi
2590 4532 2784 4595 praesto
2827 4534 2947 4577 esse
2985 4514 3346 4588 cognoscam?
3388 4512 3477 4567 Ait
3510 4510 3655 4565 enim
3710 4509 3847 4565 Do-

2213 4619 2390 4675 minus
2418 4615 2708 4673 incredulis
2742 4612 2941 4670 Judreis
2967 4628 2981 4665 :
3013 4609 3077 4666 Si
3106 4606 3368 4663 crederetis
3398 4602 3586 4675 Moysi,
3623 4602 3843 4658 crede-

2213 4712 2334 4767 retis
2361 4721 2407 4767 et
2449 4711 2573 4767 mihi
2605 4722 2622 4764 :
2649 4707 2739 4763 ille
2770 4708 2903 4762 enim
2943 4705 3008 4759 de
3032 4719 3111 4757 me
3134 4699 3331 4770 scripsit
3378 4695 3556 4768 (Joan.
3596 4711 3651 4763 v,
3694 4696 3841 4767 46).

2214 4806 2321 4864 Cur
2367 4819 2495 4875 ergo
2543 4818 2648 4859 non
2694 4803 2869 4872 ipsum
2916 4796 3199 4853 Dominum
3244 4790 3551 4861 intelligam,
3598 4785 3652 4840 in
3709 4803 3847 4857 quo

2216 4895 2477 4967 principio
2510 4893 2633 4950 fecit
2678 4893 2820 4948 Deus
2854 4890 3013 4945 Pater
3047 4885 3243 4942 caelum
3284 4892 3339 4937 et
3373 4877 3605 4935 terram?
3644 4876 3848 4947 Nam,

2214 4988 2283 5045 In
2309 4987 2556 5061 principio
2584 4985 2700 5059 fecit
2723 4983 2862 5039 Deus
2881 4982 3061 5036 cmlum
3085 4987 3134 5031 et
3166 4985 3371 5042 terram,
3392 4971 3611 5061 Moyses;
3622 4969 3855 5040 utique

2215 5059 2447 5152 scripsit,
2484 5093 2647 5150 quem
2685 5078 2753 5131 de
2796 5072 3020 5129 Domino
3054 5068 3352 5139 scripsisse,
3385 5063 3550 5134 ipsius
3594 5059 3857 5119 Domini

2215 5190 2348 5231 voce
2392 5172 2655 5228 ﬁrmatur.
2700 5170 2783 5224 An
2820 5165 2959 5221 forte
2996 5178 3102 5219 non
3144 5169 3229 5217 est
3261 5158 3420 5214 etiam
3455 5156 3571 5225 ipse
3604 5154 3860 5223 princi-

2216 5431 2332 5526 ipse
2375 5450 2684 5524 respondit,
2729 5446 3081 5517 Principium,
3128 5439 3247 5511 quia
3288 5437 3303 5468 ¹
3354 5445 3401 5489 et
3449 5432 3626 5526 loquor
3666 5431 3867 5526 fabis

2218 5521 2396 5619 (-Joan.
2446 5521 2558 5609 vui,
2605 5541 2724 5614 25).
2773 5539 2912 5594 Ecce
2955 5536 3008 5591 in
3034 5548 3140 5603 quo
3188 5528 3446 5601 principio
3490 5523 3613 5619 fecit
3666 5521 3867 5619 Deus

2218 5613 2413 5695 caelum
2447 5644 2503 5692 et
2536 5613 2756 5690 terram.
2786 5629 2993 5685 Caelum
3030 5639 3159 5696 ergo
3184 5631 3238 5678 et
3276 5628 3471 5675 terram
3502 5614 3629 5671 fecit
3671 5613 3868 5672 Deus

2218 5796 2315 5911 ho;
2340 5790 2477 5855 nam,
2526 5788 2625 5857 qui.
2665 5794 2719 5841 At
2763 5791 2905 5837 vetus
2944 5789 3025 5834 Ms.
3073 5778 3230 5845 com,
3255 5774 3397 5841 quia,
3432 5772 3573 5839 ἆυιω
3614 5780 3870 5841 εἶναι.
