4014 6310
239 301 315 359 25
1631 286 1860 348 BERMO
1898 287 2167 347 PRIMUS.
3478 312 3547 368 26

241 425 297 479 in
342 421 507 487 Filio,
554 434 651 492 per
676 434 838 491 quem
878 417 1018 475 facta
1061 424 1187 474 sunt
1226 416 1441 485 omnia,
1480 423 1534 472 et
1574 415 1690 470 sine
1733 424 1840 481 quo

241 523 444 579 factum
483 531 570 578 est
621 521 750 576 nihil
794 538 808 574 :
848 530 908 575 ut
954 519 1113 576 etiam
1156 517 1444 589 Evangelio
1480 516 1838 573 concordante

239 632 364 672 cum
409 614 629 680 Genesi,
674 613 968 687 secundum
1014 611 1342 668 Testamenti
1386 611 1659 682 utriusque
1705 625 1837 666 con-

241 724 464 763 sensum
504 717 783 763 teneamus
819 705 1203 771 lwereditatem,
1237 704 1600 776 litigiosasque
1637 705 1841 761 calum-

242 803 359 856 nias
390 799 747 856 exbzeredatis
777 799 1042 855 haereticis
1072 799 1454 869 relinquamus.

314 894 548 951 CAPUT
578 894 663 949 III.
686 925 759 936 —
780 896 834 951 5.
863 894 1020 950 Nullo
1042 894 1204 950 modo
1241 902 1421 951 autem
1451 904 1680 951 vestram
1708 911 1837 967 pru-

240 989 481 1043 dentiam
505 1005 721 1044 movere
742 986 924 1053 debet,
952 987 1092 1060 quod
1119 1003 1239 1043 cum
1261 988 1493 1045 Joannes
1515 987 1838 1059 evangelista

243 1097 353 1137 non
394 1081 611 1148 dixerit,
647 1080 838 1136 Omnia
879 1081 932 1135 in
973 1082 1087 1151 ipso
1127 1080 1261 1136 facta
1307 1090 1450 1148 sunt,
1497 1081 1612 1147 sed,
1655 1080 1841 1135 Omnia

243 1195 341 1249 per
356 1180 519 1250 ipsum
543 1182 678 1249 facta
701 1186 851 1244 sunt;
874 1194 982 1234 non
1004 1180 1242 1250 legamus
1268 1180 1319 1234 in
1337 1179 1553 1245 Genesi,
1576 1181 1677 1237 Per
1697 1183 1839 1252 prin-

244 1270 446 1341 cipium
475 1270 596 1325 fecit
626 1271 767 1327 Deus
797 1273 994 1328 malum
1024 1282 1077 1328 et
1103 1281 1321 1341 terram,
1345 1273 1459 1340 sed,
1492 1272 1557 1329 In
1589 1276 1839 1347 principio

242 1363 365 1435 fecit
417 1362 554 1417 Deus
588 1365 768 1418 caelum
814 1375 862 1419 et
906 1374 1110 1420 terram.
1162 1366 1300 1421 Dicit
1327 1369 1471 1423 enim
1516 1368 1837 1439 Apostolus,

247 1453 315 1509 Ut
338 1456 624 1512 ostenderet
646 1458 789 1512 nobis
815 1461 1106 1530 mysterium
1135 1461 1407 1517 voluntatis
1431 1479 1537 1517 sua:
1563 1466 1837 1518 secundant

242 1546 429 1601 bonam
472 1549 777 1604 voluntatem
822 1569 996 1619 suam,
1049 1571 1200 1625 quam
1250 1558 1509 1626 proposuit
1556 1558 1605 1611 in
1654 1560 1742 1613 illo
1785 1560 1839 1614 in

242 1640 577 1709 dispositione
618 1642 944 1711 plenitudinis
981 1655 1294 1715 temporum,
1347 1648 1630 1703 instaurare
1672 1652 1839 1706 omnia

240 1733 290 1785 in
314 1732 547 1801 Christo,
578 1751 691 1805 qua:
722 1736 775 1789 in
806 1736 944 1791 caelis
972 1746 1105 1805 sunt,
1137 1748 1184 1791 et
1209 1755 1321 1810 qute
1350 1741 1401 1795 in
1432 1743 1598 1809 terris,
1638 1745 1689 1796 in
1730 1744 1840 1813 ipso

241 1821 463 1895 (Epltes.
524 1843 576 1894 ι,
624 1828 866 1901 9ει10).
918 1830 1375 1897 Quemadmodum
1410 1836 1590 1907 itaque
1636 1836 1720 1893 hic
1762 1840 1839 1894 sic

235 1918 388 1972 audis
439 1916 585 1989 quod
627 1922 717 1986 ait,
746 1923 799 1976 in
833 1923 966 1994 ipso,
1010 1933 1066 1979 ut
1101 1925 1364 1997 intelligas
1397 1938 1470 1995 et,
1502 1947 1591 1999 per
1635 1932 1838 2001 ipsum;

236 2011 309 2065 sic
337 2011 393 2065 in
424 2027 493 2067 eo
520 2013 666 2083 quod
693 2013 821 2070 dicit
842 2015 1099 2086 Joannes,
1134 2018 1319 2074 Omnia
1346 2038 1435 2090 per
1459 2023 1645 2091 ipsum,
1676 2024 1836 2079 etiam

233 2103 283 2155 in
311 2103 429 2173 ipso
460 2104 761 2177 intelligere
789 2110 1014 2180 cogeris.
1046 2111 1114 2166 Et
1136 2112 1583 2182 quemadmodum
1617 2115 1702 2171 hic
1732 2132 1839 2172 non

233 2194 365 2249 mihi
407 2195 654 2253 aufertur
684 2199 1001 2269 intellectus,
1036 2218 1141 2273 quo
1177 2203 1415 2276 intelligo
1450 2207 1502 2261 in
1544 2207 1660 2278 ipso
1700 2208 1838 2266 facta

234 2301 353 2342 esse
380 2290 591 2357 omnia,
624 2307 743 2345 cum
772 2310 861 2363 per
884 2294 1048 2364 ipsum
1075 2294 1276 2366 legam;
1305 2298 1382 2352 sic
1412 2299 1463 2353 in
1494 2299 1687 2356 Genesi
1716 2316 1839 2358 cum

235 2380 411 2452 legam
444 2385 497 2439 in
526 2385 645 2454 ipso
676 2386 870 2442 factum
897 2403 1017 2444 esse
1046 2390 1241 2446 ccelum
1271 2400 1323 2447 et
1355 2402 1569 2460 terram,
1603 2396 1723 2465 quis
1754 2412 1838 2453 me

235 2474 541 2547 intelligere
568 2478 819 2550 prohibet
842 2490 896 2536 et
924 2497 1022 2552 per
1047 2484 1255 2552 ipsum?
1276 2484 1384 2540 Nisi
1412 2485 1550 2543 forte
1573 2504 1603 2543 e
1630 2487 1841 2546 duobus

237 2567 605 2627 Testamentis
629 2571 905 2629 Manichaii
934 2576 1257 2632 transferunt
1280 2576 1450 2647 litem,
1475 2588 1530 2634 et
1554 2596 1673 2636 eam
1700 2581 1841 2639 inter

234 2658 583 2717 beatissimos
628 2672 792 2721 testes
816 2665 947 2721 Novi
983 2666 1349 2739 Testamenti,
1393 2670 1497 2727 hoc
1540 2681 1652 2740 est,
1700 2675 1839 2731 inter

236 2750 466 2807 Paulum
507 2754 879 2827 Joannemque
920 2760 1251 2816 constituunt
1287 2780 1301 2816 :
1345 2764 1465 2833 quia
1514 2764 1602 2819 ille
1641 2765 1744 2832 ait,
1785 2767 1840 2822 in

233 2843 378 2909 ipsa;
421 2843 534 2911 ille,
584 2845 653 2899 Et
692 2864 782 2916 per
815 2849 999 2917 ipsum.
1046 2850 1149 2906 Sed
1188 2868 1306 2920 nos,
1350 2853 1487 2908 sicut
1532 2855 1751 2912 Paulum
1786 2865 1841 2914 et

235 2932 500 2989 Joannem
540 2938 837 2993 contrarios
882 2939 980 2995 sibi
1022 2956 1142 2997 esse
1183 2959 1287 2999 non
1326 2944 1623 3012 credimus;
1662 2948 1733 3003 ita
1771 2949 1839 3005 de

234 3025 403 3097 Moysi
446 3037 499 3083 et
538 3027 687 3083 Pauli
733 3031 1016 3086 concordia
1054 3034 1213 3090 etiam
1252 3036 1396 3106 ipsos
1429 3039 1667 3109 cogimus
1706 3055 1838 3097 con-

234 3118 394 3175 ﬁteri.

306 3214 360 3268 4.
414 3213 487 3268 Et
538 3216 790 3285 quoniam
846 3220 862 3249 ¹
910 3220 1045 3281 sicut
1092 3220 1177 3276 isti
1232 3222 1338 3278 duo
1382 3224 1515 3293 sibi,
1558 3224 1636 3281 sic
1675 3227 1837 3283 etiam

234 3306 477 3364 Joannes
502 3312 1048 3370 consentitambobus
1074 3332 1086 3381 ;
1120 3317 1239 3387 quia
1265 3317 1337 3373 ita
1354 3317 1505 3385 dixit,
1530 3337 1618 3389 per
1646 3321 1835 3391 ipsum,

238 3407 298 3452 ut
325 3400 382 3454 in
404 3400 521 3469 ipso
548 3402 769 3474 intelligi
797 3420 903 3460 non
931 3407 1233 3477 prohibeat.

305 3491 545 3549 CAPUT
574 3493 663 3551 ιν.
691 3526 762 3536 -
785 3496 973 3554 Omnia
1011 3499 1189 3554 divina
1231 3500 1428 3572 scripta
1463 3504 1599 3559 inter
1643 3520 1701 3561 se
1741 3522 1835 3576 pa-

232 3592 353 3637 cata
391 3586 713 3641 consistunt.
744 3588 848 3644 Sed
888 3591 1338 3660 quemadmodum
1381 3596 1520 3651 solet
1557 3596 1834 3665 accidere,

234 3684 293 3729 ut
332 3677 559 3747 quando
599 3688 931 3737 transeuntes
960 3682 1129 3738 nubes
1159 3698 1253 3754 per
1291 3684 1518 3741 obscura
1546 3689 1719 3744 noctis
1756 3690 1838 3744 in-

232 3778 486 3836 tuemur,
510 3786 689 3826 earum
713 3773 939 3844 caligine
967 3775 1044 3830 sic
1082 3777 1224 3832 acies
1245 3788 1427 3835 nostra
1470 3781 1732 3849 turbetur,
1766 3791 1822 3838 ut

232 3862 284 3916 in
318 3864 659 3918 contrarium
688 3867 837 3921 nobis
864 3868 1039 3923 sidera
1063 3884 1282 3927 currere
1310 3872 1618 3942 videantur;
1646 3875 1725 3931 sic
1752 3874 1839 3932 isti

237 3954 509 4023 hmrctici,
539 3957 657 4027 quia
686 3958 736 4013 in
782 3959 865 4015 sui
897 3963 1096 4018 erroris
1126 3964 1306 4021 nubilo
1332 3981 1517 4036 pacem
1555 3983 1665 4024 non
1690 3970 1839 4026 inve-

237 4046 413 4111 niunt,
445 4047 655 4104 videtur
683 4051 760 4108 eis
789 4054 965 4123 potius
990 4054 1168 4112 divina
1197 4057 1470 4129 Scriptura
1499 4062 1681 4118 rixari.

304 4137 548 4195 CAPUT
588 4140 650 4195 V.
680 4174 748 4183 —
773 4144 827 4199 5.
862 4146 1127 4204 Fortassis
1165 4149 1378 4220 dicant,
1420 4168 1526 4210 non
1566 4156 1633 4212 de
1662 4156 1840 4215 Verbo

242 4229 331 4285 Dei
378 4232 591 4288 dictum
632 4249 783 4304 esse,
833 4237 901 4293 In
945 4241 1196 4310 principio
1235 4244 1354 4314 fecit
1390 4246 1527 4303 Deus
1570 4250 1751 4305 caelum
1795 4260 1841 4306 et

242 4334 454 4380 terram.
484 4326 596 4384 Fac
619 4344 759 4398 esse,
798 4347 907 4387 non
948 4334 1002 4388 in
1040 4337 1317 4409 principio,
1351 4341 1493 4411 quod
1531 4352 1613 4397 est
1652 4344 1841 4398 unicus

242 4414 409 4473 Filius
439 4417 536 4473 Dei
564 4438 579 4485 ;
607 4420 701 4475 sed
726 4420 779 4475 in
818 4420 1082 4496 principio
1124 4430 1378 4499 temporis
1412 4432 1611 4487 dictum
1643 4434 1840 4491 intelli-

241 4520 395 4579 gatur
453 4512 597 4582 quod
643 4515 900 4585 scriptum
949 4527 1061 4585 est,
1113 4518 1179 4575 In
1233 4523 1485 4594 principio
1537 4526 1653 4597 fecit
1707 4528 1841 4584 Deus

241 4605 425 4658 cetum
465 4616 511 4660 et
548 4615 778 4665 terram:
808 4626 918 4666 non
946 4612 1069 4683 quia
1107 4614 1217 4684 jam
1257 4624 1375 4671 erat
1417 4625 1645 4690 tempus,
1688 4630 1842 4678 ante-

241 4711 401 4764 quam
435 4710 581 4753 esset
611 4700 718 4756 ulla
752 4712 997 4760 creatura
1024 4705 1155 4774 (non
1188 4707 1331 4763 enim
1362 4708 1446 4765 vel
1487 4720 1694 4782 tempus
1722 4728 1845 4770 esse

241 4798 577 4845 cozeternum
616 4794 897 4866 quisquam
937 4796 1134 4854 dixerit
1174 4800 1305 4869 Deo,
1351 4804 1443 4874 qui
1482 4813 1565 4861 est
1601 4806 1845 4866 conditor

243 4885 598 4956 temporum),
638 4888 730 4944 sed
771 4899 827 4945 ut
863 4907 985 4948 cum
1024 4895 1163 4951 ctelo
1192 4905 1246 4952 et
1278 4906 1420 4954 terra
1461 4915 1581 4958 esse
1621 4906 1846 4975 coeperit

244 4984 480 5047 tempus.
520 4977 581 5034 Si
624 4995 751 5051 ergo
790 4984 1015 5055 quisque
1059 4987 1138 5043 sic
1181 4988 1469 5061 intelligat,
1516 5009 1844 5066 cognoscens

232 5069 511 5155 duntaxat
551 5082 812 5131 creaturae
858 5076 1237 5153 Creatorisque
1280 5083 1617 5152 distantiam,
1648 5104 1716 5144 ne
1749 5104 1844 5146 co-

247 5173 508 5263 :eternum
537 5166 650 5224 Deo
679 5169 769 5239 qui
813 5168 965 5237 fecit,
993 5171 1135 5227 dicat
1177 5188 1295 5230 esse
1326 5174 1471 5246 quod
1504 5176 1654 5244 fecit;
1699 5189 1863 5263 certh

246 5256 325 5311 vel
360 5256 422 5311 in
469 5257 563 5315 illo
600 5261 766 5317 verbo
801 5262 1032 5318 elucebit
1067 5280 1323 5322 numerus
1353 5283 1722 5338 personarum,
1753 5272 1843 5330 ubi

245 5345 448 5403 dictum
476 5358 580 5417 est,
609 5350 885 5408 Faciamus
924 5355 1177 5410 hominem
1220 5358 1288 5411 ad
1313 5358 1582 5432 imaginem
1620 5371 1667 5417 et
1700 5364 1844 5419 simi-

249 5440 516 5495 litudinem
560 5454 815 5511 nostram;
854 5455 930 5513 ct,
960 5446 1105 5502 Fecit
1144 5448 1283 5504 Deus
1317 5451 1569 5507 hominem
1603 5454 1672 5508 ad
1711 5456 1844 5511 ima-

249 5529 417 5596 ginem
458 5530 557 5585 Dei
584 5533 735 5603 (Gen.
776 5552 813 5601 l,
855 5537 946 5602 26,
981 5537 1097 5609 27).
1137 5538 1450 5612 Quanquam
1494 5544 1846 5605 etiamsinon

252 5630 567 5689 appareret,
612 5633 666 5678 et
700 5625 801 5681 sub
842 5628 1058 5684 unitatis
1097 5632 1452 5701 appellatione
1489 5635 1722 5696 Trinitas
1764 5641 1847 5697 in-

316 5800 334 5835 ί
357 5800 507 5868 Εὰίιὶ,
540 5806 794 5871 quomoda
835 5812 1011 5864 Locum
1041 5809 1103 5866 ad
1124 5818 1207 5866 us.
1237 5814 1377 5871 Corb.
1403 5817 1761 5886 castigavimus.

1950 406 2306 477 telligentibus
2341 398 2726 477 insinuaretur;
2750 422 2857 466 non
2888 405 3010 468 ideo
3031 410 3363 471 contrarium
3392 429 3543 486 prm-

1949 499 2088 570 cipio
2130 499 2421 566 Geneseos,
2466 501 2740 574 Evangelii
2784 504 3107 575 principium
3146 505 3316 563 videri
3357 508 3543 566 debuit

1952 594 2298 663 prudentibus
2343 613 2356 648 :
2408 611 2514 651 non
2561 596 2705 652 enim
2748 596 2914 653 videri
2967 598 3068 653 nisi
3117 599 3542 670 imprudentibus

1948 690 2138 756 potuit.
2182 687 2450 743 Habemus
2490 688 2634 743 enim
2673 689 2853 744 talium
2895 692 2947 744 in
2985 690 3274 762 Scripturis
3312 693 3541 749 locutio-

1948 795 2076 835 num
2108 781 2381 838 innumera
2426 781 2690 852 exempla.
2734 782 2851 853 ipse
2881 784 3136 841 Dominus
3172 786 3397 856 loquens
3428 787 3503 842 ait
3538 806 3552 841 :

1949 872 2062 944 Ego
2101 883 2268 928 autem
2308 875 2421 929 dico
2461 874 2618 941 vobis,
2651 891 2752 928 non
2781 875 2960 945 jurare
3001 878 3226 945 omnino,
3260 894 3419 947 neque
3457 894 3545 950 per

1949 965 2163 1034 caelum,
2209 968 2328 1037 quia
2368 967 2510 1021 sedes
2550 965 2647 1020 Dei
2690 974 2793 1031 est;
2830 983 2986 1038 neque
3024 985 3111 1039 per
3156 979 3377 1037 terram,
3427 971 3546 1041 quia

1948 1058 2223 1115 scabellum
2248 1070 2321 1115 est
2350 1060 2532 1131 pedum
2547 1062 2655 1132 ejus
2675 1058 2883 1132 (Matth.
2909 1075 2962 1127 ν,
2985 1060 3053 1115 54
3079 1071 3125 1115 et
3148 1059 3259 1133 55).
3276 1061 3543 1133 Numquid

1950 1162 2229 1225 propterea
2260 1156 2381 1226 quia
2412 1155 2484 1210 ibi
2512 1170 2571 1211 se
2602 1170 2709 1211 non
2743 1155 3015 1223 nominat,
3048 1155 3275 1212 fortasse
3304 1156 3543 1227 negaturi

1947 1254 2072 1301 sunt
2093 1248 2231 1318 quod
2271 1247 2456 1304 sedeat
2489 1247 2734 1304 Christus
2774 1248 2825 1302 in
2864 1248 3042 1304 οωιοῖ
3071 1246 3201 1303 Item
3240 1247 3366 1303 dicit
3395 1248 3542 1318 Apo-

1947 1339 2133 1406 stolus,
2169 1338 2213 1393 0
2241 1340 2455 1395 altitudo
2485 1340 2775 1395 divitiarum
2802 1339 3066 1409 sapientia:
3091 1348 3137 1394 et
3166 1340 3389 1394 scientia:
3412 1338 3545 1395 Dei!

1945 1448 2097 1500 quam
2135 1433 2482 1488 inscrutabilia
2519 1441 2637 1487 sunt
2666 1433 2866 1504 judicia
2909 1433 3050 1503 ejus,
3086 1441 3135 1487 et
3178 1431 3544 1503 inuestigabiles

1946 1522 2040 1576 vite
2080 1524 2281 1593 ipsius!
2321 1525 2445 1591 Quis
2488 1525 2620 1580 cnim
2665 1527 2895 1596 cognovit
2928 1541 3129 1580 sensum
3171 1523 3417 1579 Domini?
3455 1533 3544 1579 aut

1946 1618 2056 1686 quis
2098 1618 2416 1673 consiliarius
2456 1619 2533 1672 illi
2576 1619 2721 1689 fuit?
2761 1628 2847 1672 aut
2887 1618 3003 1689 quis
3046 1618 3186 1689 prior
3219 1617 3357 1671 dedit
3393 1618 3458 1682 ei,
3494 1626 3544 1672 et

1946 1709 2240 1765 retribuetur
2281 1712 2361 1766 ei?
2399 1711 2652 1779 Quoniam
2692 1728 2753 1766 ea:
2792 1712 2924 1783 ipso,
2964 1720 3009 1765 et
3051 1728 3140 1780 per
3176 1710 3363 1781 ipsum,
3405 1720 3450 1765 et
3489 1709 3541 1765 in

1945 1803 2055 1871 ipso
2076 1813 2191 1857 sunt
2216 1805 2385 1857 omnia
2411 1820 2427 1857 :
2448 1804 2545 1874 ipsi
2570 1804 2733 1875 gloria
2752 1804 2805 1857 in
2831 1804 3015 1858 sarcula
3036 1803 3337 1858 saeculorum
3359 1801 3538 1874 (Rom.

1947 1910 2022 1961 iu,
2064 1894 2279 1965 55-56).
2322 1894 2494 1949 Etiam
2541 1894 2627 1951 hic
2665 1894 2784 1949 Filii
2830 1895 3031 1949 mentio
3072 1895 3385 1950 nominatim
3429 1908 3535 1949 non

1947 1985 2081 2039 facta
2112 1994 2212 2041 est.
2242 1985 2415 2042 Unum
2443 1986 2572 2042 dicit
2600 2001 2720 2042 esse
2751 1987 3037 2055 Apostolus
3069 1987 3239 2043 Deum
3270 1997 3323 2042 et
3354 1986 3540 2042 Domi-

1946 2092 2097 2146 num,
2124 2094 2190 2133 ex
2214 2094 2321 2149 quo
2348 2080 2547 2147 omnia,
2578 2094 2673 2149 per
2694 2095 2852 2150 quem
2884 2079 3085 2148 omnia,
3118 2079 3173 2133 in
3203 2094 3307 2150 quo
3335 2079 3537 2133 omnia.

1944 2166 2054 2223 Cur
2095 2185 2221 2240 ergo
2262 2170 2351 2225 isti
2398 2170 2615 2243 Moysen
2646 2172 2746 2226 sibi
2789 2172 3097 2243 elegerunt,
3145 2186 3307 2242 quem
3350 2170 3541 2227 Joanni

1944 2260 2282 2330 evangelista:
2308 2271 2663 2331 opponerent,
2696 2261 2918 2317 Paulum
2964 2270 3140 2316 autem
3166 2260 3463 2331 apostolum
3491 2261 3542 2316 ei

1945 2365 2218 2423 opponere
2263 2353 2589 2409 noluerunt?
2634 2352 2766 2422 Quia
2811 2354 3017 2410 scilicet
3058 2352 3319 2423 imperitis
3366 2351 3541 2407 homi-

1944 2444 2099 2501 nibus
2128 2445 2232 2501 duo
2258 2445 2597 2502 Testamenta
2624 2445 2948 2516 persuadere
2970 2444 3254 2501 voluerunt
3277 2457 3397 2500 esse
3421 2458 3545 2497 con-

1945 2538 2135 2605 traria;
2165 2546 2222 2593 ut
2252 2554 2358 2594 uno
2405 2548 2538 2595 teste
2572 2546 2819 2605 utantur,
2860 2538 3086 2592 alterum
3126 2543 3398 2607 respuant.
3431 2534 3545 2591 Hoc

1944 2630 2088 2686 enim
2136 2632 2416 2702 proﬁtetur
2453 2646 2605 2687 error
2634 2632 2894 2701 ipsorum.
2945 2631 3075 2686 Nam
3114 2631 3161 2685 si
3200 2640 3344 2686 esset
3383 2628 3539 2696 alius,

1944 2725 2098 2795 cujus
2128 2726 2253 2781 item
2289 2725 2725 2781 dementissimus
2753 2725 2902 2781 furor
2931 2725 3104 2795 ipsum
3129 2724 3339 2780 Novum
3365 2723 3544 2779 Testa-

1945 2828 2185 2874 mentum
2230 2820 2330 2875 sibi
2379 2819 2707 2874 contrarium
2756 2817 2896 2888 apud
2942 2817 3218 2887 imperitos
3261 2824 3547 2872 conaretur

1944 2910 2269 2975 ostendere;
2322 2910 2449 2981 quid
2493 2910 2635 2965 aliud
2674 2919 2897 2980 ageret,
2948 2909 3048 2963 nisi
3093 2906 3543 2977 quemadmodum

1944 3001 2030 3057 isti
2058 3002 2277 3072 Moysen
2307 3010 2361 3057 et
2387 3001 2674 3069 Joannem,
2698 3000 2778 3057 ita
2808 2999 2897 3055 ille
2924 2999 3146 3054 Paulum
3176 3006 3230 3054 et
3256 2997 3537 3066 Joannem,

1945 3102 2197 3164 tanquam
2226 3094 2475 3149 inimicos
2505 3094 2848 3162 rixantesque
2878 3091 3241 3162 proponeret?
3270 3090 3418 3147 Sicut
3444 3105 3543 3144 au-

1944 3199 2051 3243 tem
2079 3188 2437 3244 sincerissima
2467 3197 2521 3243 et
2550 3187 2831 3242 verissima
2860 3185 2992 3241 ﬁdes
3021 3185 3359 3241 commendat
3390 3182 3541 3239 Pauli

1940 3280 2267 3352 Joannisque
2292 3280 2669 3346 concordiam;
2703 3288 2757 3335 et
2783 3280 2835 3334 in
2874 3294 2940 3334 eo
2965 3278 3107 3349 quod
3134 3279 3321 3334 beatus
3347 3278 3543 3333 Paulus

1941 3375 2034 3439 ait,
2068 3373 2153 3430 Ea:
2182 3375 2313 3446 ipso,
2346 3383 2391 3429 et
2417 3392 2506 3445 per
2533 3375 2721 3445 ipsum,
2752 3383 2797 3427 et
2836 3373 2891 3427 in
2919 3374 3031 3443 ipso
3056 3382 3172 3429 sunt
3212 3372 3404 3439 omnia,
3434 3385 3543 3426 non

1942 3468 2113 3521 solum
2152 3466 2396 3533 Patrem,
2439 3466 2533 3521 sed
2581 3474 2636 3521 et
2673 3464 2865 3520 Filium
2908 3474 2963 3520 et
2999 3464 3256 3535 Spiritum
3291 3471 3534 3519 sanctum

1941 3556 2098 3613 docet
2122 3557 2347 3629 intelligi
2376 3576 2390 3613 :
2417 3557 2495 3612 sic
2534 3557 2701 3628 Moysi
2728 3564 2784 3613 et
2820 3556 3040 3612 Joannis
3075 3570 3260 3627 pacem
3304 3555 3543 3621 intuens,

1941 3651 1996 3706 in
2046 3665 2110 3707 eo
2164 3651 2305 3722 quod
2351 3650 2562 3722 Moyses
2604 3650 2775 3717 dixit,
2830 3648 2897 3703 In
2945 3650 3195 3720 principio
3243 3649 3361 3721 fecit
3399 3648 3541 3704 Deus

1941 3742 2126 3796 coelum
2171 3752 2219 3796 et
2267 3751 2487 3809 terram,
2540 3742 2585 3795 si
2637 3740 2955 3812 principium
3003 3741 3199 3811 accipit
3241 3740 3538 3810 temporis,

1941 3831 2074 3886 nihil
2122 3831 2264 3886 aliud
2303 3832 2359 3887 in
2394 3848 2460 3888 eo
2485 3831 2629 3903 quod
2662 3832 2862 3887 dictum
2891 3840 2996 3898 est,
3038 3830 3198 3901 Deus,
3232 3831 3333 3887 nisi
3362 3831 3544 3887 Trini-

1942 3924 2066 3981 tatis
2091 3924 2349 3980 unitatem
2388 3925 2666 3996 agnoscit;
2710 3932 2801 3980 aut
2843 3922 3159 3994 principium
3191 3924 3246 3979 in
3274 3938 3379 3994 quo
3414 3922 3543 3978 fecit

1942 4018 2086 4073 Deus
2122 4018 2321 4073 coelum
2357 4027 2412 4073 et
2451 4026 2681 4085 terram,
2727 4017 2901 4087 ipsum
2940 4015 3134 4071 Filium
3176 4015 3547 4071 incunctanter

1945 4112 2307 4182 amplectitur.
2344 4110 2505 4166 Multa
2541 4119 2666 4166 sunt
2698 4109 2803 4164 alia
2841 4125 2961 4180 quae
2996 4109 3289 4166 secundum
3327 4107 3423 4163 has
3458 4123 3545 4163 rc-

1943 4204 2093 4275 gulas
2131 4202 2417 4260 locutionis
2446 4203 2745 4258 divinarum
2777 4201 3175 4272 Scripturarum
3211 4215 3543 4256 commemo-

1943 4310 2064 4349 rare
2094 4294 2359 4365 possimus
2398 4311 2411 4349 :
2454 4292 2548 4349 sed
2589 4308 2656 4348 ne
2684 4306 2974 4348 oneremus
2997 4291 3311 4348 memoriam
3337 4291 3548 4348 Sancti-

1945 4387 2068 4443 tatis
2104 4397 2325 4455 vestrm,
2372 4388 2473 4443 ista
2516 4400 2971 4442 commemorasse
3011 4385 3299 4442 suffecerit.
3338 4385 3544 4441 Caetera

1944 4495 2040 4535 vos
2093 4480 2235 4549 ipsos
2286 4494 2561 4551 quaerere,
2616 4479 2699 4536 vel
2752 4494 2874 4535 cum
2925 4478 3214 4551 Scriptura:
3261 4479 3541 4550 leguntur,

1945 4571 2255 4641 advertere,
2297 4581 2458 4644 atque
2508 4573 2649 4629 inter
2689 4588 2785 4628 vos
2822 4571 3162 4629 considerare
3206 4573 3545 4631 concorditer

1945 4675 2001 4723 et
2037 4666 2367 4738 pertractare
2400 4666 2766 4722 adhortamur.
2794 4664 3075 4735 Conversi,
3103 4673 3209 4723 etc.
3238 4667 3257 4699 ⁸

2512 4782 2737 4839 SERMO
2760 4782 2802 4838 ιι
2829 4786 2844 4806 ·
2869 4782 2967 4857 (α).

2297 4873 2378 4930 De
2404 4875 2671 4930 tentatione
2696 4874 2914 4930 Abrahae
2940 4892 2974 4929 α
2996 4873 3104 4930 Deo
3127 4873 3223 4947 (b).

2024 4963 2254 5023 CAPUT
2309 4966 2599 5024 PRIMUM.
2623 4997 2697 5009 -—
2726 4967 2778 5024 1.
2818 4967 3035 5023 Abt-alta:
3086 4966 3210 5029 fides
3266 4974 3315 5021 et
3361 4965 3536 5036 pietas.

1947 5056 2231 5115 Notissima
2287 5060 2456 5131 pietas
2483 5062 2504 5092 ³
2542 5060 2705 5130 patris
2750 5061 2919 5117 nostri
2948 5059 3175 5117 Abralue
3203 5058 3408 5117 reddita
3441 5075 3539 5116 no-

1949 5150 2032 5207 bis
2067 5159 2151 5207 est
2196 5152 2251 5207 in
2301 5152 2615 5209 memoriam
2665 5168 2762 5222 per
2798 5160 3071 5208 recentem
3122 5151 3406 5209 lectionem
3443 5171 3457 5208 :
3489 5163 3547 5213 et

2014 5285 2031 5316 ⁸
2056 5291 2139 5336 Ms.
2164 5286 2302 5335 Corb.
2327 5298 2424 5336 non
2447 5285 2596 5347 addit,
2618 5284 2858 5346 Conversi,
2885 5292 2982 5337 etc.

1947 5348 2372 5473 ﬁdgemigiensis
2392 5355 2498 5410 tu,
2970 5348 3146 5412 Regius
3168 5356 3271 5412 Ms,
3298 5346 3548 5401 notissima

1949 5494 2355 5607 Pitigq'ognitus
2377 5503 2456 5547 est
2476 5496 2537 5546 ad
2552 5495 2634 5547 bd.
2657 5507 2726 5547 cs.
2743 5493 2805 5547 cl.
2823 5494 2902 5547 cb.
2928 5494 2979 5546 tl.
3004 5508 3047 5545 r.
3073 5508 3164 5546 rm.
3186 5502 3286 5546 Am.
3306 5502 3378 5545 Er.
3401 5493 3540 5545 Ulim.

2036 5639 2087 5764 ag
2111 5638 2251 5701 Alias,
2274 5640 2599 5714 dejempore
2621 5640 2699 5690 72.
2890 5704 2900 5714 .
3499 5701 3510 5712 .

2038 5703 2064 5749 b
2109 5706 2161 5751 tn
2183 5703 2378 5753 Possrdn
2400 5703 2630 5764 Indiculo,
2661 5715 2767 5764 cap.
2793 5702 2842 5763 8,
2867 5701 3038 5753 titulus
3058 5702 3283 5762 habetur,
3318 5718 3341 5749 ι
3357 5706 3425 5751 ne
3446 5698 3510 5764 illi

2038 5698 2086 5766 li)
2109 5706 2161 5766 In
2183 5698 2378 5766 Possidii
2400 5698 2630 5764 lndiculo,
2661 5715 2767 5766 cap.
2793 5702 2842 5763 8,
2867 5701 3038 5753 titulus
3058 5702 3283 5766 habetur,
3318 5718 3341 5749 ι
3357 5706 3425 5751 De
3446 5698 3547 5766 lilio

1954 5762 2204 5878 ἒιίὲιῖἒΐεὲεε
2221 5765 2367 5817 ducto
2388 5766 2449 5816 ad
2470 5762 2768 5819 sacriﬁcium.
2787 5782 2809 5813 ιο
2839 5767 3016 5816 nitatur
3040 5764 3170 5816 idem
3188 5777 3350 5818 sermo
3371 5777 3401 5816 ει
3422 5762 3552 5827 Beda
