4014 6310
468 292 543 354 21
1713 277 1773 337 S.
1813 267 2181 335 AUGUSTINI
2217 273 2521 341 EPlSCOPl
3132 288 3137 289 '
3690 295 3765 361 η

473 419 561 473 est
576 409 801 486 quidem
815 408 885 466 ita
913 406 1175 473 mirabilis
1206 405 1248 475 ἢ
1276 410 1337 461 ut
1352 400 1562 461 nullum
1585 412 1679 459 eor
1697 394 2062 455 arbitrandum

473 507 546 563 sit
565 512 672 565 tam
693 502 1029 573 obliviosum,
1052 510 1107 558 ut
1127 498 1251 558 inde
1275 493 1559 570 aliquando
1579 492 1719 549 elabi
1743 490 1929 565 possit.
1957 488 2063 545 Ve-

475 603 772 655 rumtamen
787 593 968 651 nescio
982 583 2064 667 quomodo,quotiescumquclegitur,qua-

472 687 521 745 si
545 695 671 744 tunc
688 685 799 753 ﬁat,
823 685 895 743 ita
913 683 1078 741 afﬁcit
1096 689 1301 738 mentes
1325 677 1673 735 audientium.
1698 674 1885 746 Magna
1910 671 2062 740 ﬁdes,

478 795 671 853 magna
703 779 891 851 pietas,
906 792 1015 834 non
1044 775 1215 833 solum
1229 772 1282 829 in
1306 773 1495 837 Deum,
1510 767 1606 830 sed
1621 765 1861 867 etiam-in
1875 764 2048 867 ipsum

475 872 691 931 unicum
710 871 895 936 ﬁlium,
909 869 997 925 cui
1013 867 1142 925 nihil
1158 865 1284 922 mali
1300 879 1422 923 esse
1441 872 1589 935 pater
1599 858 1825 918 credidit
1841 859 1885 925 ³,
1903 853 2064 930 quid~

477 966 607 1038 quid
634 965 702 1020 de
751 964 842 1021 illo
864 962 1096 1038 iusserat
1119 959 1211 1035 qui
1255 956 1474 1016 creavit.
1505 956 1670 1053 Pater.
1689 952 1831 1010 enim
1861 949 1959 1006 ﬁlii
1982 948 2065 1053 sui

476 1073 596 1116 esse
617 1065 825 1130 poterat
839 1055 1131 1124 Abraham,
1158 1050 1449 1109 secundum
1470 1047 1834 1122 Operation‘em
1850 1047 2063 1112 carnis;

476 1169 584 1211 non
626 1161 804 1211 autem
826 1162 1037 1213 creator
1066 1158 1121 1207 et
1147 1148 1414 1219 conditor,
1473 1143 1768 1205 secundum
1792 1138 2065 1213 Operatio-

402 1228 406 1231 V
476 1260 600 1303 nem
642 1243 956 1317 maiestatis.
998 1240 1068 1298 Et
1109 1240 1325 1317 quidem
1353 1239 1396 1306 ⁸,
1425 1237 1563 1296 sicut
1589 1234 1719 1292 dicit
1748 1230 2060 1302 Apostolus,

479 1353 588 1395 non
636 1337 927 1395 secundant
965 1350 1181 1392 carnem
1225 1342 1382 1393 natus
1410 1340 1491 1389 est
1517 1330 1664 1385 Isaae
1687 1325 1938 1389 Abrahas,
1970 1321 2067 1380 sed

476 1445 542 1493 ex
561 1431 912 1503 promissione
934 1427 956 1505 (
977 1427 1147 1485 Galat.
1171 1443 1241 1492 iv,
1266 1426 1379 1498 25)
1411 1443 1426 1482 :
1457 1439 1563 1480 non
1605 1421 1730 1494 quia
1757 1435 1877 1478 eum
1905 1432 2068 1475 carne

477 1541 584 1583 non
609 1534 726 1582 erat
753 1532 1023 1596 operatus,
1055 1522 1151 1578 scd
1177 1522 1301 1595 quia
1344 1519 1413 1575 de
1457 1532 1663 1575 summa
1690 1512 2066 1585 desperatione

475 1626 784 1690 susceperat
806 1635 823 1687 ;
845 1626 899 1673 et
917 1616 1019 1673 nisi
1040 1616 1252 1673 adesset
1275 1612 1594 1685 promittens
1610 1610 1770 1677 Deus,
1797 1606 1931 1663 nihil
1959 1615 2065 1661 tam

476 1724 641 1771 senex
667 1709 734 1766 de
752 1708 1045 1767 visceribus
1073 1706 1297 1763 aniculae
1322 1703 1562 1775 conjugis
1593 1716 1813 1774 Sperare
1839 1697 2070 1757 audebat

477 1801 822 1871 posteritatis.
847 1799 954 1857 Sed
990 1798 1218 1855 credidit
1262 1796 1610 1861 nasciturum,
1638 1789 1829 1850 etnon
1857 1790 2061 1864 plangit

476 1892 816 1958 moriturum.
862 1891 991 1962 Ejus
1014 1889 1235 1946 dextera
1282 1888 1493 1963 eligitur
1540 1886 1607 1942 ad
1635 1884 1977 1951 sacriﬁcium,
2010 1890 2067 1937 ut

476 1992 814 2048 moreretur;
860 1982 1010 2052 cujus
1038 1996 1131 2037 cor
1154 1980 1385 2037 electum
1404 1988 1489 2036 est
1511 1977 1533 2010 ⁸
1559 1978 1625 2033 ad
1652 1976 1832 2045 ﬁdem,
1866 1983 1923 2031 ut
1943 1990 2068 2032 nas-

477 2085 710 2133 ceretur.
722 2076 842 2133 Non
858 2074 1140 2147 trepidavit
1161 2073 1428 2131 Abraham
1448 2071 1690 2139 credere,
1709 2068 1921 2141 quando
1944 2083 2069 2139 pro-

479 2168 830 2235 mittebatur;
860 2182 967 2223 non
993 2165 1274 2237 trepidavit
1322 2163 1536 2228 offerre,
1565 2161 1778 2235 quando
1814 2160 2066 2231 exigeba-

477 2268 567 2317 tur
599 2279 612 2317 :
658 2276 760 2319 nec
795 2260 893 2318 fuit
929 2259 1117 2330 religio
1171 2257 1442 2317 credentis
1482 2253 1750 2313 contraria
1795 2252 2066 2310 devotioni

482 2353 806 2411 obedientis.
852 2353 965 2409 Hoc
989 2352 1130 2421 dico,
1171 2368 1279 2409 non
1312 2350 1413 2409 sibi
1440 2349 1576 2406 dixit
1600 2347 1890 2416 Abraham,
1924 2347 2067 2403 Deus

478 2444 609 2503 mihi
660 2446 868 2501 locutus
914 2454 1043 2501 est:
1079 2443 1292 2516 quando
1336 2443 1580 2516 promisit
1630 2441 1816 2507 ﬁlium,
1864 2437 2069 2495 credidi

477 2539 604 2610 quia
644 2539 774 2601 mihi
800 2539 1024 2603 daturus
1054 2547 1198 2595 esset
1237 2538 1377 2599 Deus
1404 2535 1771 2607 posteritatem
1798 2550 1812 2599 ;
1838 2541 1896 2589 et
1931 2548 2065 2605 qua-

477 2630 584 2686 lem
617 2632 982 2700 posteritatem
1012 2632 1036 2686 ἲ
1078 2630 1147 2686 Ut
1175 2628 1381 2687 diceret
1406 2628 1559 2697 mihi,
1590 2624 1658 2680 In
1688 2623 1841 2681 Isaac
1865 2624 2069 2679 necubi.

478 2730 561 2776 tur
590 2721 678 2776 tibi
700 2719 1031 2791 semen(Gen.
1062 2735 1171 2786 ut,
1203 2718 1309 2791 12)
1335 2737 1349 2774 :
1377 2726 1515 2775 etne
1535 2715 1671 2772 forte
1690 2715 1768 2771 sic
1788 2722 2069 2773 vocaretur

475 2796 610 2867 mihi
632 2824 817 2866 semen
835 2811 889 2867 in
928 2811 1099 2876 Isaac,
1122 2818 1182 2865 ut
1217 2817 1340 2865 ante
1363 2824 1450 2865 me
1479 2823 1629 2864 meus
1663 2807 1802 2862 ﬁlius
1825 2819 2067 2863 morere-

474 2911 579 2970 tur,
610 2901 680 2958 In
703 2904 895 2965 sentiae
920 2912 1032 2972 tuo,
1060 2902 1252 2972 inquit,
1297 2900 1654 2957 benedicentur
1693 2916 1865 2957 omnes
1893 2907 2065 2971 gentes

478 2992 601 3065 (Id.
624 3011 755 3062 χχιι,
780 2994 850 3053 l8
869 2992 910 3066 ).
933 2993 1053 3066 Ipse
1080 2993 1355 3078 mihicrgg
1371 2993 1594 3064 loquens
1609 2992 1854 3063 promisit
1875 2990 2062 3060 ﬁlium,

473 3093 529 3145 et
554 3088 667 3159 ipse
694 3087 858 3157 exigit
885 3096 943 3143 ut
968 3084 1250 3145 occidam?
1276 3085 1392 3141 Non
1423 3084 1523 3139 sibi
1554 3084 1677 3143 fecit
1701 3084 2055 3159 quaestionem

473 3178 625 3248 quasi
652 3177 720 3232 de
762 3176 1042 3233 contrariis
1073 3185 1128 3235 et
1177 3176 1279 3232 sibi
1316 3174 1721 3231 adversantibus
1762 3174 1939 3231 verbis
1966 3174 2063 3230 Dei

472 3268 835 3339 promittentis
883 3269 1051 3325 ﬁlium
1106 3268 1453 3333 nasciturum,
1479 3276 1534 3322 et
1576 3275 1764 3337 postea
1814 3265 2062 3334 dicentis,

469 3358 665 3419 Occide
688 3358 819 3417 mihi
843 3358 1006 3417 ﬁlium
1042 3367 1193 3417 tuum
1230 3375 1243 3411 :
1273 3357 1366 3412 sed
1381 3366 1498 3413 erat
1526 3357 1578 3412 in
1602 3356 1763 3413 corde
1787 3356 1903 3428 ejus
1934 3355 2066 3411 ﬁdes

470 3465 685 3523 semper
712 3452 1049 3520 inconcussa,
1085 3459 1140 3513 et
1164 3450 1311 3507 nullo
1351 3449 1513 3507 modo
1541 3448 1815 3507 deﬁciens.
1845 3448 2062 3519 Cogita-

471 3545 551 3605 vit
569 3545 712 3603 enim
736 3544 1028 3611 Abraham,
1060 3545 1227 3601 Deum
1250 3543 1339 3623 qui
1374 3542 1521 3600 dedit
1548 3551 1604 3599 ut
1629 3543 1719 3599 ille
1744 3541 1812 3599 de
1834 3541 2055 3601 senibus

471 3646 785 3697 nasceretur
808 3637 896 3707 qui
915 3652 1021 3695 non
1052 3646 1186 3704 erat,
1230 3650 1393 3707 posse
1417 3636 1581 3692 etiam
1608 3634 1676 3693 de
1700 3643 1872 3693 morte
1897 3649 2056 3707 repa-

470 3728 707 3802 rare(a).
738 3729 981 3801 Amplius
1008 3728 1152 3786 enim
1193 3737 1277 3787 est
1323 3727 1463 3799 quod
1510 3727 1620 3798 jam
1653 3726 1852 3786 fecerat
1895 3726 2058 3794 Deus,

471 3836 592 3880 cum
620 3824 708 3894 qui
730 3837 835 3880 non
852 3831 968 3883 erat
984 3822 1008 3855 ⁸
1024 3830 1144 3893 post
1172 3829 1370 3879 tantam
1396 3819 1829 3891 desperationem
1849 3819 2063 3876 videbat

467 3914 569 3971 sibi
594 3915 773 3971 datum
801 3914 987 3984 ﬁlium,
1018 3922 1074 3970 et
1091 3914 1137 3970 si
1163 3913 1449 3971 humanam
1469 3913 1835 3974 inﬁrmitatem
1859 3928 2059 3973 consu-

469 4003 570 4075 las,
595 4005 944 4077 impossibile.
990 4005 1201 4077 Adiecit
1253 4005 1431 4076 itaque
1478 4006 1714 4063 animum
1737 4005 1808 4063 ad
1851 4005 2051 4075 ﬁdem;

469 4110 576 4153 non
604 4096 831 4154 credidit
881 4096 1077 4168 aliquid
1115 4096 1444 4169 impossibile
1487 4111 1608 4153 esse
1635 4096 1894 4154 Creatori.
1922 4098 2047 4167 Qui,

469 4189 914 4261 quemadmodum
957 4188 1278 4258 crediderat,
1327 4189 1561 4261 suscepit
1608 4189 1795 4260 tilium,
1828 4189 2056 4249 credidit

471 4291 657 4353 postea
676 4282 881 4353 iubenti
910 4283 1022 4343 Deo
1052 4300 1066 4337 :
1088 4282 1209 4357 iam
1233 4283 1290 4344 in
1318 4291 1570 4353 suscepto
1601 4282 1710 4340 ﬁlio
1737 4285 2058 4357 probaverat

468 4371 656 4430 Deum.
670 4372 909 4430 Credidit
927 4374 1094 4431 ﬁlium
1116 4383 1485 4446 suscepturus,
1514 4373 1740 4431 credidit
1760 4376 2053 4433 occisurus.

471 4465 679 4539 Ubique
703 4465 897 4533 ﬁdelis.
945 4482 1209 4541 nusquam
1251 4467 1503 4526 crudelis.
1553 4467 1783 4525 Omnino
1811 4469 2058 4543 perduxit

463 4556 637 4616 tilium
668 4556 736 4617 ad
780 4557 955 4621 locum
992 4559 1222 4619 victimae
1256 4559 1527 4619 :armavit
1565 4560 1727 4617 etiam
1780 4559 2057 4619 dexteram

467 4651 660 4707 cultro.
692 4652 936 4714 Attendis
973 4654 1090 4729 quis
1114 4654 1288 4721 feriat,
1321 4662 1376 4711 et
1404 4669 1565 4729 quem
1610 4654 1765 4711 feriat
1796 4673 1808 4709 :
1837 4655 2057 4713 attende

464 4745 583 4817 quis
602 4745 807 4813 jubeat.
831 4745 955 4801 Pius
978 4761 1106 4818 ergo
1133 4747 1404 4805 Abraham
1429 4747 1852 4817 obtemperando
1883 4766 1896 4803 :
1926 4748 2051 4819 quid

464 4834 902 4906 Deusjubendo?
937 4836 1015 4893 Ne
1044 4836 1182 4893 forte
1227 4837 1477 4907 inﬁrmis,
1510 4852 1617 4892 non
1648 4837 1835 4893 dicam
1878 4840 2051 4894 sacri-

464 4925 600 4999 legis
629 4928 840 4995 animis,
868 4927 983 5001 ipse
1009 4928 1286 5001 displiceat
1306 4930 1393 5001 qui
1414 4928 1652 4999 jubebat.
1682 4928 1787 4986 Sed
1815 4931 1857 4987 si
1882 4931 2055 5002 placet

463 5019 553 5091 qui
583 5019 1001 5093 obtemperabat,
1046 5021 1314 5095 quomodo
1357 5019 1632 5092 displiceat
1676 5022 1767 5092 qui
1791 5022 2054 5093 jubebat?

524 5191 669 5264 {Ann
691 5196 767 5242 El'.
793 5196 848 5264 et
864 5197 1151 5264 mseras:
1165 5189 1362 5264 ιῃιίάεῃι
1386 5189 1459 5264 ag
1486 5188 1726 5244 mirabile.
1741 5199 1852 5246 Mss.
1874 5197 2053 5261 Regius

461 5255 743 5334 “3998:;
763 5252 1529 5334 ei?“ﬂl“4£“¥!i“€3’f§’£”“ﬁa
1550 5330 1605 5334 ,μ
1749 5332 1773 5334 η
1802 5333 1819 5334 ,,
1836 5318 1868 5334 ..
1887 5319 1918 5334 ..
1939 5252 1969 5261 ”
2021 5320 2051 5334 ..

525 5318 547 5350 ﬁ
569 5318 643 5378 sic
665 5318 765 5367 Am.
785 5324 861 5366 Er.
886 5324 987 5367 Par.
1010 5324 1063 5378 et
1090 5322 1175 5367 us.
1212 5318 1409 5378 Regius.
1436 5322 1644 5378 suam,
1669 5332 1778 5370 cum
1794 5318 1918 5372 nihil
1933 5320 2051 5376 mali

462 5377 677 5442 mm
665 5353 861 5442 ’ῖςεέ-
1011 5353 1187 5442 δῑιιῑῇ

461 5440 530 5493 rit
545 5481 557 5501 ,
587 5450 683 5493 etc.

526 5506 644 5571 ,δίο
661 5513 759 5555 ΑΨ·
778 5511 854 5559 Ero
1003 5509 1176 5559 θιωε.
1198 5503 1404 5559 Atulim.
1497 5512 1629 5571 1,01,,
1652 5505 1930 5571 sim
2026 5516 2052 5529 ς.

525 5567 547 5635 ξι
571 5575 638 5635 tta
658 5574 765 5635 Mss.
789 5574 843 5618 At
859 5566 993 5626 editi,
1011 5573 1328 5635 erectum_est_.
1355 5574 1407 5635 F_.t
1428 5569 1499 5619 sic
1538 5566 1739 5635 Elorus,'
1767 5572 1853 5635 qui
1881 5581 2049 5624 tamen

461 5631 595 5705 solus
617 5634 663 5680 in
688 5631 849 5692 priore
869 5636 1005 5698 parte
1027 5630 1285 5705 sententiae
1299 5631 1476 5705 habet,
1494 5630 1715 5705 erigitur.
1742 5694 1772 5705 Α,

525 5696 546 5729 ι
571 5689 702 5754 “55,,
715 5704 824 5742 eum
838 5689 923 5756 qui
941 5703 1035 5741 non
1051 5697 1173 5743 erat.
1199 5698 1309 5744 Post
1327 5689 1510 5746 tantam
1530 5689 1925 5763 disperatz'anem,
1948 5708 2041 5755 etc.

520 5774 1195 5844 (u)ttttetrata.esn.23.n.
1226 5775 1276 5832 Ξ.

2178 392 2309 467 Quia
2358 398 2403 456 si
2432 399 2697 459 Abraham
2752 402 2892 465 bene
2932 403 3063 464 fecit
3103 406 3523 483 obtemperando
3546 429 3567 485 ;
3591 413 3760 475 multo

2169 491 2381 563 melius,
2409 502 2462 549 et
2489 493 2649 566 longe
2673 495 2886 567 melius,
2929 498 3332 573 incomparabili
3373 506 3558 578 modo,
3608 509 3750 571 Deus

2166 586 2422 658 jubendo.

2241 678 2470 737 CAPUT
2506 681 2569 737 Il.
2599 681 2743 741 —2.
2771 682 2910 742 Deus
2939 695 3137 745 tentans
3164 688 3422 751 Abraham
3453 690 3755 753 Manichan's

2169 773 2417 829 immerito
2444 774 2694 847 displicet.
2720 775 2970 841 Fortasse
2988 792 3383 840 sacramentum
3405 795 3678 859 quaeratur
3713 790 3754 846 ³.
3830 834 3847 843 -

2169 862 2288 920 Non
2313 866 2456 921 enim
2506 866 2703 924 frustra
2756 868 2857 924 hoc
2884 870 3024 926 Deus
3058 871 3294 945 iuberet,
3340 884 3435 932 aut
3475 881 3760 941 carnaliter

2170 960 2535 1033 accipiendum
2567 972 2669 1033 est,
2696 963 2838 1035 quod
2887 965 3084 1022 lectum
3112 966 3343 1026 fortasse
3381 974 3757 1033 nonnullorum

2172 1055 2349 1109 minus
2369 1052 2776 1126 intelligentium
2792 1056 3277 1130 cordacommovit.
3300 1061 3548 1133 Tentavit,
3571 1067 3759 1139 inquit,

2172 1143 2312 1201 Deus
2340 1145 2596 1201 Abraham
2623 1147 2643 1222 (
2668 1146 2795 1203 Gen.
2817 1165 2948 1219 xm,
2984 1151 3008 1205 l
3039 1149 3190 1225 ).Sic
3234 1170 3363 1226 ergo
3417 1157 3633 1229 ignarus
3677 1167 3761 1216 est

2173 1238 2313 1294 Deus
2340 1254 2541 1309 rerum,
2588 1240 2666 1295 sic
2694 1242 2905 1298 nescius
2940 1244 3121 1301 cordis
3154 1246 3398 1316 humani,
3446 1257 3504 1305 ut
3553 1260 3761 1307 tentan-

2172 1328 2244 1385 do
2294 1328 2563 1386 hominem
2614 1322 2888 1389 inveniat?
2918 1335 3073 1391 Absit
3103 1354 3117 1391 :
3147 1337 3242 1394 sed
3267 1348 3325 1394 ut
3377 1341 3493 1411 ipse
3518 1342 3677 1400 homo
3703 1357 3760 1403 se

2174 1420 2427 1476 inveniat.
2473 1422 2652 1477 Primo
2709 1423 2922 1495 itaque,
2981 1425 3195 1496 fratres,
3251 1440 3469 1502 propter
3520 1433 3637 1489 illos
3670 1435 3759 1506 qui

2173 1512 2522 1570 adversantur
2541 1514 2667 1587 Legi
2690 1518 2878 1584 veteri,
2896 1516 3187 1589 Scriptura:
3214 1531 3414 1578 sanctae
3437 1540 3453 1590 ;
3483 1525 3605 1596 quia
3622 1541 3759 1584 non-

2174 1604 2305 1660 nulli
2348 1622 2452 1661 non
2504 1607 2859 1680 intelligentes
2887 1610 3043 1665 citius
3069 1611 3254 1669 volunt
3300 1617 3574 1688 exagitare
3622 1618 3760 1690 quod

2180 1714 2288 1754 non
2323 1699 2646 1772 intelligunt,
2675 1718 2831 1773 quam
2864 1720 3105 1776 quaerere
3135 1715 3194 1763 ut
3216 1708 3543 1782 intelligant;
3577 1719 3631 1768 et
3656 1728 3759 1770 non

2175 1791 2311 1846 ﬁunt
2338 1791 2569 1849 humiles
2619 1795 2993 1866 inquisitores,
3024 1797 3120 1855 sed
3170 1801 3383 1871 superbi
3412 1804 3760 1861 calumniato-

2172 1898 2261 1939 res
2288 1902 2301 1939 :
2334 1893 2552 1956 propter
2582 1885 2679 1942 bos
2702 1903 2830 1958 ergo
2877 1889 2968 1961 qui
2998 1888 3345 1965 Evangelium
3389 1896 3576 1953 volunt
3618 1899 3758 1959 accir

2173 1990 2322 2046 pere,
2349 1987 2401 2033 et
2430 1977 2625 2059 Legem
2668 1990 2902 2037 veterem
2955 1998 3209 2054 respuere
3256 2002 3271 2053 ;
3304 1995 3550 2059 putantes
3598 1991 3650 2047 in
3678 1992 3760 2048 via

2172 2066 2268 2123 Dei
2296 2084 2448 2139 posse
2474 2085 2533 2126 se
2560 2056 2700 2139 esse,
2729 2079 2782 2127 et
2808 2081 2955 2129 recte
2982 2089 3092 2130 uno
3119 2076 3254 2147 pede
3290 2056 3603 2149 ambulare;
3631 2098 3761 2154 quo-

2171 2160 2314 2215 niam
2337 2176 2441 2216 non
2461 2173 2587 2217 sunt
2606 2162 2807 2219 Scrihae
2827 2164 3021 2221 eruditi
3048 2166 3100 2221 in
3125 2184 3292 2240 regno
3318 2170 3435 2239 Dei,
3471 2173 3563 2245 qui
3589 2175 3761 2245 profe—

2171 2262 2295 2309 runt
2318 2253 2385 2310 de
2408 2254 2660 2310 thesauro
2685 2271 2784 2312 suo
2815 2272 2949 2314 nova
2978 2267 3034 2314 et
3052 2262 3264 2334 vetera(
3284 2261 3468 2339 Matth.
3493 2283 3605 2335 xm,
3634 2267 3753 2342 52):

2176 2354 2392 2415 propter
2418 2347 2515 2403 hos
2540 2362 2667 2418 ergo
2693 2349 2845 2415 tales,
2889 2366 2956 2406 ne
2984 2352 3076 2422 qui
3120 2351 3258 2410 forte
3306 2353 3393 2411 hic
3418 2357 3638 2427 lateant,
3672 2369 3761 2421 aut

2174 2439 2274 2491 etsi
2302 2436 2389 2492 hic
2441 2454 2549 2493 non
2593 2448 2742 2505 sunt,
2782 2441 3013 2497 habeant
3041 2444 3131 2516 qui
3164 2444 3375 2513 adsunt,
3407 2448 3532 2521 quid
3573 2450 3761 2507 talibus

2172 2528 2551 2598 respondeant,
2613 2531 2847 2588 breviter
2889 2533 3142 2590 solvenda
3174 2546 3255 2593 est
3276 2538 3376 2596 ista
3400 2542 3641 2611 quaestio.
3668 2544 3759 2603 Di-

2172 2618 2344 2675 cimus
2359 2620 2570 2691 talibus,
2601 2624 2943 2695 Evangelium
2975 2628 3233 2700 accipitis,
3264 2629 3462 2703 Legem
3484 2650 3592 2689 non
3621 2635 3759 2690 acci-

2172 2708 2297 2781 pitis
2333 2726 2348 2766 :
2380 2727 2479 2768 nos
2523 2723 2701 2771 autem
2731 2716 2980 2787 dicimus,
3027 2722 3272 2777 eumdem
3325 2740 3443 2779 esse
3486 2724 3758 2797 Evangelii

2171 2799 2735 2859 misericordissimam
2767 2806 3090 2878 largitorem,
3116 2811 3203 2881 qui
3231 2813 3433 2869 exstitit
3468 2822 3629 2870 etiam
3656 2815 3757 2872 Le-

2170 2892 2252 2964 gis
2273 2894 2528 2951 terribilis
2557 2895 2711 2952 lator.
2741 2897 2881 2970 Lege
2906 2902 3047 2956 enim
3071 2903 3277 2969 terruit,
3310 2906 3597 2979 Evangelio
3618 2925 3748 2965 con-

2170 2998 2358 3041 versos
2386 2988 2609 3055 sanavit,
2629 3005 2763 3061 quos
2785 3001 2841 3047 ut
2866 3003 3304 3064 converterentur
3334 3000 3355 3030 ²
3384 2998 3527 3072 Lege
3553 3009 3759 3058 terrue-

2169 3086 2271 3132 rat.
2302 3076 2593 3149 lmperator
2623 3082 2769 3139 dedit
2814 3086 3011 3157 legem,
3039 3097 3092 3144 et
3122 3091 3287 3146 multa
3315 3093 3601 3151 commissa
3631 3107 3757 3154 sunt

2171 3180 2359 3227 contra
2390 3173 2560 3246 legem
2585 3191 2600 3242 ;
2630 3176 2715 3232 lex
2740 3194 2899 3249 quam
2924 3180 3071 3237 dedit
3118 3184 3433 3256 imperator,
3464 3204 3569 3244 non
3598 3203 3759 3246 nove-

2169 3272 2253 3320 rat
2289 3265 2393 3321 nisi
2440 3269 2628 3336 punire
2675 3282 2998 3340 peccantes:
3032 3277 3267 3332 restabat
3296 3293 3447 3351 ergo,
3476 3289 3534 3335 ut
3561 3280 3627 3336 ad
3656 3282 3762 3338 sol-

2169 3357 2342 3413 venda
2363 3357 2552 3414 delicta
2576 3376 2787 3430 eorum,
2822 3364 2938 3436 ipse
2986 3382 3105 3421 cum
3162 3369 3488 3441 indulgentia
3524 3373 3752 3442 veniret,

2169 3450 2259 3521 qui
2288 3451 2457 3522 legem
2483 3456 2836 3524 praemiserat.
2863 3458 2966 3514 Sed
2990 3461 3117 3532 quid
3147 3461 3273 3518 dicit
3300 3479 3611 3534 perversum
3642 3484 3757 3537 cor,

2167 3542 2290 3612 quia
2334 3542 2463 3599 dicit
2514 3547 2758 3616 accipere
2806 3563 2866 3604 se
2917 3550 3258 3622 Evangel-ium
3283 3555 3324 3623 ³,
3363 3556 3557 3628 Legem
3614 3575 3758 3618 vero

2167 3636 2459 3705 respuere?
2486 3636 2662 3704 Quare
2686 3640 2928 3710 respuit?
2974 3641 3108 3711 Quia
3134 3644 3392 3716 scriptum
3421 3657 3522 3717 est,
3554 3649 3756 3723 inquit,

2171 3725 2397 3783 Tentavit
2421 3728 2560 3785 Deus
2588 3730 2864 3787 Abraham.
2896 3734 3007 3806 Ego
3029 3735 3196 3793 Deum
3225 3739 3397 3794 colam
3428 3741 3519 3813 qui
3559 3744 3758 3799 tentat?

2166 3818 2440 3877 Christum
2456 3823 2594 3891 cole,
2623 3839 2784 3895 quem
2800 3824 2966 3883 habes
2982 3827 3036 3883 in
3065 3827 3383 3901 Evangelio.
3408 3831 3529 3904 Ipse
3568 3841 3624 3890 te
3665 3849 3756 3890 re-

2166 3923 2320 3968 vocat
2344 3913 2411 3969 ad
2435 3913 2833 3987 intelligendam
2864 3917 3083 3991 Legem.
3113 3920 3220 3977 Sed
3250 3924 3373 3994 quia
3403 3940 3509 3980 non
3534 3927 3759 3983 transie-

2166 4013 2294 4061 runt
2333 4005 2402 4060 ad
2440 4006 2735 4073 Christum,
2766 4011 2819 4065 in
2854 4025 2952 4067 suo
2978 4012 3346 4083 phantasmate
3360 4029 3755 4077 remanserunt.

2163 4094 2283 4152 Non
2304 4095 2447 4152 enim
2467 4098 2647 4154 colunt
2665 4096 2965 4168 Christum,
2992 4102 3164 4172 qualis
3182 4104 3565 4173 praedicaturin
3580 4109 3758 4168 Evan-

2163 4189 2337 4261 gelia;
2368 4188 2465 4246 sed
2488 4192 2701 4262 qualem
2732 4192 2831 4263 ipsi
2843 4193 2945 4249 sibi
2973 4193 3258 4251 ﬁnxerunt.
3284 4197 3573 4269 Propterea
3593 4216 3756 4274 super

2163 4281 2405 4339 velamen
2422 4283 2661 4339 stultitim
2696 4298 2809 4340 sua:
2840 4287 3114 4354 naturalis,
3133 4288 3335 4345 addunt
3352 4292 3581 4351 alterum
3607 4297 3755 4351 vela-

2162 4390 2284 4431 men
2301 4390 2568 4446 perversa:
2577 4376 2861 4448 opinionis.
2877 4376 2941 4434 Et
2960 4379 3170 4450 quando
3190 4397 3283 4452 per
3293 4383 3487 4458 duplex
3510 4388 3756 4448 velamen

2162 4468 2358 4538 poterit
2381 4468 2548 4524 videri
2579 4470 2719 4541 quod
2747 4471 2890 4527 lucet
2917 4471 2970 4527 in
3003 4473 3329 4546 Evangelia?
3370 4524 3373 4527 ,

2231 4559 2458 4616 CAPUT
2495 4560 2584 4616 lll.
2618 4590 2689 4603 ——
2717 4562 2971 4633 Displicet
3014 4564 3109 4621 tibi
3160 4575 3370 4627 tentans
3423 4571 3585 4644 Deus,
3639 4574 3754 4634 dis-

2161 4652 2354 4722 pliceat
2420 4654 2512 4709 tibi
2556 4661 2769 4711 tentans
2818 4656 3085 4715 Christus.
3152 4660 3257 4717 Sed
3322 4679 3442 4719 cum
3495 4666 3757 4739 placuerit

2160 4745 2254 4802 tibi
2278 4754 2489 4803 tentans
2504 4747 2771 4818 Christus,
2788 4749 2994 4821 placeat
3007 4753 3098 4807 tibi
3114 4761 3323 4811 tentans
3342 4757 3498 4815 Deus.
3519 4760 3585 4815 Et
3601 4760 3752 4827 Chri-

2161 4850 2273 4896 stus
2293 4841 2435 4897 enim
2461 4841 2628 4898 Filius
2656 4843 2751 4900 Dei
2783 4843 2946 4916 Deus,
2966 4854 3152 4902 etcum
3172 4847 3331 4906 Patre
3346 4849 3594 4909 Christus
3615 4871 3772 4927 unus:

2159 4934 2429 4992 Deus.Ubi
2456 4936 2847 5009 igiturlegimus
2872 4946 3163 4995 teutantem
3184 4940 3454 4999 Christum
3468 4943 3493 5001 ?
3508 4945 3749 5020 Evange-

2158 5026 2289 5083 lium
2309 5026 2573 5099 loquitur:
2603 5029 2677 5084 ait
2701 5030 2843 5086 enim
2862 5029 3130 5102 Philippo,
3165 5031 3312 5089 Unde
3331 5053 3548 5093 ememus
3573 5057 3748 5111 partes,

2092 5120 2095 5123 λ
2157 5121 2533 5176 amandarent
2548 5121 2602 5177 hs“
2614 5120 2636 5153 ‘
2651 5123 2679 5179 γ
2699 5122 2767 5178 Et
2790 5124 3030 5194 sequitur
3057 5125 3423 5198 Evangelista:
3448 5129 3563 5186 Hoc
3582 5146 3753 5190 autem

2158 5213 2570 5283 dicebat,tentans
2592 5231 2740 5279 eum;
2762 5216 2873 5289 ipse
2894 5217 3026 5271 enim
3043 5219 3230 5274 sciebat
3246 5221 3370 5293 quid
3382 5232 3507 5278 esset
3523 5227 3753 5282 facturus

2157 5299 2178 5372 (
2202 5294 2357 5355 Joan.
2385 5315 2459 5368 vt,
2491 5300 2691 5372 5et6).
2720 5299 2885 5358 Refer
2910 5317 3051 5359 nunc
3070 5307 3307 5360 animum
3331 5305 3400 5363 ad
3426 5306 3593 5363 Deum
3625 5317 3751 5366 ten-

2138 5403 2356 5481 .tantem
2382 5394 2671 5451 Abraham.
2701 5394 2815 5451 Hoc
2851 5397 2994 5451 enim
3027 5395 3237 5453 dicebat
3262 5406 3318 5454 et
3343 5399 3504 5471 Deus,
3531 5408 3749 5461 tentans

2217 5526 2679 5602 ξρυωήειινιὶρξω
2694 5534 2768 5581 ετ·
2816 5534 2875 5602 H.-

2214 5594 2237 5626 '
2259 5594 2331 5642 Sic
2376 5600 2481 5641 MSS.
2506 5592 2621 5641 editi
2645 5603 2780 5651 vero,
2806 5595 2859 5641 ut
2880 5594 3190 5643 converteret.

2473 5662 2601 5730 esse
2622 5649 3175 5730 tererem,
3191 5667 3261 5730 κν
3286 5661 3382 5730 etc.-

2213 5717 2238 5751 δ
2259 5718 2334 5770 sic
2354 5722 2464 5770 Mss.
2487 5712 2606 5770 Editi
2624 5712 2810 5781 autem,
2840 5712 3079 5769 Habentes
3099 5712 3266 5783 panes,
3286 5719 3398 5772 date
3417 5717 3517 5773 illis
3546 5718 3746 5774 mandu-

2148 5793 2284 5839 σανα.

2146 5881 2176 5894 ﬂ
2194 5890 2197 5893 .
