4014 6310
196 286 269 344 Β
1676 275 1904 338 5ΕῆΜο
1941 276 2006 335 II.
3427 285 3500 342 30

199 401 474 460 Abraham
506 419 520 456 :
550 401 667 473 ipse
708 401 851 458 enim
901 399 1107 458 sciebat
1169 399 1297 473 quid
1349 404 1492 458 esset
1534 397 1791 455 facturus.

199 495 528 568 Agnoscitur
575 501 811 551 tentator
869 492 1113 551 Christus
1141 537 1155 562 ,
1204 491 1510 564 agnoscitur
1565 498 1798 547 tentatur

199 581 384 644 Deus:
419 586 720 657 corrigatur
761 593 992 642 tentator
1035 586 1337 642 hzereticus.
1391 584 1507 640 Non
1535 583 1678 639 enim
1718 581 1796 636 sic

203 689 373 736 tentat
401 680 711 746 luercticus,
755 676 1024 750 quomodo
1050 687 1219 733 tentat
1266 678 1425 732 Deus.
1479 675 1622 731 Deus
1651 673 1792 730 enim

195 781 367 830 tentat
395 774 437 839 ',
457 783 514 828 ut
535 772 737 845 aperiat
763 771 965 828 homini
989 790 1001 827 :
1029 770 1315 827 hiereticus
1337 776 1526 838 tentat,
1549 775 1607 824 ut
1629 767 1793 824 Deum

195 867 298 924 tibi
324 864 564 921 claudat.

263 959 318 1013 3.
379 955 606 1012 Tentare
648 953 780 1024 Dei,
821 972 921 1026 quo
971 964 1181 1027 spectat.
1225 955 1364 1026 Ergo
1391 951 1600 1009 noverit
1657 949 1792 1006 Cha-

198 1049 335 1105 ritas
383 1058 582 1119 vestra,
609 1047 906 1104 tentatione
930 1047 1097 1104 Deum
1135 1064 1240 1103 non
1278 1046 1330 1102 id
1381 1061 1558 1118 agere,
1592 1051 1647 1100 ut
1680 1043 1793 1114 ipse

193 1141 398 1212 aliquid
451 1151 740 1211 cognoscat
811 1141 952 1212 quod
1014 1149 1139 1197 ante
1213 1138 1538 1204 nesciebat;
1594 1135 1689 1190 sed
1737 1142 1794 1190 ut

193 1231 319 1302 ipso
348 1240 607 1300 tentante,
641 1231 693 1286 id
722 1241 804 1287 est
832 1232 1212 1302 interrogante,
1237 1229 1378 1300 quod
1408 1237 1490 1283 est
1529 1228 1584 1281 in
1613 1224 1790 1280 homi-

193 1339 261 1378 ne
290 1325 556 1378 occultum
601 1323 877 1395 prodatur.
907 1323 1024 1378 Non
1053 1323 1194 1378 enim
1223 1322 1322 1376 sibi
1352 1321 1511 1375 homo
1538 1319 1608 1373 ita
1635 1325 1788 1372 notus

194 1427 295 1482 est,
332 1427 390 1471 ut
410 1417 653 1472 Creatori
681 1431 696 1483 ;
727 1433 826 1472 nec
858 1417 934 1471 sic
961 1432 1101 1487 :eger
1125 1415 1223 1470 sibi
1275 1424 1432 1468 notus
1457 1422 1560 1478 est,
1590 1418 1647 1465 ut
1672 1423 1788 1465 me-

191 1507 330 1565 dim.
352 1508 608 1579 Egrotat
630 1509 836 1574 homo;
869 1508 982 1580 ipse
1005 1509 1221 1578 patitur,
1251 1505 1493 1560 medicus
1517 1518 1622 1557 non
1656 1500 1790 1572 pati-

189 1609 303 1668 tur;
327 1610 383 1656 et
413 1601 599 1657 abillo
623 1602 713 1672 qui
761 1615 867 1656 non
918 1600 1136 1670 patitur,
1166 1605 1440 1667 exspectat
1489 1593 1672 1649 audire
1700 1591 1790 1663 qui

192 1693 412 1760 patitur.
461 1691 589 1747 ideo
635 1691 688 1745 in
729 1690 945 1747 Psalmo
973 1690 1170 1744 clamat
1220 1687 1427 1743 homo:
1462 1683 1535 1740 Ab
1581 1683 1790 1740 occultis

194 1785 311 1838 meis
336 1788 542 1838 munda
567 1802 665 1853 me,
698 1783 916 1840 Domine
940 1783 960 1856 (
985 1782 1129 1838 Psal.
1177 1798 1327 1850 xvttl,
1355 1781 1421 1837 15
1440 1780 1481 1852 ).
1506 1780 1638 1849 Quia
1666 1785 1791 1834 sunt

188 1876 238 1932 in
273 1875 507 1931 homine
554 1876 761 1932 occulta
792 1877 890 1947 ipsi
941 1877 1142 1931 homini
1171 1875 1222 1930 in
1254 1889 1359 1945 quo
1407 1881 1570 1938 sunt;
1599 1880 1654 1928 et
1682 1886 1789 1926 non

185 1969 512 2039 procedunt,
540 1986 716 2040 neque
736 1970 1067 2040 aperiuntur,
1090 1984 1263 2039 neque
1286 1967 1651 2030 inveniuntur,
1681 1963 1786 2018 nisi

187 2060 234 2114 in
251 2060 668 2115 tentationibus.
694 2059 749 2114 Si
782 2060 922 2114 Deus
947 2069 1122 2115 cessat
1149 2067 1373 2125 tentare,
1404 2057 1657 2127 magister
1673 2069 1792 2110 ces-

185 2160 261 2205 sat
301 2151 530 2206 docere.
564 2151 672 2207 Sed
713 2153 853 2207 Deus
908 2159 1097 2216 tentat,
1151 2159 1206 2206 ut
1254 2150 1484 2215 doceat;
1547 2149 1790 2204 diabolus

188 2251 370 2310 tentat,
412 2254 477 2299 ut
531 2244 784 2312 decipiat.
835 2241 933 2299 Cui
981 2253 1158 2299 tamen
1191 2243 1292 2298 nisi
1321 2243 1410 2298 ille
1439 2242 1529 2313 qui
1557 2249 1791 2297 tentatur

189 2335 402 2392 dederit
432 2338 634 2402 locum,
655 2337 828 2392 inanis
852 2337 1070 2391 tcntatio
1085 2335 1422 2391 ctirridcnda
1450 2337 1787 2408 repellitur”.

187 2427 302 2485 Ideo
320 2431 628 2500 Apostolus
647 2447 660 2482 :
683 2429 858 2500 Neque
879 2429 1025 2496 detis,
1044 2427 1138 2496 ait,
1158 2427 1321 2482 locum
1337 2425 1538 2480 diabolo
1559 2425 1579 2500 (
1597 2426 1787 2499 Ephes.

187 2535 254 2587 ιτ,
281 2521 352 2576 27
380 2520 426 2596 ).
459 2523 598 2576 Dant
638 2531 815 2576 autem
861 2521 1038 2576 locum
1066 2519 1309 2574 homines
1335 2519 1547 2574 diabolo
1573 2535 1635 2574 ex
1663 2535 1789 2574 con-

188 2614 538 2685 cupiscentiis
559 2615 692 2668 suis.
715 2613 833 2668 Non
861 2613 1001 2668 enim
1030 2613 1470 2667 \‘idcnthomincs
1499 2610 1787 2674 diabolum,

187 2723 314 2762 cum
340 2723 451 2777 quo
474 2717 717 2777 pugnant
747 2723 762 2760 :
793 2707 892 2762 sed
942 2706 1096 2762 facile
1123 2706 1323 2760 habent
1356 2704 1674 2759 remedium.
1721 2703 1791 2758 Se

189 2800 336 2868 ipsos
376 2799 600 2852 interius
638 2798 876 2862 vincant,
928 2806 981 2852 et
1019 2798 1086 2852 de
1128 2797 1220 2853 illo
1266 2797 1395 2851 foris
1442 2794 1788 2866 triumphant.

191 2889 366 2957 Quare
394 2888 501 2944 hoc
548 2888 822 2943 dicimus?
865 2888 998 2957 Quia
1039 2889 1209 2943 nescit
1262 2904 1320 2943 se
1378 2887 1558 2954 homo,
1607 2884 1706 2939 nisi
1739 2883 1792 2938 in

191 2981 491 3037 tentatione
518 2981 692 3036 discat
712 2995 789 3037 se.
829 2982 964 3051 Cum
1006 2992 1181 3036 autem
1208 2979 1454 3035 didicerit
1483 2993 1563 3044 se,
1592 2992 1699 3032 non
1733 2992 1794 3031 se

191 3072 445 3143 negligat.
473 3071 532 3128 Si
559 3074 701 3128 enim
719 3088 777 3130 se
805 3072 1105 3144 negligebat
1132 3073 1408 3138 latentem,
1449 3087 1555 3127 non
1584 3085 1645 3126 se
1697 3084 1793 3125 ne-

192 3166 351 3237 gligat
377 3173 596 3220 notum.

259 3260 316 3316 ι.
341 3260 488 3327 Quid
525 3273 656 3331 ergo
682 3256 928 3324 dicimus,
951 3257 1175 3314 fratres?
1196 3257 1263 3314 Et
1282 3257 1605 3314 siseiebatse
1628 3256 1796 3312 Abra-

193 3351 314 3406 ham
350 3393 367 3419 ,
435 3367 538 3407 nos
593 3368 702 3406 non
761 3365 1083 3406 noveramus
1139 3349 1428 3406 Abraham.
1487 3350 1595 3405 Aut
1646 3349 1799 3418 sibi,

191 3454 282 3500 aut
321 3455 476 3501 certe
514 3445 674 3501 nobis
698 3445 1004 3517 prodendus
1029 3451 1143 3500 erat
1175 3463 1187 3498 :
1218 3444 1351 3511 sibi,
1382 3453 1438 3498 ut
1466 3445 1626 3499 sciret
1656 3443 1798 3499 unde

194 3539 400 3608 gratias
439 3550 623 3610 ageret
648 3555 662 3605 ;
693 3539 874 3604 nobis,
903 3546 958 3593 ut
987 3538 1246 3593 sciremus
1270 3537 1350 3591 vel
1379 3536 1501 3607 quid
1523 3552 1550 3590 a
1575 3536 1799 3591 Domino

193 3631 642 3701 deprecaremur,
676 3631 758 3684 vel
787 3631 914 3699 quid
946 3631 998 3686 in
1029 3629 1245 3685 homine
1270 3629 1619 3682 imitaremur.

259 3721 498 3777 CAPUT
523 3721 609 3775 Ν.
639 3751 709 3761 -
744 3721 882 3787 Quid
931 3738 1056 3790 ergo
1081 3737 1177 3776 nos
1201 3721 1361 3776 docet
1389 3719 1702 3774 Abraham?
1732 3719 1804 3774 Ut

193 3814 441 3869 brevnter
467 3814 722 3880 dicam,ut
742 3814 851 3868 Deo
870 3829 972 3867 non
994 3828 1364 3884 praeponamus
1381 3813 1519 3882 quod
1533 3812 1623 3865 dat
1642 3812 1800 3866 Deus.

193 3905 422 3961 lnteﬁm
451 3905 519 3958 ad
547 3906 757 3960 litteram
789 3921 966 3959 rerum
995 3914 1283 3975 gestarum,
1309 3913 1594 3975 antequam
1614 3911 1806 3959 tracte-

193 4001 502 4053 turlatebra
515 3999 908 4064 sacramenti,id
927 4007 1007 4053 est
1023 4000 1144 4068 quid
1161 4000 1318 4054 lateat
1335 3999 1386 4054 in
1406 3999 1508 4054 hoc
1525 3999 1800 4070 mysterio,

195 4109 294 4162 quo
325 4093 518 4161 jussus
545 4103 624 4146 est
653 4093 917 4147 Abraham
943 4091 1184 4147 occidere
1208 4094 1420 4147 unicum
1448 4091 1635 4147 lilium.
1665 4093 1805 4164 Ergo

195 4199 290 4238 nec
311 4183 449 4238 illud
477 4183 623 4254 quod
649 4183 736 4240 tibi
761 4199 854 4254 pro
873 4199 1066 4254 magno
1089 4193 1304 4253 pratsmt
1323 4185 1493 4253 Deus,
1529 4199 1805 4255 praeponas

197 4273 270 4328 illi
302 4276 396 4343 qui
449 4274 730 4344 praestitit;
755 4284 945 4331 etcum
965 4276 1060 4330 tibi
1083 4275 1306 4330 voluerit
1326 4275 1669 4342 subtrahere,
1698 4291 1807 4332 non

196 4366 294 4434 (ibi
343 4367 575 4421 vilescat
621 4383 635 4419 :
683 4367 804 4436 quia
827 4367 848 4398 ³
871 4369 1034 4438 gratis
1073 4366 1335 4423 aandus
1358 4377 1441 4423 est
1465 4369 1624 4422 Deus.
1650 4367 1808 4436 Quod

195 4460 328 4514 enim
358 4459 573 4514 dulcius
597 4473 629 4514 a
657 4459 767 4515 Deo
808 4461 1080 4530 praemium
1098 4503 1113 4528 ,
1140 4476 1299 4531 quam
1322 4461 1434 4530 ipse
1459 4461 1636 4516 Deus?

260 4556 314 4609 5.
357 4554 506 4609 Deus
558 4554 752 4608 discere
797 4555 1018 4620 dicitur,
1072 4573 1188 4611 cum
1237 4555 1361 4628 facit
1420 4563 1473 4608 ut
1523 4554 1803 4610 discantur

196 4643 324 4715 Ergo
401 4645 627 4714 impleta
709 4643 980 4701 Abraham
1067 4645 1364 4702 devotionis
1447 4646 1752 4702 obedientia
1784 4688 1801 4715 ,

196 4737 340 4792 radit
378 4753 416 4792 a
463 4737 612 4803 Deo,
657 4736 814 4793 Nunc
850 4740 1060 4810 cognoui
1102 4742 1340 4811 quoniam
1383 4749 1437 4795 tu
1467 4741 1610 4796 times
1636 4740 1801 4796 Deum

197 4829 352 4897 (Gen.
379 4846 495 4885 xm
517 4873 532 4896 ,
565 4830 680 4902 12).
711 4832 867 4898 Quod
899 4833 969 4888 ita
995 4833 1335 4903 intelligitur,
1367 4833 1508 4904 quod
1533 4834 1804 4891 Abraham

201 4922 392 4979 fecerit
421 4923 570 4979 Des
598 4932 659 4979 ut
681 4925 786 4981 sibi
813 4926 1190 4982 imtotesceret.
1217 4926 1366 4982 Sicut
1390 4929 1603 4999 quando
1632 4929 1804 5000 loqui-

195 5023 280 5070 tur
317 5015 588 5086 propheta
620 5015 969 5090 (Christianis
1010 5019 1232 5089 loquor,
1279 5020 1362 5075 vel
1404 5019 1802 5090 proficientibus

197 5107 247 5161 in
266 5107 460 5164 schola
489 5107 586 5164 Dei
610 5125 626 5173 ;
656 5124 764 5165 non
790 5117 916 5165 sunt
937 5109 1086 5165 rudia
1113 5127 1212 5166 nec
1234 5125 1373 5166 nova
1397 5126 1517 5182 qua:
1541 5112 1683 5176 dico,
1707 5112 1801 5167 sed

195 5209 383 5256 vestrae
415 5199 702 5258 Sanetitati
731 5203 1006 5258 utriscum
1035 5203 1382 5260 usitatissima
1406 5215 1461 5260 et
1481 5203 1804 5259 manifestis-

195 5290 346 5361 sima)
396 5291 619 5361 quando
647 5291 903 5363 prapheta
934 5294 1184 5364 loquitur,
1212 5295 1336 5365 quid
1363 5295 1630 5350 dicimus?
1658 5296 1804 5352 Dixit

197 5381 355 5452 Dens,
379 5384 548 5455 plane
575 5385 804 5441 dicimus
821 5385 864 5442 ι.
888 5385 1120 5442 Dicimus
1145 5387 1326 5456 etiam,
1353 5387 1494 5444 Dixit
1518 5387 1798 5460 propheta.

255 5520 1801 5589 'nicm,prazterrnisso,nonenimsictentathwreticus,suh-

192 5582 419 5646 iungunt,
447 5581 687 5644 Quomodo
708 5581 1051 5634 tentatneus?
1075 5594 1200 5636 Deus
1223 5591 1388 5647 tentat,
1418 5596 1512 5638 etc.

259 5649 277 5676 ³
296 5653 369 5695 Er.
389 5653 494 5694 Par.
521 5653 574 5695 et
592 5653 720 5698 Mss.
747 5645 906 5698 intutis
920 5652 965 5697 el
981 5647 1263 5698 irriderth
1284 5648 1512 5698 τευιιιαω

261 5649 277 5676 ³
296 5653 369 5695 Er.
389 5653 494 5694 Par.
521 5653 574 5695 et
592 5653 720 5705 Mss,
747 5648 906 5698 tumis
920 5652 965 5697 et
981 5648 1263 5702 iri-iamdiu
1284 5648 1552 5715 repellam:

261 5710 279 5740 ³
435 5711 615 5772 Regius
659 5715 711 5775 et
733 5710 944 5774 Remig.,
982 5709 1084 5775 qui.

261 5778 285 5812 ⁸
309 5787 439 5842 κω..
461 5778 580 5832 bene

1907 395 1974 450 Et
2016 403 2297 470 utrumque
2324 407 2470 455 recte
2493 399 2719 456 dicimus
2738 443 2754 470 ,
2783 409 2839 458 et
2865 408 3150 474 utrumque
3177 402 3233 458 in
3263 404 3494 459 auctori-

1901 496 2008 543 tate
2040 491 2356 547 invenimus.
2386 493 2453 547 Et
2477 494 2713 564 Apostoli
2740 496 2818 551 sic
2845 495 3226 552 intellexerunt
3251 497 3493 568 Prophe-

1899 586 1981 634 tas
2001 621 2014 644 ,
2043 589 2100 638 ut
2125 581 2362 640 dicerent
2381 627 2393 648 ,
2423 582 2567 639 Dixit
2587 584 2744 641 Deus.
2771 587 2838 642 Et
2856 587 2962 643 alio
2982 589 3118 655 loco,
3139 587 3285 644 Dixit
3303 587 3492 647 Isaias.

1899 666 2196 745 Utrumque
2236 691 2423 731 verum
2471 687 2586 744 est,
2631 678 2753 746 quia
2795 690 3077 751 utrumque
3114 681 3412 738 invenimus
3439 681 3496 738 in

1898 763 2206 836 Scripturis.
2230 767 2411 823 Solvat
2439 769 2566 823 mihi
2594 768 2912 827 christianus
2938 772 3305 843 quarstlonem,
3335 788 3494 844 quam

1897 856 2060 911 modo
2091 857 2340 929 proposui
2366 875 2380 926 ;
2414 869 2465 913 et
2495 859 2661 914 solvet
2687 860 2815 924 sibi,
2850 878 3006 932 quam
3036 864 3191 934 paulo
3220 873 3342 920 ante
3372 877 3493 934 pro-

1900 947 2070 1014 posui.
2103 947 2423 1014 Quomodo?
2448 950 2579 1018 Quia
2607 949 2747 1022 quod
2773 951 2932 1007 homo
2952 953 3077 1008 dicit
3101 953 3165 1009 de
3189 955 3329 1010 dono
3355 955 3492 1024 Dei,

1897 1035 2037 1092 Deus
2059 1038 2187 1093 dicit
2210 1057 2222 1094 :
2247 1042 2536 1096 secundum
2565 1041 2692 1097 illud
2711 1085 2726 1106 ,
2757 1040 2879 1097 Non
2904 1044 3037 1100 enim
3063 1062 3147 1100 vos
3173 1047 3288 1100 estis
3307 1046 3394 1117 qui
3419 1047 3495 1100 lo-

1896 1129 2106 1198 quimiui
2146 1129 2354 1202 (Matth.
2400 1149 2462 1199 x,
2507 1133 2633 1204 20),
2679 1144 2732 1192 et
2770 1144 3000 1203 caetera;
3029 1145 3083 1192 et
3112 1138 3330 1207 iterum,
3359 1137 3495 1196 Ecce

1897 1237 1987 1292 ego
2043 1221 2237 1279 Paulus
2283 1226 2462 1296 loquor
2503 1228 2641 1282 vobis
2686 1227 2881 1299 (Galat.
2928 1246 2992 1296 ν,
3037 1228 3135 1300 2);
3177 1240 3233 1286 et
3268 1233 3490 1302 iterum,

1897 1311 2127 1369 Christus
2153 1317 2238 1386 qui
2266 1317 2317 1370 in
2343 1335 2422 1372 me
2447 1319 2671 1387 loquitur
2699 1319 2764 1394 (11
2793 1318 2910 1375 Cor.
2944 1336 3070 1386 xm,
3097 1320 3177 1393 '5).

1965 1402 2192 1463 CAPUT
2236 1407 2297 1461 ν.
2331 1440 2400 1449 —
2425 1408 2568 1481 Ergo
2593 1413 2744 1466 istam
2773 1411 3006 1484 regulam
3025 1454 3041 1480 ,
3069 1411 3296 1481 fratres,
3318 1421 3494 1472 trans-

1895 1497 2028 1554 fertc
2074 1500 2139 1556 ad
2186 1501 2315 1557 illud
2359 1503 2500 1575 quod
2537 1503 2820 1578 aliquando
2859 1514 3153 1563 tortuosum
3180 1505 3492 1578 videbatur,

1894 1601 1946 1649 et
1978 1601 2182 1649 rectum
2208 1596 2329 1650 erit.

1966 1684 2021 1740 6.
2041 1683 2339 1757 Expectatio
2359 1687 2428 1742 ad
2448 1686 2631 1744 Deum.
2656 1688 2810 1745 illum
2827 1705 2954 1763 ergo
2969 1705 3156 1746 omnes
3171 1690 3492 1761 intueamur,

1891 1786 1951 1834 ut
1994 1780 2291 1836 esurientes
2335 1782 2540 1838 animas
2584 1791 2796 1839 nostras
2842 1783 2929 1839 ille
2967 1793 3180 1857 pascat,
3234 1783 3326 1855 qui
3365 1799 3493 1840 esu-

1891 1869 2017 1924 rivit
2086 1881 2300 1942 propter
2379 1888 2515 1940 nos;
2589 1875 2679 1946 qui
2745 1891 2946 1948 pauper
2998 1875 3171 1932 factus
3205 1884 3321 1944 est,
3369 1891 3493 1934 cum

1893 1959 2042 2016 dives
2084 1971 2225 2018 esset
2255 2003 2270 2028 ,
2315 1972 2373 2019 ut
2403 1964 2570 2036 ipsius
2622 1977 2930 2038 paupertate
2981 1983 3079 2024 nos
3106 1968 3398 2024 ditaremur
3425 1967 3494 2042 (ll

1893 2051 2012 2108 Cor.
2065 2070 2177 2121 vm,
2228 2053 2307 2128 9).
2357 2056 2667 2128 Opportune
2713 2058 2780 2114 ad
2823 2074 2945 2114 eum
3000 2061 3160 2132 paulo
3191 2070 3318 2115 ante
3361 2074 3491 2116 can-

1893 2147 2119 2202 lavimus
2165 2166 2177 2202 :
2212 2148 2396 2203 Omnia
2433 2159 2540 2208 ate
2581 2150 2600 2184 ⁸
2631 2161 2952 2222 exspectant,
2991 2161 3047 2205 ut
3086 2152 3174 2208 des
3197 2151 3302 2207 illis
3330 2168 3494 2206 escam

1891 2239 1946 2293 in
1995 2249 2215 2310 tempore
2252 2248 2536 2311 opportuno
2582 2239 2755 2314 (Psal.
2812 2257 2905 2298 cm
2946 2284 2960 2310 ,
3015 2241 3134 2313 27).
3184 2243 3239 2299 Si
3283 2242 3491 2310 omnia,

1893 2344 2082 2387 omnes
2125 2347 2139 2386 :
2185 2332 2229 2385 si
2268 2346 2456 2388 omnes
2480 2373 2494 2398 ,
2540 2341 2596 2388 et
2620 2347 2736 2388 nos.
2767 2331 2886 2387 Non
2911 2348 3037 2404 ergo
3062 2333 3107 2390 si
3135 2334 3258 2405 quid
3290 2333 3414 2388 boni
3440 2334 3492 2389 in

1894 2437 2141 2476 sermone
2183 2421 2356 2477 daturi
2393 2439 2613 2492 sumus,
2653 2438 2750 2479 nos
2785 2423 3060 2492 dabimus,
3089 2425 3184 2481 sed
3213 2426 3301 2481 ille
3327 2441 3356 2479 a
3387 2440 3493 2496 quo

1893 2527 2082 2567 omnes
2123 2513 2448 2583 accipimus;
2493 2517 2615 2586 quia
2641 2530 2828 2570 omnes
2854 2517 2918 2570 ad
2945 2532 3065 2572 eum
3092 2527 3489 2588 exspectamus.

1894 2601 2126 2673 Tempus
2153 2613 2235 2659 est
2253 2646 2268 2671 ,
2295 2605 2384 2660 det
2415 2623 2429 2660 :
2457 2605 2550 2662 sed
2579 2605 2832 2661 faciamus
2855 2608 2994 2677 quod
3016 2608 3182 2674 dixit,
3211 2620 3267 2662 ut
3291 2607 3414 2673 det;
3439 2605 3494 2663 id

1896 2703 2006 2760 est,
2049 2707 2424 2765 exspectemus
2462 2697 2527 2751 ad
2566 2713 2724 2765 eum,
2768 2697 2938 2772 ipsum
2966 2699 3126 2754 corde
3152 2699 3490 2755 intueamur:

1895 2786 2015 2856 quia
2045 2787 2181 2841 sicut
2207 2788 2348 2842 oculi
2376 2789 2618 2859 corporis
2636 2799 2690 2844 et
2707 2805 2863 2844 aures
2884 2789 2947 2843 ad
2972 2805 3087 2856 nos,
3112 2789 3180 2844 ita
3209 2791 3343 2845 oculi
3369 2805 3492 2846 cor-

1895 2877 1978 2932 dis
1997 2887 2050 2934 et
2071 2893 2227 2934 aures
2248 2878 2312 2933 ad
2335 2879 2506 2935 illum.
2533 2879 2753 2935 Patente
2782 2897 2910 2937 aure
2927 2883 2948 2914 ³
2977 2882 3153 2938 cordis
3179 2882 3357 2937 audite
3376 2900 3492 2938 ma-

1895 2983 2058 3040 gnum
2099 2978 2514 3025 sacramentum.
2541 2971 2730 3026 Omnia
2756 2972 2968 3043 quidem
2997 2981 3328 3028 sacramenta
3355 2973 3495 3028 divi-

1901 3075 2088 3116 narum
2119 3060 2515 3131 Scripturarum
2541 3053 2720 3134 utique
2741 3080 2927 3136 magna
2956 3075 3113 3136 atque
3134 3066 3310 3122 divina
3331 3075 3454 3122 sunt
3477 3084 3492 3121 :

1896 3165 2019 3212 sunt
2040 3163 2217 3211 tamen
2244 3155 2551 3227 insigniora,
2580 3158 2852 3230 magisque
2875 3160 3157 3230 praecipua,
3180 3176 3300 3230 qua:
3321 3159 3492 3215 maxi-

1898 3263 1985 3304 me
2005 3248 2240 3304 intentos
2255 3263 2354 3303 nos
2371 3248 2699 3316 desiderant,
2729 3259 2783 3306 et
2809 3266 2926 3322 quae
2952 3267 3060 3321 prtc
3090 3252 3296 3307 caeteris
3321 3250 3487 3307 aedili-

1903 3350 2027 3397 cant
2052 3342 2228 3412 lapsos
2246 3383 2263 3410 ,
2287 3343 2481 3398 satiant
2504 3344 2800 3398 esurientes
2825 3362 2839 3400 :
2861 3344 2947 3415 qui
2973 3360 3075 3399 non
3105 3344 3174 3399 ita
3196 3346 3457 3402 satiantur
3473 3386 3491 3416 ,

1901 3433 1958 3490 ut
1987 3435 2293 3501 fastidiant;
2323 3434 2414 3491 sed
2436 3443 2495 3490 ut
2518 3436 2586 3490 sit
2607 3435 2822 3491 satietas
2843 3437 2957 3491 sine
2978 3436 3188 3491 fastidio
3220 3437 3262 3504 ⁸,
3290 3437 3494 3507 pellens

1902 3526 2136 3596 inepiam
2158 3567 2173 3592 ,
2199 3541 2305 3580 non
2336 3541 2618 3582 assumens
2645 3537 3027 3598 contemptum.
3057 3527 3224 3596 Quem
3252 3543 3356 3582 non
3382 3542 3499 3582 mo-

1901 3617 2221 3688 veatjussus
2243 3616 2504 3672 immolari
2528 3619 2715 3673 unicus
2742 3617 2882 3672 illius
2903 3617 2952 3673 ei
2972 3661 2986 3685 ,
3014 3633 3044 3672 a
3074 3633 3180 3689 quo
3203 3604 3498 3688 promissus

1904 3711 2028 3766 est?
2056 3710 2122 3764 Et
2151 3710 2380 3764 maxime
2405 3725 2492 3765 res
2515 3709 2585 3764 ita
2607 3721 2754 3780 gesta
2775 3752 2790 3775 ,
2817 3718 2875 3765 ut
2903 3709 3202 3765 audivimus
3223 3752 3238 3780 ,
3265 3711 3497 3768 intentos

1908 3801 2116 3856 animos
2141 3801 2267 3856 facit
2289 3801 2353 3856 ad
2376 3801 2722 3871 quaerendum
2744 3801 2936 3872 exponi
2960 3809 3370 3858 sacramentum.

1976 3894 2201 3951 CAPUT
2234 3894 2490 3950 Vl.——7.
2541 3893 2928 3963 Scripturarum
2972 3895 3151 3967 ﬁgura:
3189 3894 3335 3950 rebus
3378 3911 3494 3950 vere

1907 3988 2058 4060 gestis
2104 3988 2372 4044 inhterenl.
2424 3988 2564 4044 Ante
2610 3988 2787 4044 omnia
2817 3997 2992 4046 tamen
3016 4031 3029 4055 ,
3063 3988 3285 4054 fratres,
3313 3989 3500 4048 hocin

1907 4084 2123 4138 nomine
2166 4083 2372 4138 Domini
2401 4092 2456 4138 et
2483 4082 2832 4138 admonemus
2852 4125 2868 4152 ,
2897 4092 3150 4154 quantum
3181 4099 3494 4154 possumus,

1909 4183 1964 4230 et
1984 4176 2340 4246 prmeipimus,
2365 4183 2421 4229 ut
2444 4174 2658 4246 quando
2679 4175 2874 4231 auditis
2895 4177 3088 4247 exponi
3106 4185 3498 4232 sacramentum

1909 4267 2199 4340 Scriptura:
2234 4269 2500 4325 narrantis
2525 4285 2645 4340 qua:
2669 4277 2813 4342 gesta
2843 4278 3000 4339 sunt,
3029 4271 3176 4341 prius
3201 4269 3327 4325 illud
3354 4268 3498 4342 quod

1908 4362 2100 4418 lectum
2131 4371 2212 4417 est
2237 4362 2466 4418 credatis
2493 4363 2570 4418 sic
2591 4373 2798 4433 gestum
2823 4406 2837 4432 ,
2862 4364 3129 4436 quomodo
3155 4363 3352 4419 lectum
3375 4372 3457 4418 est
3479 4380 3497 4431 ;

1908 4468 1976 4510 ne
2018 4453 2291 4509 subtracto
2336 4453 2678 4510 fundamento
2716 4455 2795 4510 rei
2837 4463 3035 4526 gestaa,
3078 4455 3228 4525 quasi
3276 4455 3327 4508 in
3373 4470 3498 4510 aere

1908 4549 2157 4617 quaeratis
2193 4545 2481 4602 aediﬁcare.
2524 4547 2793 4602 Abraham
2819 4557 2968 4620 pater
2993 4555 3173 4604 noster
3200 4546 3360 4604 homo
3387 4555 3500 4602 erat

1909 4638 2013 4694 illis
2053 4639 2379 4708 temporibus
2419 4638 2591 4693 fidelis
2614 4680 2629 4706 ,
2663 4639 2889 4696 credens
2918 4639 3027 4695 Deo
3049 4681 3064 4706 ,
3087 4638 3406 4710 justiticatns
3430 4654 3498 4694 ex

1907 4728 2048 4798 fide,
2091 4731 2230 4786 sicut
2272 4731 2546 4803 Scriptura
2591 4730 2761 4798 dicit,
2809 4743 2864 4787 ct
2903 4740 3057 4787 vetus
3097 4741 3151 4786 et
3176 4747 3309 4785 nova
3337 4728 3492 4799 (Cen.

1906 4842 1978 4881 xv
2000 4869 2014 4894 ,
2049 4825 2114 4892 6;
2147 4824 2298 4881 Rom.
2329 4842 2414 4894 tv,
2443 4827 2510 4893 5,
2541 4834 2589 4879 et
2620 4823 2791 4879 Galat.
2823 4841 2914 4892 ili,
2946 4825 3024 4896 6).
3055 4824 3300 4895 Suscepit
3329 4822 3497 4878 ﬁlium

1906 4918 1974 4974 de
2003 4917 2133 4973 Sara
2164 4933 2330 4972 uxore
2353 4959 2367 4984 ,
2392 4916 2502 4988 jam
2525 4918 2578 4972 in
2602 4924 2879 4972 senectute
2901 4916 3139 4986 utrisque
3159 4914 3461 4969 constitutis
3477 4956 3495 4982 ,

1904 5025 1970 5065 ex
1996 5023 2182 5079 magna
2203 5008 2591 5078 desperatione,
2624 5007 2718 5064 sed
2747 5005 3343 5067 secundumhominem.
3362 5004 3500 5074 Quid
3530 5063 3546 5072 ,

1906 5111 2084 5156 autem
2110 5100 2178 5156 de
2203 5100 2315 5156 Deo
2345 5117 2450 5156 non
2479 5101 2800 5172 sperandum
2822 5143 2836 5169 ,
2865 5102 2950 5156 cui
2977 5100 3192 5156 difficile
3219 5099 3349 5155 nihil
3377 5108 3459 5156 cst
3484 5118 3497 5155 :

1905 5196 1994 5264 qui
2017 5193 2094 5248 sic
2116 5193 2239 5248 facit
2260 5209 2470 5264 magna,
2493 5195 2763 5266 quomodo
2785 5210 2948 5266 parva
2973 5209 2988 5260 ;
3011 5193 3089 5248 sic
3109 5188 3500 5249 suscitat'moro

1907 5294 2046 5352 tuos,
2071 5285 2338 5356 quomodo
2359 5294 2505 5342 creat
2527 5287 2721 5346 vivos?
2748 5288 2806 5346 Si
2833 5287 3006 5360 pictor
3023 5285 3214 5345 eadem
3235 5296 3350 5346 arte
3366 5285 3503 5344 facit

1971 5465 1988 5496 ι
2014 5471 2174 5525 Forte,
2197 5463 2348 5516 σάτα.

1969 5529 2167 5592 ξιτοιοιθ,
2191 5528 2255 5592 ad
2278 5526 2419 5578 illum
2448 5533 2628 5592 patent.
2663 5538 2802 5591 Aure,
2829 5538 2924 5584 etc.

1971 5591 1994 5653 ξ
2014 5591 2088 5639 sic
2109 5591 2286 5653 Regius
2305 5597 2386 5653 Ms.
2414 5599 2470 5653 At
2485 5592 2797 5653 tternigiensis
2818 5607 2926 5643 cum
2940 5595 3076 5644 Ulim.
3098 5601 3150 5645 et
3164 5600 3290 5652 Lov.,
3314 5605 3407 5644 non
3427 5601 3497 5646 tta

1904 5652 2154 5713 satientur,
2182 5651 2235 5721 :ut
2258 5651 2524 5721 fastidiant,
2550 5651 2639 5705 sed
2654 5652 2720 5721 sit
2743 5655 2936 5721 satietas
2972 5657 3074 5721 sine
3104 5651 3320 5721 fastidio.
3343 5661 3417 5721 Er.
3444 5665 3498 5710 et

1906 5723 2157 5842 PMan
2176 5715 2535 5783 ita'saticntur,
2573 5723 2624 5770 ut
2654 5716 2931 5785 fastidiant,
2963 5720 3052 5774 sed
3080 5715 3175 5771 rion
3200 5717 3264 5773 sit
3299 5717 3499 5776 satietas
