4002 6436
541 370 600 429 3i
1767 372 1824 427 S.
1865 364 2230 431 AUGUSTINI
2268 368 2570 431 EI’ISCOPI
3739 379 3819 441 82

538 506 791 559 murem,
837 506 941 562 qua
987 489 1321 561 elephantem
1368 487 1598 561 (diversa
1641 502 1803 558 opera
1832 529 1848 557 ,
1895 486 1989 543 sed
2030 502 2118 543 ars

536 600 642 641 una
673 583 752 655 ¹);
794 594 994 656 quanto
1027 586 1194 657 magis
1235 584 1376 640 Deus
1408 584 1499 655 qui
1526 582 1686 648 dixit,
1714 592 1769 639 et
1794 582 1929 639 facta
1955 591 2116 649 sunt;

536 677 824 746 mandavit,
856 686 911 734 et
928 686 1105 733 creata
1126 687 1248 733 sunt
1270 674 1442 747 (Psal.
1467 690 1686 743 chviu,
1708 675 1803 747 5)?
1826 673 1963 744 Quid
1981 671 2121 730 diffi-

534 779 638 826 cile
674 770 827 834 facit,
870 771 959 840 qui
982 770 1143 825 verbo
1169 769 1335 824 facit?
1360 768 1471 835 Qua
1498 767 1750 823 facilitate
1782 768 1980 824 creavit
2004 768 2117 822 An-

540 864 690 933 gelos
717 862 853 919 ultra
881 863 1048 919 caelos
1067 905 1081 929 ,
1105 878 1168 919 ea
1194 861 1442 917 facilitate
1464 861 1743 916 luminaria
1762 861 1816 915 in
1837 861 1987 916 caelis
2011 902 2026 929 ,
2053 874 2117 916 ea

535 953 786 1011 facilitate
808 956 981 1025 pisces
1004 956 1058 1010 in
1083 954 1240 1022 mari,
1264 968 1326 1010 ea
1344 952 1592 1009 facilitate
1607 952 1824 1009 arbores
1841 962 1896 1009 et
1915 951 2118 1007 anima-

532 1047 605 1102 lia
634 1048 686 1102 in
715 1059 853 1104 terra
879 1065 894 1103 :
923 1063 985 1104 ea
1011 1047 1260 1103 facilitate
1286 1062 1473 1117 magna
1493 1089 1508 1115 ,
1538 1061 1640 1117 qua
1664 1060 1844 1117 parva.
1872 1044 1969 1101 Cui
1990 1058 2117 1115 ergo

533 1148 721 1195 cuncta
751 1139 1059 1196 facillimum
1082 1138 1180 1194 fuit
1200 1137 1376 1194 facere
1404 1137 1473 1193 de
1493 1137 1659 1192 nihilo
1674 1177 1689 1205 ,
1715 1135 2016 1191 mirandum
2036 1141 2120 1189 est

531 1234 654 1302 quia
692 1233 838 1287 dedit
872 1233 1090 1289 senibus
1129 1231 1337 1287 ﬁlium?
1380 1230 1534 1286 Tales
1564 1244 1693 1301 ergo
1721 1229 1842 1283 illos
1867 1228 2011 1282 viros
2032 1224 2116 1281 vel

531 1324 650 1379 illos
690 1324 933 1380 homines
964 1322 1194 1379 habebat
1223 1325 1394 1390 Deus,
1424 1332 1479 1379 et
1502 1322 1591 1377 illo
1622 1331 1859 1390 tempore
1880 1320 2011 1374 tales
2033 1317 2114 1373 fe-

531 1424 677 1470 cerat
698 1430 973 1485 praecones
993 1416 1130 1473 Filio
1149 1426 1394 1482 venturo,
1418 1421 1476 1469 ut
1494 1429 1603 1469 non
1623 1413 1794 1468 solum
1820 1411 1872 1465 in
1893 1410 1977 1465 his
1996 1424 2116 1481 quae

530 1508 808 1578 dicebant,
850 1508 949 1565 sed
982 1510 1145 1566 etiam
1176 1508 1229 1564 in
1256 1509 1340 1564 his
1367 1523 1485 1580 qua:
1510 1506 1808 1572 faciebant,
1840 1504 1922 1559 vel
1953 1504 2005 1559 in
2031 1501 2116 1558 his

529 1616 647 1670 qua:
678 1601 781 1656 illis
807 1600 1153 1669 accidebant,
1176 1601 1421 1657 Christus
1442 1609 1709 1671 quaeratur
1728 1641 1743 1665 ,
1771 1598 2014 1654 Christus
2035 1597 2116 1651 in-

530 1692 771 1747 veniatur
795 1695 838 1747 ¹.
883 1692 1148 1763 Quidquid
1184 1691 1459 1763 Scriptura
1481 1691 1609 1746 dicit
1636 1690 1702 1745 de
1729 1688 1995 1745 Abraham
2015 1729 2031 1755 ,
2062 1696 2118 1743 et

530 1784 724 1840 factum
746 1794 848 1853 est,
874 1795 928 1841 et
951 1785 1229 1856 prOphetia
1257 1794 1341 1842 est
1370 1802 1384 1839 :
1414 1782 1555 1841 sicut
1576 1782 1865 1853 Apostolus
1884 1779 2115 1851 quodam

530 1873 649 1931 loco
669 1877 831 1945 dicit,
857 1876 1122 1947 Scriptum
1148 1886 1220 1931 est
1245 1877 1378 1931 enim
1395 1876 1531 1945 quod
1554 1874 1811 1930 Abraham
1835 1873 1963 1927 duos
1983 1871 2117 1937 [ilics

528 1967 745 2035 habuit;
790 1986 947 2025 unum
987 1970 1051 2024 de
1089 1970 1311 2036 ancilla,
1352 1976 1399 2024 et
1439 1970 1654 2023 alterum
1692 1967 1755 2023 de
1782 1965 1936 2021 libera
1961 1982 1978 2018 :
2002 1980 2117 2035 quas

527 2070 646 2114 sunt
674 2060 725 2113 in
746 2062 1010 2133 allegoria.
1038 2060 1162 2116 Haec
1182 2078 1297 2133 ergo
1317 2068 1434 2115 sunt
1453 2061 1553 2115 duo
1575 2058 1898 2116 Testamenta
1918 2056 2113 2129 (Galat.

527 2166 611 2218 tv,
636 2152 740 2218 22,
768 2153 881 2225 24).

598 2244 825 2301 CAPUT
853 2245 1096 2304 Vll.—8.
1124 2244 1296 2303 Isaaci
1322 2245 1535 2303 historia
1556 2254 1605 2302 et
1623 2262 1739 2301 uera
1759 2254 1831 2301 est
1850 2254 1897 2301 et
1926 2244 2115 2317 ﬁgura-

528 2337 647 2391 tiva.
692 2337 809 2393 iam
850 2354 979 2410 ergo
1002 2355 1109 2397 non
1136 2340 1500 2411 imprudenter
1522 2339 1543 2372 ³
1570 2338 1797 2396 dicimus
1821 2339 1945 2409 quia
1973 2337 2118 2392 Isaac

527 2436 583 2483 et
602 2438 758 2484 natus
777 2440 860 2486 est
880 2431 1129 2499 Abrahae,
1152 2441 1208 2489 et
1225 2430 1425 2504 aliquid
1444 2430 1777 2501 significavit.
1801 2430 1949 2486 Sicut
1964 2429 2121 2485 etim-

530 2523 735 2578 molare
777 2522 942 2579 filium
958 2524 1140 2596 jussus
1160 2525 1495 2596 obtemperat
1522 2526 1633 2581 Deo
1650 2567 1665 2590 ,
1688 2524 1930 2595 perducit
1948 2522 2014 2579 ad
2037 2524 2117 2579 lo-

527 2626 651 2667 cum
671 2654 686 2681 ,
717 2616 959 2684 pervenit
998 2615 1172 2672 triduo
1192 2656 1208 2683 ,
1235 2616 1454 2673 dimittit
1473 2616 1608 2672 duos
1636 2630 1821 2671 servos
1846 2630 1971 2671 suos
1996 2630 2117 2671 cum

526 2702 786 2775 jumento,
803 2706 973 2777 pergit
988 2707 1102 2776 ipse
1116 2723 1221 2778 quo
1237 2708 1379 2764 Deus
1395 2715 1749 2779 praeceperat;
1768 2708 1909 2763 levat
1919 2707 2118 2778 lignum

528 2795 583 2851 in
611 2798 800 2866 altare,
823 2799 961 2856 levat
990 2801 1155 2857 filium
1186 2817 1347 2872 super
1364 2800 1587 2871 lignum.
1612 2803 1913 2872 Antequam
1940 2801 2119 2857 veniat

527 2888 666 2946 ﬁlius
681 2891 747 2946 ad
762 2891 935 2948 locum
951 2893 1401 2965 sacrificii,portat
1414 2894 1612 2965 lignum
1627 2909 1733 2965 quo
1754 2894 2006 2949 levandus
2016 2902 2117 2949 est.

530 2981 738 3039 Deinde
758 3000 879 3040 cum
903 2988 1011 3055 jam
1039 3002 1177 3056 pene
1204 2987 1450 3044 feriretur
1468 3029 1482 3053 ,
1514 2996 1669 3043 sonat
1692 3003 1795 3043 vox
1813 3028 1829 3055 ,
1851 2996 1911 3043 ut
1934 3003 2120 3058 parca-

533 3082 619 3129 tur
646 3094 659 3129 :
685 3084 740 3130 et
762 3092 867 3133 non
895 3087 1072 3133 tamen
1092 3080 1209 3135 sine
1229 3078 1490 3135 sacrificio
1509 3088 1564 3136 et
1583 3080 1700 3135 sine
1720 3080 1975 3151 sanguine
1998 3079 2120 3137 fuso

527 3169 814 3225 receditur.
853 3170 1089 3240 Apparet
1113 3172 1253 3228 aries
1278 3171 1333 3227 in
1356 3187 1519 3242 vepre
1542 3170 1808 3228 inhaerens
1832 3172 2083 3228 cornibus
2103 3215 2118 3241 ,

528 3262 872 3329 immolatur,
913 3267 1183 3336 peragitur
1222 3264 1563 3321 sacrificium.
1608 3265 1833 3322 Peracto
1856 3265 2119 3322 sacrificio

530 3352 723 3409 dicitur
762 3355 829 3410 ad
859 3355 1127 3412 Abraham
1159 3374 1172 3411 :
1206 3355 1366 3411 Facio
1395 3374 1565 3412 semen
1592 3366 1763 3424 tuum,
1793 3359 1920 3413 sicut
1947 3358 2120 3413 stellas

529 3446 641 3499 caeli
677 3455 725 3499 et
752 3463 957 3501 arenam
983 3447 1140 3501 maris
1162 3465 1181 3514 ;
1208 3457 1252 3503 et
1276 3448 1511 3502 obtinebit
1537 3465 1705 3507 semen
1732 3460 1873 3503 tuum
1896 3449 2119 3505 civitates

528 3536 971 3604 adversariorum;
1015 3548 1061 3593 et
1105 3540 1453 3594 benedicentur
1497 3539 1551 3594 in
1593 3541 1780 3597 semine
1823 3550 1908 3595 tuo
1948 3557 2119 3596 omnes

529 3637 696 3697 gentes
721 3639 886 3697 terrae,
916 3647 973 3685 eo
994 3632 1129 3702 quod
1157 3632 1409 3688 exaudisti
1429 3649 1597 3687 vocem
1621 3650 1785 3687 meam
1806 3632 1957 3704 (Gen.
1978 3648 2115 3702 xm,

535 3718 601 3772 l7
619 3729 665 3773 et
702 3720 812 3792 18).
854 3721 986 3777 Vide
1009 3737 1136 3793 ergo
1163 3722 1377 3793 quando
1398 3714 1601 3779 factum
1621 3732 1722 3789 est,
1743 3733 1797 3779 et
1819 3723 2032 3794 quando
2059 3723 2120 3779 fit

529 3813 968 3868 commemoratio
1008 3813 1130 3869 facti
1168 3814 1355 3884 ipsius.
1397 3813 1621 3883 Quando
1660 3815 1788 3870 dicit
1814 3815 1900 3871 ille
1924 3815 2116 3885 Aries,

530 3902 791 3960 Foderunt
814 3924 992 3961 manus
1017 3923 1152 3964 meas
1176 3918 1223 3963 et
1244 3908 1394 3979 pedes
1413 3918 1643 3975 meos,'et
1661 3920 1873 3965 caetera.
1894 3909 2119 3976 Quando

532 4006 804 4063 peractum
834 4007 916 4052 est
940 3997 1067 4052 illud
1093 3999 1147 4053 in
1173 3999 1386 4054 Psalmo
1410 4000 1751 4066 sacrificium,
1780 4011 1907 4055 tunc
1925 4002 1978 4055 in
2003 4003 2120 4071 ipso

531 4084 742 4140 Psalmo
775 4086 973 4142 dictum
1007 4098 1120 4156 est,
1150 4088 1683 4144 Commemorabuntur
1707 4101 1753 4143 et
1776 4099 2122 4144 convertentur

531 4176 599 4229 ad
631 4176 902 4232 Dominum
930 4180 1144 4233 universi
1172 4180 1299 4249 ﬁnes
1324 4191 1501 4245 terrm;
1529 4191 1573 4235 et
1602 4182 1883 4235 adorabunt
1912 4183 1966 4235 in
1994 4199 2119 4237 con-

531 4280 701 4339 spectu
742 4273 850 4341 ejus
893 4272 1138 4326 universa:
1178 4275 1358 4344 patria:
1396 4275 1617 4344 gentium
1652 4290 1670 4327 :
1699 4275 1937 4344 quoniam
1962 4276 2121 4346 ipsius

532 4372 604 4416 est
631 4380 869 4434 regnum,
895 4373 942 4417 et
964 4366 1072 4435 ipse
1096 4365 1436 4419 dominabitur
1457 4368 1681 4437 gentium
1703 4365 1872 4439 (Psal.
1892 4384 2003 4434 χιι,
2030 4370 2116 4436 17,

531 4454 601 4509 28
619 4464 664 4509 el
684 4453 799 4524 29).
820 4455 879 4511 Si
900 4458 1438 4523 commemorabuntur,
1465 4457 1664 4513 dictum
1690 4471 1790 4527 est,
1824 4460 2118 4531 prmsigna-

534 4553 645 4599 tum
674 4556 757 4601 est
783 4546 1066 4618 aliquando
1087 4546 1109 4578 ⁸
1129 4590 1144 4615 ,
1177 4548 1318 4618 quod
1350 4548 1464 4604 fieri
1487 4550 1595 4618 jam
1625 4550 1886 4606 videmus.

603 4638 828 4697 CAPUT
856 4639 989 4695 VIII.
1010 4671 1081 4680 —
1107 4641 1161 4698 9.
1189 4639 1497 4711 Justi/icatio
1521 4661 1586 4698 ea:
1612 4644 1714 4716 [ide
1736 4644 1844 4700 sine
1868 4645 2119 4715 operibus.

538 4731 825 4787 Videamus
888 4748 1014 4803 ergo
1075 4734 1343 4804 quomodo
1383 4736 1657 4806 impletum
1706 4736 1827 4804 sit,
1885 4746 1939 4793 et
1982 4737 2123 4794 unde

533 4826 807 4896 impletum
837 4868 853 4895 ,
918 4842 1023 4898 quo
1088 4828 1424 4898 praecedente
1487 4830 1748 4888 sacrificio
1812 4831 2117 4902 impletum,

533 4918 676 4987 quod
741 4918 938 4975 dictum
1012 4929 1095 4975 est
1133 4919 1396 4986 Abraltaz,
1434 4921 1499 4975 In
1546 4924 1731 4978 semine
1782 4932 1868 4979 tuo
1916 4925 2122 4980 benedi-

533 5017 707 5062 centur
778 5026 948 5065 onmes
1024 5020 1211 5081 gentes.
1273 5011 1478 5067 Felices
1539 5022 1723 5083 gentes
1750 5055 1767 5082 ,
1829 5032 1947 5086 qua:
1994 5016 2120 5074 illud

532 5118 639 5158 non
678 5104 989 5174 audierunt,
1032 5115 1086 5163 et
1122 5122 1265 5163 nunc
1303 5107 1539 5178 legentes
1579 5110 1945 5179 crediderunt,
1979 5113 2122 5182 quod

532 5194 757 5250 credidit
786 5197 873 5252 ille
902 5198 991 5267 qui
1021 5198 1239 5253 audivit.
1269 5197 1494 5254 Credidit
1519 5200 1660 5257 enim
1689 5202 1945 5256 Abraham
1970 5202 2080 5259 Deo
2101 5245 2118 5271 ,

532 5294 580 5339 et
608 5296 896 5357 reputatum
922 5300 993 5343 est
1021 5290 1098 5344 illi
1123 5290 1190 5343 ad
1208 5292 1465 5361 justitiam
1482 5336 1498 5360 ,
1528 5303 1572 5347 et
1600 5294 1793 5349 amicus
1816 5294 1911 5349 Dei
1938 5297 2120 5366 appel-

534 5376 668 5433 latus
711 5387 782 5434 est
812 5378 1013 5449 (Jacobi
1040 5398 1075 5437 ιι
1096 5425 1110 5452 ,
1139 5383 1256 5456 25).
1285 5386 1434 5454 Quod
1461 5386 1685 5442 credidit
1715 5388 1824 5443 Deo
1847 5430 1863 5453 ,
1896 5388 2037 5444 intus
2065 5389 2121 5444 in

532 5495 617 5605 se;
638 5494 830 5606 stega.
856 5500 931 5543 Er.
955 5502 1058 5546 Par.
1086 5505 1139 5548 et
1153 5506 1257 5550 Mss.
1282 5503 1339 5547 Al.
1359 5495 1497 5548 Ulim.
1524 5506 1575 5549 et
1597 5506 1726 5562 Lov.,
1749 5499 1938 5552 diverso
1957 5513 2119 5564 opere,

642 5570 699 5605 ar
831 5571 877 5605 α.

642 5570 745 5605 arte
764 5570 877 5605 una.

593 5620 612 5648 ²
637 5617 769 5689 ulim.
788 5625 850 5689 _e_t
870 5627 980 5689 l_.ov.
1012 5619 1215 5679 addunt,
1246 5621 1462 5674 Christus
1483 5622 1809 5687 intelligatur;
1832 5625 1961 5689 quod
1979 5626 2123 5677 abest

530 5691 557 5728 a
573 5682 764 5729 caeteris
786 5680 938 5729 libris.

594 5742 614 5807 ἒ
639 5748 767 5803 Mss,
783 5754 875 5807 non
899 5741 1219 5807 impudenter.

530 5804 772 5918 “1);:le
795 5804 1055 5868 aliquaildo
1074 5804 1306 5867 [αεωωπο
1332 5814 1450 5871 Vox.
1466 5810 1703 5875 futurum,
1717 5810 1861 5864 abest
1878 5822 1912 5875 7a
1928 5818 2122 5865 caeteras

2222 487 2417 556 corde,
2471 489 2524 543 in
2572 486 2684 543 sola
2725 487 2829 545 fide
2869 497 2953 546 est
2994 506 3008 545 :
3050 488 3192 563 quod
3220 496 3402 549 autem
3428 490 3815 552 immolandum

2222 576 2374 633 duxit
2397 578 2586 645 filium,
2613 578 2753 650 quod
2780 580 3074 652 intrepidus
3099 582 3377 639 dexteram
3397 586 3643 653 armavit,
3664 584 3813 656 quod

2218 668 2329 739 jam
2356 668 2575 736 feriret,
2610 671 2711 726 nisi
2738 688 2869 729 voce
2894 682 3195 742 teneretur,
3226 690 3418 747 magna
3438 675 3572 732 fides
3595 687 3678 733 est
3703 678 3814 733 uti-

2223 777 2325 832 que
2344 804 2360 830 ,
2391 773 2446 820 et
2466 780 2714 837 magnum
2744 784 2880 839 opus
2912 789 2925 826 :
2955 779 3009 827 et
3036 770 3211 842 ipsum
3238 787 3372 843 opus
3392 771 3623 827 laudavit
3644 772 3812 840 Deus,

2221 869 2342 910 cum
2384 856 2617 925 diceret,
2664 861 2915 927 Quoniam
2953 865 3204 919 mudisti
3228 880 3396 919 vocem
3419 881 3602 920 meam.
3634 863 3815 931 Quare

2221 960 2350 1017 ergo
2384 950 2660 1018 apostolus
2702 951 2896 1008 Paulus
2929 954 3031 1023 ait,
3072 955 3391 1010 Arbitramur
3408 956 3688 1026 justiﬁcari
3716 956 3816 1010 ho-

2225 1039 2413 1095 minem
2435 1058 2523 1111 per
2544 1043 2696 1112 fidem
2717 1046 2823 1101 sine
2847 1047 3077 1117 operibus
3101 1047 3251 1119 Legis
3278 1047 3452 1116 (Rom.
3476 1063 3531 1103 ill
3552 1089 3566 1113 ,
3591 1046 3684 1119 28)
3709 1063 3724 1114 ;
3756 1056 3816 1103 et

2219 1131 2326 1187 alio
2364 1133 2481 1190 loco
2508 1135 2667 1201 dicit,
2696 1137 2766 1191 Et
2790 1139 2914 1208 ﬁdes
2938 1156 3051 1209 qua:
3074 1158 3163 1212 per
3188 1140 3502 1196 dilectionem
3528 1151 3770 1211 operatur
3789 1138 3814 1174 ⁸

2221 1221 2418 1295 (Galat.
2445 1239 2481 1281 v
2498 1268 2512 1292 ,
2545 1225 2645 1299 6)?
2673 1228 2950 1296 Quomodo
2975 1231 3108 1288 fides
3135 1248 3230 1302 per
3252 1232 3588 1289 dilectionem
3612 1248 3817 1304 operas

2225 1324 2347 1382 tur;
2392 1325 2447 1372 et
2497 1319 2764 1388 quomodo
2805 1320 3125 1391 justificatur
3164 1324 3324 1379 homo
3366 1340 3461 1395 per
3500 1324 3657 1380 ﬁdem
3691 1324 3816 1382 sine

2220 1407 2468 1477 operibus
2508 1407 2713 1481 Legis?
2747 1410 3070 1478 Quomodo?
3096 1415 3401 1481 intendite,
3439 1417 3646 1471 fratres.
3676 1416 3816 1473 Cre-

2220 1501 2352 1557 didit
2394 1503 2619 1575 aliquis,
2666 1507 2902 1578 percepit
2940 1508 3061 1564 lidei
3106 1518 3439 1567 sacramenta
3474 1511 3528 1565 in
3556 1510 3723 1577 lecto,
3753 1519 3817 1567 et

2223 1603 2467 1649 mortuus
2510 1603 2595 1651 est
2622 1613 2637 1650 :
2669 1595 2837 1653 defuit
2865 1598 2941 1654 illi
2969 1601 3223 1670 operandi
3252 1608 3481 1672 tempus.
3512 1601 3646 1670 Quid
3673 1602 3816 1658 dici-

2220 1686 2381 1740 mus?
2402 1688 2524 1757 quia
2549 1704 2657 1745 non
2682 1689 3106 1761 cst-justifieatus
3126 1692 3149 1746 ?
3169 1693 3331 1750 Plane
3356 1695 3581 1750 dicimus
3606 1695 3816 1765 justifi-

2219 1786 2394 1832 catum
2415 1820 2430 1846 ,
2457 1780 2762 1838 credentem
2792 1786 2846 1837 in
2868 1799 2989 1839 eum
3013 1786 3102 1854 qui
3119 1784 3369 1856 justiﬁeat
3389 1786 3607 1856 impium
3629 1786 3815 1858 (Rom.

2218 1884 2302 1936 tv,
2331 1869 2407 1941 5).
2442 1871 2579 1943 Ergo
2606 1873 2706 1928 iste
2726 1873 3044 1944 justificatus
3068 1886 3170 1942 est,
3201 1886 3255 1932 et
3279 1886 3528 1946 operatus
3558 1892 3662 1932 non
3682 1886 3768 1932 est
3792 1893 3814 1945 ;

2220 1970 2274 2017 et
2317 1963 2569 2032 impletur
2611 1967 2875 2021 sententia
2916 1967 3158 2036 Apostoli
3191 1967 3449 2036 dicentis,
3494 1968 3820 2023 Arbitrantur

2210 2054 2489 2123 justiﬁcari
2531 2057 2783 2111 hominem
2822 2074 2910 2127 per
2933 2058 3087 2127 ﬁdem
3113 2059 3221 2113 sine
3248 2059 3477 2130 operibus
3506 2057 3672 2130 Legis.
3701 2059 3817 2115 La-

2220 2154 2303 2201 tro
2332 2148 2423 2216 qui
2451 2163 2573 2203 cum
2605 2150 2829 2205 Domino
2854 2150 3138 2206 cruciﬁxus
3165 2159 3248 2207 cst
3266 2192 3282 2218 ,
3307 2151 3468 2207 corde
3488 2151 3711 2208 credidit
3737 2152 3818 2209 ad

2215 2237 2511 2308 justitiam,
2554 2257 2648 2297 ore
2689 2242 2963 2298 confessus
3005 2244 3180 2299 estad
3204 2244 3429 2300 salutem
3455 2244 3563 2316 (Id.
3595 2261 3661 2311 χ,
3692 2245 3814 2316 l0).

2219 2329 2351 2386 Nam
2378 2332 2513 2387 fidos
2541 2349 2656 2404 qua:
2683 2349 2778 2405 per
2801 2334 3139 2391 dilectionem
3169 2345 3419 2407 operatur
3436 2378 3453 2403 ,
3478 2338 3578 2392 etsi
3607 2352 3713 2392 non
3737 2338 3820 2393 sit

2223 2422 2274 2475 in
2305 2438 2410 2492 quo
2437 2424 2671 2480 exterius
2696 2434 2976 2496 operetur,
3003 2426 3059 2482 in
3084 2428 3247 2484 corde
3275 2437 3454 2484 tamen
3480 2429 3569 2485 illa
3594 2427 3815 2486 fervens

2221 2525 2485 2571 servatur.
2514 2516 2646 2572 Nam
2677 2527 2831 2575 erant
2855 2519 3069 2590 quidam
3092 2522 3145 2576 in
3171 2521 3335 2593 Lege,
3360 2523 3452 2593 qui
3471 2522 3539 2579 de
3556 2524 3812 2593 operibus

2221 2603 2379 2676 Legis
2406 2607 2769 2677 gloriabantur
2786 2653 2802 2678 ,
2832 2627 2950 2682 quae
2975 2610 3204 2668 fortasse
3232 2628 3338 2669 non
3363 2613 3677 2684 dilectione,
3708 2614 3810 2673 sed

2225 2698 2414 2756 timore
2441 2699 2704 2758 faciebant
2726 2719 2742 2770 ;
2765 2714 2819 2760 et
2839 2704 3090 2760 volebant
3113 2720 3172 2761 se
3190 2705 3365 2777 justos
3387 2706 3574 2773 videri,
3596 2717 3651 2764 et
3664 2723 3807 2778 prae-

2225 2791 2350 2859 poni
2380 2790 2639 2849 Gentibus
2656 2835 2672 2861 ,
2698 2809 2817 2864 quae
2836 2809 2971 2865 opus
2993 2796 3149 2866 Legis
3173 2812 3280 2852 non
3300 2795 3555 2853 fecerant.
3577 2799 3809 2868 Aposto-

2225 2883 2305 2937 lus
2334 2892 2512 2940 autem
2543 2886 2839 2956 praedicans
2866 2887 3026 2944 fidem
3051 2890 3296 2959 gentibus
3314 2932 3330 2958 ,
3356 2905 3476 2946 cum
3499 2905 3592 2947 eos
3611 2891 3700 2962 qui
3717 2904 3811 2947 ac-

2224 2972 2484 3029 cedebant
2506 2974 2573 3030 ad
2594 2975 2876 3031 Dominum
2895 3019 2911 3045 ,
2933 2977 3139 3033 videret
3161 2979 3476 3049 justificatos
3502 2996 3567 3037 ex
3588 2980 3721 3046 fide,
3747 2988 3812 3037 ut

2221 3063 2329 3132 jam
2361 3065 2450 3136 qui
2469 3065 2812 3123 crediderant
2831 3068 2967 3125 bene
2997 3080 3346 3141 operarentur
3363 3112 3378 3138 ,
3404 3086 3511 3128 non
3531 3073 3652 3143 quia
3671 3072 3811 3129 bene

2224 3155 2430 3225 operati
2449 3165 2574 3211 sunt
2596 3157 2816 3214 credere
2835 3170 3170 3217 mererentur
3191 3204 3207 3230 ,
3232 3162 3547 3218 exclamavit
3564 3178 3807 3229 securus,

2224 3253 2279 3299 et
2305 3244 2377 3299 ait
2397 3287 2412 3313 ,
2442 3244 2575 3311 Quia
2593 3246 2870 3317 justificari
2897 3249 3059 3306 homo
3080 3260 3254 3322 potest
3271 3268 3338 3307 ex
3365 3253 3470 3308 fide
3496 3252 3612 3309 sine
3635 3254 3813 3323 operi-

2222 3336 2324 3394 bus
2364 3338 2522 3409 Legis
2563 3358 2577 3395 :
2618 3348 2677 3396 ut
2707 3341 2783 3397 illi
2810 3344 2978 3415 magis
3006 3361 3113 3401 non
3141 3345 3336 3403 fuerint
3358 3345 3523 3416 justi,
3549 3345 3639 3416 qui
3666 3343 3815 3415 quod

2224 3430 2522 3501 faciebant,
2568 3434 2760 3493 timore
2801 3436 3106 3506 faciebant;
3147 3454 3269 3495 cum
3295 3438 3429 3495 fides
3454 3453 3550 3510 per
3574 3439 3817 3495 dilectio-

2222 3539 2349 3580 nem
2391 3534 2641 3596 operetur
2679 3527 2733 3584 in
2768 3528 2964 3599 corde,
3004 3531 3163 3586 etiam
3201 3531 3248 3586 si
3289 3530 3433 3586 foras
3465 3545 3577 3587 non
3610 3530 3720 3587 exit
3757 3529 3817 3587 in

2222 3632 2405 3689 opere.

2824 3698 3050 3760 SERMO
3084 3696 3153 3754 III
3174 3695 3196 3719 ⁹

2721 3802 2796 3859 De
2820 3804 2959 3875 Agar
2982 3814 3027 3859 et
3054 3802 3271 3860 Ismaele

2783 3911 3139 3952 rnacunn'ruu
3162 3896 3263 3969 (a).

2263 4006 2528 4075 Quomodo
2563 4008 2632 4061 ad
2666 4009 2805 4079 Agar
2841 4020 2888 4063 et
2924 4009 3115 4064 Ismael
3151 4009 3431 4081 pertineant
3467 4009 3687 4064 heretici
3721 4020 3771 4067 et

2861 4100 3184 4155 schismatici.

2297 4215 2696 4270 Testamentum
2738 4222 2892 4270 vetus
2938 4215 3007 4270 ad
3052 4215 3266 4273 Judmos
3303 4218 3518 4288 proprie
3561 4217 3817 4289 pertinet.

2226 4307 2439 4364 Etenim
2481 4307 2716 4363 carnalia
2753 4307 3012 4363 beneficia
3051 4308 3528 4380 promittebantur,
3556 4310 3676 4380 quia
3704 4310 3822 4379 spi-

2226 4398 2433 4453 ritualia
2466 4414 2574 4454 non
2603 4399 2971 4467 capiebantur.
2998 4400 3239 4471 Regnum
3267 4401 3394 4457 illud
3424 4411 3692 4457 terrenum
3713 4440 3731 4469 ,
3756 4411 3822 4457 et

2226 4491 2335 4546 vita
2368 4499 2579 4546 terrena
2605 4491 2841 4548 funditus
2868 4492 3073 4563 dejecta
3092 4533 3107 4559 ,
3134 4493 3449 4565 subjectioni
3478 4495 3820 4551 inimicorum

2225 4580 2443 4637 tradita.
2486 4580 2678 4636 Totum
2721 4582 3002 4639 carnaliter
3045 4585 3331 4654 sperabant
3370 4585 3438 4640 de
3474 4584 3731 4653 Domino,
3757 4595 3824 4643 et

2226 4683 2444 4746 propter
2478 4674 2595 4731 haec
2629 4674 2953 4730 serviebant.
2987 4675 3381 4747 lnterrogentur
3405 4676 3729 4744 Christiani,
3760 4680 3817 4736 si

2227 4767 2387 4823 modo
2428 4767 2559 4822 nulli
2593 4778 2719 4823 sunt
2759 4768 2916 4825 tales.
2954 4767 3109 4824 Tales
3133 4768 3200 4823 ad
3228 4768 3388 4824 Vetus
3414 4769 3820 4828 Testamentum

2229 4860 2515 4933 pertinent.
2540 4859 2658 4916 Non
2688 4862 2832 4917 enim
2853 4875 3049 4916 nomen
3071 4861 3338 4931 interrogo
3356 4904 3372 4930 ,
3402 4862 3497 4917 sed
3526 4864 3709 4918 vitam.
3738 4863 3824 4921 De

2228 4953 2313 5009 his
2334 4952 2527 5007 talibus
2555 4963 2679 5007 sunt
2701 4953 2920 5009 haaresis
2944 4962 2999 5007 et
3019 4950 3269 5007 schisma.
3291 4953 3446 5026 Fugit
3462 4970 3492 5010 a
3514 4955 3648 5011 facie
3667 4955 3823 5013 Sara:

2228 5044 2318 5099 illa
2341 5086 2357 5113 ,
2389 5054 2443 5100 et
2468 5044 2735 5115 affligebat
2761 5058 2879 5099 eam
2904 5043 3055 5100 Sara.
3077 5041 3215 5110 Quid
3247 5046 3539 5102 mirandum
3561 5048 3585 5101 ?
3605 5046 3823 5120 Alllige-

2228 5137 2319 5193 bat
2341 5153 2459 5193 eam
2480 5137 2844 5207 corporaliter.
2868 5136 2922 5193 Si
2943 5136 3072 5208 quid
3091 5137 3394 5196 afflictionis
3416 5156 3567 5211 passa
3587 5150 3670 5197 est
3690 5156 3823 5213 pars

2232 5229 2467 5284 Donati’
2491 5268 2505 5296 ,
2549 5236 2768 5298 prapter
2809 5228 3115 5299 superbiam
3158 5244 3309 5286 suam
3350 5232 3492 5302 Agar
3529 5248 3684 5303 passa
3732 5246 3822 5293 est

2292 5379 2310 5411 ι
2358 5380 2439 5447 Hic
2476 5377 2602 5440 apud
2638 5386 2736 5426 Am.
2776 5386 2833 5428 Er
2870 5386 2952 5447 _et_
2976 5388 3077 5447 Par.
3126 5377 3289 5447 finitur
3318 5387 3564 5447 tractatus,
3600 5385 3826 5447 apposita

2227 5439 2468 5502 clausula,
2506 5438 2600 5489 Per
2633 5453 2778 5505 quam
2814 5440 3023 5505 adipisci
3057 5438 3300 5492 credimus
3331 5442 3532 5493 salutem
3549 5438 3819 5497 internum.

2228 5516 2466 5636 ΐίᾝέάῳ
2491 5571 2618 5625 Mss.,
2637 5563 2695 5614 ad
2722 5564 2892 5624 calat.,
2910 5575 3015 5625 cap.
3035 5564 3084 5624 4,
3108 5576 3157 5614 v.
3182 5563 3263 5627 29,
3283 5564 3423 5617 titulo
3440 5566 3638 5628 addunt,
3660 5567 3713 5619 in
3733 5582 3824 5621 na-

2225 5625 2313 5678 tali
2339 5632 2619 5686 .tlartyrum.
3250 5625 3257 5627 “

2290 5690 2310 5720 ³
2334 5693 2400 5736 na
2422 5689 2470 5737 in
2490 5694 2595 5738 uss.
2624 5696 2678 5737 Al.
2699 5690 2748 5737 in
2772 5687 2932 5747 editis,
2952 5700 3068 5750 pars

2309 5751 2325 5767 '
2359 5751 2657 5811 Recognitus
2700 5758 2777 5798 est
2814 5750 2873 5797 ad
2912 5749 2992 5798 bd.
3043 5751 3094 5800 fl.
3138 5763 3181 5798 r.
3220 5759 3272 5802 et
3312 5751 3371 5800 ad
3407 5750 3543 5801 Ulim.
3572 5759 3672 5802 Par.
3697 5757 3817 5806 ων.

2288 5811 2360 5883 (ρ)
2384 5809 2526 5883 Alias,
2544 5813 2594 5860 in
2612 5812 2911 5883 ηερωεηὼ
2929 5812 3009 5864 32.
3029 5817 3079 5864 In
3094 5810 3235 5867 Bedae
3248 5826 3305 5867 ac
3319 5812 3443 5869 Flori
3458 5812 3748 5870 collectione
3766 5826 3827 5877 et

2228 5876 2281 5928 in
2302 5876 2451 5941 Regio
2466 5879 2548 5925 Is.
2574 5881 2843 5941 repertum.
