4014 6310
217 337 290 396 ss
1686 324 1918 384 sentio
1954 324 2038 382 tv.
3409 343 3478 402 η

216 453 407 512 ancilla
449 467 481 509 a
525 452 680 511 Sara.
716 448 910 507 Audiat
932 448 1073 521 Agar
1094 462 1279 505 vocem
1306 447 1493 519 Angeli
1526 464 1539 502 :
1577 446 1701 502 Redi
1729 446 1798 500 ad

216 550 474 604 dominam
518 556 658 600 tuatn
696 544 847 615 (Gen.
888 561 1016 611 xvr,
1056 545 1119 611 6,
1165 544 1242 615 9).
1281 544 1387 599 Sed
1419 544 1546 597 sicut
1575 551 1692 597 tunc
1714 541 1802 611 qui

214 640 491 697 secundum
522 655 725 694 carnem
758 646 906 693 natus
936 646 1043 701 est,
1073 638 1452 714 persequebatur
1478 653 1592 690 eum
1614 636 1700 707 qui
1723 652 1803 690 se-

217 735 439 788 cundum
476 734 756 805 spiritum;
790 733 863 786 ita
889 740 936 786 et
961 747 1113 786 nunc.
1144 729 1260 786 Non
1286 730 1582 786 invenimus
1598 744 1799 799 corpo-

216 825 396 881 raliter
424 832 768 895 persecutum
793 822 939 878 Isaac
963 823 1031 877 ab
1057 822 1279 878 lsmaele
1301 838 1314 875 :
1338 821 1431 876 scd
1453 830 1653 876 tantum
1673 819 1797 890 quia

214 916 407 970 dixerit
440 915 729 985 Apostolus
758 913 1206 985 persecutionem.
1238 912 1369 967 Nota
1397 911 1466 966 ibi
1500 911 1588 966 ubi
1618 910 1750 965 dixit
1780 926 1794 962 :

215 1006 317 1065 Sed
344 1007 479 1061 sicut
509 1017 629 1060 tunc
650 1007 737 1061 ille
755 1007 843 1078 qui
871 1006 1141 1061 secundum
1167 1021 1365 1059 carnem
1390 1011 1540 1057 natus
1560 1011 1650 1068 est,
1680 1017 1797 1072 per-

214 1101 508 1167 sequebatur
528 1114 645 1152 eum
662 1098 751 1167 qui
769 1097 1045 1152 secundum
1063 1096 1295 1168 spiritum
1318 1113 1336 1161 ;
1358 1095 1430 1149 ita
1450 1104 1495 1149 et
1516 1110 1668 1149 nunc.
1692 1092 1799 1148 Sed

211 1190 335 1259 quid
373 1190 447 1242 ait
482 1188 751 1258 Scriptura
772 1190 797 1242 .9
826 1189 969 1260 Ejice
992 1188 1229 1242 ancillam
1254 1198 1300 1241 et
1324 1189 1486 1256 ﬁlium
1514 1188 1623 1258 ejus
1650 1202 1667 1240 :
1696 1202 1797 1239 non

211 1283 349 1334 enim
370 1283 529 1335 lieres
554 1282 647 1335 erit
674 1282 810 1351 ﬁlius
835 1282 1033 1336 ancilla:
1051 1298 1163 1335 cum
1187 1281 1295 1350 ﬁlio
1317 1280 1483 1334 libera:
1502 1278 1691 1349 (Galat.
1716 1294 1793 1345 tv,

211 1371 305 1436 29,
335 1370 456 1442 30).
486 1372 630 1441 Ergo
655 1372 744 1426 ubi
771 1371 897 1426 illud
916 1372 1042 1427 dicit
1070 1372 1361 1442 Scriptura,
1384 1371 1455 1426 ibi
1475 1385 1793 1441 qnmramus.

212 1462 340 1528 Quid
368 1463 448 1517 ait
475 1463 529 1517 in
550 1462 781 1519 Genesi?
805 1462 872 1517 Et
893 1465 1081 1534 factum
1105 1474 1196 1530 est,
1220 1480 1335 1517 cum
1383 1463 1572 1517 luderet
1608 1461 1797 1516 Isntael

211 1563 252 1607 α
274 1553 431 1607 Isaac
449 1596 465 1620 ,
497 1556 623 1609 vidit
651 1573 732 1611 eos
753 1557 998 1611 ludentes.
1021 1556 1152 1624 Quis
1172 1566 1481 1627 persecutus
1499 1568 1580 1612 est
1595 1556 1619 1609 ?
1636 1570 1795 1626 quem

207 1656 526 1717 persecutus
553 1649 677 1702 est?
702 1648 970 1704 Ludentes
985 1664 1078 1705 eos
1105 1649 1235 1704 vidit
1256 1650 1384 1705 Sara
1409 1690 1424 1715 ,
1451 1659 1504 1705 et
1523 1649 1595 1703 ait
1617 1666 1633 1705 :
1652 1648 1797 1719 Ejice

206 1738 447 1791 ciu-illam
488 1748 537 1792 et
581 1740 747 1807 ﬁlium
774 1741 899 1810 ejus.
930 1741 1145 1808 Quare?
1173 1741 1303 1809 Quia
1329 1740 1460 1795 vidit
1482 1730 1580 1795 eos
1608 1738 1795 1795 luden-

204 1838 296 1882 tes.
341 1828 457 1883 Sed
510 1829 686 1884 lusum
730 1830 879 1885 illum
919 1832 1111 1886 Paulus
1151 1833 1567 1902 persecutionem
1599 1840 1793 1889 vocat:

203 1921 321 1988 quia
344 1920 494 1975 lusio
520 1922 611 1976 illa
640 1922 815 1977 illusio
835 1931 965 1977 erat.
990 1924 1044 1980 Si
1068 1924 1240 1979 illusio
1260 1965 1275 1991 ,
1302 1925 1539 1979 seductio
1564 1933 1617 1979 et
1640 1924 1796 1979 dece-

202 2015 305 2084 ptio
342 2022 456 2070 est.
503 2016 693 2070 Omnis
730 2016 879 2073 lusus
918 2032 1202 2087 puerorum
1228 2018 1569 2073 simulacrum
1594 2028 1677 2074 est
1700 2033 1795 2074 ne-

202 2108 318 2176 gotii
367 2108 599 2177 majoris
649 2127 664 2161 :
703 2119 758 2164 et
796 2109 1006 2180 quando
1038 2110 1208 2181 major
1240 2110 1371 2166 ludit
1398 2126 1517 2165 cum
1548 2110 1753 2166 minore
1776 2150 1792 2176 ,

200 2199 347 2269 quasi
376 2207 441 2253 ut
462 2199 785 2267 seducatur,
815 2202 990 2257 sciens
1017 2217 1077 2257 se
1098 2203 1291 2258 habere
1311 2203 1518 2274 negotia
1548 2202 1646 2257 alia
1676 2218 1794 2272 qua:

201 2291 430 2345 intendit
452 2333 468 2355 ,
516 2302 576 2348 et
616 2294 832 2349 simulat
867 2294 1107 2365 quaedam
1137 2310 1331 2365 puero,
1363 2295 1415 2350 id
1441 2304 1523 2350 est
1549 2295 1792 2362 inﬁrmo,

201 2381 392 2436 ludens
439 2399 569 2438 cum
612 2384 723 2438 illo.
765 2384 932 2454 Major
964 2393 1077 2439 erat
1116 2384 1332 2452 lsmael,
1360 2393 1415 2441 et
1440 2386 1717 2441 roboratus
1742 2386 1792 2439 in

202 2474 397 2527 malitia
433 2492 447 2528 :
472 2473 573 2528 sed
596 2474 783 2530 ludens
803 2490 922 2530 cum
945 2491 1111 2545 puero
1132 2477 1297 2543 Isaac,
1325 2476 1607 2532 seducebat
1628 2477 1791 2543 Isaac,

201 2573 251 2618 et
290 2564 564 2633 quasdam
604 2565 820 2622 fraudes
867 2567 1082 2622 ludendi
1124 2582 1245 2624 cum
1288 2568 1499 2624 inﬁrmo
1546 2569 1791 2624 faciebat.

204 2656 604 2711 Animadvertit
631 2667 808 2713 mater
834 2658 1004 2714 lusum
1030 2659 1176 2715 illum
1200 2676 1318 2716 esse
1345 2663 1788 2731 persecutionem.

202 2748 294 2803 Sic
344 2749 653 2819 intelligens
698 2749 828 2806 Sara
869 2760 1042 2808 mater
1075 2753 1249 2808 lusum
1278 2754 1425 2809 illum
1452 2755 1583 2809 dixit
1611 2773 1622 2807 :
1652 2753 1797 2825 Ejice

204 2841 446 2893 ancillam
484 2850 533 2894 et
572 2842 737 2909 ﬁlium
771 2844 880 2914 ejus
911 2859 1052 2898 :non
1080 2846 1211 2899 enim
1234 2847 1390 2901 heres
1413 2848 1504 2900 erit
1532 2846 1669 2915 [ilius
1698 2863 1794 2899 an-

204 2933 330 2984 cilla:
358 2948 479 2985 cum
507 2933 621 3001 [ilio
642 2950 751 2988 meo
772 2932 922 2989 Isaac
952 2934 1101 3007 (Gen.
1131 2953 1255 3003 nt,
1285 2938 1348 3002 9,
1377 2937 1487 3008 10).
1521 2938 1583 2992 Et
1608 2938 1793 2993 Eccle-

204 3026 278 3079 sia
316 3026 452 3080 dicit
488 3042 502 3078 :
545 3027 692 3096 Ejice
721 3028 950 3083 haereses
980 3037 1034 3084 et
1060 3029 1198 3083 ﬁlios
1225 3045 1405 3085 earum
1431 3032 1445 3062 ¹
1475 3048 1488 3085 :
1518 3045 1623 3085 non
1650 3031 1791 3085 enim

207 3120 451 3174 heredes
478 3128 641 3174 erunt
661 3120 895 3176 haeretici
918 3137 1039 3177 cum
1059 3123 1363 3179 Catholicis.
1385 3123 1488 3180 Sed
1510 3138 1672 3194 quare
1688 3139 1792 3179 non

206 3222 360 3266 erunt
400 3211 694 3267 btet-edes?
728 3213 914 3269 Nonne
949 3215 1015 3270 de
1053 3215 1255 3270 semine
1293 3215 1523 3270 Abrahae
1555 3213 1658 3270 nati
1680 3216 1703 3269 ‘I
1728 3216 1795 3270 Et

204 3303 477 3371 quomodo
521 3304 853 3374 Baptismum
896 3306 1148 3362 Ecclesiae
1190 3307 1426 3363 habent?
1468 3307 1791 3377 Baptismum

206 3394 409 3450 habent
456 3413 471 3449 :
519 3396 787 3452 heredem
832 3397 1032 3454 faceret
1072 3414 1251 3453 semen
1287 3398 1548 3467 Abrahae,
1590 3400 1693 3453 nisi
1727 3399 1794 3454 ab

206 3484 524 3540 haereditate
569 3488 811 3555 superbia
841 3488 1161 3544 excluderet.
1192 3488 1391 3543 Eodem
1416 3489 1580 3544 verbo
1604 3503 1792 3544 nasce-

202 3577 274 3631 ris
291 3619 308 3642 ,
332 3578 533 3633 eodem
562 3577 904 3635 Sacramenta
927 3597 941 3647 ;
968 3581 1063 3637 sed
1084 3581 1149 3636 ad
1169 3580 1408 3637 eamdem
1433 3581 1794 3638 haereditatem

199 3669 322 3723 vita:
352 3680 579 3725 aeternae
601 3687 705 3726 non
730 3674 973 3743 pervenis
994 3717 1008 3741 ,
1034 3675 1133 3730 nisi
1160 3675 1225 3729 ad
1254 3675 1547 3731 Ecclesiam
1573 3675 1796 3730 catholi-

199 3776 318 3814 cam
344 3779 602 3819 reversus
628 3764 807 3820 fueris.
832 3767 909 3822 Ex
936 3768 1137 3822 semine
1158 3767 1385 3823 Abrahae
1405 3768 1669 3833 nasceris;
1699 3766 1793 3823 sed

200 3853 346 3908 ﬁlius
375 3855 593 3911 ancilla:
617 3857 733 3913 loris
759 3868 973 3930 propter
999 3860 1318 3930 superbiam.

752 3970 987 4026 διεπιΜο
1027 3971 1091 4026 1v
1133 3976 1151 3996 ο
1178 3969 1274 4043 (α).

705 4083 783 4139 De
805 4085 966 4140 Iacob
989 4095 1034 4140 et
1059 4087 1200 4142 Esau
1237 4086 1332 4159 (ὁ).

500 4195 570 4250 In
593 4196 719 4265 festo
747 4196 997 4252 Vincentii
1022 4199 1261 4270 martyris
1288 4199 1507 4254 habitus.

272 4309 510 4366 CAPUT
554 4309 833 4367 PRIMUM.
850 4341 917 4351 —
942 4313 993 4367 1.
1026 4312 1372 4383 Spiritualiter
1398 4329 1575 4383 sapere
1597 4314 1744 4367 datur
1765 4330 1798 4367 a

204 4403 411 4474 Spiritu
450 4412 645 4459 sancto.
691 4404 961 4461 Hesterna:
990 4406 1234 4460 lectionis
1260 4405 1528 4461 debitores
1554 4423 1650 4460 nos
1679 4422 1797 4463 esse

202 4496 558 4550 meminimus
582 4513 597 4550 :
618 4493 713 4550 sed
736 4495 872 4551 sicut
899 4511 999 4552 nos
1024 4495 1284 4553 debemus
1307 4512 1629 4566 sermonem,
1652 4499 1724 4553 ita
1745 4508 1800 4555 et

202 4601 302 4641 vos
326 4587 546 4642 debetis
573 4586 911 4642 audientiam.
936 4587 1006 4643 Et
1028 4588 1187 4644 lectio
1214 4586 1429 4660 quidem
1455 4588 1540 4643 illa
1568 4589 1798 4643 carnali-

206 4688 287 4733 ter
306 4686 472 4733 sonat
498 4695 512 4732 :
542 4678 635 4748 qui
660 4687 834 4732 autem
862 4676 1114 4748 Spiritum
1148 4678 1241 4733 Dei
1266 4678 1488 4749 accepit,
1515 4678 1801 4749 spirituali-

202 4778 289 4824 ter
307 4771 472 4841 sapit.
501 4770 647 4824 Dixit
669 4770 809 4824 enim
834 4770 1116 4841 Apostolus
1134 4811 1149 4837 ,
1174 4769 1367 4842 Sapere
1389 4770 1661 4824 secundum
1682 4787 1799 4824 car-

202 4879 319 4917 nem
338 4905 354 4929 ,
384 4879 525 4916 mors
555 4873 628 4917 est
658 4861 830 4933 (Rom.
861 4877 955 4917 vm
979 4905 993 4929 ,
1018 4862 1096 4932 6).
1121 4862 1187 4916 Et
1211 4862 1277 4915 ad
1305 4862 1406 4917 hoc
1430 4863 1670 4931 promisit
1698 4863 1803 4917 Do-

200 4958 385 5011 minus
412 4957 753 5012 Paracletum
779 4955 1033 5026 Spiritum
1061 4956 1317 5010 veritatis.
1347 4955 1484 5025 Ergo
1514 4956 1648 5010 sicut
1675 4970 1798 5026 pro-

202 5050 390 5114 misit,
423 5058 482 5105 et
507 5049 675 5116 misit,
696 5057 755 5103 ut
780 5046 1139 5119 unusquisque
1160 5047 1270 5117 jam
1295 5046 1383 5118 qui
1408 5061 1529 5101 eum
1548 5044 1800 5117 Spiritum

201 5144 440 5213 recepit,
472 5156 581 5197 non
606 5142 677 5197 sit
695 5141 1076 5211 temporalibus
1099 5139 1453 5209 voluptatibus
1475 5154 1679 5203 servus,
1708 5137 1803 5193 sed

203 5234 468 5289 dominus
510 5234 751 5303 corporis
777 5232 947 5289 tactus
974 5241 1028 5288 et
1054 5245 1240 5286 servus
1277 5229 1573 5297 Creatoris,
1613 5229 1805 5301 dirigat

271 5392 395 5441 ιεισ
434 5388 901 5440 muscam
928 5382 1483 5448 emanaturam
1515 5380 1806 5448 etﬁlioseo-

206 5464 339 5503 TUI.

271 5534 295 5551 ⁹
320 5534 617 5596 ﬁeoognitus
637 5532 695 5581 ad
718 5546 795 5595 gr.
821 5547 864 5582 r.
886 5531 1021 5582 Ulim.
1045 5539 1147 5581 Par.
1170 5538 1279 5581 nov.

297 5617 349 5673 a)
372 5616 518 5673 Alias,
536 5617 601 5665 de
624 5617 831 5666 Diversis
853 5616 931 5665 44.

297 5630 327 5665 a
372 5617 518 5673 Alias,
536 5617 601 5665 de
624 5617 831 5666 Diversis
853 5617 931 5665 44.

274 5617 350 5739 ibi
374 5678 619 5739 Possidius
656 5679 785 5727 hunc
821 5680 872 5727 in
893 5677 1118 5735 Indiculo,
1161 5689 1204 5725 c.
1244 5675 1293 5735 8,
1324 5687 1601 5739 sermonem
1630 5682 1803 5739 notat:

210 5741 299 5801 qui
327 5738 534 5802 quidem
557 5741 607 5788 in
630 5741 777 5803 Regio
801 5749 881 5791 Ms.
917 5741 1210 5798 inscribitur,
1255 5756 1279 5785 ι
1300 5746 1369 5788 De
1389 5738 1809 5812 benedictionibus

220 5816 247 5846 ι
260 5806 383 5852 Ean
407 5808 465 5852 et
482 5802 643 5851 3800b.
669 5817 692 5846 1

1909 458 1967 500 se
1996 446 2049 500 in
2076 444 2215 500 viam
2242 454 2622 517 praceptorum
2651 449 2743 505 Dei
2772 451 2789 482 ί
2821 466 2834 505 :
2864 465 2963 508 nec
2991 452 3209 525 vestigia
3233 455 3346 525 ejus
3376 473 3479 514 nu-

1908 548 2037 607 teut,
2064 557 2164 598 nec
2184 543 2318 598 oculi
2341 544 2455 613 ejus
2473 544 2745 615 palpitent;
2774 546 2871 602 sed
2896 548 3188 605 intentione
3209 550 3329 606 ﬁdei
3356 567 3480 623 pro-

1906 636 2067 701 ﬁciat,
2091 646 2147 693 ut
2172 637 2349 694 veniat
2375 638 2440 693 ad
2464 638 2514 692 id
2566 640 2706 709 quod
2734 655 2831 696 nec
2858 641 3044 697 oculus
3069 643 3235 710 vidit,
3263 660 3361 699 nec
3379 660 3475 699 au-

1905 727 1980 782 ris
2001 727 2227 795 audivit,
2256 743 2354 784 nec
2383 728 2435 784 in
2460 742 2554 783 cor
2580 728 2807 783 hominis
2827 732 3063 787 ascendit
3082 731 3125 806 (ι
3147 731 3263 789 Cor.
3292 750 3348 800 u,
3380 732 3436 808 9)
3462 753 3475 789 :

1904 818 2043 887 quod
2064 819 2297 873 creditur
2316 827 2595 890 antequam
2623 820 2877 887 videatur,
2908 830 2963 877 ut
2992 838 3111 879 cum
3138 826 3365 893 venerit,
3388 827 3478 897 qui

1902 907 2125 963 credidit
2155 924 2257 963 non
2284 910 2656 965 confundatur.

1972 999 2196 1057 CAPUT
2218 1001 2281 1059 ll.
2310 1033 2381 1043 ——
2400 1003 2642 1058 lntendat
2662 1019 2790 1074 ergo
2816 1004 3089 1061 ambulans
3114 1008 3168 1061 in
3196 1022 3290 1078 spe
3309 1048 3324 1073 ,
3354 1022 3477 1079 spe-

1902 1105 2026 1146 rans
2046 1093 2191 1163 quod
2218 1095 2450 1150 nondum
2478 1105 2639 1163 tenet,
2657 1097 2881 1153 credens
2897 1098 3037 1167 quod
3058 1100 3289 1154 nondum
3312 1101 3474 1167 videt,

1900 1196 2086 1238 amans
2122 1185 2206 1239 cui
2239 1187 2471 1242 nondum
2499 1187 2684 1243 haeret.
2718 1189 3039 1244 Exercitatio
3071 1199 3247 1245 autem
3285 1193 3474 1247 anima:

1902 1274 1953 1328 in
1976 1274 2078 1330 ﬁde
2095 1318 2109 1339 ,
2140 1277 2191 1331 in
2217 1292 2312 1346 spe
2341 1287 2392 1333 et
2413 1279 2701 1347 cbaritate,
2725 1279 2848 1335 facit
2867 1296 2989 1336 eum
3015 1280 3261 1337 idoneum
3286 1297 3475 1353 capere

1899 1367 2041 1435 quod
2065 1377 2343 1424 venturum
2371 1379 2471 1425 est.

1970 1454 2024 1509 Ξ.
2056 1455 2237 1511 Petrus
2262 1460 2530 1531 carnaliter
2554 1461 2753 1531 sapiens
2789 1463 3039 1531 inﬁmus.
3074 1462 3246 1532 Ipsius
3288 1472 3335 1518 et
3363 1481 3473 1518 om-

1898 1547 2038 1601 nium
2071 1558 2345 1620 martyrum
2375 1551 2618 1620 fortitudo
2649 1570 2709 1607 ea:
2730 1553 2929 1623 Spiritu
2952 1564 3143 1609 sancto.
3184 1554 3317 1609 Cum
3350 1571 3477 1626 ergo

1899 1639 2184 1694 carnaliter
2211 1641 2383 1696 adhuc
2410 1652 2619 1714 saperet
2645 1643 2830 1699 Petrus
2849 1686 2865 1710 ,
2888 1646 3128 1700 turbatus
3151 1645 3217 1701 ad
3245 1646 3477 1701 interro-

1897 1730 2163 1799 gationem
2207 1733 2448 1799 ancillte,
2478 1735 2687 1803 negavit
2714 1735 2988 1789 Dominum
3028 1746 3127 1791 ter.
3154 1737 3475 1793 Praedixerat

1898 1821 2038 1875 enim
2070 1822 2306 1879 medicus
2334 1835 2535 1895 :rgroto
2562 1827 2687 1896 quid
2724 1828 2776 1880 in
2818 1828 2907 1883 illo
2941 1827 3170 1883 futurum
3198 1837 3314 1884 erat
3343 1848 3356 1885 :
3385 1832 3473 1899 qui

1898 1927 2039 1982 mger
2077 1930 2231 1970 casus
2266 1916 2588 1986 aegritudinis
2636 1932 2744 1973 suae
2771 1934 2877 1973 non
2907 1928 3158 1985 noverat,
3188 1929 3241 1975 et
3265 1922 3382 1990 plus
3409 1922 3475 1978 de

1903 2021 1961 2061 se
1987 2016 2219 2077 :egrotus
2247 2020 2671 2080 praesumpserat;
2696 2012 2790 2066 sed
2812 2028 2967 2067 verus
2992 2014 3224 2068 medicus
3244 2014 3471 2069 videbat.

1898 2099 2112 2156 Dixerat
2138 2103 2283 2157 enim
2310 2118 2367 2157 se
2391 2118 2511 2158 cum
2538 2104 2762 2159 Domino
2790 2114 2844 2160 et
2884 2120 2979 2174 pro
3007 2106 3228 2160 Domino
3258 2108 3475 2161 moritu-

1896 2206 2013 2246 rum
2040 2192 2249 2263 (Matth.
2285 2210 2431 2261 xxvi,
2465 2194 2652 2262 69-75,
2680 2196 2878 2267 51-55).
2906 2195 3149 2251 Nondum
3174 2205 3349 2251 autem
3376 2212 3472 2267 po-

1900 2292 2056 2347 terat,
2087 2284 2208 2353 quia
2240 2286 2479 2340 inﬁrmus
2505 2294 2639 2340 erat.
2670 2287 2737 2340 At
2766 2287 2852 2341 ubi
2877 2288 3021 2342 venit
3042 2296 3222 2357 postea
3250 2287 3474 2357 Spiritus

1898 2384 2114 2430 sanctus
2156 2376 2351 2431 missus
2376 2377 2442 2431 de
2470 2377 2608 2433 ccelo
2627 2418 2641 2443 ,
2691 2386 2746 2433 et
2774 2378 3105 2433 conﬁrmavit
3130 2393 3221 2433 eos
3250 2379 3300 2432 in
3338 2392 3475 2449 quos

1898 2467 2040 2521 venit
2064 2484 2078 2532 ;
2109 2468 2357 2536 impletus
2379 2468 2465 2524 ille
2492 2468 2679 2525 ﬁducia
2707 2469 2971 2540 spirituali
2990 2510 3004 2535 ,
3031 2471 3191 2541 coepit
3214 2471 3323 2540 jam
3349 2486 3473 2525 vere

1897 2565 2108 2624 paratus
2137 2570 2256 2612 esse
2286 2560 2420 2612 mori
2466 2574 2562 2628 pro
2589 2574 2654 2614 eo
2693 2576 2848 2629 quem
2877 2569 2999 2616 ante
3034 2572 3332 2631 negaverat.
3366 2561 3475 2617 Hac

1898 2645 2087 2701 ﬁducia
2133 2648 2318 2717 repleti
2359 2665 2546 2704 omnes
2578 2658 2836 2721 martyres
2861 2692 2876 2717 ,
2906 2660 3145 2706 tenentes
3183 2640 3379 2707 rectam
3410 2654 3472 2707 ﬁ-

1896 2736 2049 2804 dem;
2068 2754 2171 2793 non
2204 2741 2491 2796 morientes
2519 2756 2615 2796 nec
2637 2743 2896 2812 patientes
2926 2758 3021 2813 pro
3047 2742 3176 2798 falsa
3208 2744 3309 2798 ﬁde
3332 2785 3348 2811 ,
3379 2761 3475 2815 pro

1897 2844 2031 2883 vano
2062 2831 2443 2901 phantasmate,
2478 2850 2572 2903 pro
2598 2850 2692 2904 spe
2722 2836 2883 2902 inani,
2916 2852 3014 2905 pro
3040 2852 3097 2891 re
3125 2838 3356 2903 incerta;
3380 2839 3472 2894 sed

1899 2938 1992 2992 pro
2022 2926 2261 2979 veritatis
2286 2927 2694 2995 pollicitatione,
2717 2937 2919 2982 certum
2948 2926 3202 2984 habentes
3228 2944 3347 2985 eum
3386 2930 3474 3001 qui

1896 3018 2160 3087 promisit,
2189 3027 2459 3088 potentem
2490 3034 2607 3075 esse
2635 3021 2723 3089 qui
2751 3020 3015 3088 exhibeat;
3040 3021 3214 3076 omnia
3242 3037 3475 3093 praesen-

1896 3110 1966 3164 tia
1994 3118 2459 3181 contempserunt,
2494 3112 2543 3166 in
2592 3112 2765 3167 futura
2809 3124 3155 3182 exarserunt,
3208 3130 3325 3186 qua:
3354 3131 3474 3173 cum

1896 3198 2090 3255 fuerint
2116 3201 2219 3255 illis
2246 3202 2525 3270 prtesentia
2547 3244 2562 3269 ,
2590 3217 2697 3256 non
2722 3212 2878 3257 erunt
2904 3205 3190 3273 praeterita.

1966 3290 2189 3347 CAPUT
2216 3289 2303 3346 lll.
2336 3323 2403 3332 —
2423 3293 2475 3347 5.
2505 3291 2647 3345 Esau
2686 3294 2911 3347 carnales
2930 3336 2944 3360 ,
2983 3294 3142 3348 Jacob
3184 3296 3473 3364 spirituales

1896 3383 2102 3454 ﬁgurat.
2143 3383 2438 3454 Spiritualis
2464 3386 2614 3439 vitam
2641 3386 2944 3457 Angelorum
2970 3397 3242 3457 exspectat.
3274 3389 3473 3444 Recor-

1895 3472 2093 3528 damini
2121 3489 2268 3545 ergo,
2304 3476 2389 3545 qui
2420 3475 2729 3530 interfuistis
2756 3475 3003 3530 hesterno
3030 3476 3115 3533 die
3135 3518 3148 3543 ,
3177 3476 3311 3532 duos
3340 3477 3475 3532 ﬁlios

1895 3561 2079 3629 lsaac,
2108 3564 2245 3618 Esau
2290 3574 2343 3619 et
2372 3565 2534 3619 Jacob
2557 3606 2571 3631 ,
2612 3565 2875 3635 quomodo
2917 3566 3104 3635 majori
3151 3568 3475 3637 praeponitur

1896 3654 2070 3709 minor
2096 3654 2243 3725 (Gen.
2276 3672 2385 3710 xxv
2413 3667 2457 3710 et
2488 3656 2649 3727 xxvn)
2683 3676 2694 3710 :
2729 3667 2786 3711 ut
2820 3657 2886 3711 ad
2924 3657 3087 3713 Jacob
3127 3660 3433 3728 pertineatis
3457 3703 3472 3726 ,

1896 3739 2034 3802 Esau
2056 3762 2160 3802 non
2187 3749 2394 3803 ametis.
2422 3749 2531 3803 Erit
2559 3758 2733 3804 autem
2758 3750 2915 3813 Esau,
2943 3750 3030 3819 qui
3060 3751 3170 3805 vult
3194 3753 3477 3809 carnaliter

1894 3837 2108 3905 vivere,
2138 3839 2219 3893 vel
2264 3839 2494 3894 carnalia
2538 3841 2588 3893 in
2631 3840 2807 3894 futuro
2834 3841 3031 3895 smculo
3071 3856 3306 3912 sperare.
3347 3843 3475 3899 Sive

1896 3943 2025 4001 ergo
2053 3929 2336 3984 carnaliter
2361 3931 2561 3995 vivens,
2593 3939 2645 3984 et
2668 3930 2854 3985 talibus
2878 3931 3113 4001 gaudens
3144 3934 3195 3986 in
3225 3933 3323 3988 hoc
3346 3944 3477 3989 tem-

1897 4035 2053 4089 pore,
2086 4031 2137 4075 et
2160 4022 2279 4075 talia
2303 4021 2367 4075 de
2396 4021 2502 4076 Deo
2531 4037 2749 4092 sperans
2771 4064 2785 4089 ,
2814 4024 2987 4093 qualia
3018 4024 3213 4080 habent
3238 4034 3289 4081 et
3315 4027 3473 4095 mali,

1898 4120 1952 4167 et
1979 4121 2141 4167 totum
2172 4113 2472 4168 felicitatem
2503 4130 2651 4168 suam
2683 4115 2735 4168 in
2758 4116 2865 4184 ipsa
2904 4131 3105 4185 ponens
3136 4117 3202 4173 de
3229 4134 3327 4189 qua
3351 4134 3477 4189 gau-

1898 4203 2026 4259 dent
2054 4214 2106 4260 et
2136 4205 2333 4275 iniqui;
2364 4214 2454 4260 aut
2491 4215 2633 4261 certe
2662 4214 3008 4263 contemnens
3046 4209 3198 4264 istam
3247 4226 3478 4281 praesen-

1900 4303 2042 4361 tem,
2068 4304 2121 4351 et
2149 4297 2304 4351 talem
2332 4312 2549 4367 sperans
2577 4298 2630 4351 in
2659 4297 2868 4363 futuro;
2897 4301 3123 4354 carnalis
3149 4311 3261 4367 est,
3285 4318 3475 4357 carna-

1858 4423 1865 4429 ι
1900 4388 2005 4442 lem
2032 4389 2232 4443 habens
2264 4388 2441 4456 (idem,
2475 4390 2736 4444 carnalem
2764 4405 2933 4460 spem,
2962 4393 3225 4448 carnalem
3251 4393 3479 4449 cbarita-

1901 4485 2030 4534 tem.
2057 4479 2216 4534 Fides
2249 4488 2420 4534 autem
2462 4480 2751 4550 spiritualis
2779 4489 2891 4548 est,
2922 4481 3140 4538 credere
3179 4483 3317 4553 quod
3356 4499 3480 4554 pro-

1901 4576 2070 4624 tector
2090 4570 2157 4624 sit
2181 4570 2545 4639 temporaliter
2567 4572 2818 4627 Dominus
2832 4581 2970 4640 tuus,
2986 4582 3043 4628 ut
3056 4575 3237 4630 venias
3256 4575 3322 4630 ad
3351 4576 3477 4631 illud

1901 4658 2040 4729 quod
2067 4658 2355 4728 temporale
2380 4674 2481 4713 non
2509 4660 2643 4726 erit;
2667 4669 2719 4715 et
2744 4676 2958 4731 sperare
2989 4673 3039 4718 te
3080 4664 3376 4720 habiturum
3403 4667 3481 4720 vi-

1903 4757 2011 4803 tam
2040 4749 2383 4819 Angelorum,
2413 4765 2516 4804 non
2542 4751 2590 4804 in
2621 4754 3046 4822 corruptionibus
3069 4758 3263 4822 carnis,
3290 4773 3394 4812 non
3425 4758 3480 4813 in

1905 4841 2263 4910 voluptatibus
2306 4851 2360 4896 et
2389 4842 2650 4897 illecebris
2672 4886 2685 4910 ,
2720 4859 2824 4898 non
2855 4846 2907 4899 in
2951 4844 3385 4903 fornicationibus
3426 4857 3482 4904 et

1905 4932 2248 4988 ebrietatibus
2291 4942 2344 4987 et
2385 4934 2575 5003 gaudio
2618 4936 2892 5006 epularum
2937 4939 3260 5005 carnalium,
3294 4955 3395 4994 non
3426 4942 3478 4997 in

1904 5021 2150 5093 superbia
2171 5023 2566 5092 possessionum
2585 5025 2958 5082 dominationis
2980 5035 3224 5094 terrenae;
3252 5029 3345 5084 sed
3374 5038 3480 5085 tan-

1906 5115 2178 5171 tummodo
2215 5116 2482 5186 quomodo
2509 5118 2699 5188 Angeli
2720 5119 2919 5174 vivunt.

1975 5207 2199 5263 CAPUT
2228 5207 2317 5262 IV.
2347 5238 2419 5249 -
2447 5209 2498 5262 4.
2535 5208 2649 5263 Vita
2678 5210 2983 5281 Angelorum
3020 5210 3162 5264 beata
3198 5228 3263 5267 ea:
3297 5214 3483 5271 visione

1906 5297 2026 5353 Dei.
2046 5298 2243 5354 Vivunt
2269 5307 2447 5355 autem
2476 5302 2660 5372 Angeli
2690 5302 2743 5356 in
2782 5302 3004 5373 gaudio,
3052 5318 3157 5359 non
3204 5318 3480 5375 creaturae,

1908 5389 2004 5445 sed
2042 5390 2329 5446 Creatoris.
2358 5390 2615 5447 Gaudium
2647 5393 2786 5448 enim
2826 5401 3084 5451 creatura:
3126 5403 3210 5452 est
3232 5398 3484 5468 quidquid

1974 5554 1991 5584 ι
2014 5551 2373 5626 Par.‘et'_tjlim_.,
2409 5551 2458 5601 in
2492 5552 2568 5626 m'a
2598 5558 2944 5626 praeceptorum
2977 5553 3293 5626 Dei..negius
3321 5562 3487 5626 autem

1909 5622 1991 5679 Ms.
2016 5615 2234 5678 praeterit
2272 5615 2438 5663 istbaec
2457 5617 2624 5679 verba,
2649 5615 2995 5679 prteCeptorttm
3021 5615 3111 5666 Dei
3140 5629 3156 5666 :
3180 5615 3267 5679 nec
3291 5616 3488 5679 vestigia

1909 5677 2014 5742 ejus
2034 5682 2213 5735 ument,
2238 5689 2324 5725 nec
2344 5689 2360 5737 ;
2383 5688 2438 5725 ac
2459 5678 2528 5742 sic
2549 5677 2844 5742 atlirinanter
2874 5678 3065 5742 dicitur,
3091 5677 3228 5742 oculi
3249 5691 3353 5740 ejus
3386 5677 3491 5742 pat-

1910 5736 2077 5802 pitent.
2101 5744 2238 5787 Forte
2257 5736 2350 5802 non
2391 5736 2536 5795 male,
2560 5739 2749 5802 quando
2774 5739 2911 5798 intra,
2953 5741 3070 5799 n.7,
3100 5736 3339 5802 afﬁrmans
3368 5736 3484 5795 s'en-

1912 5797 2065 5851 tentia
2088 5808 2180 5861 est,
2208 5797 2411 5861 Palpitat
2433 5797 2599 5851 mentis
2622 5799 2766 5863 acies,
2792 5806 3020 5865 purgetur
3041 5797 3092 5851 ut
3109 5798 3282 5864 videat.
