4014 6310
522 400 600 465 35
1764 387 1824 446 s.
1865 379 2230 445 AUGUSTlNl
2268 383 2569 444 EPISCOPI
3745 406 3821 468 δε

531 522 744 581 videtur
778 526 801 576 ξ
846 514 1094 592 gaudium
1139 504 1407 569 CreatOris
1450 514 1533 564 est
1575 502 1719 580 quod
1771 519 1878 560 non
1908 502 2115 559 videtur

529 614 699 672 oculis
722 610 982 685 corporis,
1006 607 1099 664 sed
1124 606 1342 677 purgata
1372 602 1485 657 acie
1513 598 1724 655 mentis.
1758 592 1903 652 Beati
1930 594 2116 649 mundo

528 711 696 765 corde.
734 705 817 763 Ad
860 718 1016 777 quam
1044 699 1303 757 visionem
1350 694 1490 752 beati
1530 693 1691 749 suat?
1720 690 1972 759 Quoniam
2014 689 2113 762 ipsi

530 798 693 856 Deum
720 796 953 854 videbunt
992 789 1199 866 (Matth.
1223 807 1277 857 v,
1311 789 1391 862 8).
1422 784 1538 842 Non
1563 788 1706 842 enim
1742 784 1934 855 putetis
1957 824 1972 849 ,
2005 781 2113 837 fra-

527 902 667 964 tres,
696 895 817 966 quia
863 888 1091 965 gaudent
1116 886 1300 957 Angeli
1330 900 1392 940 ex
1425 898 1488 938 eo
1517 882 1639 954 quia
1668 878 1849 936 vident
1875 886 2071 933 terram
2092 916 2110 944 ,

526 998 614 1044 aut
642 987 833 1043 omium
855 1027 870 1053 ,
897 986 981 1040 vel
1007 994 1355 1054 qumeumque
1383 977 1433 1033 in
1470 975 1554 1031 his
1582 982 1712 1056 sunt.
1733 973 1775 1027 ¹.
1808 972 1923 1028 Non
1953 986 2021 1027 ex
2046 984 2113 1026 eo

523 1079 788 1151 gaudent,
830 1072 952 1149 quia
980 1074 1162 1130 vident
1189 1069 1382 1127 coelum
1407 1076 1461 1123 et
1494 1072 1724 1133 terram;
1763 1064 1859 1121 sed
1883 1063 2006 1136 quia
2033 1060 2113 1116 vi-

523 1167 652 1225 dent
672 1184 790 1225 eum
820 1166 911 1239 qui
931 1164 1057 1221 fecit
1079 1158 1272 1220 omium
1295 1168 1350 1218 et
1374 1169 1594 1216 terram.

594 1262 647 1319 5.
688 1260 825 1315 Deus
852 1275 953 1314 non
990 1254 1206 1329 estquid
1239 1268 1553 1325 corporeum,
1598 1267 1690 1308 nec
1724 1249 1872 1321 quale
1900 1246 2112 1321 formari

523 1363 695 1409 nostra
730 1351 1027 1424 cogitatione
1061 1349 1234 1421 possit.
1282 1346 1375 1403 ille
1416 1353 1596 1401 autem
1640 1343 1730 1415 qui
1757 1341 1882 1398 fecit
1910 1340 2107 1397 emlum

524 1456 577 1501 et
610 1453 807 1500 terram
827 1485 842 1512 ,
873 1457 976 1503 nec
1003 1441 1197 1496 emium
1220 1446 1331 1505 est,
1365 1453 1463 1494 nec
1493 1445 1666 1501 terra;
1706 1448 1807 1490 nec
1834 1431 1960 1505 quid
1999 1439 2108 1486 ter-

521 1552 711 1593 renum
741 1543 915 1607 potest
942 1526 1197 1606 cogitari,
1226 1545 1325 1587 nec
1372 1528 1496 1601 quid
1537 1527 1797 1593 caeleste,
1843 1538 1945 1580 nee
1984 1521 2111 1595 quid

521 1646 842 1705 corporeum
869 1626 956 1685 vel
999 1624 1275 1699 spirituale
1317 1622 1516 1696 poteris
1559 1618 1794 1693 cogitare
1825 1635 1840 1672 :
1869 1632 1977 1673 non
2010 1615 2112 1671 hoc

520 1734 604 1783 est
627 1726 789 1782 Deus.
818 1720 935 1779 Non
963 1718 1061 1777 tibi
1090 1719 1254 1775 facias
1282 1716 1553 1772 hominem
1593 1713 1825 1785 aliquem
1852 1708 2107 1783 grandem

520 1825 574 1873 et
620 1816 896 1888 pulchrum
949 1833 964 1869 :
1009 1827 1118 1868 non
1164 1806 1616 1866 circumscribitur
1658 1803 1891 1859 humana
1936 1800 2108 1857 forma

520 1910 699 1975 Deus;
729 1924 836 1964 non
867 1905 1172 1963 continetur
1194 1897 1315 1957 loco
1337 1942 1352 1965 ,
1390 1914 1497 1956 non
1526 1905 1739 1953 tenetur
1766 1893 1959 1966 spatio.
1988 1891 2109 1948 Non

523 2002 614 2057 tibi
657 1999 820 2057 facias
857 1996 1007 2071 quasi
1045 2009 1265 2051 aureum
1296 1992 1499 2047 Deum:
1532 2005 1639 2046 non
1676 1975 1780 2043 hoc
1816 1993 1899 2042 est
1940 1985 2103 2041 Deus.

520 2091 652 2149 Nam
664 2107 872 2158 aurum,
895 2088 1037 2144 unde
1055 2086 1147 2142 tibi
1162 2085 1240 2141 vis
1259 2083 1433 2139 facere
1451 2082 1639 2148 Deum,
1662 2079 1799 2135 Deus
1817 2075 1929 2148 ipse
1951 2073 2105 2140 fecit;

520 2194 576 2242 et
618 2184 721 2240 hoc
762 2181 1027 2237 inﬁrmum
1075 2175 1174 2253 (a),
1213 2176 1336 2247 quia
1361 2175 1415 2231 in
1442 2182 1604 2230 terra.
1630 2170 1747 2227 Non
1786 2169 1883 2225 tibi
1910 2181 2106 2239 propo-

521 2293 646 2353 nas,
677 2276 798 2350 quia
825 2273 1019 2346 aliquid
1042 2272 1147 2328 tale
1176 2280 1258 2327 est
1284 2270 1423 2325 Deus
1444 2308 1461 2336 ,
1485 2265 1641 2340 quale
1668 2263 1818 2321 vides
1845 2262 1899 2318 in
1925 2259 2065 2316 coelo
2088 2302 2103 2328 ,

519 2371 603 2427 vel
630 2369 810 2425 lunam
830 2411 846 2437 ,
874 2367 958 2421 vel
983 2364 1150 2421 solem
1170 2404 1186 2432 ,
1230 2362 1317 2419 vel
1347 2359 1523 2417 sidera
1549 2358 1634 2414 vel
1664 2354 1916 2430 quidquid
1946 2354 2109 2425 fulget

519 2473 573 2519 et
609 2458 851 2533 Splendet
880 2458 930 2513 in
960 2458 1096 2515 emlo
1126 2473 1138 2509 :
1174 2471 1280 2510 non
1311 2454 1414 2508 hoc
1441 2458 1523 2508 est
1549 2451 1709 2506 Deus.
1736 2447 1841 2506 Sed
1870 2462 1969 2503 nec
2009 2446 2106 2500 ite-

517 2569 638 2611 rum
663 2552 783 2608 ideo
813 2548 907 2605 tibi
946 2564 1052 2604 non
1079 2545 1321 2603 videatur
1351 2545 1491 2599 Deus
1525 2540 1665 2614 quod
1700 2540 1783 2595 sol
1803 2581 1818 2607 ,
1864 2539 1985 2610 quia
2024 2536 2107 2593 sol

519 2652 769 2719 tanquam
795 2649 912 2698 rota
940 2637 1181 2711 quaedam
1210 2644 1310 2703 est,
1345 2650 1452 2690 non
1479 2634 1799 2689 immensum
1825 2630 1960 2686 lucis
1986 2643 2107 2700 spa-

521 2737 649 2794 tium
674 2753 689 2804 ;
716 2742 773 2793 et
797 2733 943 2791 dicas
982 2731 1074 2788 tibi
1099 2773 1115 2800 ,
1145 2728 1287 2801 Ergo
1317 2727 1459 2783 Deus
1499 2723 1715 2779 inﬁnita:
1757 2722 1891 2779 lueis
1932 2729 2015 2777 est
2054 2730 2109 2776 et

519 2829 796 2887 immensae
820 2844 833 2879 :
869 2834 925 2880 ut
950 2823 1102 2894 quasi
1131 2821 1315 2878 teudas
1344 2820 1516 2890 ipsum
1546 2816 1736 2884 solem,
1775 2824 1829 2871 et
1858 2813 2018 2870 facias
2044 2812 2110 2868 il-

518 2920 627 2977 lum
650 2934 754 2973 non
782 2915 978 2972 habere
1008 2913 1191 2979 linem,
1222 2925 1324 2966 nee
1352 2909 1452 2965 hac
1481 2922 1581 2963 nec
1609 2906 1751 2974 illae,
1776 2920 1875 2961 nec
1893 2919 2107 2960 sursum

518 3029 620 3071 nec
638 3011 917 3075 deorsum;
949 3016 1005 3064 et
1030 3016 1208 3062 tamen
1238 3003 1413 3061 lucem
1442 3000 1537 3057 tibi
1568 2999 1881 3055 immensam
1912 3011 2109 3069 propo-

519 3120 616 3163 nas
648 3102 814 3159 Deum
847 3119 860 3155 :
893 3114 992 3156 nec
1013 3098 1116 3154 hoc
1153 3105 1236 3153 est
1272 3095 1432 3150 Deus.
1464 3092 1605 3149 Deus
1649 3089 1862 3164 quidem
1905 3088 2108 3144 habitat

519 3200 693 3257 lucem
741 3192 1156 3255 inaccessibilem
1189 3186 1249 3264 (i
1292 3187 1425 3244 Tim.
1453 3203 1540 3256 vt,
1564 3184 1657 3259 l6)
1688 3204 1700 3239 :
1729 3183 1824 3241 sed
1864 3182 1982 3239 talis
2016 3182 2107 3241 lux

521 3309 626 3349 non
656 3300 741 3348 est
766 3297 882 3345 rota
901 3328 916 3355 ,
944 3300 1043 3345 nec
1070 3290 1243 3354 potest
1267 3296 1385 3337 esse
1413 3287 1534 3337 nota
1564 3275 1734 3332 oculis
1762 3275 1959 3331 carnis.

588 3377 814 3441 CAPUT
843 3374 906 3431 ν.
930 3404 1003 3417 -
1025 3374 1078 3430 6.
1100 3371 1236 3441 Quid
1256 3368 1579 3443 cogitandum
1604 3383 1719 3421 cum
1744 3366 1929 3422 dicitur
1946 3364 2104 3422 Deut.

520 3473 925 3531 Manichaeorum
969 3483 1190 3523 errorem
1250 3462 1557 3535 perstringit.
1627 3458 1733 3517 Sed
1802 3459 1849 3515 si
1919 3457 2108 3516 videre

522 3575 675 3638 potes
693 3561 819 3636 quid
843 3569 927 3618 est
944 3559 1161 3627 veritas,
1188 3554 1313 3629 quid
1339 3563 1422 3611 est
1442 3551 1721 3624 sapientia,
1741 3550 2104 3625 quidjustitia,

520 3657 788 3731 quomodo
814 3655 1010 3711 dictum
1038 3661 1159 3719 est,
1201 3648 1434 3705 Accedite
1469 3646 1538 3701 ad
1565 3663 1714 3714 eum,
1756 3655 1802 3700 et
1840 3644 2105 3700 illumina-

518 3754 643 3809 mini
672 3750 846 3823 (Ptol.
874 3763 1074 3813 χχχιιι,
1107 3742 1165 3818 6)
1196 3761 1210 3797 ;
1250 3739 1522 3816 quomodo
1542 3749 1625 3796 est
1654 3736 1783 3795 illud
1811 3738 1991 3797 lumen
2015 3753 2107 3794 vo-

518 3860 675 3910 rum,
706 3842 775 3901 de
797 3855 903 3913 quo
939 3837 1069 3895 dicit
1096 3835 1327 3893 Joannes
1350 3874 1365 3900 ,
1395 3828 1522 3887 Erat
1547 3831 1717 3886 lumen
1735 3846 1907 3885 verum
1930 3872 1946 3898 ,
1973 3829 2107 3901 quod

518 3934 770 3993 illuminat
794 3945 992 3986 omnem
1014 3926 1267 3982 hominem
1286 3925 1559 3980 venientem
1580 3922 1634 3978 in
1662 3921 1795 3977 hunc
1825 3920 2106 3989 mundum;

518 4024 785 4098 quomodo
818 4022 1051 4079 Joannes
1093 4019 1206 4092 ipse
1233 4017 1467 4088 Baptista
1497 4030 1603 4071 non
1643 4022 1759 4071 erat
1790 4014 1976 4070 lumen
2014 4027 2108 4068 ve-

518 4136 657 4178 rum.
692 4118 828 4174 Dicit
863 4115 1007 4173 enim
1031 4112 1266 4170 Joannes
1310 4109 1671 4181 evangelista,
1716 4106 1840 4161 Non
1879 4115 1988 4191 eqat
2016 4104 2106 4161 ille

519 4215 709 4278 lumen.
731 4210 820 4271 sed
848 4218 902 4265 ut
925 4207 1262 4265 testimonium
1289 4203 1569 4277 perhiberet
1590 4201 1651 4256 de
1682 4201 1869 4257 lumine
1918 4197 2103 4273 (Joan.

516 4323 556 4377 ι,
575 4307 627 4374 9,
651 4305 725 4377 8).
744 4301 865 4360 Non
890 4300 1064 4357 solum
1088 4306 1263 4353 autem
1281 4295 1517 4353 Joannes
1547 4293 1782 4365 Baptista
1810 4307 1993 4347 verum
2016 4289 2103 4347 lu-

518 4415 641 4457 men
667 4413 772 4455 non
797 4405 933 4463 erat,
963 4392 1057 4449 sed
1092 4406 1192 4448 nec
1236 4390 1432 4446 Paulus
1470 4404 1655 4446 verum
1703 4388 1888 4444 lumen
1937 4394 2053 4442 erat
2083 4425 2099 4452 ,

519 4491 835 4553 necPetrus
864 4500 1047 4547 verum
1077 4485 1257 4541 lumen
1283 4491 1422 4552 erat,
1452 4496 1553 4541 nec
1577 4481 1739 4553 aliqui
1759 4479 1988 4552 apostoli
2015 4494 2107 4535 ve.

518 4600 638 4645 tum
657 4582 836 4643 lumen
862 4585 1035 4637 erant.
1059 4576 1271 4633 Etenim
1291 4573 1654 4631 uerumlunteu
1682 4580 1794 4636 est.
1829 4571 1963 4643 quod
1986 4570 2107 4625 illa.

519 4678 678 4737 mina!
722 4689 920 4735 omnem
959 4670 1215 4729 hominem
1257 4670 1534 4725 uenientem
1569 4668 1625 4723 in
1661 4669 1795 4723 hunc
1836 4664 2103 4723 mundum.

519 4769 603 4831 llli
627 4781 757 4829 vero
798 4763 1000 4827 lumina
1028 4770 1181 4820 erant
1205 4802 1221 4829 ,
1248 4761 1371 4833 quia
1410 4757 1863 4815 illuminabantur.
1890 4755 2024 4817 Nam
2052 4764 2108 4815 et

518 4861 665 4927 oculi
692 4858 871 4919 carnis
899 4863 1100 4917 nostra:
1126 4854 1374 4912 dicuntur
1394 4853 1594 4909 lumina
1618 4868 1633 4918 ;
1658 4860 1715 4909 et
1744 4850 2108 4921 unusquisque

513 4955 693 5029 iurat,
739 4953 842 5011 Per
860 4948 1064 5007 lumina
1102 4963 1241 5005 πιθα.
1289 4948 1515 5004 Lumina
1561 4947 1664 5002 ista
1700 4945 1827 5016 quid
1856 4945 2021 5001 sunt?
2047 4945 2107 5002 Si

520 5049 661 5109 desit
682 5047 767 5107 uol
782 5045 881 5117 ,εἰ
904 5043 1047 5101 desit
1074 5042 1197 5099 luna
1224 5050 1318 5101 aut
1341 5040 1595 5106 lucerna,
1618 5048 1768 5096 certe
1790 5040 1845 5095 in
1872 5038 2105 5097 tenebris

519 5147 820 5198 remanent.
858 5135 963 5195 Ubi
993 5143 1118 5192 sunt
1141 5134 1341 5191 lumina
1365 5172 1381 5200 ,
1411 5132 1626 5189 videant
1668 5140 1793 5188 ante
1832 5146 1893 5188 se
1915 5172 1931 5201 ,
1965 5147 2106 5203 pra»

518 5232 685 5292 beant
723 5231 973 5293 (limatum
1013 5227 1273 5300 pedibus,
1320 5227 1368 5283 si
1408 5225 1606 5282 lumina
1633 5234 1801 5285 sunt:
1834 5234 1889 5281 et
1926 5234 2106 5282 tamen

519 5327 720 5383 lumina
744 5333 893 5383 sunt.
921 5323 1100 5390 Quare
1122 5321 1323 5381 lumina
1363 5319 1527 5377 sum?
1580 5320 1716 5387 Quia
1757 5328 1980 5390 possunt
2022 5322 2105 5376 lu-

520 5435 643 5477 men
667 5418 927 5486 recipere.
952 5413 1169 5475 Etenim
1198 5428 1320 5471 eum
1344 5411 1506 5469 fuerit
1528 5412 1712 5469 lumen
1737 5412 1940 5469 illatitm
1968 5455 1983 5479 ,
2010 5413 2102 5469 lu-

521 5524 643 5567 men
677 5510 849 5580 ipsum
877 5522 983 5561 non
1011 5505 1171 5561 sentit
1198 5503 1348 5560 frons
1375 5514 1480 5571 tua,
1516 5520 1615 5560 nec
1642 5506 1787 5560 auris
1836 5515 1923 5560 tua
1948 5549 1963 5572 ,
2007 5522 2108 5562 nec

520 5601 745 5659 olfactus
789 5607 911 5654 tuus
938 5638 953 5662 ,
1006 5610 1106 5652 nec
1148 5610 1337 5652 manus
1379 5606 1505 5663 tua,
1553 5613 1652 5653 nec
1680 5612 1772 5669 pes
1797 5607 1919 5653 tuus
1949 5615 1961 5651 :
1992 5600 2106 5655 sola

520 5694 759 5755 membra
788 5691 841 5747 in
863 5698 915 5746 te
932 5689 1021 5761 qui
1046 5698 1303 5746 vocantur
1328 5689 1488 5759 oeuli,
1519 5692 1631 5745 sola
1666 5692 1904 5748 sentiunt
1926 5694 2107 5748 lumen

583 5804 603 5836 ι
625 5811 730 5853 Par.
765 5809 818 5853 et
857 5801 1031 5872 vlim”
1064 5798 1138 5852 uel
1154 5814 1475 5872 omnemnque
1517 5801 1639 5857 nihil
1659 5809 1785 5858 sunt.
1808 5810 1955 5870 Lov.,
1973 5804 2027 5860 in
2046 5819 2103 5863 eo

518 5873 645 5919 ατη.
668 5873 723 5915 At
744 5872 870 5925 “88.,
894 5866 946 5925 in
965 5866 1039 5914 Itis
1055 5866 1183 5915 sum.
1400 5866 1403 5867 ⁷
1938 5866 1949 5879 τ
2112 5912 2113 5915 η

584 5927 658 5991 (a)
679 5933 837 5990 Forte,
858 5924 1095 5992 inﬁmum.

2228 499 2450 557 illatum.
2482 502 2716 562 Absente
2741 503 2943 565 lumine
2987 511 3340 572 tenebrantur
3372 533 3387 572 :
3417 516 3512 574 sed
3544 518 3692 578 illato
3724 522 3817 582 lu-

2221 593 2365 649 mine
2390 595 2503 649 snla
2531 594 2912 667 iiiuminantur,
2942 603 2993 659 id
3020 614 3102 662 est
3121 649 3136 675 ,
3169 609 3293 680 quia
3323 609 3437 667 sola
3466 615 3702 672 sentiunt
3730 617 3816 675 iu-

2219 699 2363 741 men.
2398 685 2767 746 liluniinantur
2811 694 3026 764 quidem
3068 707 3124 754 et
3166 711 3359 757 caetera
3407 705 3646 762 membra
3676 717 3765 766 tua
3790 727 3809 766 :

2218 777 2314 834 sed
2344 787 2400 834 ut
2426 780 2592 837 videri
2620 784 2845 855 possint,
2874 801 2981 843 non
3013 796 3073 845 ut
3099 791 3279 848 videre
3308 795 3533 865 possint.

2217 884 2335 963 quae
2362 870 2548 939 oritur,
2569 873 2652 929 vel
2683 883 2800 945 qua:
2827 876 3074 950 infertur,
3100 882 3278 938 omnia
3307 888 3546 943 membra
3579 889 3807 963 perfun-

2216 959 2330 1028 dit;
2363 965 2544 1019 oeulos
2568 1007 2582 1031 ,
2616 975 2675 1021 ut
2714 968 2965 1035 videant;
2997 981 3188 1028 caetera
3214 1015 3230 1042 ,
3274 984 3332 1031 ut
3374 959 3675 1039 videantur.
3721 983 3816 1042 Sic

2215 1065 2405 1109 omnes
2435 1055 2605 1111 sancti
2627 1054 2910 1116 illuminati
2937 1071 3082 1131 sunt,
3108 1073 3169 1119 ut
3193 1064 3464 1136 viderent,
3495 1080 3550 1127 et
3580 1082 3639 1127 ut
3666 1077 3813 1146 quod

2212 1146 2485 1215 videbant,
2516 1150 2888 1220 praedicarent.
2918 1150 3042 1211 Ideo
3073 1155 3177 1212 illis
3200 1158 3398 1215 dictum
3429 1170 3531 1229 est,
3564 1161 3666 1220 Vos
3689 1169 3812 1222 estis

2216 1234 2381 1292 lumen
2408 1240 2586 1294 mundi
2619 1239 2829 1315 (Matth.
2854 1260 2909 1311 v,
2942 1246 3054 1321 14).
3081 1246 3188 1304 Sed
3229 1250 3430 1320 lumen,
3472 1269 3580 1309 non
3616 1272 3809 1314 verum

2216 1328 2416 1387 iumen.
2441 1332 2661 1400 Quare?
2699 1335 2832 1405 Quia
2862 1349 2970 1394 erat
2991 1341 3159 1396 lumen
3181 1359 3371 1412 verum,
3395 1347 3529 1417 quod
3552 1348 3818 1406 illuminat

2214 1441 2410 1480 omnem
2431 1425 2704 1484 hominem.
2763 1429 2974 1488 Omnem
3004 1435 3257 1492 hominem
3299 1437 3430 1495 dixit
3471 1457 3484 1493 :
3529 1442 3573 1499 si
3603 1442 3670 1498 de
3699 1445 3808 1501 isto

2218 1521 2333 1575 sole
2356 1519 2580 1587 diceret,
2609 1539 2715 1579 non
2737 1523 2985 1594 diceret,
3023 1528 3233 1585 Omnem
3257 1530 3540 1599 hominem;
3564 1536 3689 1607 quia
3709 1538 3811 1593 iste

2212 1612 2293 1669 sol
2321 1629 2428 1671 non
2472 1628 2503 1672 a
2554 1617 2683 1673 solis
2722 1616 3030 1677 hominibus
3071 1622 3298 1680 videtur.
3329 1625 3521 1681 Vident
3562 1627 3710 1684 illum
3753 1638 3812 1688 et

2210 1720 2406 1778 pecora
2430 1751 2446 1778 ,
2480 1717 2535 1766 et
2563 1710 2915 1767 minutissima
2962 1712 3212 1770 animalia
3235 1756 3251 1782 ,
3292 1725 3346 1772 et
3384 1733 3580 1774 muscae
3626 1719 3811 1777 vident

2212 1795 2373 1854 istum
2401 1801 2569 1856 solem
2603 1819 2615 1855 :
2652 1800 2781 1856 illud
2807 1812 2984 1859 autem
3013 1802 3192 1861 iumen
3221 1808 3363 1879 quod
3394 1808 3535 1866 Deus
3562 1819 3678 1880 est,
3705 1828 3807 1870 ne-

2202 1904 2300 1945 mo
2310 1892 2473 1960 videt,
2494 1893 2593 1949 nisi
2608 1891 2675 1949 de
2696 1894 2888 1965 quibus
2904 1896 3103 1953 dictum
3127 1909 3229 1971 est,
3252 1899 3402 1957 Beati
3416 1902 3608 1959 mundo
3628 1906 3804 1975 corde,

2210 1984 2448 2052 quoniam
2472 1985 2572 2057 ipsi
2596 1983 2760 2039 Deum
2780 1985 3034 2047 videbunt.

2282 2074 2509 2134 CAPUT
2536 2077 2624 2134 Vl.
2648 2110 2722 2120 —-
2743 2078 2797 2135 7.
2826 2077 3021 2137 Lumen
3045 2082 3184 2155 quod
3202 2081 3343 2140 Deus
3366 2094 3459 2156 est,
3485 2088 3635 2158 quale
3660 2088 3807 2162 cogi-

2212 2169 2446 2225 tandum.
2501 2166 2781 2227 Conamini
2819 2174 3092 2245 cogitare,
3146 2175 3379 2245 fratres;
3432 2180 3613 2237 lumen
3663 2182 3808 2239 veri-

2210 2262 2355 2329 tatis,
2386 2262 2563 2318 lucem
2593 2263 2871 2334 sapientite
2895 2306 2911 2333 ,
2937 2268 3211 2337 quomodo
3238 2268 3436 2341 ubique
3460 2287 3698 2343 praesens
3719 2283 3809 2333 εει

2204 2353 2458 2408 omnibus
2486 2370 2499 2407 :
2531 2354 2797 2410 conamini
2820 2356 3055 2427 cogitare
3080 2359 3259 2416 lumen
3283 2358 3531 2431 justitim;
3565 2379 3806 2433 prmsens

2209 2449 2293 2498 est
2321 2445 2464 2499 enim
2490 2445 2635 2501 omni
2657 2447 2930 2517 cogitanti.
2957 2446 3093 2517 Quid
3116 2452 3259 2506 enim
3286 2462 3368 2507 est
3395 2454 3535 2525 quod
3566 2457 3806 2526 cogitat?

2206 2530 2309 2601 Qui
2337 2535 2449 2591 vult
2491 2535 2691 2609 injuste
2728 2539 2946 2607 vivere,
2992 2554 3198 2614 peccat.
3239 2544 3449 2601 Deserit
3489 2546 3754 2617 justitiam
3786 2569 3801 2606 :

2210 2625 2469 2684 diminuta
2518 2630 2644 2686 est?
2686 2628 2987 2690 Conversus
3031 2646 3115 2691 est
3159 2636 3227 2692 ad
3264 2638 3523 2709 justitiam
3571 2662 3585 2698 :
3631 2643 3807 2715 quid?

2210 2728 2364 2774 aucta
2392 2720 2519 2776 est?
2568 2721 2780 2779 Deserit
2822 2740 2977 2795 eam,
3021 2727 3282 2800 integram
3320 2730 3463 2786 illam
3507 2734 3803 2806 relinquit:

2211 2812 2540 2868 convertitur
2559 2815 2626 2869 ad
2649 2831 2787 2881 eam,
2821 2817 3081 2889 integram
3110 2819 3255 2876 illaut
3285 2821 3507 2879 invenit.
3541 2825 3678 2893 Quid
3717 2836 3806 2893 est

2210 2920 2338 2977 ergo
2364 2906 2540 2962 lumen
2562 2906 2783 2979 justitia:
2802 2908 2826 2963 ?
2848 2910 2924 2966 De
2941 2885 3158 2968 oriente
3185 2913 3289 2971 hoc
3316 2918 3504 2988 surgit,
3539 2885 3595 2973 et
3621 2919 3674 2974 in
3703 2885 3806 2981 oc:-

2210 2996 2475 3053 cidentem
2504 2998 2689 3054 Vadit?
2714 3000 2794 3054 An
2837 3010 2919 3057 est
2964 3002 3102 3060 alius
3126 3004 3296 3075 locus
3324 3009 3467 3064 unde
3493 3011 3680 3079 oritur,
3710 3021 3809 3069 aut

2210 3101 2317 3159 quo
2337 3087 2522 3144 venit?
2545 3088 2733 3146 Nonne
2757 3090 2954 3163 ubique
2978 3105 3175 3164 prmsto
3200 3098 3323 3155 est?
3342 3099 3515 3156 Homo
3538 3112 3684 3159 certe
3710 3104 3807 3177 qui

2211 3189 2294 3236 est
2318 3179 2371 3237 in
2398 3181 2676 3240 occidente
2699 3225 2713 3248 ,
2742 3184 2787 3238 si
2816 3185 2930 3240 vult
2951 3186 3095 3257 juste
3119 3189 3298 3247 vivere
3323 3233 3340 3259 ,
3372 3192 3425 3247 id
3454 3201 3575 3261 est,
3600 3210 3801 3252 secun-

2211 3269 2336 3328 dum
2361 3272 2625 3345 justitiam
2650 3318 2664 3342 ,
2691 3277 2949 3346 numquid
2975 3277 3128 3335 deest
3165 3280 3239 3335 illi
3264 3297 3422 3353 quam
3452 3282 3720 3342 intueatur
3747 3295 3808 3344 et

2209 3363 2387 3420 videat
2407 3360 2482 3440 (a)
2505 3360 2796 3421 secundum
2818 3367 2986 3438 ipsam
3003 3369 3300 3440 justitiam?
3330 3372 3524 3429 lterum
3551 3375 3601 3430 in
3624 3377 3810 3435 orien-

2209 3462 2264 3512 te
2288 3456 2495 3527 positus
2523 3456 2568 3513 si
2586 3457 2715 3514 velit
2734 3459 2875 3529 juste
2899 3463 3098 3530 vivere,
3119 3462 3168 3518 id
3197 3472 3307 3532 est,
3336 3464 3624 3524 secundum
3649 3484 3807 3527 eam-

2212 3546 2333 3605 dem
2356 3548 2638 3621 justitiam,
2672 3553 2924 3623 numquid
2950 3552 3104 3610 deest
3129 3556 3205 3610 illi
3225 3556 3248 3611 Ἰ
3272 3555 3346 3612 Ibi
3368 3560 3509 3614 enim
3538 3571 3620 3619 est
3639 3563 3808 3634 justi-

2208 3641 2324 3697 tia:
2355 3650 2549 3713 praesto
2579 3655 2660 3699 est
2694 3643 2836 3714 juste
2874 3646 3092 3702 viventi.
3137 3647 3438 3706 Secundum
3479 3652 3593 3723 ejus
3640 3670 3808 3726 regu-

2210 3732 2318 3789 lam
2340 3730 2521 3789 vident
2546 3735 2566 3765 ¹
2597 3733 3043 3806 quemadmodum
3069 3737 3213 3807 juste
3238 3741 3417 3796 vivant
3442 3752 3495 3798 et
3517 3744 3590 3799 illi
3620 3763 3632 3800 :
3665 3747 3812 3803 sicut

2206 3823 2335 3896 justi
2358 3824 2496 3880 bene
2518 3823 2745 3881 Viventio
2772 3840 2887 3882 eam
2917 3827 3140 3897 vident,
3169 3831 3240 3887 ita
3265 3842 3319 3888 et
3347 3833 3529 3905 injusti
3556 3836 3693 3892 male
3717 3839 3806 3893 vi-

2212 3915 2386 3971 vendo
2416 3932 2525 3972 non
2551 3932 2667 3973 eam
2694 3917 2897 3973 vident.
2928 3916 3062 3975 Nam
3094 3931 3149 3976 et
3187 3922 3275 3978 ille
3308 3922 3451 3994 juste
3485 3927 3646 3994 vivit,
3677 3943 3808 3985 cum

2211 4024 2329 4065 eam
2377 4010 2559 4077 videt;
2603 4020 2657 4066 et
2695 4012 2784 4067 ille
2822 4012 2992 4081 ipsam
3014 4014 3198 4083 videt,
3242 4025 3301 4071 ut
3342 4019 3634 4076 secundum
3681 4037 3808 4079 eam

2210 4107 2363 4156 actus
2409 4114 2535 4156 suos
2581 4101 2771 4174 diriget
2819 4120 2833 4157 :
2872 4104 2998 4174 quia
3020 4106 3123 4161 nisi
3147 4108 3445 4164 secundum
3470 4110 3689 4181 justitite
3716 4130 3810 4171 re-

2208 4192 2384 4263 gulam
2415 4192 2669 4251 direxerit
2693 4204 2845 4253 actus
2868 4210 3015 4263 suos,
3042 4198 3094 4254 in
3126 4214 3365 4261 errorum
3378 4202 3680 4274 iniquitatis
3700 4206 3809 4263 im-

2210 4282 2460 4354 pingitur.
2487 4283 2619 4352 Quia
2651 4299 2779 4357 ergo
2801 4294 2856 4342 et
2877 4287 3001 4345 huic
3022 4300 3217 4359 prmsto
3238 4308 3359 4353 esse
3382 4296 3556 4368 potuit
3583 4297 3656 4355 ibi
3674 4313 3811 4355 con-

2210 4374 2455 4478 sistenti,
2499 4374 2793 4478 nullo-loco
2819 4387 2939 4478 est,
2983 4390 3039 4439 et
3064 4381 3264 4454 ubique
3288 4395 3372 4442 est
3408 4404 3422 4443 :
3455 4386 3535 4442 sic
3556 4389 3765 4460 justitia
3786 4434 3805 4462 ,

2211 4466 2289 4522 sic
2318 4466 2605 4537 sapientia,
2626 4467 2700 4523 sic
2723 4470 2921 4527 veritas
2943 4513 2958 4539 .
2983 4474 3062 4530 sic
3096 4475 3336 4535 castitas.
3369 4476 3648 4538 Conamini
3670 4499 3806 4556 ergo

2209 4557 2393 4615 videre
2422 4560 2578 4615 talem
2600 4560 2809 4619 lucem:
2843 4565 2937 4621 sed
2968 4582 3077 4623 non
3106 4571 3352 4641 potestis,
3379 4573 3608 4646 palpitat
3632 4591 3800 4635 men-

2213 4646 2281 4708 tis
2304 4652 2479 4719 aeies;
2512 4663 2786 4724 purgetur,
2814 4663 2871 4712 ut
2888 4656 3089 4717 videat.

2283 4740 2508 4801 CAPUT
2535 4744 2722 4801 Vil.—-—
2743 4746 2817 4804 Ut
2859 4759 3040 4808 autem
3088 4763 3342 4828 purgetur
3364 4765 3421 4814 et
3457 4758 3652 4828 videat,
3683 4775 3815 4821 cra-

2212 4836 2340 4903 dat,
2377 4848 2436 4892 ut
2475 4840 2690 4910 purgari
2733 4855 3022 4905 mereatur.
3072 4846 3226 4916 Quod
3289 4864 3418 4922 ergo
3452 4853 3637 4910 videre
3680 4869 3801 4921 non

2214 4928 2477 5034 potestis,
2536 4929 2745 4989 differte
2769 4975 2785 5003 ,
2840 4942 2899 4991 ut
2954 4939 3218 4996 euremini
3242 4981 3259 5009 ,
3326 4950 3382 4999 et
3441 4944 3622 5007 videre
3672 4962 3812 5020 pos-

2218 5033 2356 5078 stus.

2275 5116 2329 5173 8.
2344 5114 2585 5173 Felicitas
2594 5119 2644 5175 in
2657 5123 2830 5192 futuro
2839 5124 3023 5179 sarculo
3035 5128 3197 5196 qualis
3209 5129 3486 5199 speranda.
3501 5129 3621 5186 Duo
3632 5131 3816 5192 Teua-
3834 5120 3837 5127 ί

2212 5223 2400 5303 menta.
2414 5212 2529 5268 Non
2546 5222 2723 5270 tamen
2738 5215 2839 5272 tale
2857 5218 3055 5286 aliquid
3071 5220 3123 5276 in
3133 5220 3314 5277 futuro
3329 5224 3811 5299 smeuloeogitetig,

2215 5296 2371 5374 quale
2410 5320 2551 5360 nunc
2588 5305 2778 5363 videtis
2833 5327 2847 5364 :
2888 5311 3009 5380 quia
3035 5312 3079 5366 si
3111 5314 3215 5369 tale
3249 5315 3448 5385 aliquid
3484 5296 3813 5389 cogitaveris-

2212 5396 2307 5461 tis,
2324 5406 2394 5452 .et
2424 5397 2531 5457 tale.
2552 5398 2754 5469 aliquid
2778 5399 3108 5470 dilexeritis;
3135 5418 3257 5459 eum
3290 5406 3405 5476 ipso
3426 5410 3629 5464 mutulo
3642 5411 3816 5469 vultis

2218 5487 2296 5542 ire
2323 5498 2471 5542 extra
2503 5489 2781 5559 mundum,
2811 5492 2996 5548 tollere
3022 5495 3298 5552 vobiscum
3326 5499 3486 5555 vultis
3515 5502 3804 5561 mundum.

2217 5577 2333 5633 Non
2352 5591 2505 5634 erunt
2521 5581 2590 5635 ibi
2606 5584 2723 5636 ista.
2744 5582 2856 5637 Lux
2884 5583 2954 5639 ibi
2972 5587 3073 5641 erit
3095 5589 3358 5658 quredam,
3380 5591 3521 5647 unde
3534 5591 3636 5649 hoc
3657 5605 3813 5653 rorat

2214 5671 2399 5725 nescio
2439 5672 2583 5741 quid,
2607 5673 2748 5744 quod
2785 5676 2944 5731 modo
2985 5678 3332 5753 intelligimus
3354 5724 3372 5750 ,
3407 5693 3464 5741 et
3488 5687 3810 5757 gaudemus.

2208 5758 2325 5816 Sed
2364 5763 2410 5814 si
2455 5762 2710 5819 habemus
2744 5766 3168 5829 benedictionem
3214 5790 3243 5828 a
3274 5791 3397 5832 rore
3430 5778 3551 5833 ραιιί
3577 5822 3592 5844 ,
3634 5778 3813 5841 babe-

2286 5873 2521 5951 ξηξιξξῇἷξιὲ-
2549 5875 2667 5951 “(illi
2696 5892 2828 5951 νςγυι
2853 5885 3121 5935 ειίἰεηιιτίηι
3141 5887 3267 5938 enim
3292 5888 3509 5949 regulum
3531 5891 3678 5942 videt.

2282 5928 2356 5995 (a)
2372 5938 2526 5999 Forte,
2555 5945 2603 5986 ιιι
2623 5938 2759 5990 ιὶυαι.
