  <div class='ocr_page' id='page_1' title='image "/cluster/home/n/w/nwhite01/storage/ocr_20150623/38/hvd.32044015706294/024.png"; bbox 0 0 4014 6310; ppageno 0'>
   <div class='ocr_carea' id='block_1_1' title="bbox 236 336 3527 424">
    <p class='ocr_par' dir='ltr' id='par_1_1' title="bbox 236 336 3527 424">
     <span class='ocr_line' id='line_1_1' title="bbox 236 336 3527 424; baseline 0.005 -28"><span class='ocrx_word' id='word_1_1' title='bbox 236 361 309 424; x_wconf 67' lang='grc' dir='ltr'><strong>ει,</strong></span> <span class='ocrx_word' id='word_1_2' title='bbox 1722 336 1952 405; x_wconf 71' lang='lat' dir='ltr'><strong>sanna</strong></span> <span class='ocrx_word' id='word_1_3' title='bbox 1990 339 2079 402; x_wconf 65' lang='grc' dir='ltr'><strong>ιγ.</strong></span> <span class='ocrx_word' id='word_1_4' title='bbox 3455 353 3527 413; x_wconf 81' lang='lat' dir='ltr'><strong>ss</strong></span> 
     </span>
    </p>
   </div>
   <div class='ocr_carea' id='block_1_2' title="bbox 238 469 1831 540">
    <p class='ocr_par' dir='ltr' id='par_1_2' title="bbox 238 469 1831 540">
     <span class='ocr_line' id='line_1_2' title="bbox 238 469 1831 540; baseline -0.011 -1"><span class='ocrx_word' id='word_1_5' title='bbox 238 497 357 540; x_wconf 87' lang='lat' dir='ltr'><strong>mus</strong></span> <span class='ocrx_word' id='word_1_6' title='bbox 403 481 786 538; x_wconf 73' lang='lat' dir='ltr'><strong>abundantiam</strong></span> <span class='ocrx_word' id='word_1_7' title='bbox 833 494 860 536; x_wconf 88' lang='lat' dir='ltr'><strong>a</strong></span> <span class='ocrx_word' id='word_1_8' title='bbox 907 477 1176 536; x_wconf 77' lang='lat' dir='ltr'><strong>fertilitate</strong></span> <span class='ocrx_word' id='word_1_9' title='bbox 1216 488 1418 535; x_wconf 82' lang='lat' dir='ltr'><strong>terrae:</strong></span> <span class='ocrx_word' id='word_1_10' title='bbox 1451 469 1528 529; x_wconf 91' lang='lat' dir='ltr'><strong>sic</strong></span> <span class='ocrx_word' id='word_1_11' title='bbox 1569 481 1651 529; x_wconf 89' lang='lat' dir='ltr'><strong>est</strong></span> <span class='ocrx_word' id='word_1_12' title='bbox 1689 470 1831 526; x_wconf 89' lang='lat' dir='ltr'><strong>enim</strong></span> 
     </span>
    </p>
   </div>
   <div class='ocr_carea' id='block_1_3' title="bbox 236 571 1830 642">
    <p class='ocr_par' dir='ltr' id='par_1_3' title="bbox 236 571 1830 642">
     <span class='ocr_line' id='line_1_3' title="bbox 236 571 1830 642; baseline -0.005 -11"><span class='ocrx_word' id='word_1_13' title='bbox 236 573 554 631; x_wconf 77' lang='lat' dir='ltr'><strong>benedictus</strong></span> <span class='ocrx_word' id='word_1_14' title='bbox 580 573 742 629; x_wconf 83' lang='lat' dir='ltr'><strong>Jacob</strong></span> <span class='ocrx_word' id='word_1_15' title='bbox 774 571 923 639; x_wconf 76' lang='lat' dir='ltr'><strong>(Gen.</strong></span> <span class='ocrx_word' id='word_1_16' title='bbox 949 587 1091 628; x_wconf 76' lang='lat' dir='ltr'><strong>xxvn</strong></span> <span class='ocrx_word' id='word_1_17' title='bbox 1113 617 1127 640; x_wconf 93' lang='lat'><strong>,</strong></span> <span class='ocrx_word' id='word_1_18' title='bbox 1155 573 1246 642; x_wconf 72' lang='grc'>28)</span> <span class='ocrx_word' id='word_1_19' title='bbox 1283 589 1294 626; x_wconf 92' lang='lat'><strong>:</strong></span> <span class='ocrx_word' id='word_1_20' title='bbox 1323 571 1387 626; x_wconf 88' lang='lat' dir='ltr'><strong>ad</strong></span> <span class='ocrx_word' id='word_1_21' title='bbox 1420 587 1538 626; x_wconf 91' lang='lat' dir='ltr'><strong>eum</strong></span> <span class='ocrx_word' id='word_1_22' title='bbox 1564 572 1830 641; x_wconf 85' lang='lat' dir='ltr'><strong>pertinea-</strong></span> 
     </span>
    </p>
   </div>
   <div class='ocr_carea' id='block_1_4' title="bbox 235 664 1825 732">
    <p class='ocr_par' dir='ltr' id='par_1_4' title="bbox 235 664 1825 732">
     <span class='ocr_line' id='line_1_4' title="bbox 235 664 1825 732; baseline -0.005 -9"><span class='ocrx_word' id='word_1_23' title='bbox 235 684 357 723; x_wconf 85' lang='lat' dir='ltr'><strong>mus</strong></span> <span class='ocrx_word' id='word_1_24' title='bbox 383 711 397 731; x_wconf 88' lang='lat'><strong>,</strong></span> <span class='ocrx_word' id='word_1_25' title='bbox 428 678 483 722; x_wconf 92' lang='lat' dir='ltr'><strong>et</strong></span> <span class='ocrx_word' id='word_1_26' title='bbox 528 682 631 722; x_wconf 89' lang='lat' dir='ltr'><strong>non</strong></span> <span class='ocrx_word' id='word_1_27' title='bbox 663 666 949 721; x_wconf 72' lang='lat' dir='ltr'><strong>carnaliter</strong></span> <span class='ocrx_word' id='word_1_28' title='bbox 973 666 1236 720; x_wconf 78' lang='lat' dir='ltr'><strong>vivamus.</strong></span> <span class='ocrx_word' id='word_1_29' title='bbox 1283 665 1416 732; x_wconf 83' lang='lat' dir='ltr'><strong>Quia</strong></span> <span class='ocrx_word' id='word_1_30' title='bbox 1463 664 1825 732; x_wconf 75' lang='lat' dir='ltr'><strong>unusquisque</strong></span> 
     </span>
    </p>
   </div>
   <div class='ocr_carea' id='block_1_5' title="bbox 235 751 1832 832">
    <p class='ocr_par' dir='ltr' id='par_1_5' title="bbox 235 751 1832 832">
     <span class='ocr_line' id='line_1_5' title="bbox 235 751 1832 832; baseline -0.005 -16"><span class='ocrx_word' id='word_1_31' title='bbox 235 760 422 832; x_wconf 80' lang='lat' dir='ltr'><strong>incipit</strong></span> <span class='ocrx_word' id='word_1_32' title='bbox 447 761 737 815; x_wconf 79' lang='lat' dir='ltr'><strong>carnaliter</strong></span> <span class='ocrx_word' id='word_1_33' title='bbox 757 760 936 814; x_wconf 78' lang='lat' dir='ltr'><strong>vivere</strong></span> <span class='ocrx_word' id='word_1_34' title='bbox 962 802 976 824; x_wconf 90' lang='lat'><strong>,</strong></span> <span class='ocrx_word' id='word_1_35' title='bbox 1006 759 1127 813; x_wconf 88' lang='lat' dir='ltr'><strong>ideo</strong></span> <span class='ocrx_word' id='word_1_36' title='bbox 1175 758 1343 828; x_wconf 87' lang='lat' dir='ltr'><strong>major</strong></span> <span class='ocrx_word' id='word_1_37' title='bbox 1382 755 1555 811; x_wconf 89' lang='lat' dir='ltr'><strong>dictus</strong></span> <span class='ocrx_word' id='word_1_38' title='bbox 1581 767 1661 812; x_wconf 86' lang='lat' dir='ltr'><strong>est</strong></span> <span class='ocrx_word' id='word_1_39' title='bbox 1693 751 1832 809; x_wconf 82' lang='lat' dir='ltr'><strong>Esau</strong></span> 
     </span>
    </p>
   </div>
   <div class='ocr_carea' id='block_1_6' title="bbox 240 847 1830 926">
    <p class='ocr_par' dir='ltr' id='par_1_6' title="bbox 240 847 1830 926">
     <span class='ocr_line' id='line_1_6' title="bbox 240 847 1830 926; baseline -0.002 -19"><span class='ocrx_word' id='word_1_40' title='bbox 240 851 344 925; x_wconf 81' lang='lat' dir='ltr'><strong>(Id.</strong></span> <span class='ocrx_word' id='word_1_41' title='bbox 399 871 506 910; x_wconf 77' lang='lat' dir='ltr'><strong>xxv</strong></span> <span class='ocrx_word' id='word_1_42' title='bbox 535 898 549 923; x_wconf 95' lang='lat'><strong>,</strong></span> <span class='ocrx_word' id='word_1_43' title='bbox 595 851 710 926; x_wconf 66' lang='lat'><strong>25).</strong></span> <span class='ocrx_word' id='word_1_44' title='bbox 759 855 873 909; x_wconf 89' lang='lat' dir='ltr'><strong>Duo</strong></span> <span class='ocrx_word' id='word_1_45' title='bbox 910 852 1251 910; x_wconf 86' lang='lat' dir='ltr'><strong>Testamenta</strong></span> <span class='ocrx_word' id='word_1_46' title='bbox 1288 851 1536 907; x_wconf 89' lang='lat' dir='ltr'><strong>dicuntur</strong></span> <span class='ocrx_word' id='word_1_47' title='bbox 1562 853 1612 905; x_wconf 93' lang='lat' dir='ltr'><strong>in</strong></span> <span class='ocrx_word' id='word_1_48' title='bbox 1652 847 1790 921; x_wconf 87' lang='lat' dir='ltr'><strong>Lege</strong></span> <span class='ocrx_word' id='word_1_49' title='bbox 1815 892 1830 917; x_wconf 91' lang='lat'><strong>,</strong></span> 
     </span>
    </p>
   </div>
   <div class='ocr_carea' id='block_1_7' title="bbox 238 943 1833 1018">
    <p class='ocr_par' dir='ltr' id='par_1_7' title="bbox 238 943 1833 1018">
     <span class='ocr_line' id='line_1_7' title="bbox 238 943 1833 1018; baseline -0.002 -15"><span class='ocrx_word' id='word_1_50' title='bbox 238 965 403 1003; x_wconf 91' lang='lat' dir='ltr'><strong>unum</strong></span> <span class='ocrx_word' id='word_1_51' title='bbox 433 949 600 1004; x_wconf 78' lang='lat' dir='ltr'><strong>Vetus</strong></span> <span class='ocrx_word' id='word_1_52' title='bbox 620 992 634 1014; x_wconf 92' lang='lat'><strong>,</strong></span> <span class='ocrx_word' id='word_1_53' title='bbox 665 957 719 1004; x_wconf 90' lang='lat' dir='ltr'><strong>et</strong></span> <span class='ocrx_word' id='word_1_54' title='bbox 753 949 977 1005; x_wconf 89' lang='lat' dir='ltr'><strong>alterum</strong></span> <span class='ocrx_word' id='word_1_55' title='bbox 1005 947 1230 1005; x_wconf 81' lang='lat' dir='ltr'><strong>Novum.</strong></span> <span class='ocrx_word' id='word_1_56' title='bbox 1261 943 1428 1002; x_wconf 79' lang='lat' dir='ltr'><strong>Vetus</strong></span> <span class='ocrx_word' id='word_1_57' title='bbox 1451 946 1833 1018; x_wconf 87' lang='lat' dir='ltr'><strong>promissiones</strong></span> 
     </span>
    </p>
   </div>
   <div class='ocr_carea' id='block_1_8' title="bbox 237 1037 1830 1112">
    <p class='ocr_par' dir='ltr' id='par_1_8' title="bbox 237 1037 1830 1112">
     <span class='ocr_line' id='line_1_8' title="bbox 237 1037 1830 1112; baseline 0.001 -17"><span class='ocrx_word' id='word_1_58' title='bbox 237 1037 469 1095; x_wconf 79' lang='lat' dir='ltr'><strong>habebat</strong></span> <span class='ocrx_word' id='word_1_59' title='bbox 499 1042 824 1111; x_wconf 89' lang='lat' dir='ltr'><strong>temporales</strong></span> <span class='ocrx_word' id='word_1_60' title='bbox 848 1084 864 1110; x_wconf 95' lang='lat'><strong>,</strong></span> <span class='ocrx_word' id='word_1_61' title='bbox 907 1041 1002 1097; x_wconf 90' lang='lat' dir='ltr'><strong>sed</strong></span> <span class='ocrx_word' id='word_1_62' title='bbox 1043 1037 1461 1112; x_wconf 87' lang='lat' dir='ltr'><strong>signiﬁcationes</strong></span> <span class='ocrx_word' id='word_1_63' title='bbox 1505 1039 1830 1111; x_wconf 88' lang='lat' dir='ltr'><strong>spiritualcs.</strong></span> 
     </span>
    </p>
   </div>
   <div class='ocr_carea' id='block_1_9' title="bbox 237 1131 1834 1206">
    <p class='ocr_par' dir='ltr' id='par_1_9' title="bbox 237 1131 1834 1206">
     <span class='ocr_line' id='line_1_9' title="bbox 237 1131 1834 1206; baseline -0.001 -17"><span class='ocrx_word' id='word_1_64' title='bbox 237 1131 484 1189; x_wconf 85' lang='lat' dir='ltr'><strong>intendat</strong></span> <span class='ocrx_word' id='word_1_65' title='bbox 524 1133 769 1190; x_wconf 84' lang='lat' dir='ltr'><strong>Charitas</strong></span> <span class='ocrx_word' id='word_1_66' title='bbox 825 1145 1020 1191; x_wconf 85' lang='lat' dir='ltr'><strong>vestra.</strong></span> <span class='ocrx_word' id='word_1_67' title='bbox 1085 1134 1140 1190; x_wconf 90' lang='lat' dir='ltr'><strong>Si</strong></span> <span class='ocrx_word' id='word_1_68' title='bbox 1193 1135 1455 1206; x_wconf 91' lang='lat' dir='ltr'><strong>promissa</strong></span> <span class='ocrx_word' id='word_1_69' title='bbox 1501 1143 1581 1189; x_wconf 91' lang='lat' dir='ltr'><strong>est</strong></span> <span class='ocrx_word' id='word_1_70' title='bbox 1633 1133 1834 1189; x_wconf 77' lang='lat' dir='ltr'><strong>Judzels</strong></span> 
     </span>
    </p>
   </div>
   <div class='ocr_carea' id='block_1_10' title="bbox 238 1227 1834 1302">
    <p class='ocr_par' dir='ltr' id='par_1_10' title="bbox 238 1227 1834 1302">
     <span class='ocr_line' id='line_1_10' title="bbox 238 1227 1834 1302; baseline 0.001 -19"><span class='ocrx_word' id='word_1_71' title='bbox 238 1237 386 1284; x_wconf 89' lang='lat' dir='ltr'><strong>terra</strong></span> <span class='ocrx_word' id='word_1_72' title='bbox 437 1229 894 1299; x_wconf 85' lang='lat' dir='ltr'><strong>repromissionis,</strong></span> <span class='ocrx_word' id='word_1_73' title='bbox 944 1228 1206 1302; x_wconf 89' lang='lat' dir='ltr'><strong>signiﬁcat</strong></span> <span class='ocrx_word' id='word_1_74' title='bbox 1249 1227 1449 1300; x_wconf 90' lang='lat' dir='ltr'><strong>aliquid</strong></span> <span class='ocrx_word' id='word_1_75' title='bbox 1487 1227 1834 1299; x_wconf 90' lang='lat' dir='ltr'><strong>spiritualiter</strong></span> 
     </span>
    </p>
   </div>
   <div class='ocr_carea' id='block_1_11' title="bbox 239 1321 1832 1394">
    <p class='ocr_par' dir='ltr' id='par_1_11' title="bbox 239 1321 1832 1394">
     <span class='ocr_line' id='line_1_11' title="bbox 239 1321 1832 1394; baseline -0.001 -17"><span class='ocrx_word' id='word_1_76' title='bbox 239 1332 380 1378; x_wconf 82' lang='lat' dir='ltr'><strong>terra</strong></span> <span class='ocrx_word' id='word_1_77' title='bbox 414 1324 848 1394; x_wconf 87' lang='lat' dir='ltr'><strong>repromissionis</strong></span> <span class='ocrx_word' id='word_1_78' title='bbox 881 1342 893 1379; x_wconf 89' lang='lat'><strong>:</strong></span> <span class='ocrx_word' id='word_1_79' title='bbox 921 1323 965 1380; x_wconf 91' lang='lat' dir='ltr'><strong>si</strong></span> <span class='ocrx_word' id='word_1_80' title='bbox 993 1323 1256 1394; x_wconf 87' lang='lat' dir='ltr'><strong>promissa</strong></span> <span class='ocrx_word' id='word_1_81' title='bbox 1295 1331 1378 1378; x_wconf 91' lang='lat' dir='ltr'><strong>est</strong></span> <span class='ocrx_word' id='word_1_82' title='bbox 1405 1321 1606 1380; x_wconf 68' lang='lat' dir='ltr'><strong>Judazis</strong></span> <span class='ocrx_word' id='word_1_83' title='bbox 1645 1323 1832 1377; x_wconf 85' lang='lat' dir='ltr'><strong>civitas</strong></span> 
     </span>
    </p>
   </div>
   <div class='ocr_carea' id='block_1_12' title="bbox 237 1413 1834 1490">
    <p class='ocr_par' dir='ltr' id='par_1_12' title="bbox 237 1413 1834 1490">
     <span class='ocr_line' id='line_1_12' title="bbox 237 1413 1834 1490; baseline 0.001 -20"><span class='ocrx_word' id='word_1_84' title='bbox 237 1419 382 1487; x_wconf 83' lang='lat' dir='ltr'><strong>pacis</strong></span> <span class='ocrx_word' id='word_1_85' title='bbox 403 1418 728 1483; x_wconf 80' lang='lat' dir='ltr'><strong>Jerusalem,</strong></span> <span class='ocrx_word' id='word_1_86' title='bbox 760 1417 1240 1490; x_wconf 86' lang='lat' dir='ltr'><strong>signiﬁcataliquid</strong></span> <span class='ocrx_word' id='word_1_87' title='bbox 1269 1432 1464 1472; x_wconf 88' lang='lat' dir='ltr'><strong>nomen</strong></span> <span class='ocrx_word' id='word_1_88' title='bbox 1491 1416 1720 1472; x_wconf 82' lang='lat' dir='ltr'><strong>civitatis</strong></span> <span class='ocrx_word' id='word_1_89' title='bbox 1743 1413 1834 1472; x_wconf 87' lang='lat' dir='ltr'><strong>Jc-</strong></span> 
     </span>
    </p>
   </div>
   <div class='ocr_carea' id='block_1_13' title="bbox 237 1508 1828 1576">
    <p class='ocr_par' dir='ltr' id='par_1_13' title="bbox 237 1508 1828 1576">
     <span class='ocr_line' id='line_1_13' title="bbox 237 1508 1828 1576; baseline -0.001 -11"><span class='ocrx_word' id='word_1_90' title='bbox 237 1511 468 1565; x_wconf 81' lang='lat' dir='ltr'><strong>rusalem</strong></span> <span class='ocrx_word' id='word_1_91' title='bbox 524 1529 538 1563; x_wconf 90' lang='lat'><strong>:</strong></span> <span class='ocrx_word' id='word_1_92' title='bbox 584 1508 630 1564; x_wconf 87' lang='lat' dir='ltr'><strong>si</strong></span> <span class='ocrx_word' id='word_1_93' title='bbox 676 1509 800 1566; x_wconf 88' lang='lat' dir='ltr'><strong>data</strong></span> <span class='ocrx_word' id='word_1_94' title='bbox 848 1519 932 1565; x_wconf 90' lang='lat' dir='ltr'><strong>est</strong></span> <span class='ocrx_word' id='word_1_95' title='bbox 972 1508 1174 1565; x_wconf 63' lang='lat' dir='ltr'><strong>Judaeis</strong></span> <span class='ocrx_word' id='word_1_96' title='bbox 1229 1510 1566 1564; x_wconf 83' lang='lat' dir='ltr'><strong>circumcisio</strong></span> <span class='ocrx_word' id='word_1_97' title='bbox 1614 1509 1828 1576; x_wconf 87' lang='lat' dir='ltr'><strong>carnis,</strong></span> 
     </span>
    </p>
   </div>
   <div class='ocr_carea' id='block_1_14' title="bbox 234 1599 1831 1672">
    <p class='ocr_par' dir='ltr' id='par_1_14' title="bbox 234 1599 1831 1672">
     <span class='ocr_line' id='line_1_14' title="bbox 234 1599 1831 1672; baseline -0.001 -17"><span class='ocrx_word' id='word_1_98' title='bbox 234 1601 504 1671; x_wconf 83' lang='lat' dir='ltr'><strong>signiﬁcat</strong></span> <span class='ocrx_word' id='word_1_99' title='bbox 547 1601 780 1672; x_wconf 86' lang='lat' dir='ltr'><strong>aliquam</strong></span> <span class='ocrx_word' id='word_1_100' title='bbox 833 1602 1167 1671; x_wconf 87' lang='lat' dir='ltr'><strong>spiritualem</strong></span> <span class='ocrx_word' id='word_1_101' title='bbox 1206 1601 1670 1656; x_wconf 88' lang='lat' dir='ltr'><strong>circumcisioncm</strong></span> <span class='ocrx_word' id='word_1_102' title='bbox 1721 1618 1733 1654; x_wconf 90' lang='lat'><strong>:</strong></span> <span class='ocrx_word' id='word_1_103' title='bbox 1785 1599 1831 1654; x_wconf 89' lang='lat' dir='ltr'><strong>si</strong></span> 
     </span>
    </p>
   </div>
   <div class='ocr_carea' id='block_1_15' title="bbox 229 1689 1832 1762">
    <p class='ocr_par' dir='ltr' id='par_1_15' title="bbox 229 1689 1832 1762">
     <span class='ocr_line' id='line_1_15' title="bbox 229 1689 1832 1762; baseline 0.001 -18"><span class='ocrx_word' id='word_1_104' title='bbox 229 1689 362 1762; x_wconf 84' lang='lat' dir='ltr'><strong>jussi</strong></span> <span class='ocrx_word' id='word_1_105' title='bbox 404 1701 535 1747; x_wconf 90' lang='lat' dir='ltr'><strong>sunt</strong></span> <span class='ocrx_word' id='word_1_106' title='bbox 575 1690 746 1746; x_wconf 70' lang='lat' dir='ltr'><strong>Judasi</strong></span> <span class='ocrx_word' id='word_1_107' title='bbox 775 1709 938 1747; x_wconf 89' lang='lat' dir='ltr'><strong>unum</strong></span> <span class='ocrx_word' id='word_1_108' title='bbox 971 1692 1112 1747; x_wconf 88' lang='lat' dir='ltr'><strong>diem</strong></span> <span class='ocrx_word' id='word_1_109' title='bbox 1145 1691 1424 1746; x_wconf 85' lang='lat' dir='ltr'><strong>sabbatum</strong></span> <span class='ocrx_word' id='word_1_110' title='bbox 1455 1690 1740 1746; x_wconf 85' lang='lat' dir='ltr'><strong>observare</strong></span> <span class='ocrx_word' id='word_1_111' title='bbox 1767 1690 1832 1745; x_wconf 91' lang='lat' dir='ltr'><strong>de</strong></span> 
     </span>
    </p>
   </div>
   <div class='ocr_carea' id='block_1_16' title="bbox 233 1781 1832 1856">
    <p class='ocr_par' dir='ltr' id='par_1_16' title="bbox 233 1781 1832 1856">
     <span class='ocr_line' id='line_1_16' title="bbox 233 1781 1832 1856; baseline 0.001 -18"><span class='ocrx_word' id='word_1_112' title='bbox 233 1796 440 1854; x_wconf 87' lang='lat' dir='ltr'><strong>septem</strong></span> <span class='ocrx_word' id='word_1_113' title='bbox 490 1781 683 1840; x_wconf 82' lang='lat' dir='ltr'><strong>diebus</strong></span> <span class='ocrx_word' id='word_1_114' title='bbox 704 1827 717 1849; x_wconf 92' lang='lat'><strong>,</strong></span> <span class='ocrx_word' id='word_1_115' title='bbox 752 1786 1016 1856; x_wconf 78' lang='lat' dir='ltr'><strong>signiﬁcat</strong></span> <span class='ocrx_word' id='word_1_116' title='bbox 1043 1785 1372 1856; x_wconf 89' lang='lat' dir='ltr'><strong>spiritualem</strong></span> <span class='ocrx_word' id='word_1_117' title='bbox 1404 1787 1634 1856; x_wconf 89' lang='lat' dir='ltr'><strong>quietem</strong></span> <span class='ocrx_word' id='word_1_118' title='bbox 1664 1829 1676 1851; x_wconf 97' lang='lat'><strong>,</strong></span> <span class='ocrx_word' id='word_1_119' title='bbox 1711 1802 1832 1856; x_wconf 79' lang='lat' dir='ltr'><strong>qua:</strong></span> 
     </span>
    </p>
   </div>
   <div class='ocr_carea' id='block_1_17' title="bbox 230 1877 1827 1949">
    <p class='ocr_par' dir='ltr' id='par_1_17' title="bbox 230 1877 1827 1949">
     <span class='ocr_line' id='line_1_17' title="bbox 230 1877 1827 1949; baseline 0.001 -18"><span class='ocrx_word' id='word_1_120' title='bbox 230 1894 334 1931; x_wconf 86' lang='lat' dir='ltr'><strong>non</strong></span> <span class='ocrx_word' id='word_1_121' title='bbox 364 1877 536 1933; x_wconf 80' lang='lat' dir='ltr'><strong>habet</strong></span> <span class='ocrx_word' id='word_1_122' title='bbox 564 1894 863 1949; x_wconf 83' lang='lat' dir='ltr'><strong>vesperam.</strong></span> <span class='ocrx_word' id='word_1_123' title='bbox 891 1878 1022 1933; x_wconf 83' lang='lat' dir='ltr'><strong>Nam</strong></span> <span class='ocrx_word' id='word_1_124' title='bbox 1048 1887 1102 1933; x_wconf 87' lang='lat' dir='ltr'><strong>et</strong></span> <span class='ocrx_word' id='word_1_125' title='bbox 1127 1879 1179 1932; x_wconf 91' lang='lat' dir='ltr'><strong>in</strong></span> <span class='ocrx_word' id='word_1_126' title='bbox 1207 1877 1335 1948; x_wconf 83' lang='lat' dir='ltr'><strong>ipsis</strong></span> <span class='ocrx_word' id='word_1_127' title='bbox 1382 1888 1582 1948; x_wconf 89' lang='lat' dir='ltr'><strong>septem</strong></span> <span class='ocrx_word' id='word_1_128' title='bbox 1607 1877 1792 1932; x_wconf 87' lang='lat' dir='ltr'><strong>diebus</strong></span> <span class='ocrx_word' id='word_1_129' title='bbox 1813 1919 1827 1944; x_wconf 93' lang='lat'><strong>,</strong></span> 
     </span>
    </p>
   </div>
   <div class='ocr_carea' id='block_1_18' title="bbox 229 1968 1830 2039">
    <p class='ocr_par' dir='ltr' id='par_1_18' title="bbox 229 1968 1830 2039">
     <span class='ocr_line' id='line_1_18' title="bbox 229 1968 1830 2039; baseline 0.001 -15"><span class='ocrx_word' id='word_1_130' title='bbox 229 1969 280 2024; x_wconf 89' lang='lat' dir='ltr'><strong>in</strong></span> <span class='ocrx_word' id='word_1_131' title='bbox 323 1968 532 2025; x_wconf 82' lang='lat' dir='ltr'><strong>Genesi</strong></span> <span class='ocrx_word' id='word_1_132' title='bbox 583 1971 636 2025; x_wconf 88' lang='lat' dir='ltr'><strong>in</strong></span> <span class='ocrx_word' id='word_1_133' title='bbox 689 1972 935 2027; x_wconf 86' lang='lat' dir='ltr'><strong>omnibus</strong></span> <span class='ocrx_word' id='word_1_134' title='bbox 974 1968 1162 2025; x_wconf 88' lang='lat' dir='ltr'><strong>diebus</strong></span> <span class='ocrx_word' id='word_1_135' title='bbox 1190 1971 1390 2026; x_wconf 79' lang='lat' dir='ltr'><strong>dictaui</strong></span> <span class='ocrx_word' id='word_1_136' title='bbox 1421 1981 1503 2026; x_wconf 88' lang='lat' dir='ltr'><strong>est</strong></span> <span class='ocrx_word' id='word_1_137' title='bbox 1527 2014 1540 2039; x_wconf 96' lang='lat'><strong>,</strong></span> <span class='ocrx_word' id='word_1_138' title='bbox 1576 1969 1738 2026; x_wconf 84' lang='lat' dir='ltr'><strong>Facta</strong></span> <span class='ocrx_word' id='word_1_139' title='bbox 1759 1981 1830 2026; x_wconf 87' lang='lat' dir='ltr'><strong>cst</strong></span> 
     </span>
    </p>
   </div>
   <div class='ocr_carea' id='block_1_19' title="bbox 231 2060 1827 2132">
    <p class='ocr_par' dir='ltr' id='par_1_19' title="bbox 231 2060 1827 2132">
     <span class='ocr_line' id='line_1_19' title="bbox 231 2060 1827 2132; baseline 0.004 -19"><span class='ocrx_word' id='word_1_140' title='bbox 231 2078 438 2132; x_wconf 60' lang='grc' dir='ltr'><strong>πείρα-(ι</strong></span> <span class='ocrx_word' id='word_1_141' title='bbox 469 2061 583 2130; x_wconf 80' lang='lat' dir='ltr'><strong>(Id.</strong></span> <span class='ocrx_word' id='word_1_142' title='bbox 616 2061 656 2132; x_wconf 84' lang='grc' dir='ltr'>ι)</span> <span class='ocrx_word' id='word_1_143' title='bbox 695 2081 706 2114; x_wconf 95' lang='lat'>:</span> <span class='ocrx_word' id='word_1_144' title='bbox 739 2064 788 2115; x_wconf 91' lang='lat' dir='ltr'><strong>in</strong></span> <span class='ocrx_word' id='word_1_145' title='bbox 831 2064 1058 2132; x_wconf 87' lang='lat' dir='ltr'><strong>septimo</strong></span> <span class='ocrx_word' id='word_1_146' title='bbox 1106 2060 1193 2116; x_wconf 86' lang='lat' dir='ltr'><strong>die</strong></span> <span class='ocrx_word' id='word_1_147' title='bbox 1235 2079 1340 2116; x_wconf 90' lang='lat' dir='ltr'><strong>non</strong></span> <span class='ocrx_word' id='word_1_148' title='bbox 1389 2062 1582 2117; x_wconf 86' lang='lat' dir='ltr'><strong>dicitur</strong></span> <span class='ocrx_word' id='word_1_149' title='bbox 1607 2106 1622 2129; x_wconf 93' lang='lat'><strong>,</strong></span> <span class='ocrx_word' id='word_1_150' title='bbox 1665 2063 1827 2119; x_wconf 87' lang='lat' dir='ltr'><strong>Facta</strong></span> 
     </span>
    </p>
   </div>
   <div class='ocr_carea' id='block_1_20' title="bbox 230 2151 1826 2225">
    <p class='ocr_par' dir='ltr' id='par_1_20' title="bbox 230 2151 1826 2225">
     <span class='ocr_line' id='line_1_20' title="bbox 230 2151 1826 2225; baseline 0.003 -17"><span class='ocrx_word' id='word_1_151' title='bbox 230 2163 306 2208; x_wconf 84' lang='lat' dir='ltr'><strong>est</strong></span> <span class='ocrx_word' id='word_1_152' title='bbox 351 2170 607 2224; x_wconf 80' lang='lat' dir='ltr'><strong>vespera.</strong></span> <span class='ocrx_word' id='word_1_153' title='bbox 647 2155 885 2225; x_wconf 88' lang='lat' dir='ltr'><strong>Septimo</strong></span> <span class='ocrx_word' id='word_1_154' title='bbox 934 2151 1018 2210; x_wconf 88' lang='lat' dir='ltr'><strong>die</strong></span> <span class='ocrx_word' id='word_1_155' title='bbox 1048 2155 1138 2225; x_wconf 89' lang='lat' dir='ltr'><strong>qui</strong></span> <span class='ocrx_word' id='word_1_156' title='bbox 1181 2172 1460 2225; x_wconf 75' lang='lat' dir='ltr'><strong>vesperam</strong></span> <span class='ocrx_word' id='word_1_157' title='bbox 1493 2174 1596 2211; x_wconf 88' lang='lat' dir='ltr'><strong>non</strong></span> <span class='ocrx_word' id='word_1_158' title='bbox 1627 2156 1826 2224; x_wconf 84' lang='lat' dir='ltr'><strong>habet,</strong></span> 
     </span>
    </p>
   </div>
   <div class='ocr_carea' id='block_1_21' title="bbox 229 2245 1830 2317">
    <p class='ocr_par' dir='ltr' id='par_1_21' title="bbox 229 2245 1830 2317">
     <span class='ocr_line' id='line_1_21' title="bbox 229 2245 1830 2317; baseline 0.004 -18"><span class='ocrx_word' id='word_1_159' title='bbox 229 2247 569 2315; x_wconf 77' lang='lat' dir='ltr'><strong>signiﬁcatur</strong></span> <span class='ocrx_word' id='word_1_160' title='bbox 598 2247 752 2302; x_wconf 89' lang='lat' dir='ltr'><strong>nobis</strong></span> <span class='ocrx_word' id='word_1_161' title='bbox 781 2245 993 2317; x_wconf 82' lang='lat' dir='ltr'><strong>requies</strong></span> <span class='ocrx_word' id='word_1_162' title='bbox 1019 2247 1340 2317; x_wconf 82' lang='lat' dir='ltr'><strong>sempiterna</strong></span> <span class='ocrx_word' id='word_1_163' title='bbox 1367 2289 1382 2314; x_wconf 97' lang='lat'><strong>,</strong></span> <span class='ocrx_word' id='word_1_164' title='bbox 1417 2249 1504 2304; x_wconf 91' lang='lat' dir='ltr'><strong>ubi</strong></span> <span class='ocrx_word' id='word_1_165' title='bbox 1548 2250 1722 2307; x_wconf 90' lang='lat' dir='ltr'><strong>nullus</strong></span> <span class='ocrx_word' id='word_1_166' title='bbox 1748 2260 1830 2306; x_wconf 90' lang='lat' dir='ltr'><strong>est</strong></span> 
     </span>
    </p>
   </div>
   <div class='ocr_carea' id='block_1_22' title="bbox 230 2337 1831 2414">
    <p class='ocr_par' dir='ltr' id='par_1_22' title="bbox 230 2337 1831 2414">
     <span class='ocr_line' id='line_1_22' title="bbox 230 2337 1831 2414; baseline 0.003 -20"><span class='ocrx_word' id='word_1_167' title='bbox 230 2356 480 2394; x_wconf 76' lang='lat' dir='ltr'><strong>creastis.</strong></span> <span class='ocrx_word' id='word_1_168' title='bbox 525 2337 579 2394; x_wconf 91' lang='lat' dir='ltr'><strong>Si</strong></span> <span class='ocrx_word' id='word_1_169' title='bbox 609 2340 728 2393; x_wconf 86' lang='lat' dir='ltr'><strong>data</strong></span> <span class='ocrx_word' id='word_1_170' title='bbox 757 2349 880 2393; x_wconf 90' lang='lat' dir='ltr'><strong>sunt</strong></span> <span class='ocrx_word' id='word_1_171' title='bbox 918 2338 1176 2394; x_wconf 87' lang='lat' dir='ltr'><strong>sacriﬁcia</strong></span> <span class='ocrx_word' id='word_1_172' title='bbox 1205 2339 1403 2396; x_wconf 66' lang='lat' dir='ltr'><strong>Judaeis</strong></span> <span class='ocrx_word' id='word_1_173' title='bbox 1429 2343 1659 2396; x_wconf 88' lang='lat' dir='ltr'><strong>carnalia</strong></span> <span class='ocrx_word' id='word_1_174' title='bbox 1680 2385 1693 2409; x_wconf 93' lang='lat'><strong>,</strong></span> <span class='ocrx_word' id='word_1_175' title='bbox 1735 2359 1831 2414; x_wconf 90' lang='lat' dir='ltr'><strong>per</strong></span> 
     </span>
    </p>
   </div>
   <div class='ocr_carea' id='block_1_23' title="bbox 230 2431 1829 2508">
    <p class='ocr_par' dir='ltr' id='par_1_23' title="bbox 230 2431 1829 2508">
     <span class='ocr_line' id='line_1_23' title="bbox 230 2431 1829 2508; baseline 0.006 -26"><span class='ocrx_word' id='word_1_176' title='bbox 230 2433 478 2488; x_wconf 60' lang='lat' dir='ltr'><strong>victimas</strong></span> <span class='ocrx_word' id='word_1_177' title='bbox 509 2433 820 2488; x_wconf 85' lang='lat' dir='ltr'><strong>animalium</strong></span> <span class='ocrx_word' id='word_1_178' title='bbox 849 2432 1026 2488; x_wconf 88' lang='lat' dir='ltr'><strong>omnia</strong></span> <span class='ocrx_word' id='word_1_179' title='bbox 1053 2431 1353 2505; x_wconf 86' lang='lat' dir='ltr'><strong>signiﬁcant</strong></span> <span class='ocrx_word' id='word_1_180' title='bbox 1391 2433 1648 2491; x_wconf 87' lang='lat' dir='ltr'><strong>sacriﬁcia</strong></span> <span class='ocrx_word' id='word_1_181' title='bbox 1667 2435 1829 2508; x_wconf 82' lang='lat' dir='ltr'><strong>spiri-</strong></span> 
     </span>
    </p>
   </div>
   <div class='ocr_carea' id='block_1_24' title="bbox 232 2527 415 2579">
    <p class='ocr_par' dir='ltr' id='par_1_24' title="bbox 232 2527 415 2579">
     <span class='ocr_line' id='line_1_24' title="bbox 232 2527 415 2579; baseline -0.011 0"><span class='ocrx_word' id='word_1_182' title='bbox 232 2527 415 2579; x_wconf 83' lang='lat' dir='ltr'><strong>tuaiia.</strong></span> 
     </span>
    </p>
   </div>
   <div class='ocr_carea' id='block_1_25' title="bbox 299 2615 1828 2694">
    <p class='ocr_par' dir='ltr' id='par_1_25' title="bbox 299 2615 1828 2694">
     <span class='ocr_line' id='line_1_25' title="bbox 299 2615 1828 2694; baseline 0.005 -22"><span class='ocrx_word' id='word_1_183' title='bbox 299 2619 386 2672; x_wconf 73' lang='lat' dir='ltr'><strong>CA</strong></span> <span class='ocrx_word' id='word_1_184' title='bbox 397 2615 538 2674; x_wconf 84' lang='lat' dir='ltr'><strong>PUT</strong></span> <span class='ocrx_word' id='word_1_185' title='bbox 563 2615 1011 2689; x_wconf 84' lang='lat' dir='ltr'><strong>Vlii.-—Ergoqui</strong></span> <span class='ocrx_word' id='word_1_186' title='bbox 1026 2619 1102 2673; x_wconf 92' lang='lat' dir='ltr'><strong>sic</strong></span> <span class='ocrx_word' id='word_1_187' title='bbox 1120 2618 1673 2691; x_wconf 83' lang='lat' dir='ltr'><strong>intellexerunt,quasi</strong></span> <span class='ocrx_word' id='word_1_188' title='bbox 1691 2638 1828 2694; x_wconf 67' lang='lat' dir='ltr'><strong>prte-</strong></span> 
     </span>
    </p>
   </div>
   <div class='ocr_carea' id='block_1_26' title="bbox 231 2712 1827 2784">
    <p class='ocr_par' dir='ltr' id='par_1_26' title="bbox 231 2712 1827 2784">
     <span class='ocr_line' id='line_1_26' title="bbox 231 2712 1827 2784; baseline 0.006 -19"><span class='ocrx_word' id='word_1_189' title='bbox 231 2726 361 2766; x_wconf 89' lang='lat' dir='ltr'><strong>sens</strong></span> <span class='ocrx_word' id='word_1_190' title='bbox 399 2713 505 2766; x_wconf 89' lang='lat' dir='ltr'><strong>illis</strong></span> <span class='ocrx_word' id='word_1_191' title='bbox 532 2712 735 2783; x_wconf 87' lang='lat' dir='ltr'><strong>aliquid</strong></span> <span class='ocrx_word' id='word_1_192' title='bbox 761 2712 980 2768; x_wconf 83' lang='lat' dir='ltr'><strong>daretur</strong></span> <span class='ocrx_word' id='word_1_193' title='bbox 1000 2731 1094 2783; x_wconf 89' lang='lat' dir='ltr'><strong>pro</strong></span> <span class='ocrx_word' id='word_1_194' title='bbox 1117 2729 1330 2784; x_wconf 89' lang='lat' dir='ltr'><strong>magno,</strong></span> <span class='ocrx_word' id='word_1_195' title='bbox 1358 2725 1411 2770; x_wconf 90' lang='lat' dir='ltr'><strong>et</strong></span> <span class='ocrx_word' id='word_1_196' title='bbox 1433 2715 1664 2771; x_wconf 82' lang='lat' dir='ltr'><strong>futurum</strong></span> <span class='ocrx_word' id='word_1_197' title='bbox 1697 2717 1827 2774; x_wconf 86' lang='lat' dir='ltr'><strong>nihii</strong></span> 
     </span>
    </p>
   </div>
   <div class='ocr_carea' id='block_1_27' title="bbox 230 2804 1824 2883">
    <p class='ocr_par' dir='ltr' id='par_1_27' title="bbox 230 2804 1824 2883">
     <span class='ocr_line' id='line_1_27' title="bbox 230 2804 1824 2883; baseline 0.008 -28"><span class='ocrx_word' id='word_1_198' title='bbox 230 2804 592 2875; x_wconf 65' lang='lat' dir='ltr'><strong>quaesierunt,</strong></span> <span class='ocrx_word' id='word_1_199' title='bbox 642 2822 742 2861; x_wconf 91' lang='lat' dir='ltr'><strong>nec</strong></span> <span class='ocrx_word' id='word_1_200' title='bbox 765 2805 1111 2875; x_wconf 88' lang='lat' dir='ltr'><strong>spiritualiter</strong></span> <span class='ocrx_word' id='word_1_201' title='bbox 1141 2823 1200 2862; x_wconf 89' lang='lat' dir='ltr'><strong>ea</strong></span> <span class='ocrx_word' id='word_1_202' title='bbox 1242 2825 1358 2878; x_wconf 72' lang='lat' dir='ltr'><strong>qua)</strong></span> <span class='ocrx_word' id='word_1_203' title='bbox 1382 2812 1666 2867; x_wconf 87' lang='lat' dir='ltr'><strong>carnaliter</strong></span> <span class='ocrx_word' id='word_1_204' title='bbox 1695 2827 1824 2883; x_wconf 85' lang='lat' dir='ltr'><strong>age-</strong></span> 
     </span>
    </p>
   </div>
   <div class='ocr_carea' id='block_1_28' title="bbox 234 2896 1826 2972">
    <p class='ocr_par' dir='ltr' id='par_1_28' title="bbox 234 2896 1826 2972">
     <span class='ocr_line' id='line_1_28' title="bbox 234 2896 1826 2972; baseline 0.007 -23"><span class='ocrx_word' id='word_1_205' title='bbox 234 2896 469 2966; x_wconf 84' lang='lat' dir='ltr'><strong>bantur,</strong></span> <span class='ocrx_word' id='word_1_206' title='bbox 515 2898 648 2952; x_wconf 89' lang='lat' dir='ltr'><strong>iutel</strong></span> <span class='ocrx_word' id='word_1_207' title='bbox 694 2897 857 2969; x_wconf 88' lang='lat' dir='ltr'><strong>ligere</strong></span> <span class='ocrx_word' id='word_1_208' title='bbox 888 2899 1207 2968; x_wconf 88' lang='lat' dir='ltr'><strong>valuerunt,</strong></span> <span class='ocrx_word' id='word_1_209' title='bbox 1255 2901 1320 2954; x_wconf 90' lang='lat' dir='ltr'><strong>ad</strong></span> <span class='ocrx_word' id='word_1_210' title='bbox 1370 2902 1626 2972; x_wconf 85' lang='lat' dir='ltr'><strong>majorem</strong></span> <span class='ocrx_word' id='word_1_211' title='bbox 1660 2904 1826 2960; x_wconf 88' lang='lat' dir='ltr'><strong>ﬁlium</strong></span> 
     </span>
    </p>
   </div>
   <div class='ocr_carea' id='block_1_29' title="bbox 234 2990 1540 3064">
    <p class='ocr_par' dir='ltr' id='par_1_29' title="bbox 234 2990 1540 3064">
     <span class='ocr_line' id='line_1_29' title="bbox 234 2990 1540 3064; baseline 0.004 -22"><span class='ocrx_word' id='word_1_212' title='bbox 234 2992 526 3060; x_wconf 82' lang='lat' dir='ltr'><strong>pertinent,</strong></span> <span class='ocrx_word' id='word_1_213' title='bbox 559 2991 625 3045; x_wconf 90' lang='lat' dir='ltr'><strong>ad</strong></span> <span class='ocrx_word' id='word_1_214' title='bbox 657 3001 807 3046; x_wconf 82' lang='lat' dir='ltr'><strong>vetus</strong></span> <span class='ocrx_word' id='word_1_215' title='bbox 826 2990 1231 3048; x_wconf 86' lang='lat' dir='ltr'><strong>Testamentum</strong></span> <span class='ocrx_word' id='word_1_216' title='bbox 1257 2995 1540 3064; x_wconf 75' lang='lat' dir='ltr'><strong>pertinent.</strong></span> 
     </span>
    </p>
   </div>
   <div class='ocr_carea' id='block_1_30' title="bbox 301 3081 1824 3144">
    <p class='ocr_par' dir='ltr' id='par_1_30' title="bbox 301 3081 1824 3144">
     <span class='ocr_line' id='line_1_30' title="bbox 301 3081 1824 3144; baseline 0.004 -6"><span class='ocrx_word' id='word_1_217' title='bbox 301 3083 352 3138; x_wconf 85' lang='lat'><strong>9.</strong></span> <span class='ocrx_word' id='word_1_218' title='bbox 375 3082 684 3138; x_wconf 77' lang='lat' dir='ltr'><strong>Testamenti</strong></span> <span class='ocrx_word' id='word_1_219' title='bbox 708 3081 899 3139; x_wconf 81' lang='lat' dir='ltr'><strong>Veteris</strong></span> <span class='ocrx_word' id='word_1_220' title='bbox 916 3096 959 3138; x_wconf 84' lang='lat' dir='ltr'><strong>et</strong></span> <span class='ocrx_word' id='word_1_221' title='bbox 975 3084 1109 3139; x_wconf 75' lang='lat' dir='ltr'><strong>Novi</strong></span> <span class='ocrx_word' id='word_1_222' title='bbox 1125 3086 1392 3140; x_wconf 79' lang='lat' dir='ltr'><strong>discrimen</strong></span> <span class='ocrx_word' id='word_1_223' title='bbox 1416 3098 1459 3141; x_wconf 86' lang='lat' dir='ltr'><strong>et</strong></span> <span class='ocrx_word' id='word_1_224' title='bbox 1474 3089 1824 3144; x_wconf 79' lang='lat' dir='ltr'><strong>consonantia.</strong></span> 
     </span>
    </p>
   </div>
   <div class='ocr_carea' id='block_1_31' title="bbox 236 3173 1824 3251">
    <p class='ocr_par' dir='ltr' id='par_1_31' title="bbox 236 3173 1824 3251">
     <span class='ocr_line' id='line_1_31' title="bbox 236 3173 1824 3251; baseline 0.004 -23"><span class='ocrx_word' id='word_1_225' title='bbox 236 3175 408 3232; x_wconf 69' lang='lat' dir='ltr'><strong>Vetus</strong></span> <span class='ocrx_word' id='word_1_226' title='bbox 439 3175 588 3231; x_wconf 91' lang='lat' dir='ltr'><strong>enim</strong></span> <span class='ocrx_word' id='word_1_227' title='bbox 633 3173 1028 3233; x_wconf 85' lang='lat' dir='ltr'><strong>Testamentum</strong></span> <span class='ocrx_word' id='word_1_228' title='bbox 1064 3188 1147 3234; x_wconf 91' lang='lat' dir='ltr'><strong>est</strong></span> <span class='ocrx_word' id='word_1_229' title='bbox 1199 3179 1480 3248; x_wconf 82' lang='lat' dir='ltr'><strong>promissio</strong></span> <span class='ocrx_word' id='word_1_230' title='bbox 1552 3179 1772 3251; x_wconf 88' lang='lat' dir='ltr'><strong>ﬁgurata</strong></span> <span class='ocrx_word' id='word_1_231' title='bbox 1813 3199 1824 3234; x_wconf 92' lang='lat'><strong>:</strong></span> 
     </span>
    </p>
   </div>
   <div class='ocr_carea' id='block_1_32' title="bbox 235 3269 1829 3345">
    <p class='ocr_par' dir='ltr' id='par_1_32' title="bbox 235 3269 1829 3345">
     <span class='ocr_line' id='line_1_32' title="bbox 235 3269 1829 3345; baseline 0.005 -20"><span class='ocrx_word' id='word_1_232' title='bbox 235 3269 448 3326; x_wconf 70' lang='lat' dir='ltr'><strong>Novum</strong></span> <span class='ocrx_word' id='word_1_233' title='bbox 473 3271 879 3326; x_wconf 87' lang='lat' dir='ltr'><strong>Testamentum</strong></span> <span class='ocrx_word' id='word_1_234' title='bbox 899 3281 980 3326; x_wconf 89' lang='lat' dir='ltr'><strong>est</strong></span> <span class='ocrx_word' id='word_1_235' title='bbox 995 3273 1278 3342; x_wconf 88' lang='lat' dir='ltr'><strong>promissio</strong></span> <span class='ocrx_word' id='word_1_236' title='bbox 1305 3274 1652 3345; x_wconf 82' lang='lat' dir='ltr'><strong>Spiritualiter</strong></span> <span class='ocrx_word' id='word_1_237' title='bbox 1673 3277 1829 3333; x_wconf 89' lang='lat' dir='ltr'><strong>intel-</strong></span> 
     </span>
    </p>
   </div>
   <div class='ocr_carea' id='block_1_33' title="bbox 233 3361 1827 3438">
    <p class='ocr_par' dir='ltr' id='par_1_33' title="bbox 233 3361 1827 3438">
     <span class='ocr_line' id='line_1_33' title="bbox 233 3361 1827 3438; baseline 0.005 -22"><span class='ocrx_word' id='word_1_238' title='bbox 233 3361 391 3417; x_wconf 82' lang='lat' dir='ltr'><strong>lecta.</strong></span> <span class='ocrx_word' id='word_1_239' title='bbox 421 3363 561 3417; x_wconf 90' lang='lat' dir='ltr'><strong>Cum</strong></span> <span class='ocrx_word' id='word_1_240' title='bbox 593 3364 734 3418; x_wconf 89' lang='lat' dir='ltr'><strong>enim</strong></span> <span class='ocrx_word' id='word_1_241' title='bbox 767 3363 1064 3419; x_wconf 85' lang='lat' dir='ltr'><strong>Jerusalem</strong></span> <span class='ocrx_word' id='word_1_242' title='bbox 1096 3382 1215 3436; x_wconf 81' lang='lat' dir='ltr'><strong>quae</strong></span> <span class='ocrx_word' id='word_1_243' title='bbox 1245 3365 1418 3421; x_wconf 82' lang='lat' dir='ltr'><strong>fuitin</strong></span> <span class='ocrx_word' id='word_1_244' title='bbox 1453 3376 1592 3424; x_wconf 84' lang='lat' dir='ltr'><strong>terra</strong></span> <span class='ocrx_word' id='word_1_245' title='bbox 1618 3411 1631 3435; x_wconf 91' lang='lat'><strong>,</strong></span> <span class='ocrx_word' id='word_1_246' title='bbox 1661 3369 1827 3438; x_wconf 88' lang='lat' dir='ltr'><strong>perli-</strong></span> 
     </span>
    </p>
   </div>
   <div class='ocr_carea' id='block_1_34' title="bbox 229 3453 1824 3530">
    <p class='ocr_par' dir='ltr' id='par_1_34' title="bbox 229 3453 1824 3530">
     <span class='ocr_line' id='line_1_34' title="bbox 229 3453 1824 3530; baseline 0.008 -23"><span class='ocrx_word' id='word_1_247' title='bbox 229 3465 353 3509; x_wconf 84' lang='lat' dir='ltr'><strong>neat</strong></span> <span class='ocrx_word' id='word_1_248' title='bbox 393 3455 463 3508; x_wconf 86' lang='lat' dir='ltr'><strong>ad</strong></span> <span class='ocrx_word' id='word_1_249' title='bbox 491 3453 660 3510; x_wconf 84' lang='lat' dir='ltr'><strong>Vetus</strong></span> <span class='ocrx_word' id='word_1_250' title='bbox 687 3455 1085 3512; x_wconf 84' lang='lat' dir='ltr'><strong>Testamentum</strong></span> <span class='ocrx_word' id='word_1_251' title='bbox 1107 3500 1121 3524; x_wconf 94' lang='lat'><strong>,</strong></span> <span class='ocrx_word' id='word_1_252' title='bbox 1157 3459 1438 3530; x_wconf 85' lang='lat' dir='ltr'><strong>imaginem</strong></span> <span class='ocrx_word' id='word_1_253' title='bbox 1461 3459 1621 3515; x_wconf 89' lang='lat' dir='ltr'><strong>habet</strong></span> <span class='ocrx_word' id='word_1_254' title='bbox 1641 3461 1706 3516; x_wconf 89' lang='lat' dir='ltr'><strong>ad</strong></span> <span class='ocrx_word' id='word_1_255' title='bbox 1735 3463 1824 3519; x_wconf 90' lang='lat' dir='ltr'><strong>Je-</strong></span> 
     </span>
    </p>
   </div>
   <div class='ocr_carea' id='block_1_35' title="bbox 230 3547 1825 3620">
    <p class='ocr_par' dir='ltr' id='par_1_35' title="bbox 230 3547 1825 3620">
     <span class='ocr_line' id='line_1_35' title="bbox 230 3547 1825 3620; baseline 0.006 -20"><span class='ocrx_word' id='word_1_256' title='bbox 230 3547 465 3601; x_wconf 88' lang='lat' dir='ltr'><strong>rusalem</strong></span> <span class='ocrx_word' id='word_1_257' title='bbox 518 3563 640 3618; x_wconf 66' lang='lat' dir='ltr'><strong>quae</strong></span> <span class='ocrx_word' id='word_1_258' title='bbox 689 3557 772 3604; x_wconf 88' lang='lat' dir='ltr'><strong>est</strong></span> <span class='ocrx_word' id='word_1_259' title='bbox 828 3548 878 3602; x_wconf 88' lang='lat' dir='ltr'><strong>in</strong></span> <span class='ocrx_word' id='word_1_260' title='bbox 909 3549 1076 3616; x_wconf 72' lang='lat' dir='ltr'><strong>cmlo,</strong></span> <span class='ocrx_word' id='word_1_261' title='bbox 1132 3559 1187 3605; x_wconf 91' lang='lat' dir='ltr'><strong>et</strong></span> <span class='ocrx_word' id='word_1_262' title='bbox 1238 3551 1465 3620; x_wconf 87' lang='lat' dir='ltr'><strong>pertinet</strong></span> <span class='ocrx_word' id='word_1_263' title='bbox 1509 3553 1574 3608; x_wconf 92' lang='lat' dir='ltr'><strong>ad</strong></span> <span class='ocrx_word' id='word_1_264' title='bbox 1619 3553 1825 3611; x_wconf 87' lang='lat' dir='ltr'><strong>Novum</strong></span> 
     </span>
    </p>
   </div>
   <div class='ocr_carea' id='block_1_36' title="bbox 227 3637 1828 3714">
    <p class='ocr_par' dir='ltr' id='par_1_36' title="bbox 227 3637 1828 3714">
     <span class='ocr_line' id='line_1_36' title="bbox 227 3637 1828 3714; baseline 0.006 -20"><span class='ocrx_word' id='word_1_265' title='bbox 227 3637 666 3696; x_wconf 83' lang='lat' dir='ltr'><strong>Testamentum.</strong></span> <span class='ocrx_word' id='word_1_266' title='bbox 702 3641 1046 3697; x_wconf 87' lang='lat' dir='ltr'><strong>Circumcisio</strong></span> <span class='ocrx_word' id='word_1_267' title='bbox 1071 3644 1297 3698; x_wconf 85' lang='lat' dir='ltr'><strong>carnalis</strong></span> <span class='ocrx_word' id='word_1_268' title='bbox 1315 3645 1543 3714; x_wconf 86' lang='lat' dir='ltr'><strong>pertinet</strong></span> <span class='ocrx_word' id='word_1_269' title='bbox 1565 3647 1630 3701; x_wconf 90' lang='lat' dir='ltr'><strong>ad</strong></span> <span class='ocrx_word' id='word_1_270' title='bbox 1667 3649 1828 3704; x_wconf 80' lang='lat' dir='ltr'><strong>Vetus</strong></span> 
     </span>
    </p>
   </div>
   <div class='ocr_carea' id='block_1_37' title="bbox 226 3729 1827 3804">
    <p class='ocr_par' dir='ltr' id='par_1_37' title="bbox 226 3729 1827 3804">
     <span class='ocr_line' id='line_1_37' title="bbox 226 3729 1827 3804; baseline 0.007 -20"><span class='ocrx_word' id='word_1_271' title='bbox 226 3729 645 3786; x_wconf 83' lang='lat' dir='ltr'><strong>Testamentum</strong></span> <span class='ocrx_word' id='word_1_272' title='bbox 671 3750 683 3786; x_wconf 90' lang='lat'>:</span> <span class='ocrx_word' id='word_1_273' title='bbox 709 3731 1052 3789; x_wconf 88' lang='lat' dir='ltr'><strong>Circumcisio</strong></span> <span class='ocrx_word' id='word_1_274' title='bbox 1079 3733 1255 3790; x_wconf 89' lang='lat' dir='ltr'><strong>cordis</strong></span> <span class='ocrx_word' id='word_1_275' title='bbox 1272 3735 1504 3804; x_wconf 88' lang='lat' dir='ltr'><strong>pertinet</strong></span> <span class='ocrx_word' id='word_1_276' title='bbox 1529 3738 1594 3792; x_wconf 91' lang='lat' dir='ltr'><strong>ad</strong></span> <span class='ocrx_word' id='word_1_277' title='bbox 1622 3738 1827 3795; x_wconf 71' lang='lat' dir='ltr'><strong>Novum</strong></span> 
     </span>
    </p>
   </div>
   <div class='ocr_carea' id='block_1_38' title="bbox 223 3820 1824 3887">
    <p class='ocr_par' dir='ltr' id='par_1_38' title="bbox 223 3820 1824 3887">
     <span class='ocr_line' id='line_1_38' title="bbox 223 3820 1824 3887; baseline 0.007 -11"><span class='ocrx_word' id='word_1_278' title='bbox 223 3820 643 3879; x_wconf 86' lang='lat' dir='ltr'><strong>Testamentum</strong></span> <span class='ocrx_word' id='word_1_279' title='bbox 676 3825 714 3880; x_wconf 82' lang='grc'><strong>¹.</strong></span> <span class='ocrx_word' id='word_1_280' title='bbox 763 3824 1048 3880; x_wconf 88' lang='lat' dir='ltr'><strong>Liberatur</strong></span> <span class='ocrx_word' id='word_1_281' title='bbox 1090 3829 1382 3882; x_wconf 89' lang='lat' dir='ltr'><strong>secundum</strong></span> <span class='ocrx_word' id='word_1_282' title='bbox 1416 3827 1583 3884; x_wconf 83' lang='lat' dir='ltr'><strong>Vetus</strong></span> <span class='ocrx_word' id='word_1_283' title='bbox 1638 3830 1824 3887; x_wconf 87' lang='lat' dir='ltr'><strong>Testa-</strong></span> 
     </span>
    </p>
   </div>
   <div class='ocr_carea' id='block_1_39' title="bbox 225 3916 1826 3990">
    <p class='ocr_par' dir='ltr' id='par_1_39' title="bbox 225 3916 1826 3990">
     <span class='ocr_line' id='line_1_39' title="bbox 225 3916 1826 3990; baseline 0.006 -20"><span class='ocrx_word' id='word_1_284' title='bbox 225 3924 480 3970; x_wconf 86' lang='lat' dir='ltr'><strong>mentum</strong></span> <span class='ocrx_word' id='word_1_285' title='bbox 528 3916 752 3986; x_wconf 88' lang='lat' dir='ltr'><strong>populus</strong></span> <span class='ocrx_word' id='word_1_286' title='bbox 789 3917 857 3974; x_wconf 88' lang='lat' dir='ltr'><strong>de</strong></span> <span class='ocrx_word' id='word_1_287' title='bbox 901 3917 1134 3990; x_wconf 65' lang='lat' dir='ltr'><strong>Egypto</strong></span> <span class='ocrx_word' id='word_1_288' title='bbox 1175 3938 1187 3974; x_wconf 89' lang='lat'>:</span> <span class='ocrx_word' id='word_1_289' title='bbox 1235 3921 1492 3976; x_wconf 86' lang='lat' dir='ltr'><strong>liberatur</strong></span> <span class='ocrx_word' id='word_1_290' title='bbox 1535 3925 1826 3980; x_wconf 87' lang='lat' dir='ltr'><strong>secundum</strong></span> 
     </span>
    </p>
   </div>
   <div class='ocr_carea' id='block_1_40' title="bbox 225 4007 1823 4082">
    <p class='ocr_par' dir='ltr' id='par_1_40' title="bbox 225 4007 1823 4082">
     <span class='ocr_line' id='line_1_40' title="bbox 225 4007 1823 4082; baseline 0.006 -19"><span class='ocrx_word' id='word_1_291' title='bbox 225 4007 448 4064; x_wconf 70' lang='lat' dir='ltr'><strong>Novum</strong></span> <span class='ocrx_word' id='word_1_292' title='bbox 481 4007 882 4066; x_wconf 88' lang='lat' dir='ltr'><strong>Testamentum</strong></span> <span class='ocrx_word' id='word_1_293' title='bbox 919 4012 1142 4082; x_wconf 86' lang='lat' dir='ltr'><strong>populus</strong></span> <span class='ocrx_word' id='word_1_294' title='bbox 1169 4028 1198 4068; x_wconf 90' lang='lat' dir='ltr'><strong>a</strong></span> <span class='ocrx_word' id='word_1_295' title='bbox 1229 4015 1462 4070; x_wconf 89' lang='lat' dir='ltr'><strong>diabolo.</strong></span> <span class='ocrx_word' id='word_1_296' title='bbox 1507 4015 1823 4073; x_wconf 87' lang='lat' dir='ltr'><strong>Persecuto-</strong></span> 
     </span>
    </p>
   </div>
   <div class='ocr_carea' id='block_1_41' title="bbox 227 4099 1826 4182">
    <p class='ocr_par' dir='ltr' id='par_1_41' title="bbox 227 4099 1826 4182">
     <span class='ocr_line' id='line_1_41' title="bbox 227 4099 1826 4182; baseline 0.006 -26"><span class='ocrx_word' id='word_1_297' title='bbox 227 4099 860 4174; x_wconf 65' lang='lat' dir='ltr'><strong>rcsEgyptiietPhamo</strong></span> <span class='ocrx_word' id='word_1_298' title='bbox 871 4113 1260 4175; x_wconf 84' lang='lat' dir='ltr'><strong>persequuntur</strong></span> <span class='ocrx_word' id='word_1_299' title='bbox 1288 4115 1548 4163; x_wconf 83' lang='lat' dir='ltr'><strong>exeuntes</strong></span> <span class='ocrx_word' id='word_1_300' title='bbox 1574 4107 1640 4162; x_wconf 90' lang='lat' dir='ltr'><strong>de</strong></span> <span class='ocrx_word' id='word_1_301' title='bbox 1666 4109 1826 4182; x_wconf 65' lang='lat' dir='ltr'><strong>Egy-</strong></span> 
     </span>
    </p>
   </div>
   <div class='ocr_carea' id='block_1_42' title="bbox 227 4193 1826 4271">
    <p class='ocr_par' dir='ltr' id='par_1_42' title="bbox 227 4193 1826 4271">
     <span class='ocr_line' id='line_1_42' title="bbox 227 4193 1826 4271; baseline 0.006 -24"><span class='ocrx_word' id='word_1_302' title='bbox 227 4205 317 4264; x_wconf 84' lang='lat' dir='ltr'><strong>pto</strong></span> <span class='ocrx_word' id='word_1_303' title='bbox 347 4193 578 4250; x_wconf 60' lang='lat' dir='ltr'><strong>Judmos</strong></span> <span class='ocrx_word' id='word_1_304' title='bbox 602 4205 1025 4266; x_wconf 88' lang='lat' dir='ltr'><strong>:persequuntur</strong></span> <span class='ocrx_word' id='word_1_305' title='bbox 1051 4197 1302 4268; x_wconf 87' lang='lat' dir='ltr'><strong>populum</strong></span> <span class='ocrx_word' id='word_1_306' title='bbox 1329 4198 1675 4255; x_wconf 86' lang='lat' dir='ltr'><strong>christianum</strong></span> <span class='ocrx_word' id='word_1_307' title='bbox 1700 4217 1826 4271; x_wconf 89' lang='lat' dir='ltr'><strong>pec-</strong></span> 
     </span>
    </p>
   </div>
   <div class='ocr_carea' id='block_1_43' title="bbox 226 4282 1828 4362">
    <p class='ocr_par' dir='ltr' id='par_1_43' title="bbox 226 4282 1828 4362">
     <span class='ocr_line' id='line_1_43' title="bbox 226 4282 1828 4362; baseline 0.004 -19"><span class='ocrx_word' id='word_1_308' title='bbox 226 4299 343 4344; x_wconf 74' lang='lat' dir='ltr'><strong>cata</strong></span> <span class='ocrx_word' id='word_1_309' title='bbox 376 4289 624 4359; x_wconf 88' lang='lat' dir='ltr'><strong>ipsorum</strong></span> <span class='ocrx_word' id='word_1_310' title='bbox 668 4298 722 4345; x_wconf 89' lang='lat' dir='ltr'><strong>et</strong></span> <span class='ocrx_word' id='word_1_311' title='bbox 760 4289 1004 4346; x_wconf 89' lang='lat' dir='ltr'><strong>diabolus</strong></span> <span class='ocrx_word' id='word_1_312' title='bbox 1041 4292 1290 4362; x_wconf 87' lang='lat' dir='ltr'><strong>princeps</strong></span> <span class='ocrx_word' id='word_1_313' title='bbox 1314 4282 1682 4362; x_wconf 71' lang='lat' dir='ltr'><strong>peccatorum.</strong></span> <span class='ocrx_word' id='word_1_314' title='bbox 1720 4295 1828 4352; x_wconf 80' lang='lat' dir='ltr'><strong>Sed</strong></span> 
     </span>
    </p>
   </div>
   <div class='ocr_carea' id='block_1_44' title="bbox 225 4383 1825 4460">
    <p class='ocr_par' dir='ltr' id='par_1_44' title="bbox 225 4383 1825 4460">
     <span class='ocr_line' id='line_1_44' title="bbox 225 4383 1825 4460; baseline 0.002 -20"><span class='ocrx_word' id='word_1_315' title='bbox 225 4384 368 4440; x_wconf 82' lang='lat' dir='ltr'><strong>sicut</strong></span> <span class='ocrx_word' id='word_1_316' title='bbox 393 4383 615 4439; x_wconf 67' lang='lat' dir='ltr'><strong>Judteos</strong></span> <span class='ocrx_word' id='word_1_317' title='bbox 651 4400 819 4454; x_wconf 90' lang='lat' dir='ltr'><strong>usque</strong></span> <span class='ocrx_word' id='word_1_318' title='bbox 845 4384 910 4440; x_wconf 92' lang='lat' dir='ltr'><strong>ad</strong></span> <span class='ocrx_word' id='word_1_319' title='bbox 946 4400 1092 4441; x_wconf 88' lang='lat' dir='ltr'><strong>mare</strong></span> <span class='ocrx_word' id='word_1_320' title='bbox 1113 4396 1516 4457; x_wconf 82' lang='lat' dir='ltr'><strong>persequuntur</strong></span> <span class='ocrx_word' id='word_1_321' title='bbox 1545 4385 1782 4460; x_wconf 62' lang='lat' dir='ltr'><strong>Egyptii</strong></span> <span class='ocrx_word' id='word_1_322' title='bbox 1810 4406 1825 4455; x_wconf 87' lang='lat'><strong>;</strong></span> 
     </span>
    </p>
   </div>
   <div class='ocr_carea' id='block_1_45' title="bbox 226 4476 1830 4552">
    <p class='ocr_par' dir='ltr' id='par_1_45' title="bbox 226 4476 1830 4552">
     <span class='ocr_line' id='line_1_45' title="bbox 226 4476 1830 4552; baseline 0.004 -21"><span class='ocrx_word' id='word_1_323' title='bbox 226 4479 303 4532; x_wconf 87' lang='lat' dir='ltr'><strong>sic</strong></span> <span class='ocrx_word' id='word_1_324' title='bbox 319 4476 663 4533; x_wconf 85' lang='lat' dir='ltr'><strong>Christianos</strong></span> <span class='ocrx_word' id='word_1_325' title='bbox 679 4493 846 4548; x_wconf 88' lang='lat' dir='ltr'><strong>usque</strong></span> <span class='ocrx_word' id='word_1_326' title='bbox 862 4477 928 4531; x_wconf 89' lang='lat' dir='ltr'><strong>ad</strong></span> <span class='ocrx_word' id='word_1_327' title='bbox 949 4477 1277 4548; x_wconf 83' lang='lat' dir='ltr'><strong>Baptismqu</strong></span> <span class='ocrx_word' id='word_1_328' title='bbox 1300 4489 1690 4551; x_wconf 88' lang='lat' dir='ltr'><strong>persequuntur</strong></span> <span class='ocrx_word' id='word_1_329' title='bbox 1703 4496 1830 4552; x_wconf 87' lang='lat' dir='ltr'><strong>pec-</strong></span> 
     </span>
    </p>
   </div>
   <div class='ocr_carea' id='block_1_46' title="bbox 225 4583 366 4629">
    <p class='ocr_par' dir='ltr' id='par_1_46' title="bbox 225 4583 366 4629">
     <span class='ocr_line' id='line_1_46' title="bbox 225 4583 366 4629; baseline 0 -1"><span class='ocrx_word' id='word_1_330' title='bbox 225 4583 366 4629; x_wconf 79' lang='lat' dir='ltr'><strong>cata.</strong></span> 
     </span>
    </p>
   </div>
   <div class='ocr_carea' id='block_1_47' title="bbox 295 4663 1829 4730">
    <p class='ocr_par' dir='ltr' id='par_1_47' title="bbox 295 4663 1829 4730">
     <span class='ocr_line' id='line_1_47' title="bbox 295 4663 1829 4730; baseline 0.003 -11"><span class='ocrx_word' id='word_1_331' title='bbox 295 4663 538 4722; x_wconf 75' lang='lat' dir='ltr'><strong>CAPUT</strong></span> <span class='ocrx_word' id='word_1_332' title='bbox 595 4665 688 4720; x_wconf 80' lang='lat' dir='ltr'><strong>IX.</strong></span> <span class='ocrx_word' id='word_1_333' title='bbox 714 4696 784 4707; x_wconf 96' lang='lat'><strong>—</strong></span> <span class='ocrx_word' id='word_1_334' title='bbox 815 4663 1030 4721; x_wconf 85' lang='lat' dir='ltr'><strong>Eremus</strong></span> <span class='ocrx_word' id='word_1_335' title='bbox 1080 4674 1151 4720; x_wconf 85' lang='lat' dir='ltr'><strong>est</strong></span> <span class='ocrx_word' id='word_1_336' title='bbox 1216 4665 1492 4722; x_wconf 81' lang='lat' dir='ltr'><strong>christiano</strong></span> <span class='ocrx_word' id='word_1_337' title='bbox 1548 4667 1630 4722; x_wconf 82' lang='lat' dir='ltr'><strong>hic</strong></span> <span class='ocrx_word' id='word_1_338' title='bbox 1682 4685 1829 4730; x_wconf 85' lang='lat' dir='ltr'><strong>mun-</strong></span> 
     </span>
    </p>
   </div>
   <div class='ocr_carea' id='block_1_48' title="bbox 223 4756 1829 4831">
    <p class='ocr_par' dir='ltr' id='par_1_48' title="bbox 223 4756 1829 4831">
     <span class='ocr_line' id='line_1_48' title="bbox 223 4756 1829 4831; baseline 0.002 -19"><span class='ocrx_word' id='word_1_339' title='bbox 223 4759 345 4812; x_wconf 72' lang='lat' dir='ltr'><strong>dus.</strong></span> <span class='ocrx_word' id='word_1_340' title='bbox 398 4756 668 4814; x_wconf 86' lang='lat' dir='ltr'><strong>lntendite</strong></span> <span class='ocrx_word' id='word_1_341' title='bbox 691 4800 707 4826; x_wconf 93' lang='lat'><strong>,</strong></span> <span class='ocrx_word' id='word_1_342' title='bbox 760 4757 953 4814; x_wconf 80' lang='lat' dir='ltr'><strong>fratres</strong></span> <span class='ocrx_word' id='word_1_343' title='bbox 977 4799 993 4825; x_wconf 94' lang='lat'><strong>,</strong></span> <span class='ocrx_word' id='word_1_344' title='bbox 1049 4768 1104 4814; x_wconf 88' lang='lat' dir='ltr'><strong>et</strong></span> <span class='ocrx_word' id='word_1_345' title='bbox 1150 4758 1327 4814; x_wconf 88' lang='lat' dir='ltr'><strong>videte</strong></span> <span class='ocrx_word' id='word_1_346' title='bbox 1359 4777 1372 4813; x_wconf 91' lang='lat'><strong>:</strong></span> <span class='ocrx_word' id='word_1_347' title='bbox 1405 4759 1700 4816; x_wconf 74' lang='lat' dir='ltr'><strong>liberantur</strong></span> <span class='ocrx_word' id='word_1_348' title='bbox 1734 4777 1829 4831; x_wconf 89' lang='lat' dir='ltr'><strong>per</strong></span> 
     </span>
    </p>
   </div>
   <div class='ocr_carea' id='block_1_49' title="bbox 223 4850 1828 4925">
    <p class='ocr_par' dir='ltr' id='par_1_49' title="bbox 223 4850 1828 4925">
     <span class='ocr_line' id='line_1_49' title="bbox 223 4850 1828 4925; baseline 0.002 -17"><span class='ocrx_word' id='word_1_349' title='bbox 223 4867 384 4908; x_wconf 79' lang='lat' dir='ltr'><strong>mare</strong></span> <span class='ocrx_word' id='word_1_350' title='bbox 447 4850 656 4918; x_wconf 65' lang='lat' dir='ltr'><strong>Judmi,</strong></span> <span class='ocrx_word' id='word_1_351' title='bbox 707 4852 1003 4907; x_wconf 87' lang='lat' dir='ltr'><strong>obruuntur</strong></span> <span class='ocrx_word' id='word_1_352' title='bbox 1061 4852 1111 4906; x_wconf 92' lang='lat' dir='ltr'><strong>in</strong></span> <span class='ocrx_word' id='word_1_353' title='bbox 1155 4853 1292 4908; x_wconf 89' lang='lat' dir='ltr'><strong>mari</strong></span> <span class='ocrx_word' id='word_1_354' title='bbox 1338 4851 1572 4925; x_wconf 61' lang='lat' dir='ltr'><strong>[Egyptii</strong></span> <span class='ocrx_word' id='word_1_355' title='bbox 1625 4873 1642 4910; x_wconf 69' lang='grc' dir='ltr'>ι</span> <span class='ocrx_word' id='word_1_356' title='bbox 1693 4854 1828 4911; x_wconf 79' lang='lat' dir='ltr'><strong>libe-</strong></span> 
     </span>
    </p>
   </div>
   <div class='ocr_carea' id='block_1_50' title="bbox 221 4943 1830 5014">
    <p class='ocr_par' dir='ltr' id='par_1_50' title="bbox 221 4943 1830 5014">
     <span class='ocr_line' id='line_1_50' title="bbox 221 4943 1830 5014; baseline 0.001 -14"><span class='ocrx_word' id='word_1_357' title='bbox 221 4953 421 5000; x_wconf 79' lang='lat' dir='ltr'><strong>rantur</strong></span> <span class='ocrx_word' id='word_1_358' title='bbox 467 4943 762 4998; x_wconf 87' lang='lat' dir='ltr'><strong>Christiani</strong></span> <span class='ocrx_word' id='word_1_359' title='bbox 817 4943 871 4998; x_wconf 89' lang='lat' dir='ltr'><strong>in</strong></span> <span class='ocrx_word' id='word_1_360' title='bbox 934 4944 1250 5001; x_wconf 88' lang='lat' dir='ltr'><strong>remissione</strong></span> <span class='ocrx_word' id='word_1_361' title='bbox 1302 4953 1676 5014; x_wconf 89' lang='lat' dir='ltr'><strong>peccatorum,</strong></span> <span class='ocrx_word' id='word_1_362' title='bbox 1735 4947 1830 5002; x_wconf 82' lang='lat' dir='ltr'><strong>de-</strong></span> 
     </span>
    </p>
   </div>
   <div class='ocr_carea' id='block_1_51' title="bbox 221 5037 1828 5109">
    <p class='ocr_par' dir='ltr' id='par_1_51' title="bbox 221 5037 1828 5109">
     <span class='ocr_line' id='line_1_51' title="bbox 221 5037 1828 5109; baseline 0.002 -17"><span class='ocrx_word' id='word_1_363' title='bbox 221 5038 413 5094; x_wconf 87' lang='lat' dir='ltr'><strong>lentur</strong></span> <span class='ocrx_word' id='word_1_364' title='bbox 438 5047 657 5108; x_wconf 88' lang='lat' dir='ltr'><strong>peccata</strong></span> <span class='ocrx_word' id='word_1_365' title='bbox 685 5053 782 5108; x_wconf 89' lang='lat' dir='ltr'><strong>per</strong></span> <span class='ocrx_word' id='word_1_366' title='bbox 798 5038 1146 5108; x_wconf 87' lang='lat' dir='ltr'><strong>Baptismum.</strong></span> <span class='ocrx_word' id='word_1_367' title='bbox 1172 5037 1382 5093; x_wconf 74' lang='lat' dir='ltr'><strong>Exeunt</strong></span> <span class='ocrx_word' id='word_1_368' title='bbox 1403 5047 1524 5109; x_wconf 90' lang='lat' dir='ltr'><strong>post</strong></span> <span class='ocrx_word' id='word_1_369' title='bbox 1547 5054 1695 5095; x_wconf 88' lang='lat' dir='ltr'><strong>mare</strong></span> <span class='ocrx_word' id='word_1_370' title='bbox 1720 5040 1828 5096; x_wconf 77' lang='lat' dir='ltr'><strong>Ru-</strong></span> 
     </span>
    </p>
   </div>
   <div class='ocr_carea' id='block_1_52' title="bbox 221 5129 1825 5200">
    <p class='ocr_par' dir='ltr' id='par_1_52' title="bbox 221 5129 1825 5200">
     <span class='ocr_line' id='line_1_52' title="bbox 221 5129 1825 5200; baseline -0.001 -13"><span class='ocrx_word' id='word_1_371' title='bbox 221 5132 385 5187; x_wconf 90' lang='lat' dir='ltr'><strong>brum</strong></span> <span class='ocrx_word' id='word_1_372' title='bbox 411 5172 428 5198; x_wconf 94' lang='lat'><strong>,</strong></span> <span class='ocrx_word' id='word_1_373' title='bbox 475 5139 534 5186; x_wconf 89' lang='lat' dir='ltr'><strong>et</strong></span> <span class='ocrx_word' id='word_1_374' title='bbox 570 5131 846 5186; x_wconf 85' lang='lat' dir='ltr'><strong>ambulant</strong></span> <span class='ocrx_word' id='word_1_375' title='bbox 887 5147 983 5200; x_wconf 74' lang='lat' dir='ltr'><strong>per</strong></span> <span class='ocrx_word' id='word_1_376' title='bbox 1024 5146 1265 5186; x_wconf 89' lang='lat' dir='ltr'><strong>eremum</strong></span> <span class='ocrx_word' id='word_1_377' title='bbox 1294 5149 1306 5182; x_wconf 90' lang='lat'><strong>:</strong></span> <span class='ocrx_word' id='word_1_378' title='bbox 1339 5131 1417 5186; x_wconf 88' lang='lat' dir='ltr'><strong>sic</strong></span> <span class='ocrx_word' id='word_1_379' title='bbox 1453 5141 1507 5187; x_wconf 92' lang='lat' dir='ltr'><strong>et</strong></span> <span class='ocrx_word' id='word_1_380' title='bbox 1540 5129 1825 5188; x_wconf 87' lang='lat' dir='ltr'><strong>Christiani</strong></span> 
     </span>
    </p>
   </div>
   <div class='ocr_carea' id='block_1_53' title="bbox 220 5222 1822 5295">
    <p class='ocr_par' dir='ltr' id='par_1_53' title="bbox 220 5222 1822 5295">
     <span class='ocr_line' id='line_1_53' title="bbox 220 5222 1822 5295; baseline 0.002 -18"><span class='ocrx_word' id='word_1_381' title='bbox 220 5234 346 5295; x_wconf 81' lang='lat' dir='ltr'><strong>post</strong></span> <span class='ocrx_word' id='word_1_382' title='bbox 360 5224 705 5294; x_wconf 84' lang='lat' dir='ltr'><strong>Baptismum</strong></span> <span class='ocrx_word' id='word_1_383' title='bbox 723 5222 962 5278; x_wconf 92' lang='lat' dir='ltr'><strong>nondum</strong></span> <span class='ocrx_word' id='word_1_384' title='bbox 990 5231 1115 5278; x_wconf 90' lang='lat' dir='ltr'><strong>sunt</strong></span> <span class='ocrx_word' id='word_1_385' title='bbox 1139 5223 1351 5278; x_wconf 86' lang='lat' dir='ltr'><strong>interra</strong></span> <span class='ocrx_word' id='word_1_386' title='bbox 1373 5225 1822 5294; x_wconf 85' lang='lat' dir='ltr'><strong>repromissionis,</strong></span> 
     </span>
    </p>
   </div>
   <div class='ocr_carea' id='block_1_54' title="bbox 220 5315 1828 5386">
    <p class='ocr_par' dir='ltr' id='par_1_54' title="bbox 220 5315 1828 5386">
     <span class='ocr_line' id='line_1_54' title="bbox 220 5315 1828 5386; baseline 0.001 -14"><span class='ocrx_word' id='word_1_387' title='bbox 220 5318 317 5372; x_wconf 85' lang='lat' dir='ltr'><strong>sed</strong></span> <span class='ocrx_word' id='word_1_388' title='bbox 350 5327 484 5373; x_wconf 91' lang='lat' dir='ltr'><strong>sunt</strong></span> <span class='ocrx_word' id='word_1_389' title='bbox 518 5317 572 5370; x_wconf 93' lang='lat' dir='ltr'><strong>in</strong></span> <span class='ocrx_word' id='word_1_390' title='bbox 607 5331 724 5386; x_wconf 89' lang='lat' dir='ltr'><strong>spe.</strong></span> <span class='ocrx_word' id='word_1_391' title='bbox 759 5315 1023 5371; x_wconf 63' lang='lat' dir='ltr'><strong>Sasculum</strong></span> <span class='ocrx_word' id='word_1_392' title='bbox 1050 5323 1228 5370; x_wconf 83' lang='lat' dir='ltr'><strong>autem</strong></span> <span class='ocrx_word' id='word_1_393' title='bbox 1253 5315 1353 5370; x_wconf 86' lang='lat' dir='ltr'><strong>hoc</strong></span> <span class='ocrx_word' id='word_1_394' title='bbox 1371 5331 1586 5371; x_wconf 90' lang='lat' dir='ltr'><strong>eremus</strong></span> <span class='ocrx_word' id='word_1_395' title='bbox 1617 5327 1738 5383; x_wconf 87' lang='lat' dir='ltr'><strong>est;</strong></span> <span class='ocrx_word' id='word_1_396' title='bbox 1774 5327 1828 5373; x_wconf 87' lang='lat' dir='ltr'><strong>et</strong></span> 
     </span>
    </p>
   </div>
   <div class='ocr_carea' id='block_1_55' title="bbox 226 5406 1828 5477">
    <p class='ocr_par' dir='ltr' id='par_1_55' title="bbox 226 5406 1828 5477">
     <span class='ocr_line' id='line_1_55' title="bbox 226 5406 1828 5477; baseline 0.002 -17"><span class='ocrx_word' id='word_1_397' title='bbox 226 5423 359 5464; x_wconf 77' lang='lat' dir='ltr'><strong>vere</strong></span> <span class='ocrx_word' id='word_1_398' title='bbox 383 5407 683 5462; x_wconf 86' lang='lat' dir='ltr'><strong>christiano</strong></span> <span class='ocrx_word' id='word_1_399' title='bbox 703 5415 785 5461; x_wconf 90' lang='lat' dir='ltr'><strong>cst</strong></span> <span class='ocrx_word' id='word_1_400' title='bbox 808 5420 1019 5461; x_wconf 90' lang='lat' dir='ltr'><strong>eremus</strong></span> <span class='ocrx_word' id='word_1_401' title='bbox 1046 5413 1164 5475; x_wconf 88' lang='lat' dir='ltr'><strong>post</strong></span> <span class='ocrx_word' id='word_1_402' title='bbox 1185 5406 1252 5460; x_wconf 89' lang='lat' dir='ltr'><strong>Ba</strong></span> <span class='ocrx_word' id='word_1_403' title='bbox 1262 5408 1532 5477; x_wconf 89' lang='lat' dir='ltr'><strong>ptismum,</strong></span> <span class='ocrx_word' id='word_1_404' title='bbox 1558 5408 1600 5461; x_wconf 89' lang='lat' dir='ltr'><strong>si</strong></span> <span class='ocrx_word' id='word_1_405' title='bbox 1629 5409 1828 5465; x_wconf 89' lang='lat' dir='ltr'><strong>intelli-</strong></span> 
     </span>
    </p>
   </div>
   <div class='ocr_carea' id='block_1_56' title="bbox 220 5499 1826 5574">
    <p class='ocr_par' dir='ltr' id='par_1_56' title="bbox 220 5499 1826 5574">
     <span class='ocr_line' id='line_1_56' title="bbox 220 5499 1826 5574; baseline 0 -18"><span class='ocrx_word' id='word_1_406' title='bbox 220 5512 311 5574; x_wconf 85' lang='lat' dir='ltr'><strong>gat</strong></span> <span class='ocrx_word' id='word_1_407' title='bbox 338 5500 488 5572; x_wconf 87' lang='lat' dir='ltr'><strong>quod</strong></span> <span class='ocrx_word' id='word_1_408' title='bbox 507 5500 733 5570; x_wconf 88' lang='lat' dir='ltr'><strong>accepit.</strong></span> <span class='ocrx_word' id='word_1_409' title='bbox 760 5499 815 5556; x_wconf 92' lang='lat' dir='ltr'><strong>Si</strong></span> <span class='ocrx_word' id='word_1_410' title='bbox 844 5515 950 5554; x_wconf 88' lang='lat' dir='ltr'><strong>non</strong></span> <span class='ocrx_word' id='word_1_411' title='bbox 978 5499 1150 5554; x_wconf 89' lang='lat' dir='ltr'><strong>solum</strong></span> <span class='ocrx_word' id='word_1_412' title='bbox 1167 5499 1314 5570; x_wconf 83' lang='lat' dir='ltr'><strong>signa</strong></span> <span class='ocrx_word' id='word_1_413' title='bbox 1333 5500 1629 5570; x_wconf 90' lang='lat' dir='ltr'><strong>corporalia</strong></span> <span class='ocrx_word' id='word_1_414' title='bbox 1661 5502 1711 5556; x_wconf 90' lang='lat' dir='ltr'><strong>in</strong></span> <span class='ocrx_word' id='word_1_415' title='bbox 1736 5502 1826 5556; x_wconf 89' lang='lat' dir='ltr'><strong>illo</strong></span> 
     </span>
    </p>
   </div>
   <div class='ocr_carea' id='block_1_57' title="bbox 225 5592 1827 5667">
    <p class='ocr_par' dir='ltr' id='par_1_57' title="bbox 225 5592 1827 5667">
     <span class='ocr_line' id='line_1_57' title="bbox 225 5592 1827 5667; baseline 0.002 -19"><span class='ocrx_word' id='word_1_416' title='bbox 225 5594 382 5660; x_wconf 77' lang='lat' dir='ltr'><strong>ﬁant,</strong></span> <span class='ocrx_word' id='word_1_417' title='bbox 399 5593 496 5650; x_wconf 85' lang='lat' dir='ltr'><strong>sed</strong></span> <span class='ocrx_word' id='word_1_418' title='bbox 519 5593 566 5647; x_wconf 88' lang='lat' dir='ltr'><strong>si</strong></span> <span class='ocrx_word' id='word_1_419' title='bbox 582 5593 740 5666; x_wconf 77' lang='lat' dir='ltr'><strong>etiam</strong></span> <span class='ocrx_word' id='word_1_420' title='bbox 767 5592 819 5648; x_wconf 91' lang='lat' dir='ltr'><strong>in</strong></span> <span class='ocrx_word' id='word_1_421' title='bbox 836 5593 998 5649; x_wconf 88' lang='lat' dir='ltr'><strong>corde</strong></span> <span class='ocrx_word' id='word_1_422' title='bbox 1018 5593 1305 5664; x_wconf 86' lang='lat' dir='ltr'><strong>spiritualis</strong></span> <span class='ocrx_word' id='word_1_423' title='bbox 1325 5592 1564 5659; x_wconf 76' lang='lat' dir='ltr'><strong>eﬁ‘ectus,</strong></span> <span class='ocrx_word' id='word_1_424' title='bbox 1585 5594 1827 5667; x_wconf 84' lang='lat' dir='ltr'><strong>intelligit</strong></span> 
     </span>
    </p>
   </div>
   <div class='ocr_carea' id='block_1_58' title="bbox 289 5753 1826 5820">
    <p class='ocr_par' dir='ltr' id='par_1_58' title="bbox 289 5753 1826 5820">
     <span class='ocr_line' id='line_1_58' title="bbox 289 5753 1826 5820; baseline 0.006 -18"><span class='ocrx_word' id='word_1_425' title='bbox 289 5756 307 5786; x_wconf 78' lang='grc' dir='ltr'><strong><em>ι</em></strong></span> <span class='ocrx_word' id='word_1_426' title='bbox 336 5753 517 5803; x_wconf 73' lang='lat' dir='ltr'><strong>tsthsec</strong></span> <span class='ocrx_word' id='word_1_427' title='bbox 529 5756 796 5820; x_wconf 80' lang='lat' dir='ltr'><strong>sententia,</strong></span> <span class='ocrx_word' id='word_1_428' title='bbox 813 5755 1127 5820; x_wconf 66' lang='lat' dir='ltr'><strong>circumcisio</strong></span> <span class='ocrx_word' id='word_1_429' title='bbox 1139 5757 1350 5808; x_wconf 76' lang='lat' dir='ltr'><strong>carnalis</strong></span> <span class='ocrx_word' id='word_1_430' title='bbox 1371 5755 1576 5820; x_wconf 75' lang='lat' dir='ltr'><strong>pertinet</strong></span> <span class='ocrx_word' id='word_1_431' title='bbox 1599 5757 1664 5809; x_wconf 82' lang='lat' dir='ltr'><strong>ad</strong></span> <span class='ocrx_word' id='word_1_432' title='bbox 1689 5766 1826 5811; x_wconf 71' lang='lat' dir='ltr'><strong>Vetus</strong></span> 
     </span>
    </p>
   </div>
   <div class='ocr_carea' id='block_1_59' title="bbox 230 5818 1822 5884">
    <p class='ocr_par' dir='ltr' id='par_1_59' title="bbox 230 5818 1822 5884">
     <span class='ocr_line' id='line_1_59' title="bbox 230 5818 1822 5884; baseline 0.003 -15"><span class='ocrx_word' id='word_1_433' title='bbox 230 5822 586 5884; x_wconf 59' lang='lat' dir='ltr'><strong>[mulcatum</strong></span> <span class='ocrx_word' id='word_1_434' title='bbox 611 5831 628 5867; x_wconf 89' lang='lat'><strong><em>:</em></strong></span> <span class='ocrx_word' id='word_1_435' title='bbox 652 5818 984 5884; x_wconf 76' lang='lat' dir='ltr'><strong>circumcisio,</strong></span> <span class='ocrx_word' id='word_1_436' title='bbox 1018 5828 1113 5873; x_wconf 85' lang='lat' dir='ltr'><strong>etc.</strong></span> <span class='ocrx_word' id='word_1_437' title='bbox 1133 5857 1151 5884; x_wconf 92' lang='lat'><strong>,</strong></span> <span class='ocrx_word' id='word_1_438' title='bbox 1184 5818 1445 5872; x_wconf 69' lang='lat' dir='ltr'><strong>omissam</strong></span> <span class='ocrx_word' id='word_1_439' title='bbox 1482 5821 1623 5872; x_wconf 82' lang='lat' dir='ltr'><strong>editis</strong></span> <span class='ocrx_word' id='word_1_440' title='bbox 1645 5823 1822 5875; x_wconf 78' lang='lat' dir='ltr'><strong>fuerat.</strong></span> 
     </span>
    </p>
   </div>
   <div class='ocr_carea' id='block_1_60' title="bbox 225 5879 858 5933">
    <p class='ocr_par' dir='ltr' id='par_1_60' title="bbox 225 5879 858 5933">
     <span class='ocr_line' id='line_1_60' title="bbox 225 5879 858 5933; baseline 0.011 -7"><span class='ocrx_word' id='word_1_441' title='bbox 225 5879 520 5932; x_wconf 68' lang='lat' dir='ltr'><strong>uestitnitur</strong></span> <span class='ocrx_word' id='word_1_442' title='bbox 537 5892 603 5931; x_wconf 80' lang='lat' dir='ltr'><strong>ex</strong></span> <span class='ocrx_word' id='word_1_443' title='bbox 619 5886 700 5932; x_wconf 78' lang='lat' dir='ltr'><strong>Ms.</strong></span> <span class='ocrx_word' id='word_1_444' title='bbox 719 5882 858 5933; x_wconf 85' lang='lat' dir='ltr'><strong>Corb.</strong></span> 
     </span>
    </p>
   </div>
   <div class='ocr_carea' id='block_1_61' title="bbox 1937 461 3524 546">
    <p class='ocr_par' dir='ltr' id='par_1_61' title="bbox 1937 461 3524 546">
     <span class='ocr_line' id='line_1_61' title="bbox 1937 461 3524 546; baseline 0.009 -30"><span class='ocrx_word' id='word_1_445' title='bbox 1937 463 2038 517; x_wconf 85' lang='lat' dir='ltr'><strong>sibi</strong></span> <span class='ocrx_word' id='word_1_446' title='bbox 2063 475 2298 518; x_wconf 86' lang='lat' dir='ltr'><strong>eremmn</strong></span> <span class='ocrx_word' id='word_1_447' title='bbox 2317 476 2435 520; x_wconf 84' lang='lat' dir='ltr'><strong>esse</strong></span> <span class='ocrx_word' id='word_1_448' title='bbox 2459 465 2617 521; x_wconf 85' lang='lat' dir='ltr'><strong>istum</strong></span> <span class='ocrx_word' id='word_1_449' title='bbox 2645 461 3181 542; x_wconf 84' lang='lat' dir='ltr'><strong>mundum,intelllgit</strong></span> <span class='ocrx_word' id='word_1_450' title='bbox 3201 469 3251 526; x_wconf 91' lang='lat' dir='ltr'><strong>in</strong></span> <span class='ocrx_word' id='word_1_451' title='bbox 3287 474 3524 546; x_wconf 85' lang='lat' dir='ltr'><strong>peregri-</strong></span> 
     </span>
    </p>
   </div>
   <div class='ocr_carea' id='block_1_62' title="bbox 1942 555 3528 638">
    <p class='ocr_par' dir='ltr' id='par_1_62' title="bbox 1942 555 3528 638">
     <span class='ocr_line' id='line_1_62' title="bbox 1942 555 3528 638; baseline 0.011 -29"><span class='ocrx_word' id='word_1_452' title='bbox 1942 555 2154 612; x_wconf 86' lang='lat' dir='ltr'><strong>natione</strong></span> <span class='ocrx_word' id='word_1_453' title='bbox 2199 571 2256 612; x_wconf 90' lang='lat' dir='ltr'><strong>se</strong></span> <span class='ocrx_word' id='word_1_454' title='bbox 2301 559 2516 626; x_wconf 88' lang='lat' dir='ltr'><strong>vivere,</strong></span> <span class='ocrx_word' id='word_1_455' title='bbox 2569 563 2788 630; x_wconf 88' lang='lat' dir='ltr'><strong>patriam</strong></span> <span class='ocrx_word' id='word_1_456' title='bbox 2831 564 3140 620; x_wconf 81' lang='lat' dir='ltr'><strong>desiderare</strong></span> <span class='ocrx_word' id='word_1_457' title='bbox 3185 567 3284 638; x_wconf 91' lang='lat' dir='ltr'><strong>(a).</strong></span> <span class='ocrx_word' id='word_1_458' title='bbox 3325 563 3528 637; x_wconf 81' lang='lat' dir='ltr'><strong>Quam-</strong></span> 
     </span>
    </p>
   </div>
   <div class='ocr_carea' id='block_1_63' title="bbox 1939 651 3530 736">
    <p class='ocr_par' dir='ltr' id='par_1_63' title="bbox 1939 651 3530 736">
     <span class='ocr_line' id='line_1_63' title="bbox 1939 651 3530 736; baseline 0.009 -31"><span class='ocrx_word' id='word_1_459' title='bbox 1939 651 2028 706; x_wconf 88' lang='lat' dir='ltr'><strong>diu</strong></span> <span class='ocrx_word' id='word_1_460' title='bbox 2073 661 2246 707; x_wconf 84' lang='lat' dir='ltr'><strong>autem</strong></span> <span class='ocrx_word' id='word_1_461' title='bbox 2275 653 2567 720; x_wconf 88' lang='lat' dir='ltr'><strong>desiderat,</strong></span> <span class='ocrx_word' id='word_1_462' title='bbox 2600 656 2650 709; x_wconf 91' lang='lat' dir='ltr'><strong>in</strong></span> <span class='ocrx_word' id='word_1_463' title='bbox 2679 671 2773 725; x_wconf 88' lang='lat' dir='ltr'><strong>spe</strong></span> <span class='ocrx_word' id='word_1_464' title='bbox 2798 668 2898 712; x_wconf 84' lang='lat' dir='ltr'><strong>est.</strong></span> <span class='ocrx_word' id='word_1_465' title='bbox 2953 660 3060 731; x_wconf 80' lang='lat' dir='ltr'><strong>Spe</strong></span> <span class='ocrx_word' id='word_1_466' title='bbox 3086 663 3217 727; x_wconf 73' lang='lat' dir='ltr'><strong>enim</strong></span> <span class='ocrx_word' id='word_1_467' title='bbox 3253 662 3380 717; x_wconf 82' lang='lat' dir='ltr'><strong>salvi</strong></span> <span class='ocrx_word' id='word_1_468' title='bbox 3407 665 3530 736; x_wconf 80' lang='lat' dir='ltr'><strong>facti</strong></span> 
     </span>
    </p>
   </div>
   <div class='ocr_carea' id='block_1_64' title="bbox 1939 743 3529 826">
    <p class='ocr_par' dir='ltr' id='par_1_64' title="bbox 1939 743 3529 826">
     <span class='ocr_line' id='line_1_64' title="bbox 1939 743 3529 826; baseline 0.011 -31"><span class='ocrx_word' id='word_1_469' title='bbox 1939 757 2129 797; x_wconf 83' lang='lat' dir='ltr'><strong>sumus.</strong></span> <span class='ocrx_word' id='word_1_470' title='bbox 2161 743 2292 813; x_wconf 83' lang='lat' dir='ltr'><strong>Spes</strong></span> <span class='ocrx_word' id='word_1_471' title='bbox 2330 754 2498 800; x_wconf 78' lang='lat' dir='ltr'><strong>autem</strong></span> <span class='ocrx_word' id='word_1_472' title='bbox 2543 759 2657 816; x_wconf 74' lang='lat' dir='ltr'><strong>quat</strong></span> <span class='ocrx_word' id='word_1_473' title='bbox 2707 748 2931 816; x_wconf 59' lang='lat' dir='ltr'><strong>ridetur,</strong></span> <span class='ocrx_word' id='word_1_474' title='bbox 2976 765 3077 806; x_wconf 88' lang='lat' dir='ltr'><strong>non</strong></span> <span class='ocrx_word' id='word_1_475' title='bbox 3098 763 3170 806; x_wconf 82' lang='lat' dir='ltr'><strong>est</strong></span> <span class='ocrx_word' id='word_1_476' title='bbox 3208 769 3321 824; x_wconf 85' lang='lat' dir='ltr'><strong>spes</strong></span> <span class='ocrx_word' id='word_1_477' title='bbox 3351 757 3529 826; x_wconf 78' lang='lat' dir='ltr'><strong>:quod</strong></span> 
     </span>
    </p>
   </div>
   <div class='ocr_carea' id='block_1_65' title="bbox 1939 837 3528 917">
    <p class='ocr_par' dir='ltr' id='par_1_65' title="bbox 1939 837 3528 917">
     <span class='ocr_line' id='line_1_65' title="bbox 1939 837 3528 917; baseline 0.01 -28"><span class='ocrx_word' id='word_1_478' title='bbox 1939 839 2070 890; x_wconf 77' lang='lat' dir='ltr'><strong>enim</strong></span> <span class='ocrx_word' id='word_1_479' title='bbox 2095 837 2222 892; x_wconf 79' lang='lat' dir='ltr'><strong>videt</strong></span> <span class='ocrx_word' id='word_1_480' title='bbox 2251 839 2389 909; x_wconf 82' lang='lat' dir='ltr'><strong>quis,</strong></span> <span class='ocrx_word' id='word_1_481' title='bbox 2421 838 2543 909; x_wconf 83' lang='lat' dir='ltr'><strong>quid</strong></span> <span class='ocrx_word' id='word_1_482' title='bbox 2570 842 2782 909; x_wconf 84' lang='lat' dir='ltr'><strong>sperat?</strong></span> <span class='ocrx_word' id='word_1_483' title='bbox 2811 842 2872 896; x_wconf 84' lang='lat' dir='ltr'><strong>Si</strong></span> <span class='ocrx_word' id='word_1_484' title='bbox 2904 856 3069 900; x_wconf 74' lang='lat' dir='ltr'><strong>autem</strong></span> <span class='ocrx_word' id='word_1_485' title='bbox 3093 849 3230 917; x_wconf 77' lang='lat' dir='ltr'><strong>quod</strong></span> <span class='ocrx_word' id='word_1_486' title='bbox 3257 859 3358 903; x_wconf 84' lang='lat' dir='ltr'><strong>non</strong></span> <span class='ocrx_word' id='word_1_487' title='bbox 3385 851 3528 906; x_wconf 81' lang='lat' dir='ltr'><strong>vide-</strong></span> 
     </span>
    </p>
   </div>
   <div class='ocr_carea' id='block_1_66' title="bbox 1939 934 3527 1012">
    <p class='ocr_par' dir='ltr' id='par_1_66' title="bbox 1939 934 3527 1012">
     <span class='ocr_line' id='line_1_66' title="bbox 1939 934 3527 1012; baseline 0.011 -30"><span class='ocrx_word' id='word_1_488' title='bbox 1939 943 2069 997; x_wconf 85' lang='lat' dir='ltr'><strong>mus,</strong></span> <span class='ocrx_word' id='word_1_489' title='bbox 2093 943 2372 1001; x_wconf 77' lang='lat' dir='ltr'><strong>speramus,</strong></span> <span class='ocrx_word' id='word_1_490' title='bbox 2397 947 2486 1003; x_wconf 87' lang='lat' dir='ltr'><strong>per</strong></span> <span class='ocrx_word' id='word_1_491' title='bbox 2513 934 2809 1002; x_wconf 74' lang='lat' dir='ltr'><strong>patientiam</strong></span> <span class='ocrx_word' id='word_1_492' title='bbox 2833 947 3177 1003; x_wconf 69' lang='lat' dir='ltr'><strong>exspectamus</strong></span> <span class='ocrx_word' id='word_1_493' title='bbox 3198 941 3374 1012; x_wconf 80' lang='lat' dir='ltr'><strong>(Rom.</strong></span> <span class='ocrx_word' id='word_1_494' title='bbox 3400 959 3527 1012; x_wconf 77' lang='lat' dir='ltr'><strong>vni,</strong></span> 
     </span>
    </p>
   </div>
   <div class='ocr_carea' id='block_1_67' title="bbox 1939 1019 3526 1102">
    <p class='ocr_par' dir='ltr' id='par_1_67' title="bbox 1939 1019 3526 1102">
     <span class='ocr_line' id='line_1_67' title="bbox 1939 1019 3526 1102; baseline 0.011 -28"><span class='ocrx_word' id='word_1_495' title='bbox 1939 1019 2032 1087; x_wconf 76' lang='grc'><strong>24,</strong></span> <span class='ocrx_word' id='word_1_496' title='bbox 2066 1020 2181 1094; x_wconf 69' lang='lat'><strong>95).</strong></span> <span class='ocrx_word' id='word_1_497' title='bbox 2207 1021 2309 1077; x_wconf 87' lang='lat' dir='ltr'><strong>Ista</strong></span> <span class='ocrx_word' id='word_1_498' title='bbox 2343 1024 2591 1094; x_wconf 83' lang='lat' dir='ltr'><strong>patientia</strong></span> <span class='ocrx_word' id='word_1_499' title='bbox 2615 1024 2668 1080; x_wconf 92' lang='lat' dir='ltr'><strong>in</strong></span> <span class='ocrx_word' id='word_1_500' title='bbox 2694 1035 2875 1081; x_wconf 89' lang='lat' dir='ltr'><strong>eremo</strong></span> <span class='ocrx_word' id='word_1_501' title='bbox 2896 1026 3023 1084; x_wconf 80' lang='lat' dir='ltr'><strong>facit</strong></span> <span class='ocrx_word' id='word_1_502' title='bbox 3049 1031 3244 1100; x_wconf 85' lang='lat' dir='ltr'><strong>aliquid</strong></span> <span class='ocrx_word' id='word_1_503' title='bbox 3269 1046 3526 1102; x_wconf 86' lang='lat' dir='ltr'><strong>sperare:</strong></span> 
     </span>
    </p>
   </div>
   <div class='ocr_carea' id='block_1_68' title="bbox 1941 1111 3525 1194">
    <p class='ocr_par' dir='ltr' id='par_1_68' title="bbox 1941 1111 3525 1194">
     <span class='ocr_line' id='line_1_68' title="bbox 1941 1111 3525 1194; baseline 0.009 -28"><span class='ocrx_word' id='word_1_504' title='bbox 1941 1111 1988 1166; x_wconf 88' lang='lat' dir='ltr'><strong>sl</strong></span> <span class='ocrx_word' id='word_1_505' title='bbox 2009 1111 2120 1182; x_wconf 88' lang='lat' dir='ltr'><strong>jam</strong></span> <span class='ocrx_word' id='word_1_506' title='bbox 2165 1127 2222 1168; x_wconf 90' lang='lat' dir='ltr'><strong>se</strong></span> <span class='ocrx_word' id='word_1_507' title='bbox 2252 1123 2400 1184; x_wconf 88' lang='lat' dir='ltr'><strong>putat</strong></span> <span class='ocrx_word' id='word_1_508' title='bbox 2429 1115 2481 1170; x_wconf 91' lang='lat' dir='ltr'><strong>in</strong></span> <span class='ocrx_word' id='word_1_509' title='bbox 2511 1116 2678 1186; x_wconf 86' lang='lat' dir='ltr'><strong>patria</strong></span> <span class='ocrx_word' id='word_1_510' title='bbox 2705 1157 2720 1184; x_wconf 95' lang='lat'><strong>,</strong></span> <span class='ocrx_word' id='word_1_511' title='bbox 2766 1131 2873 1172; x_wconf 87' lang='lat' dir='ltr'><strong>non</strong></span> <span class='ocrx_word' id='word_1_512' title='bbox 2902 1122 3144 1187; x_wconf 83' lang='lat' dir='ltr'><strong>pervenit</strong></span> <span class='ocrx_word' id='word_1_513' title='bbox 3165 1124 3230 1177; x_wconf 89' lang='lat' dir='ltr'><strong>ad</strong></span> <span class='ocrx_word' id='word_1_514' title='bbox 3256 1126 3482 1194; x_wconf 86' lang='lat' dir='ltr'><strong>patriam</strong></span> <span class='ocrx_word' id='word_1_515' title='bbox 3510 1143 3525 1180; x_wconf 89' lang='lat'><strong>:</strong></span> 
     </span>
    </p>
   </div>
   <div class='ocr_carea' id='block_1_69' title="bbox 1928 1204 3525 1277">
    <p class='ocr_par' dir='ltr' id='par_1_69' title="bbox 1928 1204 3525 1277">
     <span class='ocr_line' id='line_1_69' title="bbox 1928 1204 3525 1277; baseline 0.01 -20"><span class='ocrx_word' id='word_1_516' title='bbox 1928 1204 1984 1258; x_wconf 79' lang='lat' dir='ltr'><strong>si</strong></span> <span class='ocrx_word' id='word_1_517' title='bbox 2009 1205 2119 1274; x_wconf 87' lang='lat' dir='ltr'><strong>jam</strong></span> <span class='ocrx_word' id='word_1_518' title='bbox 2147 1215 2206 1260; x_wconf 88' lang='lat' dir='ltr'><strong>se</strong></span> <span class='ocrx_word' id='word_1_519' title='bbox 2235 1214 2382 1275; x_wconf 86' lang='lat' dir='ltr'><strong>putat</strong></span> <span class='ocrx_word' id='word_1_520' title='bbox 2410 1207 2462 1262; x_wconf 90' lang='lat' dir='ltr'><strong>in</strong></span> <span class='ocrx_word' id='word_1_521' title='bbox 2494 1209 2662 1277; x_wconf 88' lang='lat' dir='ltr'><strong>patria</strong></span> <span class='ocrx_word' id='word_1_522' title='bbox 2685 1250 2699 1276; x_wconf 94' lang='lat'><strong>,</strong></span> <span class='ocrx_word' id='word_1_523' title='bbox 2731 1219 2974 1265; x_wconf 84' lang='lat' dir='ltr'><strong>remanet</strong></span> <span class='ocrx_word' id='word_1_524' title='bbox 2998 1211 3054 1266; x_wconf 86' lang='lat' dir='ltr'><strong>in</strong></span> <span class='ocrx_word' id='word_1_525' title='bbox 3095 1211 3178 1269; x_wconf 74' lang='lat' dir='ltr'><strong>via</strong></span> <span class='ocrx_word' id='word_1_526' title='bbox 3207 1224 3304 1270; x_wconf 90' lang='lat' dir='ltr'><strong>:ut</strong></span> <span class='ocrx_word' id='word_1_527' title='bbox 3347 1225 3525 1273; x_wconf 83' lang='lat' dir='ltr'><strong>autem</strong></span> 
     </span>
    </p>
   </div>
   <div class='ocr_carea' id='block_1_70' title="bbox 1935 1299 3528 1380">
    <p class='ocr_par' dir='ltr' id='par_1_70' title="bbox 1935 1299 3528 1380">
     <span class='ocr_line' id='line_1_70' title="bbox 1935 1299 3528 1380; baseline 0.009 -30"><span class='ocrx_word' id='word_1_528' title='bbox 1935 1309 2046 1351; x_wconf 86' lang='lat' dir='ltr'><strong>non</strong></span> <span class='ocrx_word' id='word_1_529' title='bbox 2087 1309 2360 1353; x_wconf 86' lang='lat' dir='ltr'><strong>remaneat</strong></span> <span class='ocrx_word' id='word_1_530' title='bbox 2405 1299 2457 1353; x_wconf 87' lang='lat' dir='ltr'><strong>in</strong></span> <span class='ocrx_word' id='word_1_531' title='bbox 2481 1299 2598 1366; x_wconf 87' lang='lat' dir='ltr'><strong>via,</strong></span> <span class='ocrx_word' id='word_1_532' title='bbox 2631 1311 2812 1371; x_wconf 85' lang='lat' dir='ltr'><strong>speret</strong></span> <span class='ocrx_word' id='word_1_533' title='bbox 2832 1299 3054 1372; x_wconf 77' lang='lat' dir='ltr'><strong>patriam</strong></span> <span class='ocrx_word' id='word_1_534' title='bbox 3081 1343 3094 1370; x_wconf 93' lang='lat'><strong>,</strong></span> <span class='ocrx_word' id='word_1_535' title='bbox 3137 1305 3406 1364; x_wconf 83' lang='lat' dir='ltr'><strong>desideret</strong></span> <span class='ocrx_word' id='word_1_536' title='bbox 3431 1323 3528 1380; x_wconf 74' lang='lat' dir='ltr'><strong>pa-</strong></span> 
     </span>
    </p>
   </div>
   <div class='ocr_carea' id='block_1_71' title="bbox 1937 1393 3530 1474">
    <p class='ocr_par' dir='ltr' id='par_1_71' title="bbox 1937 1393 3530 1474">
     <span class='ocr_line' id='line_1_71' title="bbox 1937 1393 3530 1474; baseline 0.007 -26"><span class='ocrx_word' id='word_1_537' title='bbox 1937 1393 2115 1458; x_wconf 91' lang='lat' dir='ltr'><strong>triam,</strong></span> <span class='ocrx_word' id='word_1_538' title='bbox 2143 1409 2210 1449; x_wconf 91' lang='lat' dir='ltr'><strong>ne</strong></span> <span class='ocrx_word' id='word_1_539' title='bbox 2238 1393 2432 1449; x_wconf 87' lang='lat' dir='ltr'><strong>deviet.</strong></span> <span class='ocrx_word' id='word_1_540' title='bbox 2460 1395 2594 1451; x_wconf 87' lang='lat' dir='ltr'><strong>Nam</strong></span> <span class='ocrx_word' id='word_1_541' title='bbox 2614 1405 2906 1452; x_wconf 86' lang='lat' dir='ltr'><strong>occurrunt</strong></span> <span class='ocrx_word' id='word_1_542' title='bbox 2931 1401 3250 1456; x_wconf 83' lang='lat' dir='ltr'><strong>tentationes</strong></span> <span class='ocrx_word' id='word_1_543' title='bbox 3274 1419 3287 1455; x_wconf 89' lang='lat'><strong>:</strong></span> <span class='ocrx_word' id='word_1_544' title='bbox 3315 1403 3386 1457; x_wconf 87' lang='lat' dir='ltr'><strong>ita</strong></span> <span class='ocrx_word' id='word_1_545' title='bbox 3407 1413 3530 1474; x_wconf 79' lang='lat' dir='ltr'><strong>post</strong></span> 
     </span>
    </p>
   </div>
   <div class='ocr_carea' id='block_1_72' title="bbox 1937 1484 3529 1556">
    <p class='ocr_par' dir='ltr' id='par_1_72' title="bbox 1937 1484 3529 1556">
     <span class='ocr_line' id='line_1_72' title="bbox 1937 1484 3529 1556; baseline 0.007 -16"><span class='ocrx_word' id='word_1_546' title='bbox 1937 1484 2271 1556; x_wconf 88' lang='lat' dir='ltr'><strong>Baptismum</strong></span> <span class='ocrx_word' id='word_1_547' title='bbox 2302 1497 2606 1544; x_wconf 87' lang='lat' dir='ltr'><strong>occurrunt.</strong></span> <span class='ocrx_word' id='word_1_548' title='bbox 2637 1488 2788 1545; x_wconf 87' lang='lat' dir='ltr'><strong>Sicut</strong></span> <span class='ocrx_word' id='word_1_549' title='bbox 2813 1491 2953 1546; x_wconf 88' lang='lat' dir='ltr'><strong>enim</strong></span> <span class='ocrx_word' id='word_1_550' title='bbox 2982 1507 3088 1547; x_wconf 87' lang='lat' dir='ltr'><strong>non</strong></span> <span class='ocrx_word' id='word_1_551' title='bbox 3117 1494 3216 1549; x_wconf 83' lang='lat' dir='ltr'><strong>soli</strong></span> <span class='ocrx_word' id='word_1_552' title='bbox 3242 1503 3396 1550; x_wconf 82' lang='lat' dir='ltr'><strong>erant</strong></span> <span class='ocrx_word' id='word_1_553' title='bbox 3431 1496 3529 1551; x_wconf 89' lang='lat' dir='ltr'><strong>bo-</strong></span> 
     </span>
    </p>
   </div>
   <div class='ocr_carea' id='block_1_73' title="bbox 1937 1581 3528 1659">
    <p class='ocr_par' dir='ltr' id='par_1_73' title="bbox 1937 1581 3528 1659">
     <span class='ocr_line' id='line_1_73' title="bbox 1937 1581 3528 1659; baseline 0.006 -23"><span class='ocrx_word' id='word_1_554' title='bbox 1937 1590 2047 1637; x_wconf 89' lang='lat' dir='ltr'><strong>stes</strong></span> <span class='ocrx_word' id='word_1_555' title='bbox 2073 1581 2377 1637; x_wconf 85' lang='lat' dir='ltr'><strong>Judaeorum</strong></span> <span class='ocrx_word' id='word_1_556' title='bbox 2407 1583 2673 1655; x_wconf 62' lang='lat' dir='ltr'><strong>Egyptii,</strong></span> <span class='ocrx_word' id='word_1_557' title='bbox 2707 1585 2794 1655; x_wconf 87' lang='lat' dir='ltr'><strong>qui</strong></span> <span class='ocrx_word' id='word_1_558' title='bbox 2828 1585 2948 1640; x_wconf 85' lang='lat' dir='ltr'><strong>illos</strong></span> <span class='ocrx_word' id='word_1_559' title='bbox 2972 1587 3040 1640; x_wconf 87' lang='lat' dir='ltr'><strong>ab</strong></span> <span class='ocrx_word' id='word_1_560' title='bbox 3068 1585 3302 1659; x_wconf 70' lang='lat' dir='ltr'><strong>Egypto</strong></span> <span class='ocrx_word' id='word_1_561' title='bbox 3341 1603 3528 1658; x_wconf 61' lang='lat' dir='ltr'><strong>perse¢</strong></span> 
     </span>
    </p>
   </div>
   <div class='ocr_carea' id='block_1_74' title="bbox 1936 1673 3530 1750">
    <p class='ocr_par' dir='ltr' id='par_1_74' title="bbox 1936 1673 3530 1750">
     <span class='ocr_line' id='line_1_74' title="bbox 1936 1673 3530 1750; baseline 0.008 -26"><span class='ocrx_word' id='word_1_562' title='bbox 1936 1673 2236 1743; x_wconf 88' lang='lat' dir='ltr'><strong>quebantur</strong></span> <span class='ocrx_word' id='word_1_563' title='bbox 2265 1674 2388 1745; x_wconf 84' lang='lat' dir='ltr'><strong>(ipsi</strong></span> <span class='ocrx_word' id='word_1_564' title='bbox 2416 1677 2557 1730; x_wconf 89' lang='lat' dir='ltr'><strong>enim</strong></span> <span class='ocrx_word' id='word_1_565' title='bbox 2589 1677 2842 1745; x_wconf 85' lang='lat' dir='ltr'><strong>praeteriti</strong></span> <span class='ocrx_word' id='word_1_566' title='bbox 2863 1677 3045 1733; x_wconf 83' lang='lat' dir='ltr'><strong>hostes</strong></span> <span class='ocrx_word' id='word_1_567' title='bbox 3067 1687 3237 1746; x_wconf 82' lang='lat' dir='ltr'><strong>eram,</strong></span> <span class='ocrx_word' id='word_1_568' title='bbox 3261 1681 3530 1750; x_wconf 89' lang='lat' dir='ltr'><strong>quomodo</strong></span> 
     </span>
    </p>
   </div>
   <div class='ocr_carea' id='block_1_75' title="bbox 1935 1768 3533 1844">
    <p class='ocr_par' dir='ltr' id='par_1_75' title="bbox 1935 1768 3533 1844">
     <span class='ocr_line' id='line_1_75' title="bbox 1935 1768 3533 1844; baseline 0.005 -24"><span class='ocrx_word' id='word_1_569' title='bbox 1935 1777 2370 1836; x_wconf 83' lang='lat' dir='ltr'><strong>unumquemque</strong></span> <span class='ocrx_word' id='word_1_570' title='bbox 2397 1768 2738 1838; x_wconf 87' lang='lat' dir='ltr'><strong>persequitur</strong></span> <span class='ocrx_word' id='word_1_571' title='bbox 2766 1771 3030 1839; x_wconf 67' lang='lat' dir='ltr'><strong>prmterita</strong></span> <span class='ocrx_word' id='word_1_572' title='bbox 3057 1771 3167 1826; x_wconf 78' lang='lat' dir='ltr'><strong>vita</strong></span> <span class='ocrx_word' id='word_1_573' title='bbox 3193 1784 3290 1826; x_wconf 85' lang='lat' dir='ltr'><strong>sua</strong></span> <span class='ocrx_word' id='word_1_574' title='bbox 3319 1781 3372 1828; x_wconf 88' lang='lat' dir='ltr'><strong>et</strong></span> <span class='ocrx_word' id='word_1_575' title='bbox 3393 1787 3533 1844; x_wconf 66' lang='lat' dir='ltr'><strong>pl&#39;iB‘</strong></span> 
     </span>
    </p>
   </div>
   <div class='ocr_carea' id='block_1_76' title="bbox 1933 1859 3531 1937">
    <p class='ocr_par' dir='ltr' id='par_1_76' title="bbox 1933 1859 3531 1937">
     <span class='ocr_line' id='line_1_76' title="bbox 1933 1859 3531 1937; baseline 0.006 -25"><span class='ocrx_word' id='word_1_576' title='bbox 1933 1859 2092 1913; x_wconf 83' lang='lat' dir='ltr'><strong>&#39;terita</strong></span> <span class='ocrx_word' id='word_1_577' title='bbox 2141 1869 2359 1928; x_wconf 87' lang='lat' dir='ltr'><strong>peccata</strong></span> <span class='ocrx_word' id='word_1_578' title='bbox 2403 1875 2498 1914; x_wconf 91' lang='lat' dir='ltr'><strong>sua</strong></span> <span class='ocrx_word' id='word_1_579' title='bbox 2540 1875 2662 1916; x_wconf 87' lang='lat' dir='ltr'><strong>cum</strong></span> <span class='ocrx_word' id='word_1_580' title='bbox 2701 1862 2938 1932; x_wconf 81' lang='lat' dir='ltr'><strong>principe</strong></span> <span class='ocrx_word' id='word_1_581' title='bbox 2983 1875 3085 1918; x_wconf 89' lang='lat' dir='ltr'><strong>suo</strong></span> <span class='ocrx_word' id='word_1_582' title='bbox 3109 1864 3343 1937; x_wconf 82' lang='lat' dir='ltr'><strong>diabolo)</strong></span> <span class='ocrx_word' id='word_1_583' title='bbox 3370 1908 3386 1933; x_wconf 94' lang='lat'><strong>,</strong></span> <span class='ocrx_word' id='word_1_584' title='bbox 3434 1867 3531 1922; x_wconf 84' lang='lat' dir='ltr'><strong>sed</strong></span> 
     </span>
    </p>
   </div>
   <div class='ocr_carea' id='block_1_77' title="bbox 1938 1951 3531 2026">
    <p class='ocr_par' dir='ltr' id='par_1_77' title="bbox 1938 1951 3531 2026">
     <span class='ocr_line' id='line_1_77' title="bbox 1938 1951 3531 2026; baseline 0.007 -22"><span class='ocrx_word' id='word_1_585' title='bbox 1938 1951 2261 2005; x_wconf 76' lang='lat' dir='ltr'><strong>exstiterunt</strong></span> <span class='ocrx_word' id='word_1_586' title='bbox 2287 1953 2339 2006; x_wconf 91' lang='lat' dir='ltr'><strong>in</strong></span> <span class='ocrx_word' id='word_1_587' title='bbox 2363 1965 2578 2018; x_wconf 90' lang='lat' dir='ltr'><strong>eremo,</strong></span> <span class='ocrx_word' id='word_1_588' title='bbox 2617 1954 2707 2024; x_wconf 87' lang='lat' dir='ltr'><strong>qui</strong></span> <span class='ocrx_word' id='word_1_589' title='bbox 2741 1954 2939 2010; x_wconf 83' lang='lat' dir='ltr'><strong>vellent</strong></span> <span class='ocrx_word' id='word_1_590' title='bbox 2968 1956 3226 2026; x_wconf 82' lang='lat' dir='ltr'><strong>impedire</strong></span> <span class='ocrx_word' id='word_1_591' title='bbox 3262 1957 3443 2024; x_wconf 86' lang='lat' dir='ltr'><strong>viam;</strong></span> <span class='ocrx_word' id='word_1_592' title='bbox 3473 1967 3531 2015; x_wconf 82' lang='lat' dir='ltr'><strong>et</strong></span> 
     </span>
    </p>
   </div>
   <div class='ocr_carea' id='block_1_78' title="bbox 1935 2046 3530 2122">
    <p class='ocr_par' dir='ltr' id='par_1_78' title="bbox 1935 2046 3530 2122">
     <span class='ocr_line' id='line_1_78' title="bbox 1935 2046 3530 2122; baseline 0.008 -26"><span class='ocrx_word' id='word_1_593' title='bbox 1935 2051 2229 2114; x_wconf 84' lang='lat' dir='ltr'><strong>pugnatum</strong></span> <span class='ocrx_word' id='word_1_594' title='bbox 2253 2054 2335 2100; x_wconf 89' lang='lat' dir='ltr'><strong>est</strong></span> <span class='ocrx_word' id='word_1_595' title='bbox 2359 2059 2480 2100; x_wconf 90' lang='lat' dir='ltr'><strong>cum</strong></span> <span class='ocrx_word' id='word_1_596' title='bbox 2505 2046 2634 2114; x_wconf 88' lang='lat' dir='ltr'><strong>illis,</strong></span> <span class='ocrx_word' id='word_1_597' title='bbox 2667 2055 2720 2103; x_wconf 88' lang='lat' dir='ltr'><strong>et</strong></span> <span class='ocrx_word' id='word_1_598' title='bbox 2749 2048 2874 2104; x_wconf 84' lang='lat' dir='ltr'><strong>victi</strong></span> <span class='ocrx_word' id='word_1_599' title='bbox 2901 2058 3025 2104; x_wconf 89' lang='lat' dir='ltr'><strong>sunt</strong></span> <span class='ocrx_word' id='word_1_600' title='bbox 3051 2065 3066 2102; x_wconf 90' lang='lat'><strong>:</strong></span> <span class='ocrx_word' id='word_1_601' title='bbox 3095 2051 3174 2105; x_wconf 89' lang='lat' dir='ltr'><strong>sic</strong></span> <span class='ocrx_word' id='word_1_602' title='bbox 3201 2061 3322 2121; x_wconf 89' lang='lat' dir='ltr'><strong>post</strong></span> <span class='ocrx_word' id='word_1_603' title='bbox 3347 2051 3530 2122; x_wconf 84' lang='lat' dir='ltr'><strong>Bapti-</strong></span> 
     </span>
    </p>
   </div>
   <div class='ocr_carea' id='block_1_79' title="bbox 1935 2141 3531 2211">
    <p class='ocr_par' dir='ltr' id='par_1_79' title="bbox 1935 2141 3531 2211">
     <span class='ocr_line' id='line_1_79' title="bbox 1935 2141 3531 2211; baseline 0.007 -19"><span class='ocrx_word' id='word_1_604' title='bbox 1935 2152 2110 2193; x_wconf 88' lang='lat' dir='ltr'><strong>smum</strong></span> <span class='ocrx_word' id='word_1_605' title='bbox 2140 2156 2260 2195; x_wconf 90' lang='lat' dir='ltr'><strong>cum</strong></span> <span class='ocrx_word' id='word_1_606' title='bbox 2294 2142 2522 2211; x_wconf 72' lang='lat' dir='ltr'><strong>cmperit</strong></span> <span class='ocrx_word' id='word_1_607' title='bbox 2545 2141 2817 2199; x_wconf 87' lang='lat' dir='ltr'><strong>ambulare</strong></span> <span class='ocrx_word' id='word_1_608' title='bbox 2844 2143 3165 2200; x_wconf 83' lang='lat' dir='ltr'><strong>christianus</strong></span> <span class='ocrx_word' id='word_1_609' title='bbox 3183 2147 3324 2200; x_wconf 86' lang='lat' dir='ltr'><strong>viam</strong></span> <span class='ocrx_word' id='word_1_610' title='bbox 3351 2145 3531 2202; x_wconf 79' lang='lat' dir='ltr'><strong>cordis</strong></span> 
     </span>
    </p>
   </div>
   <div class='ocr_carea' id='block_1_80' title="bbox 1938 2230 3528 2301">
    <p class='ocr_par' dir='ltr' id='par_1_80' title="bbox 1938 2230 3528 2301">
     <span class='ocr_line' id='line_1_80' title="bbox 1938 2230 3528 2301; baseline 0.006 -17"><span class='ocrx_word' id='word_1_611' title='bbox 1938 2230 2018 2284; x_wconf 90' lang='lat' dir='ltr'><strong>sui</strong></span> <span class='ocrx_word' id='word_1_612' title='bbox 2050 2232 2101 2284; x_wconf 90' lang='lat' dir='ltr'><strong>in</strong></span> <span class='ocrx_word' id='word_1_613' title='bbox 2134 2245 2228 2300; x_wconf 89' lang='lat' dir='ltr'><strong>spe</strong></span> <span class='ocrx_word' id='word_1_614' title='bbox 2257 2232 2641 2301; x_wconf 88' lang='lat' dir='ltr'><strong>promissorum</strong></span> <span class='ocrx_word' id='word_1_615' title='bbox 2673 2234 2789 2301; x_wconf 88' lang='lat' dir='ltr'><strong>Dei,</strong></span> <span class='ocrx_word' id='word_1_616' title='bbox 2818 2247 2922 2289; x_wconf 87' lang='lat' dir='ltr'><strong>non</strong></span> <span class='ocrx_word' id='word_1_617' title='bbox 2954 2235 3152 2291; x_wconf 87' lang='lat' dir='ltr'><strong>deviet.</strong></span> <span class='ocrx_word' id='word_1_618' title='bbox 3185 2236 3317 2292; x_wconf 82' lang='lat' dir='ltr'><strong>Nam</strong></span> <span class='ocrx_word' id='word_1_619' title='bbox 3341 2249 3528 2295; x_wconf 81' lang='lat' dir='ltr'><strong>oceur-</strong></span> 
     </span>
    </p>
   </div>
   <div class='ocr_carea' id='block_1_81' title="bbox 1933 2325 3532 2398">
    <p class='ocr_par' dir='ltr' id='par_1_81' title="bbox 1933 2325 3532 2398">
     <span class='ocr_line' id='line_1_81' title="bbox 1933 2325 3532 2398; baseline 0.006 -20"><span class='ocrx_word' id='word_1_620' title='bbox 1933 2331 2060 2378; x_wconf 87' lang='lat' dir='ltr'><strong>runt</strong></span> <span class='ocrx_word' id='word_1_621' title='bbox 2106 2325 2427 2380; x_wconf 87' lang='lat' dir='ltr'><strong>tentationes</strong></span> <span class='ocrx_word' id='word_1_622' title='bbox 2463 2325 2609 2380; x_wconf 90' lang='lat' dir='ltr'><strong>aliud</strong></span> <span class='ocrx_word' id='word_1_623' title='bbox 2648 2325 2846 2397; x_wconf 84' lang='lat' dir='ltr'><strong>aliquid</strong></span> <span class='ocrx_word' id='word_1_624' title='bbox 2890 2338 3271 2398; x_wconf 81' lang='lat' dir='ltr'><strong>suggerentes,</strong></span> <span class='ocrx_word' id='word_1_625' title='bbox 3309 2329 3532 2387; x_wconf 83' lang='lat' dir='ltr'><strong>delicias</strong></span> 
     </span>
    </p>
   </div>
   <div class='ocr_carea' id='block_1_82' title="bbox 1935 2412 3534 2494">
    <p class='ocr_par' dir='ltr' id='par_1_82' title="bbox 1935 2412 3534 2494">
     <span class='ocr_line' id='line_1_82' title="bbox 1935 2412 3534 2494; baseline 0.008 -26"><span class='ocrx_word' id='word_1_626' title='bbox 1935 2412 2094 2485; x_wconf 83' lang='lat' dir='ltr'><strong>hujus</strong></span> <span class='ocrx_word' id='word_1_627' title='bbox 2125 2414 2339 2482; x_wconf 89' lang='lat' dir='ltr'><strong>mundi,</strong></span> <span class='ocrx_word' id='word_1_628' title='bbox 2369 2417 2526 2472; x_wconf 89' lang='lat' dir='ltr'><strong>aliam</strong></span> <span class='ocrx_word' id='word_1_629' title='bbox 2557 2419 2845 2488; x_wconf 87' lang='lat' dir='ltr'><strong>quamdam</strong></span> <span class='ocrx_word' id='word_1_630' title='bbox 2877 2420 3037 2475; x_wconf 83' lang='lat' dir='ltr'><strong>vitam</strong></span> <span class='ocrx_word' id='word_1_631' title='bbox 3057 2464 3071 2487; x_wconf 94' lang='lat'><strong>,</strong></span> <span class='ocrx_word' id='word_1_632' title='bbox 3101 2430 3158 2477; x_wconf 94' lang='lat' dir='ltr'><strong>ut</strong></span> <span class='ocrx_word' id='word_1_633' title='bbox 3179 2436 3534 2494; x_wconf 88' lang='lat' dir='ltr'><strong>unumquem-</strong></span> 
     </span>
    </p>
   </div>
   <div class='ocr_carea' id='block_1_83' title="bbox 1935 2506 3532 2583">
    <p class='ocr_par' dir='ltr' id='par_1_83' title="bbox 1935 2506 3532 2583">
     <span class='ocr_line' id='line_1_83' title="bbox 1935 2506 3532 2583; baseline 0.008 -23"><span class='ocrx_word' id='word_1_634' title='bbox 1935 2519 2037 2577; x_wconf 86' lang='lat' dir='ltr'><strong>que</strong></span> <span class='ocrx_word' id='word_1_635' title='bbox 2067 2506 2134 2562; x_wconf 92' lang='lat' dir='ltr'><strong>de</strong></span> <span class='ocrx_word' id='word_1_636' title='bbox 2161 2508 2244 2562; x_wconf 88' lang='lat' dir='ltr'><strong>via</strong></span> <span class='ocrx_word' id='word_1_637' title='bbox 2273 2507 2654 2579; x_wconf 89' lang='lat' dir='ltr'><strong>detorqueant,</strong></span> <span class='ocrx_word' id='word_1_638' title='bbox 2684 2519 2738 2565; x_wconf 90' lang='lat' dir='ltr'><strong>et</strong></span> <span class='ocrx_word' id='word_1_639' title='bbox 2781 2525 2810 2565; x_wconf 91' lang='lat' dir='ltr'><strong>a</strong></span> <span class='ocrx_word' id='word_1_640' title='bbox 2841 2512 3115 2583; x_wconf 81' lang='lat' dir='ltr'><strong>proposito</strong></span> <span class='ocrx_word' id='word_1_641' title='bbox 3147 2513 3436 2572; x_wconf 84' lang='lat' dir='ltr'><strong>abducant.</strong></span> <span class='ocrx_word' id='word_1_642' title='bbox 3471 2516 3532 2574; x_wconf 80' lang='lat' dir='ltr'><strong>Si</strong></span> 
     </span>
    </p>
   </div>
   <div class='ocr_carea' id='block_1_84' title="bbox 1933 2599 3527 2676">
    <p class='ocr_par' dir='ltr' id='par_1_84' title="bbox 1933 2599 3527 2676">
     <span class='ocr_line' id='line_1_84' title="bbox 1933 2599 3527 2676; baseline 0.008 -23"><span class='ocrx_word' id='word_1_643' title='bbox 1933 2606 2111 2655; x_wconf 89' lang='lat' dir='ltr'><strong>autem</strong></span> <span class='ocrx_word' id='word_1_644' title='bbox 2143 2599 2244 2654; x_wconf 91' lang='lat' dir='ltr'><strong>isto</strong></span> <span class='ocrx_word' id='word_1_645' title='bbox 2273 2600 2570 2657; x_wconf 71' lang='lat' dir='ltr'><strong>desiderio‘</strong></span> <span class='ocrx_word' id='word_1_646' title='bbox 2596 2601 2724 2659; x_wconf 84' lang='lat' dir='ltr'><strong>istas</strong></span> <span class='ocrx_word' id='word_1_647' title='bbox 2745 2606 3111 2674; x_wconf 81' lang='lat' dir='ltr'><strong>suggestiones</strong></span> <span class='ocrx_word' id='word_1_648' title='bbox 3131 2607 3378 2676; x_wconf 82' lang='lat' dir='ltr'><strong>eviceris,</strong></span> <span class='ocrx_word' id='word_1_649' title='bbox 3405 2609 3527 2665; x_wconf 84' lang='lat' dir='ltr'><strong>vin-</strong></span> 
     </span>
    </p>
   </div>
   <div class='ocr_carea' id='block_1_85' title="bbox 1932 2692 3528 2771">
    <p class='ocr_par' dir='ltr' id='par_1_85' title="bbox 1932 2692 3528 2771">
     <span class='ocr_line' id='line_1_85' title="bbox 1932 2692 3528 2771; baseline 0.007 -25"><span class='ocrx_word' id='word_1_650' title='bbox 1932 2702 2128 2747; x_wconf 89' lang='lat' dir='ltr'><strong>cuntur</strong></span> <span class='ocrx_word' id='word_1_651' title='bbox 2154 2692 2334 2748; x_wconf 91' lang='lat' dir='ltr'><strong>hostes</strong></span> <span class='ocrx_word' id='word_1_652' title='bbox 2355 2694 2408 2748; x_wconf 91' lang='lat' dir='ltr'><strong>in</strong></span> <span class='ocrx_word' id='word_1_653' title='bbox 2428 2695 2536 2760; x_wconf 86' lang='lat' dir='ltr'><strong>via,</strong></span> <span class='ocrx_word' id='word_1_654' title='bbox 2549 2704 2604 2750; x_wconf 90' lang='lat' dir='ltr'><strong>et</strong></span> <span class='ocrx_word' id='word_1_655' title='bbox 2626 2695 2931 2771; x_wconf 87' lang='lat' dir='ltr'><strong>perducitur</strong></span> <span class='ocrx_word' id='word_1_656' title='bbox 2951 2698 3178 2768; x_wconf 88' lang='lat' dir='ltr'><strong>populus</strong></span> <span class='ocrx_word' id='word_1_657' title='bbox 3196 2698 3262 2754; x_wconf 84' lang='lat' dir='ltr'><strong>ad</strong></span> <span class='ocrx_word' id='word_1_658' title='bbox 3282 2701 3528 2770; x_wconf 84' lang='lat' dir='ltr'><strong>patriam.</strong></span> 
     </span>
    </p>
   </div>
   <div class='ocr_carea' id='block_1_86' title="bbox 2007 2781 3522 2864">
    <p class='ocr_par' dir='ltr' id='par_1_86' title="bbox 2007 2781 3522 2864">
     <span class='ocr_line' id='line_1_86' title="bbox 2007 2781 3522 2864; baseline 0.007 -25"><span class='ocrx_word' id='word_1_659' title='bbox 2007 2781 2233 2841; x_wconf 78' lang='lat' dir='ltr'><strong>CAPUT</strong></span> <span class='ocrx_word' id='word_1_660' title='bbox 2256 2785 2296 2838; x_wconf 84' lang='lat' dir='ltr'><strong>X</strong></span> <span class='ocrx_word' id='word_1_661' title='bbox 2307 2787 2423 2840; x_wconf 79' lang='lat' dir='ltr'><strong>.—-i</strong></span> <span class='ocrx_word' id='word_1_662' title='bbox 2433 2787 2485 2840; x_wconf 88' lang='lat'><strong>0.</strong></span> <span class='ocrx_word' id='word_1_663' title='bbox 2508 2785 2716 2858; x_wconf 68' lang='lat' dir='ltr'><strong>Figura:</strong></span> <span class='ocrx_word' id='word_1_664' title='bbox 2730 2796 2915 2842; x_wconf 71' lang='lat' dir='ltr'><strong>nostra!</strong></span> <span class='ocrx_word' id='word_1_665' title='bbox 2923 2805 2983 2843; x_wconf 89' lang='lat' dir='ltr'><strong>ea</strong></span> <span class='ocrx_word' id='word_1_666' title='bbox 2997 2804 3109 2859; x_wconf 73' lang='lat' dir='ltr'><strong>quae</strong></span> <span class='ocrx_word' id='word_1_667' title='bbox 3123 2789 3408 2846; x_wconf 80' lang='lat' dir='ltr'><strong>Israelitico</strong></span> <span class='ocrx_word' id='word_1_668' title='bbox 3426 2809 3522 2864; x_wconf 84' lang='lat' dir='ltr'><strong>po-</strong></span> 
     </span>
    </p>
   </div>
   <div class='ocr_carea' id='block_1_87' title="bbox 1936 2874 3525 2956">
    <p class='ocr_par' dir='ltr' id='par_1_87' title="bbox 1936 2874 3525 2956">
     <span class='ocr_line' id='line_1_87' title="bbox 1936 2874 3525 2956; baseline 0.009 -29"><span class='ocrx_word' id='word_1_669' title='bbox 1936 2874 2059 2946; x_wconf 85' lang='lat' dir='ltr'><strong>pulo</strong></span> <span class='ocrx_word' id='word_1_670' title='bbox 2087 2876 2422 2948; x_wconf 84' lang='lat' dir='ltr'><strong>contigerunt.</strong></span> <span class='ocrx_word' id='word_1_671' title='bbox 2471 2877 2611 2932; x_wconf 86' lang='lat' dir='ltr'><strong>Audi</strong></span> <span class='ocrx_word' id='word_1_672' title='bbox 2644 2879 2959 2948; x_wconf 85' lang='lat' dir='ltr'><strong>Apostolum</strong></span> <span class='ocrx_word' id='word_1_673' title='bbox 2987 2921 3002 2947; x_wconf 92' lang='lat'><strong>,</strong></span> <span class='ocrx_word' id='word_1_674' title='bbox 3033 2883 3156 2952; x_wconf 85' lang='lat' dir='ltr'><strong>quia</strong></span> <span class='ocrx_word' id='word_1_675' title='bbox 3201 2883 3301 2938; x_wconf 80' lang='lat' dir='ltr'><strong>ista</strong></span> <span class='ocrx_word' id='word_1_676' title='bbox 3340 2883 3525 2956; x_wconf 83' lang='lat' dir='ltr'><strong>ﬁgurae</strong></span> 
     </span>
    </p>
   </div>
   <div class='ocr_carea' id='block_1_88' title="bbox 1933 2966 3528 3047">
    <p class='ocr_par' dir='ltr' id='par_1_88' title="bbox 1933 2966 3528 3047">
     <span class='ocr_line' id='line_1_88' title="bbox 1933 2966 3528 3047; baseline 0.007 -27"><span class='ocrx_word' id='word_1_677' title='bbox 1933 2975 2131 3021; x_wconf 74' lang='lat' dir='ltr'><strong>nostra:</strong></span> <span class='ocrx_word' id='word_1_678' title='bbox 2156 2966 2391 3024; x_wconf 82' lang='lat' dir='ltr'><strong>fuerunt.</strong></span> <span class='ocrx_word' id='word_1_679' title='bbox 2413 2966 2466 3021; x_wconf 87' lang='grc' dir='ltr'><strong><em>Ν</em></strong></span> <span class='ocrx_word' id='word_1_680' title='bbox 2468 2969 2549 3022; x_wconf 83' lang='lat' dir='ltr'><strong>oto</strong></span> <span class='ocrx_word' id='word_1_681' title='bbox 2567 2971 2718 3038; x_wconf 85' lang='lat' dir='ltr'><strong>enim,</strong></span> <span class='ocrx_word' id='word_1_682' title='bbox 2742 2971 2933 3042; x_wconf 86' lang='lat' dir='ltr'><strong>inquit,</strong></span> <span class='ocrx_word' id='word_1_683' title='bbox 2949 2988 3034 3027; x_wconf 82' lang='lat' dir='ltr'><strong>vos</strong></span> <span class='ocrx_word' id='word_1_684' title='bbox 3052 2973 3305 3045; x_wconf 70' lang='lat' dir='ltr'><strong>ignorare,</strong></span> <span class='ocrx_word' id='word_1_685' title='bbox 3323 2980 3528 3047; x_wconf 75' lang='lat' dir='ltr'><strong>fratres,</strong></span> 
     </span>
    </p>
   </div>
   <div class='ocr_carea' id='block_1_89' title="bbox 1945 3062 3532 3136">
    <p class='ocr_par' dir='ltr' id='par_1_89' title="bbox 1945 3062 3532 3136">
     <span class='ocr_line' id='line_1_89' title="bbox 1945 3062 3532 3136; baseline 0.007 -22"><span class='ocrx_word' id='word_1_686' title='bbox 1945 3062 2065 3132; x_wconf 84' lang='lat' dir='ltr'><strong>quia</strong></span> <span class='ocrx_word' id='word_1_687' title='bbox 2087 3077 2262 3115; x_wconf 87' lang='lat' dir='ltr'><strong>omnes</strong></span> <span class='ocrx_word' id='word_1_688' title='bbox 2291 3071 2460 3131; x_wconf 83' lang='lat' dir='ltr'><strong>patres</strong></span> <span class='ocrx_word' id='word_1_689' title='bbox 2490 3065 2646 3118; x_wconf 83' lang='lat' dir='ltr'><strong>nostri</strong></span> <span class='ocrx_word' id='word_1_690' title='bbox 2673 3065 2765 3119; x_wconf 84' lang='lat' dir='ltr'><strong>sub</strong></span> <span class='ocrx_word' id='word_1_691' title='bbox 2795 3067 2924 3119; x_wconf 78' lang='lat' dir='ltr'><strong>nube</strong></span> <span class='ocrx_word' id='word_1_692' title='bbox 2945 3063 3166 3136; x_wconf 79' lang='lat' dir='ltr'><strong>fuerunt.</strong></span> <span class='ocrx_word' id='word_1_693' title='bbox 3193 3067 3246 3124; x_wconf 85' lang='lat' dir='ltr'><strong>Si</strong></span> <span class='ocrx_word' id='word_1_694' title='bbox 3275 3070 3366 3123; x_wconf 82' lang='lat' dir='ltr'><strong>sub</strong></span> <span class='ocrx_word' id='word_1_695' title='bbox 3404 3069 3532 3125; x_wconf 80' lang='lat' dir='ltr'><strong>nube</strong></span> 
     </span>
    </p>
   </div>
   <div class='ocr_carea' id='block_1_90' title="bbox 1935 3155 3531 3234">
    <p class='ocr_par' dir='ltr' id='par_1_90' title="bbox 1935 3155 3531 3234">
     <span class='ocr_line' id='line_1_90' title="bbox 1935 3155 3531 3234; baseline 0.007 -26"><span class='ocrx_word' id='word_1_696' title='bbox 1935 3157 2139 3227; x_wconf 77' lang='lat' dir='ltr'><strong>fuerunt</strong></span> <span class='ocrx_word' id='word_1_697' title='bbox 2159 3197 2172 3220; x_wconf 96' lang='lat'><strong>,</strong></span> <span class='ocrx_word' id='word_1_698' title='bbox 2205 3155 2306 3210; x_wconf 90' lang='lat' dir='ltr'><strong>sub</strong></span> <span class='ocrx_word' id='word_1_699' title='bbox 2333 3155 2560 3227; x_wconf 84' lang='lat' dir='ltr'><strong>caligine</strong></span> <span class='ocrx_word' id='word_1_700' title='bbox 2591 3157 2826 3212; x_wconf 82' lang='lat' dir='ltr'><strong>fuerunt.</strong></span> <span class='ocrx_word' id='word_1_701' title='bbox 2858 3157 2994 3226; x_wconf 86' lang='lat' dir='ltr'><strong>Quid</strong></span> <span class='ocrx_word' id='word_1_702' title='bbox 3027 3169 3109 3215; x_wconf 89' lang='lat' dir='ltr'><strong>est</strong></span> <span class='ocrx_word' id='word_1_703' title='bbox 3132 3202 3146 3227; x_wconf 95' lang='lat'><strong>,</strong></span> <span class='ocrx_word' id='word_1_704' title='bbox 3179 3161 3280 3216; x_wconf 91' lang='lat' dir='ltr'><strong>sub</strong></span> <span class='ocrx_word' id='word_1_705' title='bbox 3305 3161 3531 3234; x_wconf 76' lang='lat' dir='ltr'><strong>caligine</strong></span> 
     </span>
    </p>
   </div>
   <div class='ocr_carea' id='block_1_91' title="bbox 1933 3244 3530 3325">
    <p class='ocr_par' dir='ltr' id='par_1_91' title="bbox 1933 3244 3530 3325">
     <span class='ocr_line' id='line_1_91' title="bbox 1933 3244 3530 3325; baseline 0.007 -26"><span class='ocrx_word' id='word_1_706' title='bbox 1933 3244 2192 3301; x_wconf 73' lang='lat' dir='ltr'><strong>fuerunt?</strong></span> <span class='ocrx_word' id='word_1_707' title='bbox 2241 3245 2356 3302; x_wconf 85' lang='lat' dir='ltr'><strong>Non</strong></span> <span class='ocrx_word' id='word_1_708' title='bbox 2405 3248 2484 3302; x_wconf 89' lang='lat' dir='ltr'><strong>eis</strong></span> <span class='ocrx_word' id='word_1_709' title='bbox 2529 3249 2944 3320; x_wconf 83' lang='lat' dir='ltr'><strong>intelligentibus</strong></span> <span class='ocrx_word' id='word_1_710' title='bbox 2988 3251 3370 3322; x_wconf 84' lang='lat' dir='ltr'><strong>spiritualiter,</strong></span> <span class='ocrx_word' id='word_1_711' title='bbox 3410 3269 3530 3325; x_wconf 73' lang='lat' dir='ltr'><strong>qua:</strong></span> 
     </span>
    </p>
   </div>
   <div class='ocr_carea' id='block_1_92' title="bbox 1934 3339 3532 3418">
    <p class='ocr_par' dir='ltr' id='par_1_92' title="bbox 1934 3339 3532 3418">
     <span class='ocr_line' id='line_1_92' title="bbox 1934 3339 3532 3418; baseline 0.006 -23"><span class='ocrx_word' id='word_1_712' title='bbox 1934 3353 2055 3395; x_wconf 90' lang='lat' dir='ltr'><strong>cum</strong></span> <span class='ocrx_word' id='word_1_713' title='bbox 2099 3339 2177 3395; x_wconf 90' lang='lat' dir='ltr'><strong>eis</strong></span> <span class='ocrx_word' id='word_1_714' title='bbox 2206 3340 2569 3410; x_wconf 86' lang='lat' dir='ltr'><strong>corporaliter</strong></span> <span class='ocrx_word' id='word_1_715' title='bbox 2604 3343 2914 3413; x_wconf 79' lang='lat' dir='ltr'><strong>agebantur.</strong></span> <span class='ocrx_word' id='word_1_716' title='bbox 2950 3343 3018 3398; x_wconf 88' lang='lat' dir='ltr'><strong>Et</strong></span> <span class='ocrx_word' id='word_1_717' title='bbox 3054 3361 3226 3400; x_wconf 75' lang='lat' dir='ltr'><strong>omnes</strong></span> <span class='ocrx_word' id='word_1_718' title='bbox 3266 3361 3355 3418; x_wconf 81' lang='lat' dir='ltr'><strong>per</strong></span> <span class='ocrx_word' id='word_1_719' title='bbox 3390 3363 3532 3404; x_wconf 79' lang='lat' dir='ltr'><strong>mare</strong></span> 
     </span>
    </p>
   </div>
   <div class='ocr_carea' id='block_1_93' title="bbox 1935 3432 3527 3508">
    <p class='ocr_par' dir='ltr' id='par_1_93' title="bbox 1935 3432 3527 3508">
     <span class='ocr_line' id='line_1_93' title="bbox 1935 3432 3527 3508; baseline 0.006 -22"><span class='ocrx_word' id='word_1_720' title='bbox 1935 3432 2242 3487; x_wconf 84' lang='lat' dir='ltr'><strong>transierunt</strong></span> <span class='ocrx_word' id='word_1_721' title='bbox 2270 3475 2285 3500; x_wconf 95' lang='lat'><strong>,</strong></span> <span class='ocrx_word' id='word_1_722' title='bbox 2326 3441 2373 3486; x_wconf 85' lang='lat' dir='ltr'><strong>et</strong></span> <span class='ocrx_word' id='word_1_723' title='bbox 2401 3448 2572 3489; x_wconf 79' lang='lat' dir='ltr'><strong>omnes</strong></span> <span class='ocrx_word' id='word_1_724' title='bbox 2597 3436 2651 3490; x_wconf 86' lang='lat' dir='ltr'><strong>in</strong></span> <span class='ocrx_word' id='word_1_725' title='bbox 2681 3434 2858 3508; x_wconf 80' lang='lat' dir='ltr'><strong>Moyse</strong></span> <span class='ocrx_word' id='word_1_726' title='bbox 2884 3436 3126 3508; x_wconf 73' lang='lat' dir='ltr'><strong>baptizati</strong></span> <span class='ocrx_word' id='word_1_727' title='bbox 3153 3450 3302 3506; x_wconf 84' lang='lat' dir='ltr'><strong>sunt,</strong></span> <span class='ocrx_word' id='word_1_728' title='bbox 3336 3448 3386 3495; x_wconf 81' lang='lat' dir='ltr'><strong>et</strong></span> <span class='ocrx_word' id='word_1_729' title='bbox 3409 3457 3527 3495; x_wconf 87' lang='lat' dir='ltr'><strong>om-</strong></span> 
     </span>
    </p>
   </div>
   <div class='ocr_carea' id='block_1_94' title="bbox 1934 3525 3532 3598">
    <p class='ocr_par' dir='ltr' id='par_1_94' title="bbox 1934 3525 3532 3598">
     <span class='ocr_line' id='line_1_94' title="bbox 1934 3525 3532 3598; baseline 0.009 -22"><span class='ocrx_word' id='word_1_730' title='bbox 1934 3539 2019 3577; x_wconf 84' lang='lat' dir='ltr'><strong>nes</strong></span> <span class='ocrx_word' id='word_1_731' title='bbox 2033 3525 2261 3578; x_wconf 86' lang='lat' dir='ltr'><strong>eumdem</strong></span> <span class='ocrx_word' id='word_1_732' title='bbox 2280 3526 2444 3580; x_wconf 82' lang='lat' dir='ltr'><strong>cibum</strong></span> <span class='ocrx_word' id='word_1_733' title='bbox 2457 3527 2774 3598; x_wconf 83' lang='lat' dir='ltr'><strong>spiritualem</strong></span> <span class='ocrx_word' id='word_1_734' title='bbox 2786 3530 3231 3585; x_wconf 83' lang='lat' dir='ltr'><strong>manducaverunt.</strong></span> <span class='ocrx_word' id='word_1_735' title='bbox 3245 3533 3431 3588; x_wconf 86' lang='lat' dir='ltr'><strong>Datum</strong></span> <span class='ocrx_word' id='word_1_736' title='bbox 3445 3541 3532 3590; x_wconf 87' lang='lat' dir='ltr'><strong>est</strong></span> 
     </span>
    </p>
   </div>
   <div class='ocr_carea' id='block_1_95' title="bbox 1931 3617 3526 3697">
    <p class='ocr_par' dir='ltr' id='par_1_95' title="bbox 1931 3617 3526 3697">
     <span class='ocr_line' id='line_1_95' title="bbox 1931 3617 3526 3697; baseline 0.008 -28"><span class='ocrx_word' id='word_1_737' title='bbox 1931 3617 2073 3670; x_wconf 89' lang='lat' dir='ltr'><strong>enim</strong></span> <span class='ocrx_word' id='word_1_738' title='bbox 2108 3617 2212 3672; x_wconf 89' lang='lat' dir='ltr'><strong>illis</strong></span> <span class='ocrx_word' id='word_1_739' title='bbox 2243 3633 2436 3672; x_wconf 90' lang='lat' dir='ltr'><strong>manna</strong></span> <span class='ocrx_word' id='word_1_740' title='bbox 2476 3620 2530 3672; x_wconf 89' lang='lat' dir='ltr'><strong>in</strong></span> <span class='ocrx_word' id='word_1_741' title='bbox 2553 3619 2767 3676; x_wconf 86' lang='lat' dir='ltr'><strong>deserto</strong></span> <span class='ocrx_word' id='word_1_742' title='bbox 2811 3620 3004 3694; x_wconf 71' lang='grc' dir='ltr'><strong>(Ετοοά.</strong></span> <span class='ocrx_word' id='word_1_743' title='bbox 3041 3639 3162 3691; x_wconf 77' lang='lat' dir='ltr'><strong>xw,</strong></span> <span class='ocrx_word' id='word_1_744' title='bbox 3214 3623 3302 3697; x_wconf 79' lang='grc'><strong>15)</strong></span> <span class='ocrx_word' id='word_1_745' title='bbox 3328 3667 3344 3694; x_wconf 87' lang='grc'><em>,</em></span> <span class='ocrx_word' id='word_1_746' title='bbox 3387 3626 3526 3682; x_wconf 91' lang='lat' dir='ltr'><strong>sicut</strong></span> 
     </span>
    </p>
   </div>
   <div class='ocr_carea' id='block_1_96' title="bbox 1935 3697 3525 3784">
    <p class='ocr_par' dir='ltr' id='par_1_96' title="bbox 1935 3697 3525 3784">
     <span class='ocr_line' id='line_1_96' title="bbox 1935 3697 3525 3784; baseline 0.008 -22"><span class='ocrx_word' id='word_1_747' title='bbox 1935 3708 2090 3764; x_wconf 88' lang='lat' dir='ltr'><strong>nobis</strong></span> <span class='ocrx_word' id='word_1_748' title='bbox 2135 3709 2292 3764; x_wconf 83' lang='lat' dir='ltr'><strong>datur</strong></span> <span class='ocrx_word' id='word_1_749' title='bbox 2343 3711 2571 3766; x_wconf 88' lang='lat' dir='ltr'><strong>dulcedo</strong></span> <span class='ocrx_word' id='word_1_750' title='bbox 2610 3714 3004 3784; x_wconf 84' lang='lat' dir='ltr'><strong>Scripturarnm</strong></span> <span class='ocrx_word' id='word_1_751' title='bbox 3029 3756 3043 3782; x_wconf 92' lang='lat'><strong>,</strong></span> <span class='ocrx_word' id='word_1_752' title='bbox 3090 3725 3147 3771; x_wconf 91' lang='lat' dir='ltr'><strong>ut</strong></span> <span class='ocrx_word' id='word_1_753' title='bbox 3190 3717 3443 3775; x_wconf 87' lang='lat' dir='ltr'><strong>duremus</strong></span> <span class='ocrx_word' id='word_1_754' title='bbox 3473 3697 3525 3776; x_wconf 79' lang='lat' dir='ltr'><strong>in</strong></span> 
     </span>
    </p>
   </div>
   <div class='ocr_carea' id='block_1_97' title="bbox 1935 3800 3528 3878">
    <p class='ocr_par' dir='ltr' id='par_1_97' title="bbox 1935 3800 3528 3878">
     <span class='ocr_line' id='line_1_97' title="bbox 1935 3800 3528 3878; baseline 0.009 -24"><span class='ocrx_word' id='word_1_755' title='bbox 1935 3800 2032 3855; x_wconf 85' lang='lat' dir='ltr'><strong>ista</strong></span> <span class='ocrx_word' id='word_1_756' title='bbox 2063 3817 2247 3857; x_wconf 90' lang='lat' dir='ltr'><strong>eremo</strong></span> <span class='ocrx_word' id='word_1_757' title='bbox 2268 3803 2390 3858; x_wconf 74' lang='lat' dir='ltr'><strong>vita:</strong></span> <span class='ocrx_word' id='word_1_758' title='bbox 2426 3804 2692 3860; x_wconf 65' lang='lat' dir='ltr'><strong>humanas.</strong></span> <span class='ocrx_word' id='word_1_759' title='bbox 2725 3806 2792 3860; x_wconf 87' lang='lat' dir='ltr'><strong>Et</strong></span> <span class='ocrx_word' id='word_1_760' title='bbox 2815 3817 3012 3862; x_wconf 89' lang='lat' dir='ltr'><strong>norunt</strong></span> <span class='ocrx_word' id='word_1_761' title='bbox 3041 3810 3199 3878; x_wconf 87' lang='lat' dir='ltr'><strong>quale</strong></span> <span class='ocrx_word' id='word_1_762' title='bbox 3224 3826 3417 3867; x_wconf 89' lang='lat' dir='ltr'><strong>manna</strong></span> <span class='ocrx_word' id='word_1_763' title='bbox 3439 3827 3528 3870; x_wconf 88' lang='lat' dir='ltr'><strong>ac-</strong></span> 
     </span>
    </p>
   </div>
   <div class='ocr_carea' id='block_1_98' title="bbox 1931 3893 3527 3969">
    <p class='ocr_par' dir='ltr' id='par_1_98' title="bbox 1931 3893 3527 3969">
     <span class='ocr_line' id='line_1_98' title="bbox 1931 3893 3527 3969; baseline 0.007 -22"><span class='ocrx_word' id='word_1_764' title='bbox 1931 3893 2134 3964; x_wconf 84' lang='lat' dir='ltr'><strong>cipiunt</strong></span> <span class='ocrx_word' id='word_1_765' title='bbox 2158 3893 2466 3964; x_wconf 86' lang='lat' dir='ltr'><strong>Christiani,</strong></span> <span class='ocrx_word' id='word_1_766' title='bbox 2494 3895 2685 3966; x_wconf 88' lang='lat' dir='ltr'><strong>quibus</strong></span> <span class='ocrx_word' id='word_1_767' title='bbox 2709 3898 2842 3953; x_wconf 82' lang='lat' dir='ltr'><strong>dixit</strong></span> <span class='ocrx_word' id='word_1_768' title='bbox 2875 3900 2988 3969; x_wconf 90' lang='lat' dir='ltr'><strong>ipse</strong></span> <span class='ocrx_word' id='word_1_769' title='bbox 3013 3900 3279 3968; x_wconf 84' lang='lat' dir='ltr'><strong>Psalmus,</strong></span> <span class='ocrx_word' id='word_1_770' title='bbox 3315 3902 3527 3959; x_wconf 73' lang='lat' dir='ltr'><strong>Gustata</strong></span> 
     </span>
    </p>
   </div>
   <div class='ocr_carea' id='block_1_99' title="bbox 1929 3986 3525 4067">
    <p class='ocr_par' dir='ltr' id='par_1_99' title="bbox 1929 3986 3525 4067">
     <span class='ocr_line' id='line_1_99' title="bbox 1929 3986 3525 4067; baseline 0.006 -29"><span class='ocrx_word' id='word_1_771' title='bbox 1929 3992 1978 4038; x_wconf 72' lang='lat' dir='ltr'><strong>et</strong></span> <span class='ocrx_word' id='word_1_772' title='bbox 2001 3986 2187 4053; x_wconf 77' lang='lat' dir='ltr'><strong>videte,</strong></span> <span class='ocrx_word' id='word_1_773' title='bbox 2217 4001 2369 4057; x_wconf 77' lang='lat' dir='ltr'><strong>quam</strong></span> <span class='ocrx_word' id='word_1_774' title='bbox 2396 3990 2566 4042; x_wconf 72' lang='lat' dir='ltr'><strong>suavis</strong></span> <span class='ocrx_word' id='word_1_775' title='bbox 2591 3997 2666 4042; x_wconf 82' lang='lat' dir='ltr'><strong>est</strong></span> <span class='ocrx_word' id='word_1_776' title='bbox 2707 3986 2958 4045; x_wconf 79' lang='lat' dir='ltr'><strong>Dominus</strong></span> <span class='ocrx_word' id='word_1_777' title='bbox 2999 3990 3169 4062; x_wconf 79' lang='lat' dir='ltr'><strong>(Psat.</strong></span> <span class='ocrx_word' id='word_1_778' title='bbox 3207 4006 3380 4048; x_wconf 69' lang='grc' dir='ltr'><strong>χχχιιι</strong></span> <span class='ocrx_word' id='word_1_779' title='bbox 3401 4035 3415 4060; x_wconf 88' lang='grc'><em>,</em></span> <span class='ocrx_word' id='word_1_780' title='bbox 3443 3994 3525 4067; x_wconf 88' lang='lat'><strong>9).</strong></span> 
     </span>
    </p>
   </div>
   <div class='ocr_carea' id='block_1_100' title="bbox 1926 4077 3526 4155">
    <p class='ocr_par' dir='ltr' id='par_1_100' title="bbox 1926 4077 3526 4155">
     <span class='ocr_line' id='line_1_100' title="bbox 1926 4077 3526 4155; baseline 0.006 -23"><span class='ocrx_word' id='word_1_781' title='bbox 1926 4077 2003 4132; x_wconf 76' lang='grc' dir='ltr'><strong>τΕε</strong></span> <span class='ocrx_word' id='word_1_782' title='bbox 2027 4093 2214 4146; x_wconf 88' lang='lat' dir='ltr'><strong>omnes,</strong></span> <span class='ocrx_word' id='word_1_783' title='bbox 2257 4081 2459 4150; x_wconf 85' lang='lat' dir='ltr'><strong>inquit,</strong></span> <span class='ocrx_word' id='word_1_784' title='bbox 2494 4081 2726 4136; x_wconf 83' lang='lat' dir='ltr'><strong>eumdem</strong></span> <span class='ocrx_word' id='word_1_785' title='bbox 2760 4082 2927 4137; x_wconf 87' lang='lat' dir='ltr'><strong>cibum</strong></span> <span class='ocrx_word' id='word_1_786' title='bbox 2964 4086 3279 4155; x_wconf 81' lang='lat' dir='ltr'><strong>spirituatem</strong></span> <span class='ocrx_word' id='word_1_787' title='bbox 3310 4087 3526 4142; x_wconf 78' lang='lat' dir='ltr'><strong>mandu-</strong></span> 
     </span>
    </p>
   </div>
   <div class='ocr_carea' id='block_1_101' title="bbox 1933 4172 3526 4247">
    <p class='ocr_par' dir='ltr' id='par_1_101' title="bbox 1933 4172 3526 4247">
     <span class='ocr_line' id='line_1_101' title="bbox 1933 4172 3526 4247; baseline 0.006 -23"><span class='ocrx_word' id='word_1_788' title='bbox 1933 4181 2186 4226; x_wconf 81' lang='lat' dir='ltr'><strong>caucrunt.</strong></span> <span class='ocrx_word' id='word_1_789' title='bbox 2229 4172 2368 4240; x_wconf 82' lang='lat' dir='ltr'><strong>Quid</strong></span> <span class='ocrx_word' id='word_1_790' title='bbox 2397 4179 2500 4240; x_wconf 81' lang='lat' dir='ltr'><strong>est,</strong></span> <span class='ocrx_word' id='word_1_791' title='bbox 2521 4174 2798 4228; x_wconf 82' lang='lat' dir='ltr'><strong>eumdem?</strong></span> <span class='ocrx_word' id='word_1_792' title='bbox 2823 4175 2968 4230; x_wconf 83' lang='lat' dir='ltr'><strong>idem</strong></span> <span class='ocrx_word' id='word_1_793' title='bbox 3001 4176 3410 4247; x_wconf 88' lang='lat' dir='ltr'><strong>signiﬁcantem.</strong></span> <span class='ocrx_word' id='word_1_794' title='bbox 3454 4177 3526 4234; x_wconf 84' lang='lat' dir='ltr'><strong>Et</strong></span> 
     </span>
    </p>
   </div>
   <div class='ocr_carea' id='block_1_102' title="bbox 1933 4264 3527 4336">
    <p class='ocr_par' dir='ltr' id='par_1_102' title="bbox 1933 4264 3527 4336">
     <span class='ocr_line' id='line_1_102' title="bbox 1933 4264 3527 4336; baseline 0.008 -21"><span class='ocrx_word' id='word_1_795' title='bbox 1933 4275 2105 4317; x_wconf 79' lang='lat' dir='ltr'><strong>omnes</strong></span> <span class='ocrx_word' id='word_1_796' title='bbox 2129 4264 2362 4317; x_wconf 67' lang='lat' dir='ltr'><strong>currulem</strong></span> <span class='ocrx_word' id='word_1_797' title='bbox 2395 4275 2570 4336; x_wconf 84' lang='lat' dir='ltr'><strong>potum</strong></span> <span class='ocrx_word' id='word_1_798' title='bbox 2603 4265 2918 4336; x_wconf 81' lang='lat' dir='ltr'><strong>spirituatem</strong></span> <span class='ocrx_word' id='word_1_799' title='bbox 2945 4265 3190 4324; x_wconf 74' lang='lat' dir='ltr'><strong>biberunt.</strong></span> <span class='ocrx_word' id='word_1_800' title='bbox 3222 4267 3288 4324; x_wconf 86' lang='lat' dir='ltr'><strong>Et</strong></span> <span class='ocrx_word' id='word_1_801' title='bbox 3311 4271 3527 4330; x_wconf 78' lang='lat' dir='ltr'><strong>attende</strong></span> 
     </span>
    </p>
   </div>
   <div class='ocr_carea' id='block_1_103' title="bbox 1933 4354 3527 4428">
    <p class='ocr_par' dir='ltr' id='par_1_103' title="bbox 1933 4354 3527 4428">
     <span class='ocr_line' id='line_1_103' title="bbox 1933 4354 3527 4428; baseline 0.006 -20"><span class='ocrx_word' id='word_1_802' title='bbox 1933 4354 2203 4426; x_wconf 83' lang='lat' dir='ltr'><strong>quomodo</strong></span> <span class='ocrx_word' id='word_1_803' title='bbox 2227 4368 2388 4416; x_wconf 87' lang='lat' dir='ltr'><strong>unam</strong></span> <span class='ocrx_word' id='word_1_804' title='bbox 2413 4371 2530 4412; x_wconf 90' lang='lat' dir='ltr'><strong>rem</strong></span> <span class='ocrx_word' id='word_1_805' title='bbox 2549 4358 2813 4428; x_wconf 82' lang='lat' dir='ltr'><strong>exposuit,</strong></span> <span class='ocrx_word' id='word_1_806' title='bbox 2837 4369 2892 4414; x_wconf 89' lang='lat' dir='ltr'><strong>et</strong></span> <span class='ocrx_word' id='word_1_807' title='bbox 2920 4368 3111 4415; x_wconf 68' lang='lat' dir='ltr'><strong>castera</strong></span> <span class='ocrx_word' id='word_1_808' title='bbox 3139 4363 3341 4417; x_wconf 84' lang='lat' dir='ltr'><strong>tacuit:</strong></span> <span class='ocrx_word' id='word_1_809' title='bbox 3371 4361 3527 4418; x_wconf 74' lang='lat' dir='ltr'><strong>Biba-</strong></span> 
     </span>
    </p>
   </div>
   <div class='ocr_carea' id='block_1_104' title="bbox 1934 4449 3529 4527">
    <p class='ocr_par' dir='ltr' id='par_1_104' title="bbox 1934 4449 3529 4527">
     <span class='ocr_line' id='line_1_104' title="bbox 1934 4449 3529 4527; baseline 0.006 -24"><span class='ocrx_word' id='word_1_810' title='bbox 1934 4449 2051 4504; x_wconf 78' lang='lat' dir='ltr'><strong>bant</strong></span> <span class='ocrx_word' id='word_1_811' title='bbox 2081 4453 2215 4506; x_wconf 81' lang='lat' dir='ltr'><strong>enim</strong></span> <span class='ocrx_word' id='word_1_812' title='bbox 2249 4451 2314 4505; x_wconf 85' lang='lat' dir='ltr'><strong>de</strong></span> <span class='ocrx_word' id='word_1_813' title='bbox 2332 4452 2592 4522; x_wconf 85' lang='lat' dir='ltr'><strong>spirituali</strong></span> <span class='ocrx_word' id='word_1_814' title='bbox 2615 4461 2847 4524; x_wconf 78' lang='lat' dir='ltr'><strong>sequente</strong></span> <span class='ocrx_word' id='word_1_815' title='bbox 2867 4463 3047 4524; x_wconf 79' lang='lat' dir='ltr'><strong>petra;</strong></span> <span class='ocrx_word' id='word_1_816' title='bbox 3073 4464 3214 4527; x_wconf 79' lang='lat' dir='ltr'><strong>petra</strong></span> <span class='ocrx_word' id='word_1_817' title='bbox 3233 4465 3401 4512; x_wconf 83' lang='lat' dir='ltr'><strong>autem</strong></span> <span class='ocrx_word' id='word_1_818' title='bbox 3419 4465 3529 4514; x_wconf 78' lang='lat' dir='ltr'><strong>erat</strong></span> 
     </span>
    </p>
   </div>
   <div class='ocr_carea' id='block_1_105' title="bbox 1922 4545 3522 4624">
    <p class='ocr_par' dir='ltr' id='par_1_105' title="bbox 1922 4545 3522 4624">
     <span class='ocr_line' id='line_1_105' title="bbox 1922 4545 3522 4624; baseline 0.004 -24"><span class='ocrx_word' id='word_1_819' title='bbox 1922 4545 2182 4601; x_wconf 74' lang='lat' dir='ltr'><strong>Christus.</strong></span> <span class='ocrx_word' id='word_1_820' title='bbox 2222 4545 2345 4601; x_wconf 79' lang='lat' dir='ltr'><strong>Htec</strong></span> <span class='ocrx_word' id='word_1_821' title='bbox 2371 4556 2540 4601; x_wconf 77' lang='lat' dir='ltr'><strong>autem</strong></span> <span class='ocrx_word' id='word_1_822' title='bbox 2563 4548 2742 4619; x_wconf 69' lang='lat' dir='ltr'><strong>ﬁgurae</strong></span> <span class='ocrx_word' id='word_1_823' title='bbox 2767 4557 2953 4603; x_wconf 66' lang='lat' dir='ltr'><strong>nostris</strong></span> <span class='ocrx_word' id='word_1_824' title='bbox 2972 4552 3177 4621; x_wconf 70' lang='lat' dir='ltr'><strong>[uenat</strong></span> <span class='ocrx_word' id='word_1_825' title='bbox 3199 4549 3256 4624; x_wconf 91' lang='grc' dir='ltr'><strong>(Ι</strong></span> <span class='ocrx_word' id='word_1_826' title='bbox 3295 4549 3414 4607; x_wconf 83' lang='lat' dir='ltr'><strong>Cor.</strong></span> <span class='ocrx_word' id='word_1_827' title='bbox 3445 4567 3482 4608; x_wconf 73' lang='grc' dir='ltr'>ι</span> <span class='ocrx_word' id='word_1_828' title='bbox 3505 4593 3522 4622; x_wconf 85' lang='grc'><strong><em>,</em></strong></span> 
     </span>
    </p>
   </div>
   <div class='ocr_carea' id='block_1_106' title="bbox 1933 4637 3521 4711">
    <p class='ocr_par' dir='ltr' id='par_1_106' title="bbox 1933 4637 3521 4711">
     <span class='ocr_line' id='line_1_106' title="bbox 1933 4637 3521 4711; baseline 0.003 -17"><span class='ocrx_word' id='word_1_829' title='bbox 1933 4639 2073 4709; x_wconf 66' lang='grc' dir='ltr'><strong>ἱεϐ).</strong></span> <span class='ocrx_word' id='word_1_830' title='bbox 2107 4637 2217 4694; x_wconf 85' lang='lat' dir='ltr'><strong>illis</strong></span> <span class='ocrx_word' id='word_1_831' title='bbox 2236 4647 2364 4694; x_wconf 88' lang='lat' dir='ltr'><strong>sunt</strong></span> <span class='ocrx_word' id='word_1_832' title='bbox 2397 4640 2668 4707; x_wconf 62' lang='lat' dir='ltr'><strong>exhibitas,</strong></span> <span class='ocrx_word' id='word_1_833' title='bbox 2701 4641 2795 4696; x_wconf 89' lang='lat' dir='ltr'><strong>sed</strong></span> <span class='ocrx_word' id='word_1_834' title='bbox 2821 4640 3007 4711; x_wconf 61' lang='lat' dir='ltr'><strong>ﬁguras</strong></span> <span class='ocrx_word' id='word_1_835' title='bbox 3032 4650 3228 4698; x_wconf 75' lang='lat' dir='ltr'><strong>nostra:</strong></span> <span class='ocrx_word' id='word_1_836' title='bbox 3268 4641 3521 4699; x_wconf 81' lang='lat' dir='ltr'><strong>fuerunt:</strong></span> 
     </span>
    </p>
   </div>
   <div class='ocr_carea' id='block_1_107' title="bbox 1925 4732 3524 4806">
    <p class='ocr_par' dir='ltr' id='par_1_107' title="bbox 1925 4732 3524 4806">
     <span class='ocr_line' id='line_1_107' title="bbox 1925 4732 3524 4806; baseline 0.004 -21"><span class='ocrx_word' id='word_1_837' title='bbox 1925 4732 2055 4802; x_wconf 77' lang='lat' dir='ltr'><strong>quia</strong></span> <span class='ocrx_word' id='word_1_838' title='bbox 2089 4732 2190 4786; x_wconf 87' lang='lat' dir='ltr'><strong>illis</strong></span> <span class='ocrx_word' id='word_1_839' title='bbox 2217 4733 2567 4802; x_wconf 83' lang='lat' dir='ltr'><strong>corporaliter</strong></span> <span class='ocrx_word' id='word_1_840' title='bbox 2595 4732 2987 4790; x_wconf 81' lang='lat' dir='ltr'><strong>exhibebantur</strong></span> <span class='ocrx_word' id='word_1_841' title='bbox 3004 4775 3019 4800; x_wconf 93' lang='lat'><strong>,</strong></span> <span class='ocrx_word' id='word_1_842' title='bbox 3049 4735 3204 4792; x_wconf 86' lang='lat' dir='ltr'><strong>nobis</strong></span> <span class='ocrx_word' id='word_1_843' title='bbox 3231 4737 3524 4806; x_wconf 80' lang='lat' dir='ltr'><strong>spirituali-</strong></span> 
     </span>
    </p>
   </div>
   <div class='ocr_carea' id='block_1_108' title="bbox 1923 4823 3523 4901">
    <p class='ocr_par' dir='ltr' id='par_1_108' title="bbox 1923 4823 3523 4901">
     <span class='ocr_line' id='line_1_108' title="bbox 1923 4823 3523 4901; baseline 0.006 -23"><span class='ocrx_word' id='word_1_844' title='bbox 1923 4829 2016 4878; x_wconf 86' lang='lat' dir='ltr'><strong>-ter</strong></span> <span class='ocrx_word' id='word_1_845' title='bbox 2053 4823 2508 4895; x_wconf 75' lang='lat' dir='ltr'><strong>signiﬁcabantur.</strong></span> <span class='ocrx_word' id='word_1_846' title='bbox 2552 4826 2694 4897; x_wconf 81' lang='lat' dir='ltr'><strong>Ergo</strong></span> <span class='ocrx_word' id='word_1_847' title='bbox 2732 4826 2806 4881; x_wconf 88' lang='lat' dir='ltr'><strong>illi</strong></span> <span class='ocrx_word' id='word_1_848' title='bbox 2837 4829 2926 4898; x_wconf 86' lang='lat' dir='ltr'><strong>qui</strong></span> <span class='ocrx_word' id='word_1_849' title='bbox 2965 4830 3320 4901; x_wconf 84' lang='lat' dir='ltr'><strong>corporaliter</strong></span> <span class='ocrx_word' id='word_1_850' title='bbox 3347 4843 3409 4886; x_wconf 84' lang='lat' dir='ltr'><strong>ea</strong></span> <span class='ocrx_word' id='word_1_851' title='bbox 3439 4839 3523 4888; x_wconf 79' lang='grc' dir='ltr'><strong>ιο-</strong></span> 
     </span>
    </p>
   </div>
   <div class='ocr_carea' id='block_1_109' title="bbox 1933 4916 3313 4990">
    <p class='ocr_par' dir='ltr' id='par_1_109' title="bbox 1933 4916 3313 4990">
     <span class='ocr_line' id='line_1_109' title="bbox 1933 4916 3313 4990; baseline 0.003 -20"><span class='ocrx_word' id='word_1_852' title='bbox 1933 4925 2197 4982; x_wconf 76' lang='lat' dir='ltr'><strong>nuerunt,</strong></span> <span class='ocrx_word' id='word_1_853' title='bbox 2226 4916 2290 4970; x_wconf 87' lang='lat' dir='ltr'><strong>ad</strong></span> <span class='ocrx_word' id='word_1_854' title='bbox 2318 4917 2480 4972; x_wconf 78' lang='lat' dir='ltr'><strong>Vetus</strong></span> <span class='ocrx_word' id='word_1_855' title='bbox 2503 4917 2902 4974; x_wconf 77' lang='lat' dir='ltr'><strong>Testamentum</strong></span> <span class='ocrx_word' id='word_1_856' title='bbox 2927 4922 3313 4990; x_wconf 87' lang='lat' dir='ltr'><strong>pertinuerunt.</strong></span> 
     </span>
    </p>
   </div>
   <div class='ocr_carea' id='block_1_110' title="bbox 2003 5006 3523 5068">
    <p class='ocr_par' dir='ltr' id='par_1_110' title="bbox 2003 5006 3523 5068">
     <span class='ocr_line' id='line_1_110' title="bbox 2003 5006 3523 5068; baseline 0.005 -7"><span class='ocrx_word' id='word_1_857' title='bbox 2003 5006 2228 5062; x_wconf 81' lang='lat' dir='ltr'><strong>CAPUT</strong></span> <span class='ocrx_word' id='word_1_858' title='bbox 2255 5006 2484 5062; x_wconf 75' lang='lat' dir='ltr'><strong>XL—H</strong></span> <span class='ocrx_word' id='word_1_859' title='bbox 2498 5045 2512 5060; x_wconf 93' lang='lat'><strong>.</strong></span> <span class='ocrx_word' id='word_1_860' title='bbox 2531 5006 2681 5062; x_wconf 84' lang='lat' dir='ltr'><strong>Isaac</strong></span> <span class='ocrx_word' id='word_1_861' title='bbox 2694 5019 2742 5064; x_wconf 80' lang='lat' dir='ltr'><strong>et</strong></span> <span class='ocrx_word' id='word_1_862' title='bbox 2758 5010 2981 5065; x_wconf 73' lang='lat' dir='ltr'><strong>Rebecca</strong></span> <span class='ocrx_word' id='word_1_863' title='bbox 2992 5012 3044 5065; x_wconf 85' lang='lat' dir='ltr'><strong>in</strong></span> <span class='ocrx_word' id='word_1_864' title='bbox 3068 5011 3408 5067; x_wconf 78' lang='lat' dir='ltr'><strong>benedictione</strong></span> <span class='ocrx_word' id='word_1_865' title='bbox 3421 5013 3523 5068; x_wconf 82' lang='lat' dir='ltr'><strong>Ja-</strong></span> 
     </span>
    </p>
   </div>
   <div class='ocr_carea' id='block_1_111' title="bbox 1925 5097 3524 5175">
    <p class='ocr_par' dir='ltr' id='par_1_111' title="bbox 1925 5097 3524 5175">
     <span class='ocr_line' id='line_1_111' title="bbox 1925 5097 3524 5175; baseline 0.008 -24"><span class='ocrx_word' id='word_1_866' title='bbox 1925 5097 2044 5164; x_wconf 72' lang='lat' dir='ltr'><strong>sob,</strong></span> <span class='ocrx_word' id='word_1_867' title='bbox 2067 5098 2189 5168; x_wconf 73' lang='lat' dir='ltr'><strong>quid</strong></span> <span class='ocrx_word' id='word_1_868' title='bbox 2217 5099 2524 5170; x_wconf 71' lang='lat' dir='ltr'><strong>ﬁgurabant.</strong></span> <span class='ocrx_word' id='word_1_869' title='bbox 2545 5100 2625 5154; x_wconf 81' lang='lat' dir='ltr'><strong>Ad</strong></span> <span class='ocrx_word' id='word_1_870' title='bbox 2641 5099 2924 5157; x_wconf 76' lang='lat' dir='ltr'><strong>Ecclesium</strong></span> <span class='ocrx_word' id='word_1_871' title='bbox 2945 5103 3190 5175; x_wconf 82' lang='lat' dir='ltr'><strong>pertinent</strong></span> <span class='ocrx_word' id='word_1_872' title='bbox 3211 5121 3382 5160; x_wconf 81' lang='lat' dir='ltr'><strong>omnes</strong></span> <span class='ocrx_word' id='word_1_873' title='bbox 3401 5121 3524 5162; x_wconf 77' lang='lat' dir='ltr'><strong>san-</strong></span> 
     </span>
    </p>
   </div>
   <div class='ocr_carea' id='block_1_112' title="bbox 1931 5190 3520 5267">
    <p class='ocr_par' dir='ltr' id='par_1_112' title="bbox 1931 5190 3520 5267">
     <span class='ocr_line' id='line_1_112' title="bbox 1931 5190 3520 5267; baseline 0.006 -21"><span class='ocrx_word' id='word_1_874' title='bbox 1931 5193 2017 5246; x_wconf 81' lang='lat' dir='ltr'><strong>cti.</strong></span> <span class='ocrx_word' id='word_1_875' title='bbox 2047 5190 2164 5246; x_wconf 82' lang='lat' dir='ltr'><strong>Jam</strong></span> <span class='ocrx_word' id='word_1_876' title='bbox 2194 5192 2370 5248; x_wconf 78' lang='lat' dir='ltr'><strong>videte</strong></span> <span class='ocrx_word' id='word_1_877' title='bbox 2397 5194 2523 5263; x_wconf 87' lang='lat' dir='ltr'><strong>quia</strong></span> <span class='ocrx_word' id='word_1_878' title='bbox 2555 5203 2812 5250; x_wconf 79' lang='lat' dir='ltr'><strong>senuerat</strong></span> <span class='ocrx_word' id='word_1_879' title='bbox 2846 5194 3012 5251; x_wconf 85' lang='lat' dir='ltr'><strong>Isaac.</strong></span> <span class='ocrx_word' id='word_1_880' title='bbox 3045 5197 3209 5267; x_wconf 84' lang='lat' dir='ltr'><strong>Cujus</strong></span> <span class='ocrx_word' id='word_1_881' title='bbox 3237 5213 3520 5267; x_wconf 84' lang='lat' dir='ltr'><strong>personam</strong></span> 
     </span>
    </p>
   </div>
   <div class='ocr_carea' id='block_1_113' title="bbox 1925 5283 3522 5354">
    <p class='ocr_par' dir='ltr' id='par_1_113' title="bbox 1925 5283 3522 5354">
     <span class='ocr_line' id='line_1_113' title="bbox 1925 5283 3522 5354; baseline 0.005 -16"><span class='ocrx_word' id='word_1_882' title='bbox 1925 5284 2097 5354; x_wconf 82' lang='lat' dir='ltr'><strong>gessit</strong></span> <span class='ocrx_word' id='word_1_883' title='bbox 2140 5283 2307 5348; x_wconf 84' lang='lat' dir='ltr'><strong>lsaac,</strong></span> <span class='ocrx_word' id='word_1_884' title='bbox 2337 5284 2550 5354; x_wconf 85' lang='lat' dir='ltr'><strong>quando</strong></span> <span class='ocrx_word' id='word_1_885' title='bbox 2593 5287 2759 5341; x_wconf 79' lang='lat' dir='ltr'><strong>voluit</strong></span> <span class='ocrx_word' id='word_1_886' title='bbox 2804 5287 3122 5344; x_wconf 82' lang='lat' dir='ltr'><strong>benedicere</strong></span> <span class='ocrx_word' id='word_1_887' title='bbox 3169 5289 3336 5344; x_wconf 73' lang='lat' dir='ltr'><strong>litium</strong></span> <span class='ocrx_word' id='word_1_888' title='bbox 3364 5305 3522 5346; x_wconf 87' lang='lat' dir='ltr'><strong>suum</strong></span> 
     </span>
    </p>
   </div>
   <div class='ocr_carea' id='block_1_114' title="bbox 1932 5376 3521 5455">
    <p class='ocr_par' dir='ltr' id='par_1_114' title="bbox 1932 5376 3521 5455">
     <span class='ocr_line' id='line_1_114' title="bbox 1932 5376 3521 5455; baseline 0.006 -23"><span class='ocrx_word' id='word_1_889' title='bbox 1932 5383 2186 5447; x_wconf 69' lang='lat' dir='ltr'><strong>majorem</strong></span> <span class='ocrx_word' id='word_1_890' title='bbox 2211 5376 2362 5448; x_wconf 82' lang='lat' dir='ltr'><strong>(Gen.</strong></span> <span class='ocrx_word' id='word_1_891' title='bbox 2395 5394 2562 5444; x_wconf 75' lang='lat' dir='ltr'><strong>xxvu,</strong></span> <span class='ocrx_word' id='word_1_892' title='bbox 2587 5379 2816 5451; x_wconf 75' lang='lat' dir='ltr'><strong>1)?Jam</strong></span> <span class='ocrx_word' id='word_1_893' title='bbox 2841 5391 3090 5438; x_wconf 77' lang='lat' dir='ltr'><strong>senuerat</strong></span> <span class='ocrx_word' id='word_1_894' title='bbox 3114 5401 3126 5437; x_wconf 92' lang='lat'><strong>:</strong></span> <span class='ocrx_word' id='word_1_895' title='bbox 3147 5383 3235 5439; x_wconf 91' lang='lat' dir='ltr'><strong>ubi</strong></span> <span class='ocrx_word' id='word_1_896' title='bbox 3249 5393 3521 5455; x_wconf 80' lang='lat' dir='ltr'><strong>senectus,</strong></span> 
     </span>
    </p>
   </div>
   <div class='ocr_carea' id='block_1_115' title="bbox 1931 5473 3524 5548">
    <p class='ocr_par' dir='ltr' id='par_1_115' title="bbox 1931 5473 3524 5548">
     <span class='ocr_line' id='line_1_115' title="bbox 1931 5473 3524 5548; baseline 0.004 -21"><span class='ocrx_word' id='word_1_897' title='bbox 1931 5480 2199 5535; x_wconf 78' lang='lat' dir='ltr'><strong>vetustas;</strong></span> <span class='ocrx_word' id='word_1_898' title='bbox 2231 5485 2324 5538; x_wconf 82' lang='lat' dir='ltr'><strong>per</strong></span> <span class='ocrx_word' id='word_1_899' title='bbox 2347 5483 2674 5528; x_wconf 83' lang='lat' dir='ltr'><strong>senectutem</strong></span> <span class='ocrx_word' id='word_1_900' title='bbox 2700 5473 2941 5546; x_wconf 85' lang='lat' dir='ltr'><strong>intelligo</strong></span> <span class='ocrx_word' id='word_1_901' title='bbox 2968 5484 3318 5541; x_wconf 79' lang='lat' dir='ltr'><strong>vetustatem;</strong></span> <span class='ocrx_word' id='word_1_902' title='bbox 3347 5486 3402 5532; x_wconf 81' lang='lat' dir='ltr'><strong>et</strong></span> <span class='ocrx_word' id='word_1_903' title='bbox 3427 5491 3524 5548; x_wconf 78' lang='lat' dir='ltr'><strong>per</strong></span> 
     </span>
    </p>
   </div>
   <div class='ocr_carea' id='block_1_116' title="bbox 1931 5565 3530 5640">
    <p class='ocr_par' dir='ltr' id='par_1_116' title="bbox 1931 5565 3530 5640">
     <span class='ocr_line' id='line_1_116' title="bbox 1931 5565 3530 5640; baseline 0.004 -22"><span class='ocrx_word' id='word_1_904' title='bbox 1931 5573 2253 5619; x_wconf 59' lang='lat' dir='ltr'><strong>vetustatem</strong></span> <span class='ocrx_word' id='word_1_905' title='bbox 2285 5566 2523 5632; x_wconf 60' lang='lat' dir='ltr'><strong>intelligo</strong></span> <span class='ocrx_word' id='word_1_906' title='bbox 2569 5565 2734 5620; x_wconf 72' lang='lat' dir='ltr'><strong>Vetus</strong></span> <span class='ocrx_word' id='word_1_907' title='bbox 2777 5567 3200 5624; x_wconf 83' lang='lat' dir='ltr'><strong>Testamentum.</strong></span> <span class='ocrx_word' id='word_1_908' title='bbox 3231 5569 3343 5624; x_wconf 87' lang='lat' dir='ltr'><strong>Hoc</strong></span> <span class='ocrx_word' id='word_1_909' title='bbox 3390 5576 3530 5640; x_wconf 81' lang='lat' dir='ltr'><strong>ergo&quot;</strong></span> 
     </span>
    </p>
   </div>
   <div class='ocr_carea' id='block_1_117' title="bbox 1934 5658 3521 5737">
    <p class='ocr_par' dir='ltr' id='par_1_117' title="bbox 1934 5658 3521 5737">
     <span class='ocr_line' id='line_1_117' title="bbox 1934 5658 3521 5737; baseline 0.006 -23"><span class='ocrx_word' id='word_1_910' title='bbox 1934 5658 2100 5715; x_wconf 83' lang='lat' dir='ltr'><strong>Vetus</strong></span> <span class='ocrx_word' id='word_1_911' title='bbox 2144 5660 2541 5714; x_wconf 69' lang='lat' dir='ltr'><strong>il‘cswmenunn</strong></span> <span class='ocrx_word' id='word_1_912' title='bbox 2583 5660 2707 5730; x_wconf 86' lang='lat' dir='ltr'><strong>quia</strong></span> <span class='ocrx_word' id='word_1_913' title='bbox 2749 5661 2823 5717; x_wconf 85' lang='lat' dir='ltr'><strong>iiii</strong></span> <span class='ocrx_word' id='word_1_914' title='bbox 2848 5677 2957 5718; x_wconf 82' lang='lat' dir='ltr'><strong>non</strong></span> <span class='ocrx_word' id='word_1_915' title='bbox 3005 5665 3397 5736; x_wconf 83' lang='lat' dir='ltr'><strong>intelligebant,</strong></span> <span class='ocrx_word' id='word_1_916' title='bbox 3423 5679 3521 5737; x_wconf 79' lang='lat' dir='ltr'><strong>qut</strong></span> 
     </span>
    </p>
   </div>
   <div class='ocr_carea' id='block_1_118' title="bbox 2001 5817 2873 5879">
    <p class='ocr_par' dir='ltr' id='par_1_118' title="bbox 2001 5817 2873 5879">
     <span class='ocr_line' id='line_1_118' title="bbox 2001 5817 2873 5879; baseline -0.001 -6"><span class='ocrx_word' id='word_1_917' title='bbox 2001 5827 2017 5857; x_wconf 81' lang='grc' dir='ltr'>ί</span> <span class='ocrx_word' id='word_1_918' title='bbox 2044 5823 2350 5873; x_wconf 83' lang='lat' dir='ltr'><strong>Corbeieusis</strong></span> <span class='ocrx_word' id='word_1_919' title='bbox 2370 5825 2474 5879; x_wconf 69' lang='lat' dir='ltr'><strong>ius,</strong></span> <span class='ocrx_word' id='word_1_920' title='bbox 2497 5817 2589 5871; x_wconf 80' lang='lat' dir='ltr'><strong>ista</strong></span> <span class='ocrx_word' id='word_1_921' title='bbox 2613 5819 2873 5874; x_wconf 64' lang='lat' dir='ltr'><strong>destiterat.</strong></span> 
     </span>
    </p>
   </div>
   <div class='ocr_carea' id='block_1_119' title="bbox 2003 5883 2540 5947">
    <p class='ocr_par' dir='ltr' id='par_1_119' title="bbox 2003 5883 2540 5947">
     <span class='ocr_line' id='line_1_119' title="bbox 2003 5883 2540 5947; baseline -0.006 -9"><span class='ocrx_word' id='word_1_922' title='bbox 2003 5887 2076 5947; x_wconf 83' lang='grc' dir='ltr'><strong>(α)</strong></span> <span class='ocrx_word' id='word_1_923' title='bbox 2100 5894 2258 5944; x_wconf 78' lang='lat' dir='ltr'><strong>Forte,</strong></span> <span class='ocrx_word' id='word_1_924' title='bbox 2277 5883 2540 5936; x_wconf 78' lang='lat' dir='ltr'><strong>desiderat.</strong></span> 
     </span>
    </p>
   </div>
  </div>
