4002 6460
515 413 588 473 39
903 382 906 383 ί
1755 393 1814 450 s.
1855 389 2222 452 aucus'nm
2260 387 2566 449 EPISCOPI
3737 395 3802 452 io

517 530 620 587 sub
647 527 786 585 nube
814 524 1045 592 luerunt,
1075 519 1196 576 ideo
1215 517 1466 574 dicuntur
1486 512 1744 584 caligasse
1769 511 1908 566 oculi
1935 509 2105 566 Isaac.

517 624 700 693 Caligo
744 619 1021 675 oculorum
1064 609 1307 683 corporis
1333 607 1500 670 Isaac,
1529 604 1810 675 caliginem
1849 602 2112 673 signiﬁcat

519 715 776 772 mentium
811 710 1116 768 Iudaeomm
1140 722 1155 759 :
1178 708 1427 759 senectus
1471 699 1640 764 Isaac,
1672 704 1992 753 vetustatem
2037 693 2112 748 si-

518 808 733 879 gniﬁcat
765 802 968 860 Veteris
994 795 1345 856 Testamenti.
1375 791 1514 862 Quid
1538 805 1699 862 ergo,
1732 787 1957 845 fratres?
1989 786 2114 841 Vult

521 910 697 955 tamen
726 893 1044 952 benedicere
1076 898 1132 948 et
1158 887 1420 958 majorem
1449 883 1616 940 ﬁlium
1650 881 1814 936 Esau.
1848 879 2110 935 Minorem

519 992 732 1048 amabat
755 997 947 1054 mater,
974 993 1032 1042 et
1070 981 1332 1054 majorem
1358 987 1534 1050 pater,
1565 985 1814 1047 tanquam
1841 974 2112 1045 primoge-

517 1087 689 1142 nitum
715 1101 729 1138 :
753 1097 878 1138 nam
905 1077 1128 1150 aequalis
1165 1077 1220 1132 in
1255 1073 1442 1129 ambos
1463 1070 1690 1142 justitia,
1719 1067 1816 1124 sed
1841 1074 1957 1123 erat
1981 1065 2112 1120 cha-

516 1179 648 1236 ritas
676 1175 848 1246 major
875 1186 1001 1244 erga
1033 1167 1465 1242 primogenitum.
1497 1163 1622 1218 Vult
1663 1161 1752 1216 ille
1790 1159 2111 1216 benedicere

516 1268 796 1339 majorem,
824 1263 946 1336 quia
963 1261 1129 1319 Vetus
1147 1259 1548 1315 Testamentum
1576 1254 1749 1324 primo
1770 1252 1966 1323 populo
1986 1264 2112 1320 pro-

515 1360 817 1418 mittebat‘.
834 1354 1226 1413 Promissiones
1251 1365 1360 1406 non
1385 1347 1618 1418 loquitur
1647 1345 1749 1400 nisi
1770 1343 1837 1400 ad
1862 1343 2106 1399 Iudaeos:

517 1454 647 1526 ipsis
661 1451 869 1507 videtur
889 1447 1222 1520 promittere,
1253 1442 1384 1514 ipsis
1404 1440 1614 1496 videtur
1634 1437 1815 1492 omnia
1840 1433 2106 1506 polliceri.

518 1547 789 1603 Vocantur
833 1541 902 1596 ab
943 1538 1198 1610 )Egypto,
1242 1535 1538 1590 liberantur
1581 1531 1650 1586 ab
1700 1528 1964 1589 hostibus,
2013 1541 2112 1597 per

516 1654 665 1697 mare
711 1637 996 1702 ducuntur,
1027 1638 1317 1704 pascuntur
1355 1641 1582 1688 manna,
1610 1623 1878 1695 accipiunt
1919 1621 2108 1677 Testa-

516 1742 792 1799 mentum,
837 1729 1106 1800 accipiunt
1132 1725 1360 1797 Legem,
1383 1721 1651 1793 accipiunt
1694 1715 2105 1791 promissiones,

516 1825 786 1897 accipiunt
827 1822 994 1893 ipsam
1039 1828 1237 1876 terram
1283 1812 1737 1887 repromissionis.
1765 1810 1882 1866 Non
1913 1809 2109 1864 mirum

515 1919 637 1991 quia
680 1918 772 1974 ille
816 1913 1138 1971 benedicere
1174 1910 1343 1967 voluit
1382 1908 1610 1979 primum
1642 1904 1848 1959 ﬁlium:
1876 1901 1972 1957 sed
2009 1899 2110 1956 sub

520 2011 690 2082 ﬁgura
735 2007 957 2078 majoris
980 2004 1312 2062 benedicitur
1337 2001 1534 2058 minor.
1563 1998 1730 2054 Mater
1753 1996 1898 2052 enim
1925 2003 2110 2066 typum

513 2111 693 2176 gestat
730 2099 1008 2157 Ecclesiae.
1043 2095 1341 2153 Ecclesiam
1380 2101 1561 2148 autem
1619 2089 1862 2159 accipite,
1895 2086 2108 2153 fratres,

515 2213 623 2256 non
649 2197 702 2253 in
732 2195 816 2251 bis
845 2193 973 2249 solis
998 2190 1090 2262 qui
1116 2196 1236 2261 post
1265 2185 1475 2244 Domini
1501 2183 1789 2240 adventum
1829 2188 1884 2235 et
1921 2178 2110 2234 nativi-

515 2296 680 2346 tatem
707 2301 827 2344 esse
850 2288 1131 2354 coeperunt
1156 2278 1358 2344 sancti;
1387 2276 1482 2332 sed
1508 2289 1697 2331 omnes
1722 2278 1985 2343 quotquot
2003 2267 2112 2325 fue-

515 2389 641 2439 runt
666 2378 858 2445 sancti,
885 2375 953 2432 ad
983 2375 1152 2445 ipsam
1182 2369 1477 2427 Ecclesiam
1500 2367 1791 2438 pertinent.
1821 2362 1937 2418 Non
1966 2361 2108 2417 enim

515 2488 624 2530 non
671 2470 737 2526 ad
779 2483 878 2526 nos
920 2466 1154 2538 pertinet
1201 2472 1355 2534 pater
1398 2459 1692 2525 Abraham,
1724 2456 1849 2527 quia
1899 2454 1989 2510 ille
2015 2452 2113 2507 fuit

514 2576 800 2638 antequam
819 2561 1064 2618 Christus
1084 2564 1399 2614 nasceretur
1417 2554 1485 2609 de
1503 2553 1741 2624 Virgine,
1764 2559 1818 2605 et
1844 2563 1942 2604 nos
1964 2554 2112 2602 tanto

516 2669 660 2734 post,
688 2659 742 2714 id
767 2665 872 2726 est,
904 2664 1026 2726 post
1050 2653 1356 2725 passionem
1381 2648 1581 2705 Christi
1612 2645 1736 2701 facti
1758 2656 1944 2698 sumus
1969 2640 2112 2696 chri¢

512 2750 671 2814 stiani
699 2763 855 2806 :cum
887 2747 1031 2802 dicat
1054 2743 1345 2814 Apostolus
1369 2739 1492 2811 quia
1524 2737 1616 2794 lilii
1652 2749 1836 2792 sumus
1858 2734 2109 2798 Abrahae,

515 2842 772 2902 imitando
794 2839 952 2895 ﬁdem
978 2837 1208 2894 Abrahae
1242 2833 1263 2908 (
1291 2835 1442 2890 Rom.
1466 2847 1544 2899 IV,
1570 2831 1675 2896 19.;
1705 2828 1876 2884 Galat.
1906 2842 1985 2893 ιιι,
2009 2826 2040 2880 7
2065 2825 2108 2896 ).

515 2936 659 3007 Ergo
689 2947 788 2989 nos
818 2930 1076 2988 imitando
1110 2928 1260 2984 illum
1301 2926 1368 2981 ad
1412 2925 1706 2981 Ecclesiam
1754 2920 2106 2986 admittimur,

519 3037 574 3085 et
600 3029 773 3098 ipsum
807 3025 876 3079 ab
901 3021 1140 3078 Ecclesia
1176 3019 1446 3076 exclusuri
1477 3015 1697 3071 sumus?
1723 3014 1850 3069 llazc
1875 3012 2114 3067 Ecclesia

515 3119 844 3192 signiﬁcatur
887 3117 940 3171 in
986 3114 1230 3170 Rebecca
1272 3125 1440 3166 uxore
1483 3110 1632 3164 Isaac
1657 3126 1669 3160 :
1697 3107 1812 3161 lucc
1869 3103 2112 3160 Ecclesia

517 3222 635 3270 erat
662 3212 716 3267 in
747 3209 946 3265 sanctis
973 3208 1134 3264 etiam
1155 3204 1462 3274 PrOpbetis,
1495 3201 1583 3272 qui
1611 3197 1978 3269 intelligebant
2007 3196 2114 3250 Ve-

518 3313 605 3362 tus
644 3303 1077 3363 Testamentum,
1124 3297 1246 3369 quia
1296 3294 1682 3366 promissianes
1725 3291 1829 3345 illae
1872 3287 2116 3344 carnales

518 3396 797 3470 spirituale
823 3393 1006 3450 nescio
1029 3390 1157 3462 quid
1182 3388 1574 3460 signiﬁcabant.
1604 3384 1659 3441 Si
1687 3382 1980 3456 spirituale,
2009 3383 2116 3452 Spi-

520 3489 743 3548 rituales
771 3501 899 3558 ergo
928 3484 995 3539 ad
1027 3483 1289 3538 minorem
1321 3479 1488 3535 ﬁlium
1524 3498 1536 3534 :
1561 3478 1685 3549 quia
1711 3476 1858 3548 prior
1886 3485 1970 3532 est
1995 3489 2116 3530 car-

522 3581 684 3648 nalis,
708 3587 763 3636 et
788 3587 976 3650 postea
1003 3573 1315 3648 spiritualis.

591 3670 820 3729 CAPUT
850 3667 967 3725 XII.
988 3667 1162 3722 -12.
1193 3664 1434 3719 Carnales
1450 3662 1512 3717 de
1525 3662 1752 3718 Ecclesia
1769 3661 1824 3715 in
1849 3670 1983 3716 sorte
2002 3668 2119 3715 sunt

523 3768 684 3824 Esau.
715 3765 832 3821 Iam
873 3764 1126 3819 hesterno
1168 3760 1254 3816 die
1300 3757 1657 3830 praemisimus
1701 3755 1982 3812 Sanctitati
2022 3768 2115 3807 ve-

522 3868 666 3925 strae,
694 3857 814 3912 ideo
853 3854 1113 3926 majorem
1159 3852 1325 3907 ﬁlium
1372 3850 1476 3906 dici
1523 3849 1696 3916 Esau,
1727 3848 1849 3919 quia
1878 3862 2035 3902 nemo
2062 3846 2120 3903 ﬁt

524 3947 835 4020 spiritualis,
863 3947 964 4001 nisi
990 3961 1056 4000 ex
1081 3943 1281 3999 carnali
1313 3960 1326 3997 :
1359 3942 1452 3997 sed
1497 3942 1542 3996 si
1572 3949 1882 4012 perseveret
1907 3940 1960 3994 in
1987 3954 2116 4009 pru-

526 4040 705 4097 dentia
740 4038 938 4104 carnis,
968 4051 1183 4106 semper
1217 4035 1320 4089 erit
1357 4035 1536 4089 Esau:
1563 4033 1609 4088 si
1637 4041 1814 4088 autem
1843 4031 1935 4086 ﬁat
1964 4033 2120 4102 spiri-

528 4134 707 4201 tualis,
737 4139 820 4188 cst
845 4131 982 4185 ﬁlius
1011 4129 1220 4194 minor;
1249 4127 1342 4183 sed
1388 4128 1501 4198 ipse
1544 4127 1720 4182 minor
1762 4127 1863 4182 erit
1907 4125 2116 4195 major:

528 4227 621 4283 ille
649 4224 792 4282 enim
814 4232 1053 4292 tempore
1080 4220 1356 4293 praecedit,
1385 4219 1484 4275 iste
1504 4218 1719 4274 virtute.
1736 4217 1979 4288 Namque
1997 4232 2120 4272 cum

529 4319 766 4376 coxisset
794 4317 992 4372 lentem
1013 4315 1199 4381 Iacob,
1222 4313 1547 4369 desideravit
1570 4312 1709 4368 Esau
1736 4311 1999 4382 accipere,
2027 4326 2124 4366 an-

532 4425 746 4486 tequam
783 4411 992 4468 veniret
1035 4409 1101 4465 ad
1151 4408 1306 4463 istam
1349 4405 1775 4462 benedictionem
1803 4413 1894 4460 :et
1919 4403 2007 4459 ille
2049 4404 2125 4459 ait

530 4506 630 4570 illi,
659 4503 743 4559 Da
769 4504 894 4560 mihi
927 4502 1262 4574 primogenita
1283 4509 1390 4565 tua,
1422 4509 1468 4553 et
1493 4499 1624 4553 dabo
1650 4499 1738 4553 tibi
1764 4497 1946 4552 lentem
1972 4513 2125 4566 quam

535 4600 651 4656 comi
673 4598 826 4670 (Gen.
849 4612 975 4661 xxv,
1002 4594 1118 4667 51).
1138 4594 1389 4651 Vendidit
1411 4592 1762 4664 primogenita
1790 4607 1886 4647 sua
1908 4589 2120 4646 minori:

535 4693 758 4751 abstulit
785 4692 874 4748 ille
901 4691 1227 4762 voluptatem
1251 4687 1618 4758 temporalem,
1657 4684 1872 4742 abstulit
1913 4683 2001 4740 ille
2047 4684 2128 4739 di-

538 4789 794 4861 gnitatem
831 4786 1232 4856 sempiternam.
1273 4783 1413 4853 Ergo
1441 4781 1533 4853 qui
1563 4779 1946 4852 temporalibus
1969 4777 2125 4834 volu-

535 4882 772 4956 ptatibus
816 4879 1059 4936 serviunt
1105 4878 1158 4931 in
1209 4875 1486 4943 Ecclesia,
1539 4874 1738 4930 lentem
1781 4871 2125 4928 manducant.

537 4977 707 5044 Quam
747 4973 962 5045 quidem
989 4971 1133 5028 coxit
1157 4969 1341 5035 Iacob,
1375 4970 1471 5026 sed
1508 4985 1617 5025 non
1655 4968 1997 5026 manducavit
2033 4969 2128 5026 Ia-

535 5073 638 5128 cob
665 5088 678 5125 :
704 5069 844 5124 idola
889 5067 1033 5123 enim
1082 5064 1250 5136 magis
1296 5064 1348 5118 in
1378 5063 1613 5136 Egypto
1650 5063 1949 5134 viguerant.
1987 5063 2129 5121 Lens

535 5165 691 5222 cibus
733 5171 818 5219 est
843 5160 1080 5234 Egypti.
1113 5159 1219 5216 Per
1266 5159 1463 5214 lentem
1506 5172 1696 5215 omnes
1738 5172 1952 5214 errores
1981 5158 2129 5216 Gen-

540 5257 674 5312 tium
708 5255 1092 5326 signiﬁcantur.
1122 5251 1256 5321 Quia
1297 5265 1426 5322 ergo
1463 5250 1703 5306 Ecclesia
1732 5251 2053 5308 eminentior
2077 5261 2132 5308 et

536 5347 871 5406 manifestior
917 5348 969 5402 in
1013 5346 1124 5402 ﬁlio
1163 5345 1370 5399 minore
1413 5344 1481 5399 de
1518 5343 1780 5400 Gentibus
1806 5354 2028 5400 ventura
2055 5345 2131 5399 si—

539 5441 907 5514 gniﬁcabatur,
931 5441 1127 5496 lentem
1154 5437 1366 5492 coxisse
1392 5435 1588 5490 dicitur
1613 5436 1798 5500 Iacob,
1819 5445 1875 5491 et
1904 5436 2130 5491 mandu-

540 5551 692 5592 casse
735 5535 896 5590 Esau.
944 5532 1154 5589 Etcuim
1200 5530 1522 5585 dimiserunt
1571 5529 1711 5584 idola
1757 5530 1976 5593 Gentes,
2013 5545 2132 5600 qua

541 5628 803 5694 colebant;
827 5624 995 5681 Iudazi
1022 5632 1197 5680 autem
1221 5623 1525 5679 serviebant
1551 5620 1729 5687 idolis,
1747 5636 1869 5676 nam
1886 5624 2132 5680 conversi

541 5722 702 5780 corde
727 5722 780 5776 in
807 5721 1114 5791 Egyptum,
1141 5718 1475 5774 ducebantur
1503 5732 1598 5788 per
1630 5730 1902 5784 eremum;
1932 5725 2132 5775 etcum

608 5860 624 5892 ι
651 5858 802 5928 mut,
838 5855 996 5919 primo
1023 5852 1362 5928 promittebat;
1391 5854 1569 5907 omlsn
1605 5865 1744 5917 voce,
1785 5851 1989 5920 populo.
2023 5868 2134 5920 qua

547 5929 707 5974 exstat
730 5923 777 5970 iu
800 5923 1146 5982 manuscripts.

2219 507 2481 564 interfecti
2527 512 2709 563 essent
2750 506 2806 562 in
2849 506 2985 562 mari
3035 506 3218 565 hostes
3241 521 3451 576 eorum,
3484 517 3540 564 et
3564 508 3805 570 fluctibus

2216 601 2389 656 obruti
2436 608 2619 656 essent
2661 599 2861 656 inimici
2898 615 3110 668 eorum,
3138 601 3582 658 desideraverunt
3609 603 3800 660 idolum

2217 692 2414 760 facere,
2457 694 2580 764 quia
2609 707 2713 748 non
2755 693 3006 749 viderunt
3047 694 3268 768 Moysen
3300 695 3493 766 (Exod.
3523 712 3700 766 χχιιι,
3728 699 3802 770 1),

2215 795 2272 842 et
2295 801 2402 841 non
2433 786 2810 842 intellexerunt
2836 801 3021 842 secum
3045 796 3368 859 praesentem
3404 789 3606 854 Deum;
3638 790 3731 846 sed
3755 793 3804 848 in

2217 879 2502 949 praesentia
2528 877 2762 934 hominis
2788 878 3052 936 habentes
3081 894 3255 948 spem,
3283 896 3390 935 non
3418 881 3667 936 viderunt
3691 898 3808 940 ocu-

2216 967 2284 1023 lis
2314 968 2583 1025 hominem
2601 970 2641 1036 ⁸,
2665 978 2721 1025 et
2747 977 2937 1041 putare
2965 979 3252 1041 coeperunt
3280 972 3403 1042 quia
3435 987 3542 1027 non
3572 972 3642 1028 ibi
3671 985 3808 1030 esset

2217 1059 2526 1127 Deus,cum
2575 1061 2690 1132 ipse
2725 1062 2874 1118 solus
2913 1077 3011 1133 per
3053 1062 3272 1134 Moysen
3326 1071 3471 1118 tanta
3522 1067 3806 1134 patraret'.

2215 1149 2554 1217 Quaesierunt
2574 1152 2848 1209 hominem
2862 1154 3030 1209 oculis
3042 1153 3246 1221 carnis,
3272 1155 3396 1225 quia
3417 1170 3526 1210 non
3549 1155 3808 1211 habebant

2215 1245 2401 1302 oculos
2426 1246 2622 1311 cordis,
2653 1246 2796 1302 unde
2828 1246 2997 1302 Deum
3028 1246 3083 1300 in
3113 1246 3296 1319 Moyse
3325 1245 3590 1303 viderent.
3623 1247 3808 1302 Perdi-

2215 1336 2413 1393 derunt
2439 1351 2570 1408 ergo
2601 1338 2888 1409 primatum
2930 1354 3109 1406 suum,
3140 1339 3262 1408 quia
3294 1339 3542 1395 conversi
3572 1339 3734 1396 corde
3761 1340 3810 1394 in

2216 1428 2508 1502 Egyptum
2533 1429 2996 1485 manducaverunt
3021 1431 3242 1486 lentem.

2285 1521 2517 1578 CAPUT
2540 1521 2660 1577 XIII
2681 1553 2770 1576 .—
2797 1522 3055 1593 Accipite.
3083 1523 3320 1594 Populus
3342 1522 3676 1579 Christianus
3697 1532 3810 1588 est;

2215 1614 2312 1670 sed
2359 1615 2411 1669 in
2451 1615 2568 1685 ipso
2609 1615 2810 1688 populo
2835 1614 3142 1671 Christiano
3169 1615 3241 1669 illi
3287 1615 3575 1686 primatum
3605 1624 3809 1684 tenent,

2214 1708 2304 1779 qui
2351 1709 2622 1779 pertinent
2660 1709 2726 1764 ad
2775 1707 2942 1764 Iacob
2967 1726 2980 1762 :
3003 1708 3094 1779 qui
3124 1722 3252 1763 vero
3291 1709 3582 1764 carnaliter
3608 1708 3811 1772 vivunt,

2216 1800 2505 1856 carnaliter
2532 1800 2778 1867 credunt,
2802 1800 3090 1856 carnaliter
3119 1810 3360 1871 sperant,
3393 1801 3679 1857 carnaliter
3704 1801 3816 1856 dili-

2216 1901 2367 1963 gunt,
2397 1891 2574 1946 adhuc
2611 1891 2678 1946 ad
2707 1891 2871 1946 Vetus
2919 1891 3326 1947 Testamentum
3358 1892 3650 1962 pertinent,
3677 1907 3816 1947 non-

2216 1981 2342 2036 dum
2374 1983 2438 2037 ad
2472 1981 2722 2048 Novum;
2751 1981 2928 2038 adhuc
2957 1981 3012 2038 in
3049 1992 3195 2039 sorte
3217 1991 3343 2038 sunt
3387 1982 3552 2050 Esau,
3581 1983 3817 2041 nondum

2218 2076 2272 2131 in
2298 2075 2670 2132 benedictione
2698 2075 2891 2131 Iacob.

2289 2168 2378 2223 15.
2435 2166 2725 2222 Benedictio
2770 2167 2981 2222 minoris
3043 2166 3136 2221 sub
3193 2168 3362 2239 specie
3437 2167 3670 2239 majoris.
3729 2167 3819 2223 ln-

2218 2259 2403 2316 tendat
2457 2259 2722 2315 Sanctitas
2772 2270 2971 2315 vestra.
3029 2259 3360 2316 Benedicere
3429 2274 3558 2332 ergo
3606 2260 3824 2316 volebat

2217 2352 2476 2422 majorem
2519 2351 2686 2408 ﬁlium
2730 2353 2878 2408 Isaac
2922 2366 3087 2409 senex
3136 2353 3446 2425 caliginosis
3475 2354 3666 2420 oculis,
3693 2354 3819 2425 quia

2218 2445 2382 2501 Vetus
2409 2444 2812 2500 Testamentum
2857 2445 2924 2500 ad
2953 2444 3168 2501 Iudaeos
3196 2445 3461 2502 directum
3489 2454 3624 2501 erat.
3661 2444 3822 2512 Quod

2219 2536 2386 2591 Vetus
2405 2536 2806 2594 Testamentum
2832 2552 2940 2593 non
2957 2539 3026 2594 ab
3049 2538 3127 2593 eis
3151 2538 3560 2610 intelligebatur,
3587 2539 3712 2596 ideo
3735 2556 3824 2597 ca-

2218 2629 2432 2701 liginosi
2461 2631 2602 2686 oculi
2643 2631 2914 2686 dicuntur.
2945 2630 3018 2688 Ut
3043 2627 3176 2699 dixi,
3211 2631 3426 2699 fratres,
3461 2633 3528 2688 ad
3557 2635 3821 2702 majorem

2220 2720 2476 2792 loquitur,
2513 2721 2581 2776 ad
2627 2723 2890 2780 minorem
2932 2724 3177 2794 pervenit
3219 2724 3548 2781 benedictio.
3603 2726 3824 2782 Etenim

2219 2822 2392 2868 mater
2439 2813 2560 2881 ista,
2598 2830 2716 2886 qua)
2763 2815 2815 2870 in
2863 2816 3062 2871 sanctis
3108 2817 3358 2872 omnibus
3407 2818 3743 2889 intelligitur,
3771 2818 3827 2874 id

2219 2913 2320 2970 est,
2347 2904 2609 2970 Ecclesia,
2637 2921 2756 2976 qua:
2773 2907 3034 2962 intellexit
3058 2908 3418 2978 prophetiam,
3441 2909 3554 2980 ipsa
3575 2908 3667 2964 dat
3682 2925 3826 2966 con-

2221 2996 2401 3050 silium
2420 2997 2530 3052 ﬁlio
2548 2997 2760 3064 minori,
2782 2998 2981 3054 etdicit
3010 2999 3085 3053 illi
3109 3018 3121 3052 :
3145 2999 3255 3072 Ego
3281 3001 3394 3071 ipsa
3423 3002 3593 3055 audivi
3624 3009 3830 3072 patrem

2224 3098 2366 3144 tuum
2393 3091 2640 3144 dicentem
2680 3091 2830 3161 fratri
2861 3101 2988 3146 tuo:
3023 3091 3180 3158 Vade,
3215 3102 3261 3147 et
3285 3093 3416 3160 affer
3440 3093 3565 3146 mihi
3593 3093 3829 3147 venatio-

2220 3199 2355 3245 nem,
2383 3194 2436 3238 ut
2467 3185 2786 3250 manducem,
2828 3194 2874 3239 et
2914 3185 3170 3240 benedicat
3206 3193 3254 3239 te
3287 3186 3461 3239 anima
3505 3201 3636 3252 mea,
3671 3196 3831 3240 astte-

2221 3291 2372 3344 qvtam
2405 3276 2615 3329 moriar.
2663 3274 2822 3330 Nunc
2869 3292 3009 3348 ergo,
3037 3276 3132 3346 ﬁli,
3179 3276 3301 3330 audi
3342 3293 3440 3330 me.
3474 3277 3540 3331 Et
3569 3274 3724 3331 dedit
3751 3276 3832 3331 illi

2224 3368 2508 3422 consilium
2533 3376 2588 3421 ut
2612 3368 2734 3433 iret,
2762 3367 3085 3438 all‘erretque
3113 3368 3248 3423 duos
3278 3367 3459 3423 hzedos
3483 3367 3550 3423 de
3577 3368 3836 3438 proximo

2223 3473 2416 3529 grege;
2449 3467 2501 3513 et
2523 3458 2724 3514 faceret
2750 3459 2872 3515 illos
2895 3468 3085 3526 mater,
3115 3459 3564 3529 quemadmodum
3585 3459 3838 3515 delecta-

2224 3553 2380 3608 batur
2429 3561 2580 3624 pater
2633 3553 2784 3624 ejus;
2839 3563 2896 3609 et
2945 3553 3309 3618 manducaret,
3364 3561 3420 3608 et
3476 3551 3842 3608 benediceret

2224 3644 2391 3698 ﬁlium
2423 3660 2578 3700 suum
2607 3646 2868 3699 minorem
2901 3645 3121 3700 absente
3147 3644 3371 3714 majore.
3405 3643 3497 3698 Ille
3538 3652 3725 3698 autem
3763 3644 3842 3700 ti-

2225 3736 2379 3800 muit,
2403 3745 2457 3790 et
2487 3735 2798 3790 aitzFrater
2845 3752 2984 3789 meus
3023 3735 3216 3806 pilosus
3255 3744 3347 3799 est,
3373 3751 3461 3806 ego
3497 3743 3664 3788 autem
3698 3737 3845 3792 lenis

2225 3847 2372 3895 sum;
2403 3848 2466 3885 ne
2489 3831 2750 3902 contingat
2776 3847 2855 3884 me
2883 3838 2930 3884 et
2973 3829 3256 3901 compalpet
3285 3839 3426 3899 pater
3462 3845 3622 3894 meus,
3651 3838 3702 3881 et
3748 3830 3845 3887 in:

2230 3924 2419 3994 telligat
2439 3923 2560 3994 quia
2581 3939 2672 3993 ego
2697 3939 2810 3976 sum
2824 3922 3007 3987 Iacob,
3032 3931 3078 3975 et
3104 3923 3363 3992 acquirunt
3390 3937 3490 3975 non
3515 3919 3843 3976 benedictio-

2230 4031 2362 4079 nem,
2381 4014 2467 4067 sed
2484 4013 2908 4067 maledictionem.
2936 4015 3006 4067 At
3031 4012 3120 4067 illa
3149 4029 3161 4065 :
3197 4012 3352 4075 Vade,
3373 4011 3559 4080 inquit,
3587 4011 3684 4079 ﬁli,
3709 4013 3848 4066 audi

2179 4158 2182 4162 .
2227 4105 2654 4160 me:muledictio
2695 4114 2784 4158 tua
2826 4121 2979 4174 super
3019 4120 3098 4158 me
3141 4105 3204 4158 sit
3232 4103 3385 4176 (Gen.
3429 4119 3595 4170 xxvii,
3638 4103 3846 4174 6-15).

2229 4197 2489 4262 Perrexit,
2517 4205 2572 4252 et
2609 4197 2786 4252 attulit
2828 4195 2963 4251 duos
2999 4195 3185 4251 haedos
3211 4213 3222 4249 :
3248 4195 3373 4250 facti
3404 4205 3549 4263 sunt,
3577 4205 3631 4251 et
3654 4212 3850 4268 appo-

2233 4291 2337 4348 suit
2359 4291 2493 4360 patri
2523 4305 2657 4345 suo:
2696 4297 2751 4345 et
2785 4288 3238 4360 quemadmodum
3267 4289 3534 4361 praedixit,
3565 4289 3689 4360 quia
3725 4308 3849 4348 non

2230 4383 2380 4439 illum
2410 4381 2735 4454 agnoscebat
2770 4381 2823 4436 in
2863 4394 3018 4447 voce,
3045 4381 3239 4451 tetigit,
3271 4381 3475 4436 invenit
3495 4380 3666 4450 pilos;
3705 4384 3851 4452 quia

2232 4472 2460 4545 pellibus
2485 4471 2761 4527 bmdorum
2787 4471 3216 4528 circumdederat
3240 4481 3412 4526 mater
3431 4470 3651 4526 brachia
3675 4473 3852 4543 ejus:

2231 4563 2460 4621 credidit
2481 4563 2738 4635 majorem
2770 4577 2910 4630 esse,
2939 4571 2994 4619 et
3029 4563 3322 4619 benedixit.
3359 4562 3415 4617 In
3455 4563 3860 4622 benedictione

2233 4658 2490 4729 majorem
2541 4656 2872 4732 intendebat,
2903 4663 2960 4712 et
2992 4655 3295 4712 benedictio
3320 4655 3386 4711 ad
3414 4656 3673 4711 minorem
3705 4672 3858 4728 per-

2233 4751 2502 4808 veniebat.
3552 4748 3557 4753 ’

2305 4843 2534 4902 CAPUT
2573 4843 2711 4900 XIV.
2745 4875 2815 4888 -
2839 4842 2979 4911 Quid
3033 4851 3116 4898 est
3157 4857 3284 4914 ergo
3326 4843 3468 4914 quod
3507 4845 3607 4901 sub
3650 4850 3864 4918 specie

2233 4939 2454 5010 majoris
2479 4937 2812 4993 benedicitur
2835 4936 3028 5002 minor,
3065 4936 3163 4990 nisi
3205 4952 3324 5007 quia
3356 4937 3455 4991 sub
3498 4937 3682 5008 ﬁguris
3720 4941 3865 4999 Ve-

2237 5031 2366 5089 teris
2393 5029 2724 5085 Testamenti
2763 5028 3012 5099 promissi
3051 5029 3246 5098 populo
3279 5028 3603 5097 Iudaeorum,
3638 5046 3864 5101 perve-

2236 5126 2317 5181 nit
2366 5125 2667 5180 benedictio
2718 5122 3137 5193 spiritualis’ad
3190 5125 3440 5193 populum
3495 5120 3870 5183 Christiano-

2237 5215 2710 5282 rum?Attendite,
2739 5215 2964 5270 fratres:
2991 5214 3209 5270 audiunt
3249 5216 3324 5269 illi
3369 5225 3565 5272 terram
3602 5221 3873 5288 promis-

2238 5310 2424 5377 sionis,
2457 5309 2705 5364 audimus
2743 5317 2797 5364 et
2837 5324 2971 5364 nos:
3000 5317 3250 5379 tanquam
3277 5307 3340 5363 ad
3376 5308 3592 5366 Iudmos
3620 5311 3878 5372 videtur

2238 5402 2510 5473 Scriptura
2539 5401 2683 5472 loqui
2715 5401 2782 5457 de
2809 5411 2946 5457 terra
2978 5401 3368 5471 promissionis,
3397 5411 3450 5458 et
3475 5404 3541 5459 ad
3571 5419 3669 5459 nos
3711 5421 3874 5475 per-

2240 5494 2383 5551 venit
2411 5494 2709 5550 intellectus
2728 5503 2888 5549 terra:
2909 5493 3302 5564 promissionis,
3331 5497 3420 5565 qui
3447 5495 3672 5552 dicimus
3700 5498 3876 5568 Deo,

2241 5589 2373 5658 Spes
2398 5604 2507 5642 mea
2523 5603 2575 5641 es
2592 5595 2662 5654 tu,
2683 5587 2846 5657 portio
2862 5601 2971 5638 mea
2992 5585 3044 5639 in
3065 5594 3199 5639 terra
3219 5581 3482 5640 viventium
3506 5584 3771 5660 (Psal.cx
3782 5609 3843 5646 LI
3855 5634 3875 5659 ,

2241 5680 2315 5752 6).
2335 5679 2441 5737 Sed
2468 5681 2568 5734 hoc
2593 5687 2651 5734 ut
2676 5679 2996 5743 diceremus,
3021 5686 3193 5732 mater
3212 5691 3310 5732 nos
3329 5677 3528 5746 docuit,
3563 5678 3616 5734 id
3644 5690 3770 5750 est,
3813 5685 3886 5744 in

2303 5795 2322 5826 ί
2347 5795 2420 5844 Sic
2434 5802 2539 5844 MSS.
2557 5793 2676 5844 Editi
2698 5803 2834 5851 vero,
2857 5789 3007 5842 oculis
3029 5790 3286 5843 Itamirum.

2303 5858 2326 5890 ¹
2349 5864 2476 5918 Ma,
2499 5861 2768 5919 pra'staret.

2307 5920 2329 5952 ⁸
2349 5921 2421 5969 Sic
2436 5913 2482 5968 in
2501 5913 2607 5967 Mss.
2636 5925 2688 5968 At
2711 5919 2757 5966 in
2786 5915 2926 5968 editis
2950 5918 3084 5968 deest
3109 5930 3220 5979 rex,
3239 5913 3520 5979 spiritantia.
