  <div class='ocr_page' id='page_1' title='image "/cluster/home/n/w/nwhite01/storage/ocr_20150623/38/hvd.32044015706294/026.png"; bbox 0 0 4014 6310; ppageno 0'>
   <div class='ocr_carea' id='block_1_1' title="bbox 300 316 1884 389">
    <p class='ocr_par' dir='ltr' id='par_1_1' title="bbox 300 322 1880 387">
     <span class='ocr_line' id='line_1_1' title="bbox 300 322 1880 387; baseline -0.004 0"><span class='ocrx_word' id='word_1_1' title='bbox 300 332 364 387; x_wconf 71' lang='grc' dir='ltr'><strong>ιι</strong></span> <span class='ocrx_word' id='word_1_2' title='bbox 1749 322 1880 383; x_wconf 81' lang='lat' dir='ltr'><strong>SER</strong></span> 
     </span>
    </p>
   </div>
   <div class='ocr_carea' id='block_1_2' title="bbox 1996 316 3583 389">
    <p class='ocr_par' dir='ltr' id='par_1_2' title="bbox 2016 322 3583 389">
     <span class='ocr_line' id='line_1_2' title="bbox 2016 322 3583 389; baseline 0.004 -9"><span class='ocrx_word' id='word_1_3' title='bbox 2016 322 2104 380; x_wconf 88' lang='lat' dir='ltr'><strong>IV.</strong></span> <span class='ocrx_word' id='word_1_4' title='bbox 3510 331 3583 389; x_wconf 64' lang='grc' dir='ltr'><strong><em>ΔΩ</em></strong></span> 
     </span>
    </p>
   </div>
   <div class='ocr_carea' id='block_1_3' title="bbox 300 439 1889 512">
    <p class='ocr_par' dir='ltr' id='par_1_3' title="bbox 300 439 1889 512">
     <span class='ocr_line' id='line_1_3' title="bbox 300 439 1889 512; baseline -0.004 -11"><span class='ocrx_word' id='word_1_5' title='bbox 300 443 500 501; x_wconf 85' lang='lat' dir='ltr'><strong>sanctis</strong></span> <span class='ocrx_word' id='word_1_6' title='bbox 522 441 763 499; x_wconf 86' lang='lat' dir='ltr'><strong>Ecclesia</strong></span> <span class='ocrx_word' id='word_1_7' title='bbox 803 440 917 511; x_wconf 85' lang='lat' dir='ltr'><strong>ipsa</strong></span> <span class='ocrx_word' id='word_1_8' title='bbox 953 439 1236 512; x_wconf 86' lang='lat' dir='ltr'><strong>Prophetis</strong></span> <span class='ocrx_word' id='word_1_9' title='bbox 1258 439 1415 495; x_wconf 91' lang='lat' dir='ltr'><strong>docet</strong></span> <span class='ocrx_word' id='word_1_10' title='bbox 1449 454 1546 495; x_wconf 91' lang='lat' dir='ltr'><strong>nos</strong></span> <span class='ocrx_word' id='word_1_11' title='bbox 1564 442 1603 506; x_wconf 75' lang='grc'><em>³,</em></span> <span class='ocrx_word' id='word_1_12' title='bbox 1632 440 1889 511; x_wconf 76' lang='lat' dir='ltr'><strong>quemad-</strong></span> 
     </span>
    </p>
   </div>
   <div class='ocr_carea' id='block_1_4' title="bbox 304 532 1891 606">
    <p class='ocr_par' dir='ltr' id='par_1_4' title="bbox 304 532 1891 606">
     <span class='ocr_line' id='line_1_4' title="bbox 304 532 1891 606; baseline -0.004 -14"><span class='ocrx_word' id='word_1_13' title='bbox 304 536 529 592; x_wconf 82' lang='lat' dir='ltr'><strong>modum</strong></span> <span class='ocrx_word' id='word_1_14' title='bbox 573 533 923 606; x_wconf 86' lang='lat' dir='ltr'><strong>spiritualiter</strong></span> <span class='ocrx_word' id='word_1_15' title='bbox 956 532 1314 605; x_wconf 69' lang='lat' dir='ltr'><strong>intelligamus</strong></span> <span class='ocrx_word' id='word_1_16' title='bbox 1343 532 1455 602; x_wconf 88' lang='lat' dir='ltr'><strong>ipsa</strong></span> <span class='ocrx_word' id='word_1_17' title='bbox 1483 532 1743 603; x_wconf 84' lang='lat' dir='ltr'><strong>promissa</strong></span> <span class='ocrx_word' id='word_1_18' title='bbox 1771 547 1891 587; x_wconf 89' lang='lat' dir='ltr'><strong>car-</strong></span> 
     </span>
    </p>
   </div>
   <div class='ocr_carea' id='block_1_5' title="bbox 298 630 469 685">
    <p class='ocr_par' dir='ltr' id='par_1_5' title="bbox 298 630 469 685">
     <span class='ocr_line' id='line_1_5' title="bbox 298 630 469 685; baseline -0.012 1"><span class='ocrx_word' id='word_1_19' title='bbox 298 630 469 685; x_wconf 80' lang='lat' dir='ltr'><strong>nalia.</strong></span> 
     </span>
    </p>
   </div>
   <div class='ocr_carea' id='block_1_6' title="bbox 368 717 1891 793">
    <p class='ocr_par' dir='ltr' id='par_1_6' title="bbox 368 717 1891 793">
     <span class='ocr_line' id='line_1_6' title="bbox 368 717 1891 793; baseline -0.007 -12"><span class='ocrx_word' id='word_1_20' title='bbox 368 725 461 781; x_wconf 70' lang='grc'><strong>14.</strong></span> <span class='ocrx_word' id='word_1_21' title='bbox 508 721 734 782; x_wconf 76' lang='lat' dir='ltr'><strong>Peccatu</strong></span> <span class='ocrx_word' id='word_1_22' title='bbox 799 720 971 777; x_wconf 86' lang='lat' dir='ltr'><strong>aliena</strong></span> <span class='ocrx_word' id='word_1_23' title='bbox 1022 720 1267 792; x_wconf 70' lang='lat' dir='ltr'><strong>patienter</strong></span> <span class='ocrx_word' id='word_1_24' title='bbox 1308 719 1580 793; x_wconf 82' lang='lat' dir='ltr'><strong>portanda.</strong></span> <span class='ocrx_word' id='word_1_25' title='bbox 1635 717 1740 775; x_wconf 86' lang='lat' dir='ltr'><strong>Sed</strong></span> <span class='ocrx_word' id='word_1_26' title='bbox 1786 732 1891 773; x_wconf 93' lang='lat' dir='ltr'><strong>non</strong></span> 
     </span>
    </p>
   </div>
   <div class='ocr_carea' id='block_1_7' title="bbox 295 812 1892 890">
    <p class='ocr_par' dir='ltr' id='par_1_7' title="bbox 295 812 1892 890">
     <span class='ocr_line' id='line_1_7' title="bbox 295 812 1892 890; baseline -0.006 -15"><span class='ocrx_word' id='word_1_27' title='bbox 295 826 482 890; x_wconf 82' lang='lat' dir='ltr'><strong>posset</strong></span> <span class='ocrx_word' id='word_1_28' title='bbox 544 818 615 874; x_wconf 87' lang='lat' dir='ltr'><strong>ad</strong></span> <span class='ocrx_word' id='word_1_29' title='bbox 681 832 780 873; x_wconf 92' lang='lat' dir='ltr'><strong>nos</strong></span> <span class='ocrx_word' id='word_1_30' title='bbox 853 814 1135 887; x_wconf 82' lang='lat' dir='ltr'><strong>pervenire</strong></span> <span class='ocrx_word' id='word_1_31' title='bbox 1197 813 1500 870; x_wconf 74' lang='lat' dir='ltr'><strong>benedictio</strong></span> <span class='ocrx_word' id='word_1_32' title='bbox 1523 854 1539 881; x_wconf 94' lang='lat'><strong>,</strong></span> <span class='ocrx_word' id='word_1_33' title='bbox 1615 812 1716 868; x_wconf 90' lang='lat' dir='ltr'><strong>nisi</strong></span> <span class='ocrx_word' id='word_1_34' title='bbox 1780 812 1892 882; x_wconf 89' lang='lat' dir='ltr'><strong>jam</strong></span> 
     </span>
    </p>
   </div>
   <div class='ocr_carea' id='block_1_8' title="bbox 296 906 1892 981">
    <p class='ocr_par' dir='ltr' id='par_1_8' title="bbox 296 906 1892 981">
     <span class='ocr_line' id='line_1_8' title="bbox 296 906 1892 981; baseline -0.006 -12"><span class='ocrx_word' id='word_1_35' title='bbox 296 912 543 969; x_wconf 77' lang='lat' dir='ltr'><strong>mandati</strong></span> <span class='ocrx_word' id='word_1_36' title='bbox 595 926 628 967; x_wconf 89' lang='lat' dir='ltr'><strong>a</strong></span> <span class='ocrx_word' id='word_1_37' title='bbox 680 911 917 981; x_wconf 84' lang='lat' dir='ltr'><strong>peccatis</strong></span> <span class='ocrx_word' id='word_1_38' title='bbox 978 925 1073 981; x_wconf 90' lang='lat' dir='ltr'><strong>per</strong></span> <span class='ocrx_word' id='word_1_39' title='bbox 1137 909 1466 964; x_wconf 76' lang='lat' dir='ltr'><strong>nativitatem</strong></span> <span class='ocrx_word' id='word_1_40' title='bbox 1533 906 1892 977; x_wconf 88' lang='lat' dir='ltr'><strong>regeneratio-</strong></span> 
     </span>
    </p>
   </div>
   <div class='ocr_carea' id='block_1_9' title="bbox 297 996 1893 1074">
    <p class='ocr_par' dir='ltr' id='par_1_9' title="bbox 297 996 1893 1074">
     <span class='ocr_line' id='line_1_9' title="bbox 297 996 1893 1074; baseline -0.004 -14"><span class='ocrx_word' id='word_1_41' title='bbox 297 1006 405 1074; x_wconf 85' lang='lat' dir='ltr'><strong>nis,</strong></span> <span class='ocrx_word' id='word_1_42' title='bbox 435 1006 662 1060; x_wconf 90' lang='lat' dir='ltr'><strong>aliorum</strong></span> <span class='ocrx_word' id='word_1_43' title='bbox 701 1010 923 1074; x_wconf 90' lang='lat' dir='ltr'><strong>peccata</strong></span> <span class='ocrx_word' id='word_1_44' title='bbox 971 1018 1067 1072; x_wconf 92' lang='lat' dir='ltr'><strong>per</strong></span> <span class='ocrx_word' id='word_1_45' title='bbox 1100 1001 1432 1057; x_wconf 85' lang='lat' dir='ltr'><strong>tolerantiam</strong></span> <span class='ocrx_word' id='word_1_46' title='bbox 1463 1010 1755 1070; x_wconf 82' lang='lat' dir='ltr'><strong>portemus.</strong></span> <span class='ocrx_word' id='word_1_47' title='bbox 1787 996 1893 1054; x_wconf 84' lang='lat' dir='ltr'><strong>Ge-</strong></span> 
     </span>
    </p>
   </div>
   <div class='ocr_carea' id='block_1_10' title="bbox 295 1092 1892 1161">
    <p class='ocr_par' dir='ltr' id='par_1_10' title="bbox 295 1092 1892 1161">
     <span class='ocr_line' id='line_1_10' title="bbox 295 1092 1892 1161; baseline -0.005 -8"><span class='ocrx_word' id='word_1_48' title='bbox 295 1100 417 1154; x_wconf 88' lang='lat' dir='ltr'><strong>nuit</strong></span> <span class='ocrx_word' id='word_1_49' title='bbox 441 1098 586 1159; x_wconf 85' lang='lat' dir='ltr'><strong>enim</strong></span> <span class='ocrx_word' id='word_1_50' title='bbox 612 1106 786 1153; x_wconf 88' lang='lat' dir='ltr'><strong>mater</strong></span> <span class='ocrx_word' id='word_1_51' title='bbox 826 1096 1016 1152; x_wconf 90' lang='lat' dir='ltr'><strong>ambos</strong></span> <span class='ocrx_word' id='word_1_52' title='bbox 1049 1095 1204 1150; x_wconf 91' lang='lat' dir='ltr'><strong>ﬁlios.</strong></span> <span class='ocrx_word' id='word_1_53' title='bbox 1241 1093 1523 1160; x_wconf 86' lang='lat' dir='ltr'><strong>intendite,</strong></span> <span class='ocrx_word' id='word_1_54' title='bbox 1550 1092 1743 1147; x_wconf 85' lang='lat' dir='ltr'><strong>fratres</strong></span> <span class='ocrx_word' id='word_1_55' title='bbox 1767 1108 1778 1143; x_wconf 94' lang='lat'>:</span> <span class='ocrx_word' id='word_1_56' title='bbox 1799 1106 1892 1161; x_wconf 87' lang='lat' dir='ltr'><strong>ge-</strong></span> 
     </span>
    </p>
   </div>
   <div class='ocr_carea' id='block_1_11' title="bbox 298 1183 1891 1260">
    <p class='ocr_par' dir='ltr' id='par_1_11' title="bbox 298 1183 1891 1260">
     <span class='ocr_line' id='line_1_11' title="bbox 298 1183 1891 1260; baseline -0.005 -15"><span class='ocrx_word' id='word_1_57' title='bbox 298 1192 422 1246; x_wconf 88' lang='lat' dir='ltr'><strong>nuit</strong></span> <span class='ocrx_word' id='word_1_58' title='bbox 442 1206 604 1246; x_wconf 90' lang='lat' dir='ltr'><strong>unum</strong></span> <span class='ocrx_word' id='word_1_59' title='bbox 630 1190 883 1260; x_wconf 90' lang='lat' dir='ltr'><strong>pilosum,</strong></span> <span class='ocrx_word' id='word_1_60' title='bbox 902 1188 1127 1244; x_wconf 88' lang='lat' dir='ltr'><strong>alterum</strong></span> <span class='ocrx_word' id='word_1_61' title='bbox 1144 1187 1341 1243; x_wconf 88' lang='lat' dir='ltr'><strong>lenem.</strong></span> <span class='ocrx_word' id='word_1_62' title='bbox 1364 1186 1467 1241; x_wconf 90' lang='lat' dir='ltr'><strong>Pili</strong></span> <span class='ocrx_word' id='word_1_63' title='bbox 1488 1192 1704 1255; x_wconf 88' lang='lat' dir='ltr'><strong>peccata</strong></span> <span class='ocrx_word' id='word_1_64' title='bbox 1725 1183 1891 1253; x_wconf 88' lang='lat' dir='ltr'><strong>signi-</strong></span> 
     </span>
    </p>
   </div>
   <div class='ocr_carea' id='block_1_12' title="bbox 298 1275 1891 1351">
    <p class='ocr_par' dir='ltr' id='par_1_12' title="bbox 298 1275 1891 1351">
     <span class='ocr_line' id='line_1_12' title="bbox 298 1275 1891 1351; baseline -0.006 -12"><span class='ocrx_word' id='word_1_65' title='bbox 298 1278 480 1351; x_wconf 80' lang='lat' dir='ltr'><strong>ﬁcant,</strong></span> <span class='ocrx_word' id='word_1_66' title='bbox 520 1283 717 1339; x_wconf 86' lang='lat' dir='ltr'><strong>lenitas</strong></span> <span class='ocrx_word' id='word_1_67' title='bbox 756 1291 936 1338; x_wconf 90' lang='lat' dir='ltr'><strong>autem</strong></span> <span class='ocrx_word' id='word_1_68' title='bbox 959 1280 1447 1345; x_wconf 88' lang='lat' dir='ltr'><strong>mansuetudinem,</strong></span> <span class='ocrx_word' id='word_1_69' title='bbox 1476 1277 1530 1332; x_wconf 92' lang='lat' dir='ltr'><strong>id</strong></span> <span class='ocrx_word' id='word_1_70' title='bbox 1553 1284 1653 1343; x_wconf 86' lang='lat' dir='ltr'><strong>est,</strong></span> <span class='ocrx_word' id='word_1_71' title='bbox 1682 1275 1891 1330; x_wconf 91' lang='lat' dir='ltr'><strong>mundi-</strong></span> 
     </span>
    </p>
   </div>
   <div class='ocr_carea' id='block_1_13' title="bbox 294 1372 1889 1449">
    <p class='ocr_par' dir='ltr' id='par_1_13' title="bbox 294 1372 1889 1449">
     <span class='ocr_line' id='line_1_13' title="bbox 294 1372 1889 1449; baseline -0.004 -17"><span class='ocrx_word' id='word_1_72' title='bbox 294 1379 425 1433; x_wconf 82' lang='lat' dir='ltr'><strong>tiem</strong></span> <span class='ocrx_word' id='word_1_73' title='bbox 474 1393 505 1432; x_wconf 91' lang='lat' dir='ltr'><strong>a</strong></span> <span class='ocrx_word' id='word_1_74' title='bbox 559 1378 809 1449; x_wconf 87' lang='lat' dir='ltr'><strong>peccatis.</strong></span> <span class='ocrx_word' id='word_1_75' title='bbox 863 1378 979 1431; x_wconf 94' lang='lat' dir='ltr'><strong>Duo</strong></span> <span class='ocrx_word' id='word_1_76' title='bbox 1029 1376 1125 1430; x_wconf 88' lang='lat' dir='ltr'><strong>ﬁlii</strong></span> <span class='ocrx_word' id='word_1_77' title='bbox 1186 1373 1755 1443; x_wconf 79' lang='lat' dir='ltr'><strong>benedicunturzquia</strong></span> <span class='ocrx_word' id='word_1_78' title='bbox 1783 1372 1889 1427; x_wconf 93' lang='lat' dir='ltr'><strong>duo</strong></span> 
     </span>
    </p>
   </div>
   <div class='ocr_carea' id='block_1_14' title="bbox 290 1465 1890 1541">
    <p class='ocr_par' dir='ltr' id='par_1_14' title="bbox 290 1465 1890 1541">
     <span class='ocr_line' id='line_1_14' title="bbox 290 1465 1890 1541; baseline -0.005 -14"><span class='ocrx_word' id='word_1_79' title='bbox 290 1486 495 1541; x_wconf 85' lang='lat' dir='ltr'><strong>genera</strong></span> <span class='ocrx_word' id='word_1_80' title='bbox 538 1470 807 1527; x_wconf 87' lang='lat' dir='ltr'><strong>benedicit</strong></span> <span class='ocrx_word' id='word_1_81' title='bbox 866 1469 1129 1524; x_wconf 86' lang='lat' dir='ltr'><strong>Ecclesia.</strong></span> <span class='ocrx_word' id='word_1_82' title='bbox 1186 1466 1466 1536; x_wconf 80' lang='lat' dir='ltr'><strong>Quomodo</strong></span> <span class='ocrx_word' id='word_1_83' title='bbox 1513 1468 1648 1522; x_wconf 92' lang='lat' dir='ltr'><strong>duos</strong></span> <span class='ocrx_word' id='word_1_84' title='bbox 1686 1465 1890 1535; x_wconf 85' lang='lat' dir='ltr'><strong>peperit</strong></span> 
     </span>
    </p>
   </div>
   <div class='ocr_carea' id='block_1_15' title="bbox 292 1560 1892 1635">
    <p class='ocr_par' dir='ltr' id='par_1_15' title="bbox 292 1560 1892 1635">
     <span class='ocr_line' id='line_1_15' title="bbox 292 1560 1892 1635; baseline -0.005 -14"><span class='ocrx_word' id='word_1_85' title='bbox 292 1565 568 1631; x_wconf 82' lang='lat' dir='ltr'><strong>Rebecca,</strong></span> <span class='ocrx_word' id='word_1_86' title='bbox 596 1573 919 1635; x_wconf 81' lang='lat' dir='ltr'><strong>generantur</strong></span> <span class='ocrx_word' id='word_1_87' title='bbox 948 1564 1000 1617; x_wconf 94' lang='lat' dir='ltr'><strong>in</strong></span> <span class='ocrx_word' id='word_1_88' title='bbox 1030 1571 1181 1617; x_wconf 89' lang='lat' dir='ltr'><strong>utero</strong></span> <span class='ocrx_word' id='word_1_89' title='bbox 1207 1562 1465 1617; x_wconf 71' lang='lat' dir='ltr'><strong>Ecclesia:</strong></span> <span class='ocrx_word' id='word_1_90' title='bbox 1492 1560 1617 1627; x_wconf 93' lang='lat' dir='ltr'><strong>duo,</strong></span> <span class='ocrx_word' id='word_1_91' title='bbox 1644 1576 1781 1615; x_wconf 92' lang='lat' dir='ltr'><strong>unus</strong></span> <span class='ocrx_word' id='word_1_92' title='bbox 1812 1560 1892 1629; x_wconf 89' lang='lat' dir='ltr'><strong>pi-</strong></span> 
     </span>
    </p>
   </div>
   <div class='ocr_carea' id='block_1_16' title="bbox 288 1653 1885 1725">
    <p class='ocr_par' dir='ltr' id='par_1_16' title="bbox 288 1653 1885 1725">
     <span class='ocr_line' id='line_1_16' title="bbox 288 1653 1885 1725; baseline -0.003 -14"><span class='ocrx_word' id='word_1_93' title='bbox 288 1657 460 1719; x_wconf 89' lang='lat' dir='ltr'><strong>losus,</strong></span> <span class='ocrx_word' id='word_1_94' title='bbox 492 1656 631 1711; x_wconf 89' lang='lat' dir='ltr'><strong>alter</strong></span> <span class='ocrx_word' id='word_1_95' title='bbox 658 1656 791 1710; x_wconf 91' lang='lat' dir='ltr'><strong>lenis</strong></span> <span class='ocrx_word' id='word_1_96' title='bbox 818 1673 830 1708; x_wconf 90' lang='lat'><strong>:</strong></span> <span class='ocrx_word' id='word_1_97' title='bbox 862 1670 1087 1725; x_wconf 89' lang='lat' dir='ltr'><strong>quorum</strong></span> <span class='ocrx_word' id='word_1_98' title='bbox 1127 1653 1492 1709; x_wconf 88' lang='lat' dir='ltr'><strong>diversitatem</strong></span> <span class='ocrx_word' id='word_1_99' title='bbox 1520 1653 1885 1723; x_wconf 84' lang='lat' dir='ltr'><strong>exposuimus.</strong></span> 
     </span>
    </p>
   </div>
   <div class='ocr_carea' id='block_1_17' title="bbox 284 1745 1889 1819">
    <p class='ocr_par' dir='ltr' id='par_1_17' title="bbox 284 1745 1889 1819">
     <span class='ocr_line' id='line_1_17' title="bbox 284 1745 1889 1819; baseline -0.002 -16"><span class='ocrx_word' id='word_1_100' title='bbox 284 1748 427 1819; x_wconf 86' lang='lat' dir='ltr'><strong>Sunt</strong></span> <span class='ocrx_word' id='word_1_101' title='bbox 458 1751 605 1803; x_wconf 88' lang='lat' dir='ltr'><strong>enim</strong></span> <span class='ocrx_word' id='word_1_102' title='bbox 632 1748 877 1803; x_wconf 89' lang='lat' dir='ltr'><strong>homines</strong></span> <span class='ocrx_word' id='word_1_103' title='bbox 914 1747 1006 1817; x_wconf 91' lang='lat' dir='ltr'><strong>qui</strong></span> <span class='ocrx_word' id='word_1_104' title='bbox 1045 1761 1144 1801; x_wconf 91' lang='lat' dir='ltr'><strong>nec</strong></span> <span class='ocrx_word' id='word_1_105' title='bbox 1186 1757 1307 1816; x_wconf 88' lang='lat' dir='ltr'><strong>post</strong></span> <span class='ocrx_word' id='word_1_106' title='bbox 1348 1746 1677 1815; x_wconf 84' lang='lat' dir='ltr'><strong>Baptismum</strong></span> <span class='ocrx_word' id='word_1_107' title='bbox 1705 1745 1889 1800; x_wconf 90' lang='lat' dir='ltr'><strong>volunt</strong></span> 
     </span>
    </p>
   </div>
   <div class='ocr_carea' id='block_1_18' title="bbox 285 1838 1886 1911">
    <p class='ocr_par' dir='ltr' id='par_1_18' title="bbox 285 1838 1886 1911">
     <span class='ocr_line' id='line_1_18' title="bbox 285 1838 1886 1911; baseline -0.002 -16"><span class='ocrx_word' id='word_1_108' title='bbox 285 1841 570 1896; x_wconf 88' lang='lat' dir='ltr'><strong>dimittere</strong></span> <span class='ocrx_word' id='word_1_109' title='bbox 612 1847 831 1911; x_wconf 88' lang='lat' dir='ltr'><strong>peccata</strong></span> <span class='ocrx_word' id='word_1_110' title='bbox 858 1853 974 1903; x_wconf 88' lang='lat' dir='ltr'><strong>sua,</strong></span> <span class='ocrx_word' id='word_1_111' title='bbox 1008 1846 1062 1893; x_wconf 89' lang='lat' dir='ltr'><strong>et</strong></span> <span class='ocrx_word' id='word_1_112' title='bbox 1087 1854 1149 1893; x_wconf 89' lang='lat' dir='ltr'><strong>ea</strong></span> <span class='ocrx_word' id='word_1_113' title='bbox 1178 1838 1363 1891; x_wconf 88' lang='lat' dir='ltr'><strong>volunt</strong></span> <span class='ocrx_word' id='word_1_114' title='bbox 1391 1838 1564 1892; x_wconf 83' lang='lat' dir='ltr'><strong>facere</strong></span> <span class='ocrx_word' id='word_1_115' title='bbox 1590 1852 1706 1907; x_wconf 74' lang='lat' dir='ltr'><strong>qua:</strong></span> <span class='ocrx_word' id='word_1_116' title='bbox 1730 1846 1886 1891; x_wconf 89' lang='lat' dir='ltr'><strong>antea</strong></span> 
     </span>
    </p>
   </div>
   <div class='ocr_carea' id='block_1_19' title="bbox 285 1928 1888 2001">
    <p class='ocr_par' dir='ltr' id='par_1_19' title="bbox 285 1928 1888 2001">
     <span class='ocr_line' id='line_1_19' title="bbox 285 1928 1888 2001; baseline -0.002 -15"><span class='ocrx_word' id='word_1_117' title='bbox 285 1931 586 1986; x_wconf 82' lang='lat' dir='ltr'><strong>faciebant.</strong></span> <span class='ocrx_word' id='word_1_118' title='bbox 616 1930 778 1986; x_wconf 78' lang='lat' dir='ltr'><strong>Verbi</strong></span> <span class='ocrx_word' id='word_1_119' title='bbox 822 1930 1010 2001; x_wconf 90' lang='lat' dir='ltr'><strong>gratia,</strong></span> <span class='ocrx_word' id='word_1_120' title='bbox 1042 1930 1087 1983; x_wconf 89' lang='lat' dir='ltr'><strong>si</strong></span> <span class='ocrx_word' id='word_1_121' title='bbox 1131 1928 1392 1983; x_wconf 85' lang='lat' dir='ltr'><strong>faciebant</strong></span> <span class='ocrx_word' id='word_1_122' title='bbox 1440 1928 1669 1995; x_wconf 82' lang='lat' dir='ltr'><strong>fraudes,</strong></span> <span class='ocrx_word' id='word_1_123' title='bbox 1704 1930 1888 1983; x_wconf 88' lang='lat' dir='ltr'><strong>volunt</strong></span> 
     </span>
    </p>
   </div>
   <div class='ocr_carea' id='block_1_20' title="bbox 285 2020 1887 2091">
    <p class='ocr_par' dir='ltr' id='par_1_20' title="bbox 285 2020 1887 2091">
     <span class='ocr_line' id='line_1_20' title="bbox 285 2020 1887 2091; baseline -0.003 -12"><span class='ocrx_word' id='word_1_124' title='bbox 285 2026 487 2080; x_wconf 83' lang='lat' dir='ltr'><strong>iterum</strong></span> <span class='ocrx_word' id='word_1_125' title='bbox 545 2024 792 2079; x_wconf 83' lang='lat' dir='ltr'><strong>fraudare</strong></span> <span class='ocrx_word' id='word_1_126' title='bbox 842 2040 855 2076; x_wconf 92' lang='lat'>:</span> <span class='ocrx_word' id='word_1_127' title='bbox 897 2023 943 2078; x_wconf 89' lang='lat' dir='ltr'><strong>si</strong></span> <span class='ocrx_word' id='word_1_128' title='bbox 996 2020 1330 2077; x_wconf 90' lang='lat' dir='ltr'><strong>mendacium</strong></span> <span class='ocrx_word' id='word_1_129' title='bbox 1375 2020 1645 2091; x_wconf 75' lang='lat' dir='ltr'><strong>iurabant,</strong></span> <span class='ocrx_word' id='word_1_130' title='bbox 1700 2021 1887 2075; x_wconf 90' lang='lat' dir='ltr'><strong>volunt</strong></span> 
     </span>
    </p>
   </div>
   <div class='ocr_carea' id='block_1_21' title="bbox 287 2112 1882 2187">
    <p class='ocr_par' dir='ltr' id='par_1_21' title="bbox 287 2112 1882 2187">
     <span class='ocr_line' id='line_1_21' title="bbox 287 2112 1882 2187; baseline -0.004 -15"><span class='ocrx_word' id='word_1_131' title='bbox 287 2118 469 2173; x_wconf 84' lang='lat' dir='ltr'><strong>adhuc</strong></span> <span class='ocrx_word' id='word_1_132' title='bbox 514 2118 758 2187; x_wconf 88' lang='lat' dir='ltr'><strong>pejerare</strong></span> <span class='ocrx_word' id='word_1_133' title='bbox 777 2134 789 2169; x_wconf 91' lang='lat'><strong>:</strong></span> <span class='ocrx_word' id='word_1_134' title='bbox 810 2115 854 2169; x_wconf 90' lang='lat' dir='ltr'><strong>si</strong></span> <span class='ocrx_word' id='word_1_135' title='bbox 883 2114 1371 2169; x_wconf 85' lang='lat' dir='ltr'><strong>circumveniebant</strong></span> <span class='ocrx_word' id='word_1_136' title='bbox 1393 2112 1528 2167; x_wconf 93' lang='lat' dir='ltr'><strong>dolis</strong></span> <span class='ocrx_word' id='word_1_137' title='bbox 1552 2112 1882 2176; x_wconf 86' lang='lat' dir='ltr'><strong>innocentes,</strong></span> 
     </span>
    </p>
   </div>
   <div class='ocr_carea' id='block_1_22' title="bbox 284 2206 1881 2277">
    <p class='ocr_par' dir='ltr' id='par_1_22' title="bbox 284 2206 1881 2277">
     <span class='ocr_line' id='line_1_22' title="bbox 284 2206 1881 2277; baseline -0.004 -11"><span class='ocrx_word' id='word_1_138' title='bbox 284 2214 482 2268; x_wconf 84' lang='lat' dir='ltr'><strong>volunt</strong></span> <span class='ocrx_word' id='word_1_139' title='bbox 524 2212 703 2265; x_wconf 89' lang='lat' dir='ltr'><strong>adhuc</strong></span> <span class='ocrx_word' id='word_1_140' title='bbox 729 2210 1148 2265; x_wconf 82' lang='lat' dir='ltr'><strong>circumvenire:</strong></span> <span class='ocrx_word' id='word_1_141' title='bbox 1176 2209 1220 2264; x_wconf 90' lang='lat' dir='ltr'><strong>si</strong></span> <span class='ocrx_word' id='word_1_142' title='bbox 1246 2207 1531 2263; x_wconf 92' lang='lat' dir='ltr'><strong>homicidia</strong></span> <span class='ocrx_word' id='word_1_143' title='bbox 1557 2206 1881 2277; x_wconf 79' lang='lat' dir='ltr'><strong>cogitabant,</strong></span> 
     </span>
    </p>
   </div>
   <div class='ocr_carea' id='block_1_23' title="bbox 285 2300 1884 2374">
    <p class='ocr_par' dir='ltr' id='par_1_23' title="bbox 285 2300 1884 2374">
     <span class='ocr_line' id='line_1_23' title="bbox 285 2300 1884 2374; baseline -0.004 -15"><span class='ocrx_word' id='word_1_144' title='bbox 285 2305 481 2359; x_wconf 85' lang='lat' dir='ltr'><strong>eadem</strong></span> <span class='ocrx_word' id='word_1_145' title='bbox 508 2304 744 2374; x_wconf 90' lang='lat' dir='ltr'><strong>cogitant</strong></span> <span class='ocrx_word' id='word_1_146' title='bbox 764 2322 775 2357; x_wconf 92' lang='lat'>:</span> <span class='ocrx_word' id='word_1_147' title='bbox 793 2303 837 2357; x_wconf 91' lang='lat' dir='ltr'><strong>si</strong></span> <span class='ocrx_word' id='word_1_148' title='bbox 866 2302 1285 2369; x_wconf 88' lang='lat' dir='ltr'><strong>fornicabantur,</strong></span> <span class='ocrx_word' id='word_1_149' title='bbox 1301 2302 1343 2354; x_wconf 94' lang='lat' dir='ltr'><strong>si</strong></span> <span class='ocrx_word' id='word_1_150' title='bbox 1374 2300 1789 2366; x_wconf 88' lang='lat' dir='ltr'><strong>inebriabantur,</strong></span> <span class='ocrx_word' id='word_1_151' title='bbox 1820 2314 1884 2354; x_wconf 89' lang='lat' dir='ltr'><strong>ea</strong></span> 
     </span>
    </p>
   </div>
   <div class='ocr_carea' id='block_1_24' title="bbox 286 2393 1880 2466">
    <p class='ocr_par' dir='ltr' id='par_1_24' title="bbox 286 2393 1880 2466">
     <span class='ocr_line' id='line_1_24' title="bbox 286 2393 1880 2466; baseline -0.004 -15"><span class='ocrx_word' id='word_1_152' title='bbox 286 2397 401 2466; x_wconf 86' lang='lat' dir='ltr'><strong>ipsa</strong></span> <span class='ocrx_word' id='word_1_153' title='bbox 439 2396 792 2450; x_wconf 81' lang='lat' dir='ltr'><strong>nihilominus</strong></span> <span class='ocrx_word' id='word_1_154' title='bbox 829 2393 1049 2449; x_wconf 88' lang='lat' dir='ltr'><strong>faciunt.</strong></span> <span class='ocrx_word' id='word_1_155' title='bbox 1083 2394 1221 2448; x_wconf 84' lang='lat' dir='ltr'><strong>Ecce</strong></span> <span class='ocrx_word' id='word_1_156' title='bbox 1273 2393 1413 2447; x_wconf 88' lang='lat' dir='ltr'><strong>Esau</strong></span> <span class='ocrx_word' id='word_1_157' title='bbox 1460 2402 1615 2447; x_wconf 90' lang='lat' dir='ltr'><strong>natus</strong></span> <span class='ocrx_word' id='word_1_158' title='bbox 1658 2393 1880 2462; x_wconf 91' lang='lat' dir='ltr'><strong>pilosus.</strong></span> 
     </span>
    </p>
   </div>
   <div class='ocr_carea' id='block_1_25' title="bbox 282 2485 1885 2558">
    <p class='ocr_par' dir='ltr' id='par_1_25' title="bbox 282 2485 1885 2558">
     <span class='ocr_line' id='line_1_25' title="bbox 282 2485 1885 2558; baseline -0.002 -13"><span class='ocrx_word' id='word_1_159' title='bbox 282 2490 421 2558; x_wconf 83' lang='lat' dir='ltr'><strong>Quid</strong></span> <span class='ocrx_word' id='word_1_160' title='bbox 443 2489 572 2543; x_wconf 84' lang='lat' dir='ltr'><strong>facit</strong></span> <span class='ocrx_word' id='word_1_161' title='bbox 590 2488 1013 2545; x_wconf 87' lang='lat' dir='ltr'><strong>Jacob?Dicitur</strong></span> <span class='ocrx_word' id='word_1_162' title='bbox 1036 2488 1084 2543; x_wconf 91' lang='lat' dir='ltr'><strong>ei</strong></span> <span class='ocrx_word' id='word_1_163' title='bbox 1110 2502 1139 2540; x_wconf 90' lang='lat' dir='ltr'><strong>a</strong></span> <span class='ocrx_word' id='word_1_164' title='bbox 1175 2494 1342 2541; x_wconf 88' lang='lat' dir='ltr'><strong>matre</strong></span> <span class='ocrx_word' id='word_1_165' title='bbox 1368 2504 1379 2539; x_wconf 94' lang='lat'><strong>:</strong></span> <span class='ocrx_word' id='word_1_166' title='bbox 1405 2485 1569 2551; x_wconf 85' lang='lat' dir='ltr'><strong>Vade,</strong></span> <span class='ocrx_word' id='word_1_167' title='bbox 1607 2485 1885 2541; x_wconf 89' lang='lat' dir='ltr'><strong>benedicat</strong></span> 
     </span>
    </p>
   </div>
   <div class='ocr_carea' id='block_1_26' title="bbox 286 2576 1885 2653">
    <p class='ocr_par' dir='ltr' id='par_1_26' title="bbox 286 2576 1885 2653">
     <span class='ocr_line' id='line_1_26' title="bbox 286 2576 1885 2653; baseline -0.005 -14"><span class='ocrx_word' id='word_1_168' title='bbox 286 2594 339 2639; x_wconf 89' lang='lat' dir='ltr'><strong>te</strong></span> <span class='ocrx_word' id='word_1_169' title='bbox 389 2594 549 2653; x_wconf 88' lang='lat' dir='ltr'><strong>pater</strong></span> <span class='ocrx_word' id='word_1_170' title='bbox 586 2592 727 2637; x_wconf 90' lang='lat' dir='ltr'><strong>tuus.</strong></span> <span class='ocrx_word' id='word_1_171' title='bbox 762 2582 827 2636; x_wconf 89' lang='lat' dir='ltr'><strong>Et</strong></span> <span class='ocrx_word' id='word_1_172' title='bbox 868 2580 1017 2645; x_wconf 88' lang='lat' dir='ltr'><strong>dicit,</strong></span> <span class='ocrx_word' id='word_1_173' title='bbox 1048 2579 1254 2643; x_wconf 86' lang='lat' dir='ltr'><strong>Timeo,</strong></span> <span class='ocrx_word' id='word_1_174' title='bbox 1298 2594 1403 2631; x_wconf 91' lang='lat' dir='ltr'><strong>non</strong></span> <span class='ocrx_word' id='word_1_175' title='bbox 1447 2577 1721 2632; x_wconf 87' lang='lat' dir='ltr'><strong>accedam.</strong></span> <span class='ocrx_word' id='word_1_176' title='bbox 1748 2576 1885 2631; x_wconf 90' lang='lat' dir='ltr'><strong>Sunt</strong></span> 
     </span>
    </p>
   </div>
   <div class='ocr_carea' id='block_1_27' title="bbox 287 2669 1881 2741">
    <p class='ocr_par' dir='ltr' id='par_1_27' title="bbox 287 2669 1881 2741">
     <span class='ocr_line' id='line_1_27' title="bbox 287 2669 1881 2741; baseline -0.004 -12"><span class='ocrx_word' id='word_1_177' title='bbox 287 2676 434 2729; x_wconf 84' lang='lat' dir='ltr'><strong>enim</strong></span> <span class='ocrx_word' id='word_1_178' title='bbox 456 2674 704 2728; x_wconf 87' lang='lat' dir='ltr'><strong>homines</strong></span> <span class='ocrx_word' id='word_1_179' title='bbox 730 2673 782 2727; x_wconf 91' lang='lat' dir='ltr'><strong>in</strong></span> <span class='ocrx_word' id='word_1_180' title='bbox 811 2671 1170 2741; x_wconf 87' lang='lat' dir='ltr'><strong>Ecclesia,qui</strong></span> <span class='ocrx_word' id='word_1_181' title='bbox 1190 2671 1378 2725; x_wconf 88' lang='lat' dir='ltr'><strong>timent</strong></span> <span class='ocrx_word' id='word_1_182' title='bbox 1399 2669 1611 2724; x_wconf 89' lang='lat' dir='ltr'><strong>misceri</strong></span> <span class='ocrx_word' id='word_1_183' title='bbox 1634 2679 1881 2739; x_wconf 87' lang='lat' dir='ltr'><strong>peccato-</strong></span> 
     </span>
    </p>
   </div>
   <div class='ocr_carea' id='block_1_28' title="bbox 288 2762 1879 2834">
    <p class='ocr_par' dir='ltr' id='par_1_28' title="bbox 288 2762 1879 2834">
     <span class='ocr_line' id='line_1_28' title="bbox 288 2762 1879 2834; baseline -0.003 -14"><span class='ocrx_word' id='word_1_184' title='bbox 288 2766 462 2832; x_wconf 82' lang='lat' dir='ltr'><strong>ribus,</strong></span> <span class='ocrx_word' id='word_1_185' title='bbox 490 2781 561 2819; x_wconf 91' lang='lat' dir='ltr'><strong>ne</strong></span> <span class='ocrx_word' id='word_1_186' title='bbox 590 2765 743 2834; x_wconf 90' lang='lat' dir='ltr'><strong>quasi</strong></span> <span class='ocrx_word' id='word_1_187' title='bbox 773 2780 869 2833; x_wconf 89' lang='lat' dir='ltr'><strong>per</strong></span> <span class='ocrx_word' id='word_1_188' title='bbox 904 2763 1231 2818; x_wconf 85' lang='lat' dir='ltr'><strong>consortium</strong></span> <span class='ocrx_word' id='word_1_189' title='bbox 1266 2770 1604 2832; x_wconf 89' lang='lat' dir='ltr'><strong>peccatorum</strong></span> <span class='ocrx_word' id='word_1_190' title='bbox 1628 2762 1681 2816; x_wconf 89' lang='lat' dir='ltr'><strong>in</strong></span> <span class='ocrx_word' id='word_1_191' title='bbox 1704 2763 1879 2815; x_wconf 90' lang='lat' dir='ltr'><strong>unita-</strong></span> 
     </span>
    </p>
   </div>
   <div class='ocr_carea' id='block_1_29' title="bbox 284 2856 1878 2928">
    <p class='ocr_par' dir='ltr' id='par_1_29' title="bbox 284 2856 1878 2928">
     <span class='ocr_line' id='line_1_29' title="bbox 284 2856 1878 2928; baseline -0.004 -14"><span class='ocrx_word' id='word_1_192' title='bbox 284 2868 338 2914; x_wconf 89' lang='lat' dir='ltr'><strong>te</strong></span> <span class='ocrx_word' id='word_1_193' title='bbox 360 2860 720 2925; x_wconf 88' lang='lat' dir='ltr'><strong>maculentur,</strong></span> <span class='ocrx_word' id='word_1_194' title='bbox 742 2867 796 2913; x_wconf 91' lang='lat' dir='ltr'><strong>et</strong></span> <span class='ocrx_word' id='word_1_195' title='bbox 818 2873 912 2928; x_wconf 91' lang='lat' dir='ltr'><strong>per</strong></span> <span class='ocrx_word' id='word_1_196' title='bbox 930 2856 1163 2912; x_wconf 57' lang='lat' dir='ltr'><strong>haereses</strong></span> <span class='ocrx_word' id='word_1_197' title='bbox 1200 2865 1254 2911; x_wconf 91' lang='lat' dir='ltr'><strong>et</strong></span> <span class='ocrx_word' id='word_1_198' title='bbox 1288 2856 1574 2910; x_wconf 85' lang='lat' dir='ltr'><strong>schismata</strong></span> <span class='ocrx_word' id='word_1_199' title='bbox 1597 2864 1819 2925; x_wconf 87' lang='lat' dir='ltr'><strong>pereant</strong></span> <span class='ocrx_word' id='word_1_200' title='bbox 1836 2856 1878 2907; x_wconf 84' lang='grc'><strong>².</strong></span> 
     </span>
    </p>
   </div>
   <div class='ocr_carea' id='block_1_30' title="bbox 354 2948 1882 3018">
    <p class='ocr_par' dir='ltr' id='par_1_30' title="bbox 354 2948 1882 3018">
     <span class='ocr_line' id='line_1_30' title="bbox 354 2948 1882 3018; baseline -0.004 -11"><span class='ocrx_word' id='word_1_201' title='bbox 354 2951 588 3007; x_wconf 80' lang='lat' dir='ltr'><strong>CAPUT</strong></span> <span class='ocrx_word' id='word_1_202' title='bbox 623 2950 819 3006; x_wconf 82' lang='lat' dir='ltr'><strong>XV.—</strong></span> <span class='ocrx_word' id='word_1_203' title='bbox 840 2951 926 3006; x_wconf 80' lang='lat'><strong>15.</strong></span> <span class='ocrx_word' id='word_1_204' title='bbox 945 2950 1209 3018; x_wconf 81' lang='lat' dir='ltr'><strong>Quomodo</strong></span> <span class='ocrx_word' id='word_1_205' title='bbox 1228 2948 1387 3002; x_wconf 85' lang='lat' dir='ltr'><strong>Jacob</strong></span> <span class='ocrx_word' id='word_1_206' title='bbox 1409 2950 1515 3003; x_wconf 85' lang='lat' dir='ltr'><strong>sine</strong></span> <span class='ocrx_word' id='word_1_207' title='bbox 1541 2948 1679 3016; x_wconf 84' lang='lat' dir='ltr'><strong>dolo,</strong></span> <span class='ocrx_word' id='word_1_208' title='bbox 1704 2956 1749 3003; x_wconf 90' lang='lat' dir='ltr'><strong>et</strong></span> <span class='ocrx_word' id='word_1_209' title='bbox 1766 2964 1882 3001; x_wconf 72' lang='lat' dir='ltr'><strong>cum</strong></span> 
     </span>
    </p>
   </div>
   <div class='ocr_carea' id='block_1_31' title="bbox 284 3041 1878 3115">
    <p class='ocr_par' dir='ltr' id='par_1_31' title="bbox 284 3041 1878 3115">
     <span class='ocr_line' id='line_1_31' title="bbox 284 3041 1878 3115; baseline -0.004 -15"><span class='ocrx_word' id='word_1_210' title='bbox 284 3046 425 3100; x_wconf 81' lang='lat' dir='ltr'><strong>dolo.</strong></span> <span class='ocrx_word' id='word_1_211' title='bbox 456 3045 597 3112; x_wconf 84' lang='lat' dir='ltr'><strong>Quid</strong></span> <span class='ocrx_word' id='word_1_212' title='bbox 643 3059 772 3115; x_wconf 88' lang='lat' dir='ltr'><strong>ergo</strong></span> <span class='ocrx_word' id='word_1_213' title='bbox 815 3044 1011 3099; x_wconf 90' lang='lat' dir='ltr'><strong>dicitur</strong></span> <span class='ocrx_word' id='word_1_214' title='bbox 1058 3043 1180 3098; x_wconf 88' lang='lat' dir='ltr'><strong>huic</strong></span> <span class='ocrx_word' id='word_1_215' title='bbox 1220 3043 1391 3111; x_wconf 93' lang='lat' dir='ltr'><strong>piloso</strong></span> <span class='ocrx_word' id='word_1_216' title='bbox 1441 3043 1601 3108; x_wconf 89' lang='lat' dir='ltr'><strong>Esau,</strong></span> <span class='ocrx_word' id='word_1_217' title='bbox 1642 3041 1732 3111; x_wconf 88' lang='lat' dir='ltr'><strong>qui</strong></span> <span class='ocrx_word' id='word_1_218' title='bbox 1774 3056 1878 3095; x_wconf 80' lang='lat' dir='ltr'><strong>non</strong></span> 
     </span>
    </p>
   </div>
   <div class='ocr_carea' id='block_1_32' title="bbox 286 3134 1882 3194">
    <p class='ocr_par' dir='ltr' id='par_1_32' title="bbox 286 3134 1882 3194">
     <span class='ocr_line' id='line_1_32' title="bbox 286 3134 1882 3194; baseline -0.004 -1"><span class='ocrx_word' id='word_1_219' title='bbox 286 3138 426 3193; x_wconf 87' lang='lat' dir='ltr'><strong>bene</strong></span> <span class='ocrx_word' id='word_1_220' title='bbox 450 3147 804 3193; x_wconf 88' lang='lat' dir='ltr'><strong>conversatus</strong></span> <span class='ocrx_word' id='word_1_221' title='bbox 824 3137 972 3194; x_wconf 90' lang='lat' dir='ltr'><strong>estin</strong></span> <span class='ocrx_word' id='word_1_222' title='bbox 998 3135 1194 3191; x_wconf 90' lang='lat' dir='ltr'><strong>domo?</strong></span> <span class='ocrx_word' id='word_1_223' title='bbox 1221 3136 1352 3190; x_wconf 88' lang='lat' dir='ltr'><strong>Nam</strong></span> <span class='ocrx_word' id='word_1_224' title='bbox 1377 3143 1432 3190; x_wconf 90' lang='lat' dir='ltr'><strong>et</strong></span> <span class='ocrx_word' id='word_1_225' title='bbox 1455 3134 1558 3190; x_wconf 88' lang='lat' dir='ltr'><strong>hoc</strong></span> <span class='ocrx_word' id='word_1_226' title='bbox 1577 3134 1644 3189; x_wconf 93' lang='lat' dir='ltr'><strong>de</strong></span> <span class='ocrx_word' id='word_1_227' title='bbox 1674 3134 1777 3188; x_wconf 88' lang='lat' dir='ltr'><strong>illis</strong></span> <span class='ocrx_word' id='word_1_228' title='bbox 1801 3134 1882 3188; x_wconf 88' lang='lat' dir='ltr'><strong>di-</strong></span> 
     </span>
    </p>
   </div>
   <div class='ocr_carea' id='block_1_33' title="bbox 283 3226 1881 3301">
    <p class='ocr_par' dir='ltr' id='par_1_33' title="bbox 283 3226 1881 3301">
     <span class='ocr_line' id='line_1_33' title="bbox 283 3226 1881 3301; baseline -0.001 -17"><span class='ocrx_word' id='word_1_229' title='bbox 283 3232 425 3285; x_wconf 85' lang='lat' dir='ltr'><strong>citur</strong></span> <span class='ocrx_word' id='word_1_230' title='bbox 448 3249 461 3283; x_wconf 89' lang='lat'>:</span> <span class='ocrx_word' id='word_1_231' title='bbox 487 3229 618 3283; x_wconf 85' lang='lat' dir='ltr'><strong>Erat</strong></span> <span class='ocrx_word' id='word_1_232' title='bbox 646 3230 733 3284; x_wconf 88' lang='lat' dir='ltr'><strong>ille</strong></span> <span class='ocrx_word' id='word_1_233' title='bbox 760 3232 969 3301; x_wconf 85' lang='lat' dir='ltr'><strong>agrestis</strong></span> <span class='ocrx_word' id='word_1_234' title='bbox 994 3237 1218 3294; x_wconf 84' lang='lat' dir='ltr'><strong>venator,</strong></span> <span class='ocrx_word' id='word_1_235' title='bbox 1246 3226 1405 3281; x_wconf 85' lang='lat' dir='ltr'><strong>Jacob</strong></span> <span class='ocrx_word' id='word_1_236' title='bbox 1436 3235 1604 3281; x_wconf 86' lang='lat' dir='ltr'><strong>autem</strong></span> <span class='ocrx_word' id='word_1_237' title='bbox 1627 3227 1736 3281; x_wconf 88' lang='lat' dir='ltr'><strong>sine</strong></span> <span class='ocrx_word' id='word_1_238' title='bbox 1763 3228 1881 3283; x_wconf 90' lang='lat' dir='ltr'><strong>dolo</strong></span> 
     </span>
    </p>
   </div>
   <div class='ocr_carea' id='block_1_34' title="bbox 283 3318 1881 3393">
    <p class='ocr_par' dir='ltr' id='par_1_34' title="bbox 283 3318 1881 3393">
     <span class='ocr_line' id='line_1_34' title="bbox 283 3318 1881 3393; baseline -0.001 -16"><span class='ocrx_word' id='word_1_239' title='bbox 283 3323 680 3378; x_wconf 76' lang='lat' dir='ltr'><strong>conversabatur</strong></span> <span class='ocrx_word' id='word_1_240' title='bbox 715 3324 769 3377; x_wconf 89' lang='lat' dir='ltr'><strong>in</strong></span> <span class='ocrx_word' id='word_1_241' title='bbox 813 3323 962 3377; x_wconf 90' lang='lat' dir='ltr'><strong>domo</strong></span> <span class='ocrx_word' id='word_1_242' title='bbox 991 3319 1146 3393; x_wconf 84' lang='lat' dir='ltr'><strong>(Gen.</strong></span> <span class='ocrx_word' id='word_1_243' title='bbox 1180 3337 1303 3387; x_wconf 86' lang='lat' dir='ltr'><strong>xxv,</strong></span> <span class='ocrx_word' id='word_1_244' title='bbox 1334 3318 1450 3392; x_wconf 72' lang='lat'><strong>27).</strong></span> <span class='ocrx_word' id='word_1_245' title='bbox 1479 3318 1709 3389; x_wconf 90' lang='lat' dir='ltr'><strong>Ideoque</strong></span> <span class='ocrx_word' id='word_1_246' title='bbox 1757 3336 1881 3376; x_wconf 89' lang='lat' dir='ltr'><strong>eum</strong></span> 
     </span>
    </p>
   </div>
   <div class='ocr_carea' id='block_1_35' title="bbox 282 3411 1883 3484">
    <p class='ocr_par' dir='ltr' id='par_1_35' title="bbox 282 3411 1883 3484">
     <span class='ocr_line' id='line_1_35' title="bbox 282 3411 1883 3484; baseline -0.002 -14"><span class='ocrx_word' id='word_1_247' title='bbox 282 3416 501 3470; x_wconf 78' lang='lat' dir='ltr'><strong>amabat</strong></span> <span class='ocrx_word' id='word_1_248' title='bbox 546 3425 737 3483; x_wconf 88' lang='lat' dir='ltr'><strong>mater,</strong></span> <span class='ocrx_word' id='word_1_249' title='bbox 766 3415 917 3484; x_wconf 88' lang='lat' dir='ltr'><strong>cujus</strong></span> <span class='ocrx_word' id='word_1_250' title='bbox 947 3413 1407 3469; x_wconf 88' lang='lat' dir='ltr'><strong>conversationem</strong></span> <span class='ocrx_word' id='word_1_251' title='bbox 1447 3411 1656 3468; x_wconf 91' lang='lat' dir='ltr'><strong>dulcem</strong></span> <span class='ocrx_word' id='word_1_252' title='bbox 1686 3414 1883 3467; x_wconf 81' lang='lat' dir='ltr'><strong>sentie-</strong></span> 
     </span>
    </p>
   </div>
   <div class='ocr_carea' id='block_1_36' title="bbox 282 3504 1878 3577">
    <p class='ocr_par' dir='ltr' id='par_1_36' title="bbox 282 3504 1878 3577">
     <span class='ocr_line' id='line_1_36' title="bbox 282 3504 1878 3577; baseline -0.004 -15"><span class='ocrx_word' id='word_1_253' title='bbox 282 3507 395 3563; x_wconf 87' lang='lat' dir='ltr'><strong>bat.</strong></span> <span class='ocrx_word' id='word_1_254' title='bbox 428 3508 552 3577; x_wconf 88' lang='lat' dir='ltr'><strong>Ipse</strong></span> <span class='ocrx_word' id='word_1_255' title='bbox 583 3517 664 3562; x_wconf 89' lang='lat' dir='ltr'><strong>est</strong></span> <span class='ocrx_word' id='word_1_256' title='bbox 686 3506 869 3573; x_wconf 77' lang='lat' dir='ltr'><strong>Iacob,</strong></span> <span class='ocrx_word' id='word_1_257' title='bbox 906 3505 997 3576; x_wconf 87' lang='lat' dir='ltr'><strong>qui</strong></span> <span class='ocrx_word' id='word_1_258' title='bbox 1029 3514 1213 3575; x_wconf 86' lang='lat' dir='ltr'><strong>postea</strong></span> <span class='ocrx_word' id='word_1_259' title='bbox 1239 3505 1535 3574; x_wconf 88' lang='lat' dir='ltr'><strong>appellatus</strong></span> <span class='ocrx_word' id='word_1_260' title='bbox 1578 3512 1660 3559; x_wconf 90' lang='lat' dir='ltr'><strong>est</strong></span> <span class='ocrx_word' id='word_1_261' title='bbox 1696 3504 1878 3572; x_wconf 91' lang='lat' dir='ltr'><strong>Israel,</strong></span> 
     </span>
    </p>
   </div>
   <div class='ocr_carea' id='block_1_37' title="bbox 281 3596 1882 3667">
    <p class='ocr_par' dir='ltr' id='par_1_37' title="bbox 281 3596 1882 3667">
     <span class='ocr_line' id='line_1_37' title="bbox 281 3596 1882 3667; baseline -0.002 -13"><span class='ocrx_word' id='word_1_262' title='bbox 281 3615 409 3655; x_wconf 90' lang='lat' dir='ltr'><strong>cum</strong></span> <span class='ocrx_word' id='word_1_263' title='bbox 436 3600 733 3653; x_wconf 89' lang='lat' dir='ltr'><strong>luctaretur</strong></span> <span class='ocrx_word' id='word_1_264' title='bbox 763 3613 881 3653; x_wconf 91' lang='lat' dir='ltr'><strong>cum</strong></span> <span class='ocrx_word' id='word_1_265' title='bbox 909 3597 1114 3667; x_wconf 81' lang='lat' dir='ltr'><strong>Angelo</strong></span> <span class='ocrx_word' id='word_1_266' title='bbox 1145 3606 1234 3652; x_wconf 91' lang='lat' dir='ltr'><strong>:et</strong></span> <span class='ocrx_word' id='word_1_267' title='bbox 1261 3597 1361 3650; x_wconf 89' lang='lat' dir='ltr'><strong>hoc</strong></span> <span class='ocrx_word' id='word_1_268' title='bbox 1382 3596 1433 3649; x_wconf 93' lang='lat' dir='ltr'><strong>in</strong></span> <span class='ocrx_word' id='word_1_269' title='bbox 1466 3612 1658 3667; x_wconf 89' lang='lat' dir='ltr'><strong>magno</strong></span> <span class='ocrx_word' id='word_1_270' title='bbox 1684 3606 1882 3667; x_wconf 80' lang='lat' dir='ltr'><strong>myste-</strong></span> 
     </span>
    </p>
   </div>
   <div class='ocr_carea' id='block_1_38' title="bbox 283 3685 1879 3759">
    <p class='ocr_par' dir='ltr' id='par_1_38' title="bbox 283 3685 1879 3759">
     <span class='ocr_line' id='line_1_38' title="bbox 283 3685 1879 3759; baseline -0.003 -14"><span class='ocrx_word' id='word_1_271' title='bbox 283 3692 389 3745; x_wconf 90' lang='lat' dir='ltr'><strong>rio.</strong></span> <span class='ocrx_word' id='word_1_272' title='bbox 420 3689 767 3754; x_wconf 86' lang='lat' dir='ltr'><strong>Benedictus,</strong></span> <span class='ocrx_word' id='word_1_273' title='bbox 799 3688 1095 3759; x_wconf 87' lang='lat' dir='ltr'><strong>appellatus</strong></span> <span class='ocrx_word' id='word_1_274' title='bbox 1123 3695 1204 3742; x_wconf 89' lang='lat' dir='ltr'><strong>est</strong></span> <span class='ocrx_word' id='word_1_275' title='bbox 1231 3685 1394 3741; x_wconf 89' lang='lat' dir='ltr'><strong>Israel</strong></span> <span class='ocrx_word' id='word_1_276' title='bbox 1426 3685 1523 3758; x_wconf 91' lang='lat' dir='ltr'><strong>(ld.</strong></span> <span class='ocrx_word' id='word_1_277' title='bbox 1550 3704 1714 3753; x_wconf 69' lang='grc' dir='ltr'><em>χχιιι,</em></span> <span class='ocrx_word' id='word_1_278' title='bbox 1746 3686 1835 3757; x_wconf 72' lang='grc'><strong>28)</strong></span> <span class='ocrx_word' id='word_1_279' title='bbox 1865 3705 1879 3740; x_wconf 88' lang='lat'><strong>:</strong></span> 
     </span>
    </p>
   </div>
   <div class='ocr_carea' id='block_1_39' title="bbox 280 3777 1877 3849">
    <p class='ocr_par' dir='ltr' id='par_1_39' title="bbox 280 3777 1877 3849">
     <span class='ocr_line' id='line_1_39' title="bbox 280 3777 1877 3849; baseline -0.002 -13"><span class='ocrx_word' id='word_1_280' title='bbox 280 3781 520 3848; x_wconf 84' lang='lat' dir='ltr'><strong>ideoque</strong></span> <span class='ocrx_word' id='word_1_281' title='bbox 555 3781 672 3849; x_wconf 87' lang='lat' dir='ltr'><strong>quia</strong></span> <span class='ocrx_word' id='word_1_282' title='bbox 700 3782 816 3835; x_wconf 90' lang='lat' dir='ltr'><strong>sine</strong></span> <span class='ocrx_word' id='word_1_283' title='bbox 846 3779 971 3834; x_wconf 91' lang='lat' dir='ltr'><strong>dolo</strong></span> <span class='ocrx_word' id='word_1_284' title='bbox 1011 3778 1178 3835; x_wconf 60' lang='lat' dir='ltr'><strong>erat”.</strong></span> <span class='ocrx_word' id='word_1_285' title='bbox 1214 3777 1493 3842; x_wconf 87' lang='lat' dir='ltr'><strong>lntendite,</strong></span> <span class='ocrx_word' id='word_1_286' title='bbox 1526 3778 1717 3833; x_wconf 81' lang='lat' dir='ltr'><strong>fratres</strong></span> <span class='ocrx_word' id='word_1_287' title='bbox 1753 3780 1877 3844; x_wconf 91' lang='lat' dir='ltr'><strong>mei,</strong></span> 
     </span>
    </p>
   </div>
   <div class='ocr_carea' id='block_1_40' title="bbox 280 3869 1879 3942">
    <p class='ocr_par' dir='ltr' id='par_1_40' title="bbox 280 3869 1879 3942">
     <span class='ocr_line' id='line_1_40' title="bbox 280 3869 1879 3942; baseline -0.004 -14"><span class='ocrx_word' id='word_1_288' title='bbox 280 3883 341 3928; x_wconf 89' lang='lat' dir='ltr'><strong>et</strong></span> <span class='ocrx_word' id='word_1_289' title='bbox 369 3872 558 3926; x_wconf 82' lang='lat' dir='ltr'><strong>videte</strong></span> <span class='ocrx_word' id='word_1_290' title='bbox 583 3888 732 3942; x_wconf 88' lang='lat' dir='ltr'><strong>quam</strong></span> <span class='ocrx_word' id='word_1_291' title='bbox 760 3872 876 3925; x_wconf 89' lang='lat' dir='ltr'><strong>sine</strong></span> <span class='ocrx_word' id='word_1_292' title='bbox 920 3870 1044 3924; x_wconf 88' lang='lat' dir='ltr'><strong>dolo</strong></span> <span class='ocrx_word' id='word_1_293' title='bbox 1089 3869 1265 3924; x_wconf 87' lang='lat' dir='ltr'><strong>fuerit.</strong></span> <span class='ocrx_word' id='word_1_294' title='bbox 1297 3869 1677 3923; x_wconf 88' lang='lat' dir='ltr'><strong>Nathanaelem</strong></span> <span class='ocrx_word' id='word_1_295' title='bbox 1705 3869 1879 3923; x_wconf 87' lang='lat' dir='ltr'><strong>Domi-</strong></span> 
     </span>
    </p>
   </div>
   <div class='ocr_carea' id='block_1_41' title="bbox 284 3962 1883 4034">
    <p class='ocr_par' dir='ltr' id='par_1_41' title="bbox 284 3962 1883 4034">
     <span class='ocr_line' id='line_1_41' title="bbox 284 3962 1883 4034; baseline -0.001 -14"><span class='ocrx_word' id='word_1_296' title='bbox 284 3982 391 4020; x_wconf 86' lang='lat' dir='ltr'><strong>nus</strong></span> <span class='ocrx_word' id='word_1_297' title='bbox 419 3965 633 4034; x_wconf 88' lang='lat' dir='ltr'><strong>quando</strong></span> <span class='ocrx_word' id='word_1_298' title='bbox 666 3964 817 4029; x_wconf 80' lang='lat' dir='ltr'><strong>vidit,</strong></span> <span class='ocrx_word' id='word_1_299' title='bbox 845 3965 964 4033; x_wconf 86' lang='lat' dir='ltr'><strong>quia</strong></span> <span class='ocrx_word' id='word_1_300' title='bbox 996 3972 1216 4017; x_wconf 89' lang='lat' dir='ltr'><strong>noverat</strong></span> <span class='ocrx_word' id='word_1_301' title='bbox 1240 3964 1408 4033; x_wconf 87' lang='lat' dir='ltr'><strong>qualis</strong></span> <span class='ocrx_word' id='word_1_302' title='bbox 1436 3971 1596 4029; x_wconf 87' lang='lat' dir='ltr'><strong>esset,</strong></span> <span class='ocrx_word' id='word_1_303' title='bbox 1622 3964 1694 4017; x_wconf 90' lang='lat' dir='ltr'><strong>ait</strong></span> <span class='ocrx_word' id='word_1_304' title='bbox 1719 3980 1729 4014; x_wconf 89' lang='lat'>:</span> <span class='ocrx_word' id='word_1_305' title='bbox 1750 3962 1883 4018; x_wconf 85' lang='lat' dir='ltr'><strong>Ecce</strong></span> 
     </span>
    </p>
   </div>
   <div class='ocr_carea' id='block_1_42' title="bbox 286 4054 1882 4129">
    <p class='ocr_par' dir='ltr' id='par_1_42' title="bbox 286 4054 1882 4129">
     <span class='ocr_line' id='line_1_42' title="bbox 286 4054 1882 4129; baseline 0.001 -18"><span class='ocrx_word' id='word_1_306' title='bbox 286 4074 403 4113; x_wconf 81' lang='lat' dir='ltr'><strong>rere</strong></span> <span class='ocrx_word' id='word_1_307' title='bbox 430 4057 695 4124; x_wconf 78' lang='lat' dir='ltr'><strong>Israelita,</strong></span> <span class='ocrx_word' id='word_1_308' title='bbox 739 4058 791 4110; x_wconf 86' lang='lat' dir='ltr'><strong>in</strong></span> <span class='ocrx_word' id='word_1_309' title='bbox 826 4074 923 4127; x_wconf 84' lang='lat' dir='ltr'><strong>quo</strong></span> <span class='ocrx_word' id='word_1_310' title='bbox 962 4056 1107 4109; x_wconf 88' lang='lat' dir='ltr'><strong>dolus</strong></span> <span class='ocrx_word' id='word_1_311' title='bbox 1151 4073 1252 4109; x_wconf 87' lang='lat' dir='ltr'><strong>non</strong></span> <span class='ocrx_word' id='word_1_312' title='bbox 1295 4066 1365 4109; x_wconf 88' lang='lat' dir='ltr'><strong>est</strong></span> <span class='ocrx_word' id='word_1_313' title='bbox 1410 4054 1586 4129; x_wconf 84' lang='lat' dir='ltr'><strong>(Joan.</strong></span> <span class='ocrx_word' id='word_1_314' title='bbox 1617 4072 1652 4117; x_wconf 90' lang='grc' dir='ltr'><strong>ι,</strong></span> <span class='ocrx_word' id='word_1_315' title='bbox 1683 4054 1796 4127; x_wconf 74' lang='grc'><strong>47).</strong></span> <span class='ocrx_word' id='word_1_316' title='bbox 1826 4054 1882 4112; x_wconf 91' lang='lat' dir='ltr'><strong>Si</strong></span> 
     </span>
    </p>
   </div>
   <div class='ocr_carea' id='block_1_43' title="bbox 285 4145 1880 4219">
    <p class='ocr_par' dir='ltr' id='par_1_43' title="bbox 285 4145 1880 4219">
     <span class='ocr_line' id='line_1_43' title="bbox 285 4145 1880 4219; baseline -0.003 -14"><span class='ocrx_word' id='word_1_317' title='bbox 285 4165 417 4219; x_wconf 83' lang='lat' dir='ltr'><strong>ergo</strong></span> <span class='ocrx_word' id='word_1_318' title='bbox 447 4148 573 4203; x_wconf 90' lang='lat' dir='ltr'><strong>ideo</strong></span> <span class='ocrx_word' id='word_1_319' title='bbox 596 4149 695 4204; x_wconf 90' lang='lat' dir='ltr'><strong>iste</strong></span> <span class='ocrx_word' id='word_1_320' title='bbox 723 4146 983 4212; x_wconf 87' lang='lat' dir='ltr'><strong>Israelita,</strong></span> <span class='ocrx_word' id='word_1_321' title='bbox 1012 4145 1133 4216; x_wconf 88' lang='lat' dir='ltr'><strong>quia</strong></span> <span class='ocrx_word' id='word_1_322' title='bbox 1161 4162 1267 4200; x_wconf 92' lang='lat' dir='ltr'><strong>non</strong></span> <span class='ocrx_word' id='word_1_323' title='bbox 1302 4155 1383 4201; x_wconf 92' lang='lat' dir='ltr'><strong>est</strong></span> <span class='ocrx_word' id='word_1_324' title='bbox 1420 4147 1471 4200; x_wconf 93' lang='lat' dir='ltr'><strong>in</strong></span> <span class='ocrx_word' id='word_1_325' title='bbox 1506 4162 1571 4201; x_wconf 88' lang='lat' dir='ltr'><strong>eo</strong></span> <span class='ocrx_word' id='word_1_326' title='bbox 1610 4146 1799 4212; x_wconf 87' lang='lat' dir='ltr'><strong>dolus;</strong></span> <span class='ocrx_word' id='word_1_327' title='bbox 1828 4148 1880 4201; x_wconf 91' lang='lat' dir='ltr'><strong>in</strong></span> 
     </span>
    </p>
   </div>
   <div class='ocr_carea' id='block_1_44' title="bbox 288 4238 1879 4309">
    <p class='ocr_par' dir='ltr' id='par_1_44' title="bbox 288 4238 1879 4309">
     <span class='ocr_line' id='line_1_44' title="bbox 288 4238 1879 4309; baseline 0.001 -16"><span class='ocrx_word' id='word_1_328' title='bbox 288 4242 405 4309; x_wconf 80' lang='lat' dir='ltr'><strong>ipso</strong></span> <span class='ocrx_word' id='word_1_329' title='bbox 433 4241 602 4294; x_wconf 87' lang='lat' dir='ltr'><strong>Israel</strong></span> <span class='ocrx_word' id='word_1_330' title='bbox 628 4241 813 4309; x_wconf 88' lang='lat' dir='ltr'><strong>utique</strong></span> <span class='ocrx_word' id='word_1_331' title='bbox 849 4255 954 4293; x_wconf 91' lang='lat' dir='ltr'><strong>non</strong></span> <span class='ocrx_word' id='word_1_332' title='bbox 985 4245 1100 4292; x_wconf 91' lang='lat' dir='ltr'><strong>erat</strong></span> <span class='ocrx_word' id='word_1_333' title='bbox 1124 4238 1297 4291; x_wconf 87' lang='lat' dir='ltr'><strong>dolus.</strong></span> <span class='ocrx_word' id='word_1_334' title='bbox 1320 4238 1456 4304; x_wconf 90' lang='lat' dir='ltr'><strong>Quid</strong></span> <span class='ocrx_word' id='word_1_335' title='bbox 1477 4238 1577 4292; x_wconf 89' lang='lat' dir='ltr'><strong>sibi</strong></span> <span class='ocrx_word' id='word_1_336' title='bbox 1599 4254 1726 4309; x_wconf 85' lang='lat' dir='ltr'><strong>ergo</strong></span> <span class='ocrx_word' id='word_1_337' title='bbox 1748 4240 1879 4307; x_wconf 88' lang='lat' dir='ltr'><strong>vult,</strong></span> 
     </span>
    </p>
   </div>
   <div class='ocr_carea' id='block_1_45' title="bbox 285 4331 1880 4403">
    <p class='ocr_par' dir='ltr' id='par_1_45' title="bbox 285 4331 1880 4403">
     <span class='ocr_line' id='line_1_45' title="bbox 285 4331 1880 4403; baseline -0.001 -16"><span class='ocrx_word' id='word_1_338' title='bbox 285 4334 430 4403; x_wconf 88' lang='lat' dir='ltr'><strong>quod</strong></span> <span class='ocrx_word' id='word_1_339' title='bbox 458 4334 675 4399; x_wconf 91' lang='lat' dir='ltr'><strong>dicitur,</strong></span> <span class='ocrx_word' id='word_1_340' title='bbox 714 4332 859 4386; x_wconf 84' lang='lat' dir='ltr'><strong>Venit</strong></span> <span class='ocrx_word' id='word_1_341' title='bbox 881 4336 1037 4401; x_wconf 77' lang='lat' dir='ltr'><strong>frater</strong></span> <span class='ocrx_word' id='word_1_342' title='bbox 1063 4341 1175 4384; x_wconf 89' lang='lat' dir='ltr'><strong>tuus</strong></span> <span class='ocrx_word' id='word_1_343' title='bbox 1197 4348 1310 4384; x_wconf 89' lang='lat' dir='ltr'><strong>cum</strong></span> <span class='ocrx_word' id='word_1_344' title='bbox 1336 4331 1471 4395; x_wconf 86' lang='lat' dir='ltr'><strong>dolo,</strong></span> <span class='ocrx_word' id='word_1_345' title='bbox 1493 4342 1538 4385; x_wconf 91' lang='lat' dir='ltr'><strong>et</strong></span> <span class='ocrx_word' id='word_1_346' title='bbox 1565 4332 1769 4386; x_wconf 85' lang='lat' dir='ltr'><strong>abstulit</strong></span> <span class='ocrx_word' id='word_1_347' title='bbox 1796 4335 1880 4386; x_wconf 91' lang='lat' dir='ltr'><strong>be-</strong></span> 
     </span>
    </p>
   </div>
   <div class='ocr_carea' id='block_1_46' title="bbox 286 4422 1883 4495">
    <p class='ocr_par' dir='ltr' id='par_1_46' title="bbox 286 4422 1883 4495">
     <span class='ocr_line' id='line_1_46' title="bbox 286 4422 1883 4495; baseline 0.001 -18"><span class='ocrx_word' id='word_1_348' title='bbox 286 4427 626 4478; x_wconf 78' lang='lat' dir='ltr'><strong>nedictionem</strong></span> <span class='ocrx_word' id='word_1_349' title='bbox 671 4422 820 4495; x_wconf 86' lang='lat' dir='ltr'><strong>(Gen.</strong></span> <span class='ocrx_word' id='word_1_350' title='bbox 873 4440 1041 4487; x_wconf 83' lang='lat' dir='ltr'><strong>xxvn,</strong></span> <span class='ocrx_word' id='word_1_351' title='bbox 1089 4422 1217 4494; x_wconf 77' lang='lat'><strong>&#39;55)?</strong></span> <span class='ocrx_word' id='word_1_352' title='bbox 1247 4422 1371 4477; x_wconf 90' lang='lat' dir='ltr'><strong>Sine</strong></span> <span class='ocrx_word' id='word_1_353' title='bbox 1416 4422 1540 4477; x_wconf 93' lang='lat' dir='ltr'><strong>dolo</strong></span> <span class='ocrx_word' id='word_1_354' title='bbox 1583 4439 1703 4477; x_wconf 90' lang='lat' dir='ltr'><strong>eum</strong></span> <span class='ocrx_word' id='word_1_355' title='bbox 1745 4440 1883 4478; x_wconf 91' lang='lat' dir='ltr'><strong>com-</strong></span> 
     </span>
    </p>
   </div>
   <div class='ocr_carea' id='block_1_47' title="bbox 286 4514 1883 4585">
    <p class='ocr_par' dir='ltr' id='par_1_47' title="bbox 286 4514 1883 4585">
     <span class='ocr_line' id='line_1_47' title="bbox 286 4514 1883 4585; baseline -0.002 -13"><span class='ocrx_word' id='word_1_356' title='bbox 286 4517 509 4572; x_wconf 78' lang='lat' dir='ltr'><strong>mendat</strong></span> <span class='ocrx_word' id='word_1_357' title='bbox 535 4516 810 4585; x_wconf 88' lang='lat' dir='ltr'><strong>Scriptura</strong></span> <span class='ocrx_word' id='word_1_358' title='bbox 852 4523 1259 4570; x_wconf 88' lang='lat' dir='ltr'><strong>conversantem</strong></span> <span class='ocrx_word' id='word_1_359' title='bbox 1305 4515 1357 4567; x_wconf 92' lang='lat' dir='ltr'><strong>in</strong></span> <span class='ocrx_word' id='word_1_360' title='bbox 1400 4514 1560 4568; x_wconf 86' lang='lat' dir='ltr'><strong>domo</strong></span> <span class='ocrx_word' id='word_1_361' title='bbox 1588 4530 1601 4566; x_wconf 89' lang='lat'><strong>:</strong></span> <span class='ocrx_word' id='word_1_362' title='bbox 1628 4515 1883 4570; x_wconf 89' lang='lat' dir='ltr'><strong>Dominus</strong></span> 
     </span>
    </p>
   </div>
   <div class='ocr_carea' id='block_1_48' title="bbox 288 4604 1882 4678">
    <p class='ocr_par' dir='ltr' id='par_1_48' title="bbox 288 4604 1882 4678">
     <span class='ocr_line' id='line_1_48' title="bbox 288 4604 1882 4678; baseline -0.001 -15"><span class='ocrx_word' id='word_1_363' title='bbox 288 4611 450 4663; x_wconf 86' lang='lat' dir='ltr'><strong>etiam</strong></span> <span class='ocrx_word' id='word_1_364' title='bbox 478 4607 727 4678; x_wconf 91' lang='lat' dir='ltr'><strong>perhibet</strong></span> <span class='ocrx_word' id='word_1_365' title='bbox 758 4608 1138 4673; x_wconf 90' lang='lat' dir='ltr'><strong>testimonium,</strong></span> <span class='ocrx_word' id='word_1_366' title='bbox 1163 4605 1285 4676; x_wconf 89' lang='lat' dir='ltr'><strong>quia</strong></span> <span class='ocrx_word' id='word_1_367' title='bbox 1315 4605 1429 4659; x_wconf 86' lang='lat' dir='ltr'><strong>sine</strong></span> <span class='ocrx_word' id='word_1_368' title='bbox 1450 4604 1575 4659; x_wconf 93' lang='lat' dir='ltr'><strong>dolo</strong></span> <span class='ocrx_word' id='word_1_369' title='bbox 1604 4616 1737 4671; x_wconf 87' lang='lat' dir='ltr'><strong>erat,</strong></span> <span class='ocrx_word' id='word_1_370' title='bbox 1761 4621 1882 4661; x_wconf 92' lang='lat' dir='ltr'><strong>cum</strong></span> 
     </span>
    </p>
   </div>
   <div class='ocr_carea' id='block_1_49' title="bbox 286 4696 1884 4769">
    <p class='ocr_par' dir='ltr' id='par_1_49' title="bbox 286 4696 1884 4769">
     <span class='ocr_line' id='line_1_49' title="bbox 286 4696 1884 4769; baseline -0.002 -15"><span class='ocrx_word' id='word_1_371' title='bbox 286 4702 418 4755; x_wconf 83' lang='lat' dir='ltr'><strong>dicit</strong></span> <span class='ocrx_word' id='word_1_372' title='bbox 439 4701 504 4755; x_wconf 89' lang='lat' dir='ltr'><strong>de</strong></span> <span class='ocrx_word' id='word_1_373' title='bbox 530 4700 878 4765; x_wconf 82' lang='lat' dir='ltr'><strong>Nathanacle,</strong></span> <span class='ocrx_word' id='word_1_374' title='bbox 906 4698 1034 4752; x_wconf 87' lang='lat' dir='ltr'><strong>Ecce</strong></span> <span class='ocrx_word' id='word_1_375' title='bbox 1067 4714 1179 4752; x_wconf 83' lang='lat' dir='ltr'><strong>vere</strong></span> <span class='ocrx_word' id='word_1_376' title='bbox 1218 4696 1476 4761; x_wconf 81' lang='lat' dir='ltr'><strong>Israelita,</strong></span> <span class='ocrx_word' id='word_1_377' title='bbox 1507 4698 1560 4750; x_wconf 86' lang='lat' dir='ltr'><strong>in</strong></span> <span class='ocrx_word' id='word_1_378' title='bbox 1595 4713 1692 4769; x_wconf 89' lang='lat' dir='ltr'><strong>quo</strong></span> <span class='ocrx_word' id='word_1_379' title='bbox 1736 4697 1884 4751; x_wconf 86' lang='lat' dir='ltr'><strong>dolus</strong></span> 
     </span>
    </p>
   </div>
   <div class='ocr_carea' id='block_1_50' title="bbox 288 4789 1885 4863">
    <p class='ocr_par' dir='ltr' id='par_1_50' title="bbox 288 4789 1885 4863">
     <span class='ocr_line' id='line_1_50' title="bbox 288 4789 1885 4863; baseline -0.003 -15"><span class='ocrx_word' id='word_1_380' title='bbox 288 4812 389 4848; x_wconf 83' lang='lat' dir='ltr'><strong>non</strong></span> <span class='ocrx_word' id='word_1_381' title='bbox 416 4804 512 4848; x_wconf 89' lang='lat' dir='ltr'><strong>est.</strong></span> <span class='ocrx_word' id='word_1_382' title='bbox 539 4792 679 4861; x_wconf 85' lang='lat' dir='ltr'><strong>Quid</strong></span> <span class='ocrx_word' id='word_1_383' title='bbox 701 4792 801 4847; x_wconf 89' lang='lat' dir='ltr'><strong>sibi</strong></span> <span class='ocrx_word' id='word_1_384' title='bbox 829 4807 956 4863; x_wconf 87' lang='lat' dir='ltr'><strong>ergo</strong></span> <span class='ocrx_word' id='word_1_385' title='bbox 980 4792 1113 4857; x_wconf 88' lang='lat' dir='ltr'><strong>vult,</strong></span> <span class='ocrx_word' id='word_1_386' title='bbox 1138 4806 1261 4845; x_wconf 91' lang='lat' dir='ltr'><strong>cum</strong></span> <span class='ocrx_word' id='word_1_387' title='bbox 1289 4789 1501 4857; x_wconf 87' lang='lat' dir='ltr'><strong>dicitur,</strong></span> <span class='ocrx_word' id='word_1_388' title='bbox 1528 4790 1749 4845; x_wconf 81' lang='lat' dir='ltr'><strong>Accessit</strong></span> <span class='ocrx_word' id='word_1_389' title='bbox 1769 4806 1885 4844; x_wconf 85' lang='lat' dir='ltr'><strong>cum</strong></span> 
     </span>
    </p>
   </div>
   <div class='ocr_carea' id='block_1_51' title="bbox 289 4882 1296 4955">
    <p class='ocr_par' dir='ltr' id='par_1_51' title="bbox 289 4882 1296 4955">
     <span class='ocr_line' id='line_1_51' title="bbox 289 4882 1296 4955; baseline -0.004 -16"><span class='ocrx_word' id='word_1_390' title='bbox 289 4887 431 4952; x_wconf 85' lang='lat' dir='ltr'><strong>dolo,</strong></span> <span class='ocrx_word' id='word_1_391' title='bbox 458 4896 503 4939; x_wconf 88' lang='lat' dir='ltr'><strong>et</strong></span> <span class='ocrx_word' id='word_1_392' title='bbox 532 4886 739 4938; x_wconf 77' lang='lat' dir='ltr'><strong>abstulit</strong></span> <span class='ocrx_word' id='word_1_393' title='bbox 765 4884 1155 4938; x_wconf 83' lang='lat' dir='ltr'><strong>benedictionem</strong></span> <span class='ocrx_word' id='word_1_394' title='bbox 1182 4882 1255 4955; x_wconf 85' lang='grc' dir='ltr'><strong>(α)</strong></span> <span class='ocrx_word' id='word_1_395' title='bbox 1271 4883 1296 4935; x_wconf 86' lang='lat'><strong>?</strong></span> 
     </span>
    </p>
   </div>
   <div class='ocr_carea' id='block_1_52' title="bbox 358 4972 1885 5045">
    <p class='ocr_par' dir='ltr' id='par_1_52' title="bbox 358 4972 1885 5045">
     <span class='ocr_line' id='line_1_52' title="bbox 358 4972 1885 5045; baseline -0.003 -12"><span class='ocrx_word' id='word_1_396' title='bbox 358 4977 593 5033; x_wconf 79' lang='lat' dir='ltr'><strong>CAPUT</strong></span> <span class='ocrx_word' id='word_1_397' title='bbox 613 4976 823 5030; x_wconf 84' lang='lat' dir='ltr'><strong>XVI.—</strong></span> <span class='ocrx_word' id='word_1_398' title='bbox 840 4974 925 5030; x_wconf 82' lang='grc'><strong>16.</strong></span> <span class='ocrx_word' id='word_1_399' title='bbox 944 4974 1189 5029; x_wconf 72' lang='grc' dir='ltr'><strong>Ηωάὶηαε</strong></span> <span class='ocrx_word' id='word_1_400' title='bbox 1206 4974 1359 5045; x_wconf 82' lang='lat' dir='ltr'><strong>pelles</strong></span> <span class='ocrx_word' id='word_1_401' title='bbox 1374 4972 1554 5027; x_wconf 85' lang='lat' dir='ltr'><strong>habere</strong></span> <span class='ocrx_word' id='word_1_402' title='bbox 1563 4972 1702 5043; x_wconf 86' lang='lat' dir='ltr'><strong>quid.</strong></span> <span class='ocrx_word' id='word_1_403' title='bbox 1721 4973 1885 5028; x_wconf 91' lang='lat' dir='ltr'><strong>Dolus</strong></span> 
     </span>
    </p>
   </div>
   <div class='ocr_carea' id='block_1_53' title="bbox 287 5066 1885 5141">
    <p class='ocr_par' dir='ltr' id='par_1_53' title="bbox 287 5066 1885 5141">
     <span class='ocr_line' id='line_1_53' title="bbox 287 5066 1885 5141; baseline -0.004 -14"><span class='ocrx_word' id='word_1_404' title='bbox 287 5072 508 5127; x_wconf 83' lang='lat' dir='ltr'><strong>interim</strong></span> <span class='ocrx_word' id='word_1_405' title='bbox 524 5069 655 5141; x_wconf 87' lang='lat' dir='ltr'><strong>quid</strong></span> <span class='ocrx_word' id='word_1_406' title='bbox 685 5070 964 5140; x_wconf 88' lang='lat' dir='ltr'><strong>signiﬁcet,</strong></span> <span class='ocrx_word' id='word_1_407' title='bbox 993 5068 1359 5134; x_wconf 88' lang='lat' dir='ltr'><strong>attendamus;</strong></span> <span class='ocrx_word' id='word_1_408' title='bbox 1392 5076 1445 5122; x_wconf 93' lang='lat' dir='ltr'><strong>et</strong></span> <span class='ocrx_word' id='word_1_409' title='bbox 1467 5067 1739 5121; x_wconf 91' lang='lat' dir='ltr'><strong>videamus</strong></span> <span class='ocrx_word' id='word_1_410' title='bbox 1759 5066 1885 5137; x_wconf 91' lang='lat' dir='ltr'><strong>quid</strong></span> 
     </span>
    </p>
   </div>
   <div class='ocr_carea' id='block_1_54' title="bbox 287 5146 1884 5228">
    <p class='ocr_par' dir='ltr' id='par_1_54' title="bbox 287 5146 1884 5228">
     <span class='ocr_line' id='line_1_54' title="bbox 287 5146 1884 5228; baseline -0.005 -9"><span class='ocrx_word' id='word_1_411' title='bbox 287 5164 486 5219; x_wconf 83' lang='lat' dir='ltr'><strong>debeat</strong></span> <span class='ocrx_word' id='word_1_412' title='bbox 503 5164 679 5217; x_wconf 75' lang='lat' dir='ltr'><strong>facere</strong></span> <span class='ocrx_word' id='word_1_413' title='bbox 693 5161 872 5217; x_wconf 86' lang='lat' dir='ltr'><strong>Jacob.</strong></span> <span class='ocrx_word' id='word_1_414' title='bbox 888 5160 1250 5215; x_wconf 86' lang='lat' dir='ltr'><strong>Portataliena</strong></span> <span class='ocrx_word' id='word_1_415' title='bbox 1268 5146 1499 5228; x_wconf 89' lang='lat' dir='ltr'><strong>peccata,</strong></span> <span class='ocrx_word' id='word_1_416' title='bbox 1514 5168 1566 5213; x_wconf 90' lang='lat' dir='ltr'><strong>et</strong></span> <span class='ocrx_word' id='word_1_417' title='bbox 1581 5166 1754 5227; x_wconf 88' lang='lat' dir='ltr'><strong>portat</strong></span> <span class='ocrx_word' id='word_1_418' title='bbox 1764 5174 1884 5213; x_wconf 92' lang='lat' dir='ltr'><strong>cum</strong></span> 
     </span>
    </p>
   </div>
   <div class='ocr_carea' id='block_1_55' title="bbox 289 5249 1886 5325">
    <p class='ocr_par' dir='ltr' id='par_1_55' title="bbox 289 5249 1886 5325">
     <span class='ocr_line' id='line_1_55' title="bbox 289 5249 1886 5325; baseline -0.004 -15"><span class='ocrx_word' id='word_1_419' title='bbox 289 5255 581 5310; x_wconf 87' lang='lat' dir='ltr'><strong>tolerantia</strong></span> <span class='ocrx_word' id='word_1_420' title='bbox 607 5254 853 5325; x_wconf 85' lang='lat' dir='ltr'><strong>quamvis</strong></span> <span class='ocrx_word' id='word_1_421' title='bbox 869 5253 1073 5307; x_wconf 89' lang='lat' dir='ltr'><strong>aliena:</strong></span> <span class='ocrx_word' id='word_1_422' title='bbox 1100 5251 1200 5306; x_wconf 91' lang='lat' dir='ltr'><strong>hoc</strong></span> <span class='ocrx_word' id='word_1_423' title='bbox 1226 5259 1309 5305; x_wconf 90' lang='lat' dir='ltr'><strong>est</strong></span> <span class='ocrx_word' id='word_1_424' title='bbox 1342 5251 1481 5303; x_wconf 83' lang='lat' dir='ltr'><strong>cnim</strong></span> <span class='ocrx_word' id='word_1_425' title='bbox 1505 5250 1700 5305; x_wconf 89' lang='lat' dir='ltr'><strong>habere</strong></span> <span class='ocrx_word' id='word_1_426' title='bbox 1723 5249 1886 5319; x_wconf 87' lang='lat' dir='ltr'><strong>pelles</strong></span> 
     </span>
    </p>
   </div>
   <div class='ocr_carea' id='block_1_56' title="bbox 288 5342 1881 5415">
    <p class='ocr_par' dir='ltr' id='par_1_56' title="bbox 288 5342 1881 5415">
     <span class='ocr_line' id='line_1_56' title="bbox 288 5342 1881 5415; baseline -0.002 -16"><span class='ocrx_word' id='word_1_427' title='bbox 288 5345 537 5402; x_wconf 67' lang='lat' dir='ltr'><strong>haedinas</strong></span> <span class='ocrx_word' id='word_1_428' title='bbox 555 5363 567 5398; x_wconf 93' lang='lat'>:</span> <span class='ocrx_word' id='word_1_429' title='bbox 584 5345 635 5399; x_wconf 88' lang='lat' dir='ltr'><strong>id</strong></span> <span class='ocrx_word' id='word_1_430' title='bbox 652 5355 752 5409; x_wconf 88' lang='lat' dir='ltr'><strong>est,</strong></span> <span class='ocrx_word' id='word_1_431' title='bbox 767 5345 1029 5415; x_wconf 87' lang='lat' dir='ltr'><strong>patienter</strong></span> <span class='ocrx_word' id='word_1_432' title='bbox 1054 5343 1225 5398; x_wconf 89' lang='lat' dir='ltr'><strong>aliena</strong></span> <span class='ocrx_word' id='word_1_433' title='bbox 1245 5350 1437 5412; x_wconf 85' lang='lat' dir='ltr'><strong>portat,</strong></span> <span class='ocrx_word' id='word_1_434' title='bbox 1456 5357 1560 5396; x_wconf 91' lang='lat' dir='ltr'><strong>non</strong></span> <span class='ocrx_word' id='word_1_435' title='bbox 1576 5342 1881 5397; x_wconf 72' lang='lat' dir='ltr'><strong>haeretsuis.</strong></span> 
     </span>
    </p>
   </div>
   <div class='ocr_carea' id='block_1_57' title="bbox 290 5452 1888 5571">
    <p class='ocr_par' dir='ltr' id='par_1_57' title="bbox 290 5452 1888 5571">
     <span class='ocr_line' id='line_1_57' title="bbox 290 5452 1888 5571; baseline 0.001 -64"><span class='ocrx_word' id='word_1_436' title='bbox 290 5459 673 5571; x_wconf 46' lang='lat' dir='ltr'><strong>alsergisusea</strong></span> <span class='ocrx_word' id='word_1_437' title='bbox 670 5458 940 5508; x_wconf 82' lang='lat' dir='ltr'><strong>Victorinus</strong></span> <span class='ocrx_word' id='word_1_438' title='bbox 953 5464 1056 5519; x_wconf 66' lang='lat' dir='ltr'><strong>his,</strong></span> <span class='ocrx_word' id='word_1_439' title='bbox 1078 5455 1131 5508; x_wconf 83' lang='lat' dir='ltr'><strong>in</strong></span> <span class='ocrx_word' id='word_1_440' title='bbox 1151 5454 1343 5520; x_wconf 74' lang='lat' dir='ltr'><strong>scriptis</strong></span> <span class='ocrx_word' id='word_1_441' title='bbox 1365 5452 1579 5509; x_wconf 80' lang='lat' dir='ltr'><strong>Ecclesia</strong></span> <span class='ocrx_word' id='word_1_442' title='bbox 1597 5452 1888 5519; x_wconf 66' lang='lat' dir='ltr'><strong>propheticis</strong></span> 
     </span>
    </p>
   </div>
   <div class='ocr_carea' id='block_1_58' title="bbox 450 5533 605 5581">
    <p class='ocr_par' dir='ltr' id='par_1_58' title="bbox 450 5533 605 5581">
     <span class='ocr_line' id='line_1_58' title="bbox 450 5533 605 5581; baseline -0.013 -10"><span class='ocrx_word' id='word_1_443' title='bbox 450 5533 605 5581; x_wconf 84' lang='lat' dir='ltr'><strong>nos,e</strong></span> 
     </span>
    </p>
   </div>
   <div class='ocr_carea' id='block_1_59' title="bbox 354 5586 791 5645">
    <p class='ocr_par' dir='ltr' id='par_1_59' title="bbox 354 5586 791 5645">
     <span class='ocr_line' id='line_1_59' title="bbox 354 5586 791 5645; baseline 0 -14"><span class='ocrx_word' id='word_1_444' title='bbox 354 5586 377 5616; x_wconf 77' lang='grc'>³</span> <span class='ocrx_word' id='word_1_445' title='bbox 397 5591 560 5644; x_wconf 76' lang='lat' dir='ltr'><strong>Forte,</strong></span> <span class='ocrx_word' id='word_1_446' title='bbox 576 5588 791 5645; x_wconf 71' lang='lat' dir='ltr'><strong>peremit.</strong></span> 
     </span>
    </p>
   </div>
   <div class='ocr_carea' id='block_1_60' title="bbox 355 5641 1573 5706">
    <p class='ocr_par' dir='ltr' id='par_1_60' title="bbox 355 5641 1573 5706">
     <span class='ocr_line' id='line_1_60' title="bbox 355 5641 1573 5706; baseline -0.003 -11"><span class='ocrx_word' id='word_1_447' title='bbox 355 5646 377 5677; x_wconf 77' lang='grc'><strong>³</strong></span> <span class='ocrx_word' id='word_1_448' title='bbox 397 5653 499 5695; x_wconf 88' lang='lat' dir='ltr'><strong>Duo</strong></span> <span class='ocrx_word' id='word_1_449' title='bbox 524 5641 649 5706; x_wconf 48' lang='lat' dir='ltr'><strong>sim,</strong></span> <span class='ocrx_word' id='word_1_450' title='bbox 670 5644 782 5697; x_wconf 84' lang='lat' dir='ltr'><strong>ideo</strong></span> <span class='ocrx_word' id='word_1_451' title='bbox 804 5642 908 5696; x_wconf 85' lang='lat' dir='ltr'><strong>sine</strong></span> <span class='ocrx_word' id='word_1_452' title='bbox 930 5642 1040 5694; x_wconf 91' lang='lat' dir='ltr'><strong>dolo</strong></span> <span class='ocrx_word' id='word_1_453' title='bbox 1061 5647 1164 5694; x_wconf 89' lang='lat' dir='ltr'><strong>erat</strong></span> <span class='ocrx_word' id='word_1_454' title='bbox 1182 5654 1201 5705; x_wconf 88' lang='lat'><strong>;</strong></span> <span class='ocrx_word' id='word_1_455' title='bbox 1222 5643 1417 5703; x_wconf 85' lang='lat' dir='ltr'><strong>omisso,</strong></span> <span class='ocrx_word' id='word_1_456' title='bbox 1442 5641 1573 5705; x_wconf 78' lang='lat' dir='ltr'><strong>quia.</strong></span> 
     </span>
    </p>
   </div>
   <div class='ocr_carea' id='block_1_61' title="bbox 354 5723 1883 5791">
    <p class='ocr_par' dir='ltr' id='par_1_61' title="bbox 354 5723 1883 5791">
     <span class='ocr_line' id='line_1_61' title="bbox 354 5723 1883 5791; baseline -0.004 -12"><span class='ocrx_word' id='word_1_457' title='bbox 354 5731 431 5791; x_wconf 89' lang='lat' dir='ltr'><strong>(a)</strong></span> <span class='ocrx_word' id='word_1_458' title='bbox 455 5730 781 5789; x_wconf 63' lang='lat' dir='ltr'><strong>Quaestionem</strong></span> <span class='ocrx_word' id='word_1_459' title='bbox 795 5728 921 5777; x_wconf 88' lang='lat' dir='ltr'><strong>hanc</strong></span> <span class='ocrx_word' id='word_1_460' title='bbox 939 5728 1231 5791; x_wconf 81' lang='lat' dir='ltr'><strong>Augustinus</strong></span> <span class='ocrx_word' id='word_1_461' title='bbox 1252 5727 1301 5776; x_wconf 91' lang='lat' dir='ltr'><strong>in</strong></span> <span class='ocrx_word' id='word_1_462' title='bbox 1323 5731 1494 5789; x_wconf 56' lang='lat' dir='ltr'><strong>quast.</strong></span> <span class='ocrx_word' id='word_1_463' title='bbox 1515 5723 1580 5774; x_wconf 74' lang='grc'><strong>72</strong></span> <span class='ocrx_word' id='word_1_464' title='bbox 1598 5736 1748 5788; x_wconf 88' lang='lat' dir='ltr'><strong>super</strong></span> <span class='ocrx_word' id='word_1_465' title='bbox 1768 5731 1883 5776; x_wconf 88' lang='lat' dir='ltr'><strong>Gen.</strong></span> 
     </span>
    </p>
   </div>
   <div class='ocr_carea' id='block_1_62' title="bbox 294 5791 1566 5855">
    <p class='ocr_par' dir='ltr' id='par_1_62' title="bbox 294 5791 1566 5855">
     <span class='ocr_line' id='line_1_62' title="bbox 294 5791 1566 5855; baseline -0.004 -13"><span class='ocrx_word' id='word_1_466' title='bbox 294 5792 475 5843; x_wconf 72' lang='lat' dir='ltr'><strong>ndicat</strong></span> <span class='ocrx_word' id='word_1_467' title='bbox 489 5792 589 5855; x_wconf 85' lang='lat' dir='ltr'><strong>jam</strong></span> <span class='ocrx_word' id='word_1_468' title='bbox 608 5804 639 5841; x_wconf 91' lang='lat' dir='ltr'><strong>a</strong></span> <span class='ocrx_word' id='word_1_469' title='bbox 659 5804 717 5841; x_wconf 87' lang='lat' dir='ltr'><strong>se</strong></span> <span class='ocrx_word' id='word_1_470' title='bbox 742 5792 793 5839; x_wconf 88' lang='lat' dir='ltr'><strong>in</strong></span> <span class='ocrx_word' id='word_1_471' title='bbox 814 5791 907 5839; x_wconf 89' lang='lat' dir='ltr'><strong>hoc</strong></span> <span class='ocrx_word' id='word_1_472' title='bbox 930 5791 1033 5851; x_wconf 88' lang='lat' dir='ltr'><strong>ipso</strong></span> <span class='ocrx_word' id='word_1_473' title='bbox 1054 5802 1283 5840; x_wconf 88' lang='lat' dir='ltr'><strong>sermone</strong></span> <span class='ocrx_word' id='word_1_474' title='bbox 1300 5794 1566 5840; x_wconf 85' lang='lat' dir='ltr'><strong>tractatam.</strong></span> 
     </span>
    </p>
   </div>
   <div class='ocr_carea' id='block_1_63' title="bbox 541 5876 1202 5943">
    <p class='ocr_par' dir='ltr' id='par_1_63' title="bbox 541 5876 1202 5943">
     <span class='ocr_line' id='line_1_63' title="bbox 541 5876 1202 5943; baseline -0.003 -5"><span class='ocrx_word' id='word_1_475' title='bbox 541 5876 769 5943; x_wconf 63' lang='lat' dir='ltr'><strong>Sacr.</strong></span> <span class='ocrx_word' id='word_1_476' title='bbox 803 5879 1083 5941; x_wconf 73' lang='lat' dir='ltr'><strong>Ancus&#39;r.</strong></span> <span class='ocrx_word' id='word_1_477' title='bbox 1126 5876 1202 5939; x_wconf 88' lang='lat' dir='ltr'><strong>V.</strong></span> 
     </span>
    </p>
   </div>
   <div class='ocr_carea' id='block_1_64' title="bbox 2004 436 3578 519">
    <p class='ocr_par' dir='ltr' id='par_1_64' title="bbox 2004 436 3578 519">
     <span class='ocr_line' id='line_1_64' title="bbox 2004 436 3578 519; baseline 0.007 -27"><span class='ocrx_word' id='word_1_478' title='bbox 2004 436 2094 493; x_wconf 88' lang='lat' dir='ltr'><strong>Sic</strong></span> <span class='ocrx_word' id='word_1_479' title='bbox 2109 451 2295 493; x_wconf 88' lang='lat' dir='ltr'><strong>omnes</strong></span> <span class='ocrx_word' id='word_1_480' title='bbox 2305 437 2393 508; x_wconf 91' lang='lat' dir='ltr'><strong>qui</strong></span> <span class='ocrx_word' id='word_1_481' title='bbox 2412 452 2508 509; x_wconf 92' lang='lat' dir='ltr'><strong>pro</strong></span> <span class='ocrx_word' id='word_1_482' title='bbox 2530 440 2732 497; x_wconf 85' lang='lat' dir='ltr'><strong>unitate</strong></span> <span class='ocrx_word' id='word_1_483' title='bbox 2751 440 3003 499; x_wconf 80' lang='lat' dir='ltr'><strong>Ecclesiae</strong></span> <span class='ocrx_word' id='word_1_484' title='bbox 3022 444 3251 502; x_wconf 86' lang='lat' dir='ltr'><strong>tolerant</strong></span> <span class='ocrx_word' id='word_1_485' title='bbox 3267 446 3437 502; x_wconf 89' lang='lat' dir='ltr'><strong>aliena</strong></span> <span class='ocrx_word' id='word_1_486' title='bbox 3450 464 3578 519; x_wconf 83' lang='lat' dir='ltr'><strong>pec-</strong></span> 
     </span>
    </p>
   </div>
   <div class='ocr_carea' id='block_1_65' title="bbox 1997 527 3581 605">
    <p class='ocr_par' dir='ltr' id='par_1_65' title="bbox 1997 527 3581 605">
     <span class='ocr_line' id='line_1_65' title="bbox 1997 527 3581 605; baseline 0.009 -24"><span class='ocrx_word' id='word_1_487' title='bbox 1997 538 2135 595; x_wconf 84' lang='lat' dir='ltr'><strong>cata,</strong></span> <span class='ocrx_word' id='word_1_488' title='bbox 2162 527 2327 584; x_wconf 67' lang='lat' dir='ltr'><strong>Iacob</strong></span> <span class='ocrx_word' id='word_1_489' title='bbox 2363 528 2657 587; x_wconf 89' lang='lat' dir='ltr'><strong>imitantur.</strong></span> <span class='ocrx_word' id='word_1_490' title='bbox 2684 532 2815 600; x_wconf 87' lang='lat' dir='ltr'><strong>Quia</strong></span> <span class='ocrx_word' id='word_1_491' title='bbox 2854 544 2908 590; x_wconf 90' lang='lat' dir='ltr'><strong>et</strong></span> <span class='ocrx_word' id='word_1_492' title='bbox 2944 534 3060 605; x_wconf 88' lang='lat' dir='ltr'><strong>ipse</strong></span> <span class='ocrx_word' id='word_1_493' title='bbox 3086 536 3249 593; x_wconf 87' lang='lat' dir='ltr'><strong>Jacob</strong></span> <span class='ocrx_word' id='word_1_494' title='bbox 3288 538 3343 594; x_wconf 90' lang='lat' dir='ltr'><strong>in</strong></span> <span class='ocrx_word' id='word_1_495' title='bbox 3363 538 3581 597; x_wconf 88' lang='lat' dir='ltr'><strong>Christo</strong></span> 
     </span>
    </p>
   </div>
   <div class='ocr_carea' id='block_1_66' title="bbox 1999 619 3577 692">
    <p class='ocr_par' dir='ltr' id='par_1_66' title="bbox 1999 619 3577 692">
     <span class='ocr_line' id='line_1_66' title="bbox 1999 619 3577 692; baseline 0.008 -16"><span class='ocrx_word' id='word_1_496' title='bbox 1999 630 2083 676; x_wconf 87' lang='lat' dir='ltr'><strong>est</strong></span> <span class='ocrx_word' id='word_1_497' title='bbox 2106 620 2399 692; x_wconf 87' lang='lat' dir='ltr'><strong>:siquidem</strong></span> <span class='ocrx_word' id='word_1_498' title='bbox 2426 619 2667 678; x_wconf 87' lang='lat' dir='ltr'><strong>Christus</strong></span> <span class='ocrx_word' id='word_1_499' title='bbox 2712 625 2765 679; x_wconf 90' lang='lat' dir='ltr'><strong>in</strong></span> <span class='ocrx_word' id='word_1_500' title='bbox 2806 628 3010 683; x_wconf 88' lang='lat' dir='ltr'><strong>semine</strong></span> <span class='ocrx_word' id='word_1_501' title='bbox 3050 629 3337 685; x_wconf 84' lang='lat' dir='ltr'><strong>Abraham.</strong></span> <span class='ocrx_word' id='word_1_502' title='bbox 3369 632 3577 688; x_wconf 88' lang='lat' dir='ltr'><strong>Dictum</strong></span> 
     </span>
    </p>
   </div>
   <div class='ocr_carea' id='block_1_67' title="bbox 1998 713 3580 797">
    <p class='ocr_par' dir='ltr' id='par_1_67' title="bbox 1998 713 3580 797">
     <span class='ocr_line' id='line_1_67' title="bbox 1998 713 3580 797; baseline 0.008 -28"><span class='ocrx_word' id='word_1_503' title='bbox 1998 722 2080 769; x_wconf 88' lang='lat' dir='ltr'><strong>est</strong></span> <span class='ocrx_word' id='word_1_504' title='bbox 2124 714 2288 780; x_wconf 90' lang='lat' dir='ltr'><strong>enim,</strong></span> <span class='ocrx_word' id='word_1_505' title='bbox 2334 713 2401 769; x_wconf 88' lang='lat' dir='ltr'><strong>In</strong></span> <span class='ocrx_word' id='word_1_506' title='bbox 2444 716 2632 769; x_wconf 83' lang='lat' dir='ltr'><strong>semine</strong></span> <span class='ocrx_word' id='word_1_507' title='bbox 2674 725 2759 771; x_wconf 88' lang='lat' dir='ltr'><strong>tuo</strong></span> <span class='ocrx_word' id='word_1_508' title='bbox 2801 719 3149 776; x_wconf 83' lang='lat' dir='ltr'><strong>benedicentur</strong></span> <span class='ocrx_word' id='word_1_509' title='bbox 3187 740 3358 779; x_wconf 83' lang='lat' dir='ltr'><strong>omnes</strong></span> <span class='ocrx_word' id='word_1_510' title='bbox 3408 737 3580 797; x_wconf 85' lang='lat' dir='ltr'><strong>gentes</strong></span> 
     </span>
    </p>
   </div>
   <div class='ocr_carea' id='block_1_68' title="bbox 1999 804 3576 884">
    <p class='ocr_par' dir='ltr' id='par_1_68' title="bbox 1999 804 3576 884">
     <span class='ocr_line' id='line_1_68' title="bbox 1999 804 3576 884; baseline 0.008 -24"><span class='ocrx_word' id='word_1_511' title='bbox 1999 804 2153 876; x_wconf 85' lang='lat' dir='ltr'><strong>(Gen.</strong></span> <span class='ocrx_word' id='word_1_512' title='bbox 2183 823 2319 873; x_wconf 65' lang='grc' dir='ltr'><em>χχιι,</em></span> <span class='ocrx_word' id='word_1_513' title='bbox 2349 806 2462 879; x_wconf 83' lang='grc'><strong>18).</strong></span> <span class='ocrx_word' id='word_1_514' title='bbox 2486 807 2740 862; x_wconf 91' lang='lat' dir='ltr'><strong>Dominus</strong></span> <span class='ocrx_word' id='word_1_515' title='bbox 2768 825 2895 881; x_wconf 86' lang='lat' dir='ltr'><strong>ergo</strong></span> <span class='ocrx_word' id='word_1_516' title='bbox 2920 821 3102 868; x_wconf 90' lang='lat' dir='ltr'><strong>noster</strong></span> <span class='ocrx_word' id='word_1_517' title='bbox 3129 813 3284 870; x_wconf 83' lang='lat' dir='ltr'><strong>Jesus</strong></span> <span class='ocrx_word' id='word_1_518' title='bbox 3312 814 3576 884; x_wconf 89' lang='lat' dir='ltr'><strong>Christus,</strong></span> 
     </span>
    </p>
   </div>
   <div class='ocr_carea' id='block_1_69' title="bbox 1998 900 3577 979">
    <p class='ocr_par' dir='ltr' id='par_1_69' title="bbox 1998 900 3577 979">
     <span class='ocr_line' id='line_1_69' title="bbox 1998 900 3577 979; baseline 0.008 -26"><span class='ocrx_word' id='word_1_519' title='bbox 1998 900 2088 969; x_wconf 91' lang='lat' dir='ltr'><strong>qui</strong></span> <span class='ocrx_word' id='word_1_520' title='bbox 2116 900 2318 955; x_wconf 91' lang='lat' dir='ltr'><strong>nullum</strong></span> <span class='ocrx_word' id='word_1_521' title='bbox 2350 910 2623 970; x_wconf 89' lang='lat' dir='ltr'><strong>peccatum</strong></span> <span class='ocrx_word' id='word_1_522' title='bbox 2666 902 2806 970; x_wconf 83' lang='lat' dir='ltr'><strong>fecit,</strong></span> <span class='ocrx_word' id='word_1_523' title='bbox 2830 907 3061 974; x_wconf 89' lang='lat' dir='ltr'><strong>portavit</strong></span> <span class='ocrx_word' id='word_1_524' title='bbox 3102 908 3275 963; x_wconf 89' lang='lat' dir='ltr'><strong>aliena</strong></span> <span class='ocrx_word' id='word_1_525' title='bbox 3313 918 3528 979; x_wconf 89' lang='lat' dir='ltr'><strong>peccata</strong></span> <span class='ocrx_word' id='word_1_526' title='bbox 3562 929 3577 966; x_wconf 92' lang='lat'><strong>:</strong></span> 
     </span>
    </p>
   </div>
   <div class='ocr_carea' id='block_1_70' title="bbox 1998 993 3583 1073">
    <p class='ocr_par' dir='ltr' id='par_1_70' title="bbox 1998 993 3583 1073">
     <span class='ocr_line' id='line_1_70' title="bbox 1998 993 3583 1073; baseline 0.008 -25"><span class='ocrx_word' id='word_1_527' title='bbox 1998 1002 2053 1048; x_wconf 90' lang='lat' dir='ltr'><strong>et</strong></span> <span class='ocrx_word' id='word_1_528' title='bbox 2080 993 2397 1064; x_wconf 83' lang='lat' dir='ltr'><strong>dedignatur</strong></span> <span class='ocrx_word' id='word_1_529' title='bbox 2428 1005 2642 1065; x_wconf 91' lang='lat' dir='ltr'><strong>portare</strong></span> <span class='ocrx_word' id='word_1_530' title='bbox 2671 997 2839 1052; x_wconf 89' lang='lat' dir='ltr'><strong>aliena</strong></span> <span class='ocrx_word' id='word_1_531' title='bbox 2872 1008 3107 1068; x_wconf 85' lang='lat' dir='ltr'><strong>peccata,</strong></span> <span class='ocrx_word' id='word_1_532' title='bbox 3133 1003 3217 1057; x_wconf 93' lang='lat' dir='ltr'><strong>cui</strong></span> <span class='ocrx_word' id='word_1_533' title='bbox 3253 1013 3471 1073; x_wconf 87' lang='lat' dir='ltr'><strong>peccata</strong></span> <span class='ocrx_word' id='word_1_534' title='bbox 3500 1005 3583 1060; x_wconf 89' lang='lat' dir='ltr'><strong>di-</strong></span> 
     </span>
    </p>
   </div>
   <div class='ocr_carea' id='block_1_71' title="bbox 1997 1086 3579 1167">
    <p class='ocr_par' dir='ltr' id='par_1_71' title="bbox 1997 1086 3579 1167">
     <span class='ocr_line' id='line_1_71' title="bbox 1997 1086 3579 1167; baseline 0.01 -30"><span class='ocrx_word' id='word_1_535' title='bbox 1997 1086 2160 1140; x_wconf 89' lang='lat' dir='ltr'><strong>missa</strong></span> <span class='ocrx_word' id='word_1_536' title='bbox 2182 1086 2339 1140; x_wconf 82' lang='lat' dir='ltr'><strong>sunt?</strong></span> <span class='ocrx_word' id='word_1_537' title='bbox 2368 1086 2458 1142; x_wconf 90' lang='lat' dir='ltr'><strong>Sic</strong></span> <span class='ocrx_word' id='word_1_538' title='bbox 2483 1088 2817 1159; x_wconf 69' lang='lat' dir='ltr'><strong>crgo‘Jacob</strong></span> <span class='ocrx_word' id='word_1_539' title='bbox 2841 1092 3028 1147; x_wconf 86' lang='lat' dir='ltr'><strong>transit</strong></span> <span class='ocrx_word' id='word_1_540' title='bbox 3048 1093 3114 1148; x_wconf 88' lang='lat' dir='ltr'><strong>ad</strong></span> <span class='ocrx_word' id='word_1_541' title='bbox 3128 1093 3399 1151; x_wconf 88' lang='lat' dir='ltr'><strong>Christum</strong></span> <span class='ocrx_word' id='word_1_542' title='bbox 3422 1102 3579 1167; x_wconf 71' lang='lat' dir='ltr'><strong>post’|</strong></span> 
     </span>
    </p>
   </div>
   <div class='ocr_carea' id='block_1_72' title="bbox 1996 1177 3585 1262">
    <p class='ocr_par' dir='ltr' id='par_1_72' title="bbox 1996 1177 3585 1262">
     <span class='ocr_line' id='line_1_72' title="bbox 1996 1177 3585 1262; baseline 0.012 -31"><span class='ocrx_word' id='word_1_543' title='bbox 1996 1177 2167 1233; x_wconf 89' lang='lat' dir='ltr'><strong>aliena</strong></span> <span class='ocrx_word' id='word_1_544' title='bbox 2198 1189 2435 1250; x_wconf 89' lang='lat' dir='ltr'><strong>peccata,</strong></span> <span class='ocrx_word' id='word_1_545' title='bbox 2475 1181 2531 1238; x_wconf 91' lang='lat' dir='ltr'><strong>id</strong></span> <span class='ocrx_word' id='word_1_546' title='bbox 2569 1190 2671 1253; x_wconf 90' lang='lat' dir='ltr'><strong>est,</strong></span> <span class='ocrx_word' id='word_1_547' title='bbox 2715 1182 2954 1247; x_wconf 78' lang='lat' dir='ltr'><strong>haedinas</strong></span> <span class='ocrx_word' id='word_1_548' title='bbox 2995 1186 3181 1257; x_wconf 85' lang='lat' dir='ltr'><strong>pelles.</strong></span> <span class='ocrx_word' id='word_1_549' title='bbox 3230 1190 3299 1244; x_wconf 87' lang='lat' dir='ltr'><strong>Et</strong></span> <span class='ocrx_word' id='word_1_550' title='bbox 3333 1191 3460 1262; x_wconf 90' lang='lat' dir='ltr'><strong>quid</strong></span> <span class='ocrx_word' id='word_1_551' title='bbox 3500 1202 3585 1249; x_wconf 88' lang='lat' dir='ltr'><strong>est</strong></span> 
     </span>
    </p>
   </div>
   <div class='ocr_carea' id='block_1_73' title="bbox 1997 1270 2190 1327">
    <p class='ocr_par' dir='ltr' id='par_1_73' title="bbox 1997 1270 2190 1327">
     <span class='ocr_line' id='line_1_73' title="bbox 1997 1270 2190 1327; baseline -0.005 -1"><span class='ocrx_word' id='word_1_552' title='bbox 1997 1270 2190 1327; x_wconf 89' lang='lat' dir='ltr'><strong>dolus?</strong></span> 
     </span>
    </p>
   </div>
   <div class='ocr_carea' id='block_1_74' title="bbox 2070 1365 3585 1444">
    <p class='ocr_par' dir='ltr' id='par_1_74' title="bbox 2070 1365 3585 1444">
     <span class='ocr_line' id='line_1_74' title="bbox 2070 1365 3585 1444; baseline 0.01 -26"><span class='ocrx_word' id='word_1_553' title='bbox 2070 1365 2323 1422; x_wconf 80' lang='lat' dir='ltr'><strong>l7.Venit</strong></span> <span class='ocrx_word' id='word_1_554' title='bbox 2339 1367 2481 1423; x_wconf 91' lang='lat' dir='ltr'><strong>enim</strong></span> <span class='ocrx_word' id='word_1_555' title='bbox 2497 1367 2586 1423; x_wconf 92' lang='lat' dir='ltr'><strong>ille</strong></span> <span class='ocrx_word' id='word_1_556' title='bbox 2605 1383 2746 1437; x_wconf 89' lang='lat' dir='ltr'><strong>sero,</strong></span> <span class='ocrx_word' id='word_1_557' title='bbox 2764 1377 2818 1425; x_wconf 90' lang='lat' dir='ltr'><strong>et</strong></span> <span class='ocrx_word' id='word_1_558' title='bbox 2833 1369 2987 1426; x_wconf 76' lang='lat' dir='ltr'><strong>affert</strong></span> <span class='ocrx_word' id='word_1_559' title='bbox 3001 1371 3145 1442; x_wconf 90' lang='lat' dir='ltr'><strong>quod</strong></span> <span class='ocrx_word' id='word_1_560' title='bbox 3158 1373 3317 1443; x_wconf 89' lang='lat' dir='ltr'><strong>jussit</strong></span> <span class='ocrx_word' id='word_1_561' title='bbox 3339 1384 3508 1444; x_wconf 90' lang='lat' dir='ltr'><strong>pater;</strong></span> <span class='ocrx_word' id='word_1_562' title='bbox 3527 1384 3585 1433; x_wconf 90' lang='lat' dir='ltr'><strong>et</strong></span> 
     </span>
    </p>
   </div>
   <div class='ocr_carea' id='block_1_75' title="bbox 1996 1456 3584 1534">
    <p class='ocr_par' dir='ltr' id='par_1_75' title="bbox 1996 1456 3584 1534">
     <span class='ocr_line' id='line_1_75' title="bbox 1996 1456 3584 1534; baseline 0.009 -24"><span class='ocrx_word' id='word_1_563' title='bbox 1996 1456 2197 1512; x_wconf 89' lang='lat' dir='ltr'><strong>invenit</strong></span> <span class='ocrx_word' id='word_1_564' title='bbox 2226 1457 2441 1514; x_wconf 86' lang='lat' dir='ltr'><strong>fratrem</strong></span> <span class='ocrx_word' id='word_1_565' title='bbox 2465 1474 2617 1515; x_wconf 90' lang='lat' dir='ltr'><strong>suum</strong></span> <span class='ocrx_word' id='word_1_566' title='bbox 2646 1461 2981 1517; x_wconf 91' lang='lat' dir='ltr'><strong>benedictum</strong></span> <span class='ocrx_word' id='word_1_567' title='bbox 3000 1480 3098 1534; x_wconf 89' lang='lat' dir='ltr'><strong>pro</strong></span> <span class='ocrx_word' id='word_1_568' title='bbox 3114 1482 3200 1520; x_wconf 91' lang='lat' dir='ltr'><strong>se:</strong></span> <span class='ocrx_word' id='word_1_569' title='bbox 3220 1474 3275 1521; x_wconf 88' lang='lat' dir='ltr'><strong>et</strong></span> <span class='ocrx_word' id='word_1_570' title='bbox 3294 1482 3397 1522; x_wconf 93' lang='lat' dir='ltr'><strong>non</strong></span> <span class='ocrx_word' id='word_1_571' title='bbox 3418 1468 3584 1523; x_wconf 87' lang='lat' dir='ltr'><strong>bene—</strong></span> 
     </span>
    </p>
   </div>
   <div class='ocr_carea' id='block_1_76' title="bbox 1996 1549 3584 1626">
    <p class='ocr_par' dir='ltr' id='par_1_76' title="bbox 1996 1549 3584 1626">
     <span class='ocr_line' id='line_1_76' title="bbox 1996 1549 3584 1626; baseline 0.009 -22"><span class='ocrx_word' id='word_1_572' title='bbox 1996 1549 2191 1605; x_wconf 90' lang='lat' dir='ltr'><strong>dicitur</strong></span> <span class='ocrx_word' id='word_1_573' title='bbox 2213 1553 2378 1607; x_wconf 88' lang='lat' dir='ltr'><strong>altera</strong></span> <span class='ocrx_word' id='word_1_574' title='bbox 2409 1554 2797 1612; x_wconf 90' lang='lat' dir='ltr'><strong>benedictione.</strong></span> <span class='ocrx_word' id='word_1_575' title='bbox 2816 1556 2948 1625; x_wconf 91' lang='lat' dir='ltr'><strong>Quia</strong></span> <span class='ocrx_word' id='word_1_576' title='bbox 2975 1557 3079 1614; x_wconf 92' lang='lat' dir='ltr'><strong>duo</strong></span> <span class='ocrx_word' id='word_1_577' title='bbox 3101 1560 3178 1615; x_wconf 91' lang='lat' dir='ltr'><strong>illi</strong></span> <span class='ocrx_word' id='word_1_578' title='bbox 3197 1560 3459 1626; x_wconf 89' lang='lat' dir='ltr'><strong>homines,</strong></span> <span class='ocrx_word' id='word_1_579' title='bbox 3478 1562 3584 1618; x_wconf 87' lang='lat' dir='ltr'><strong>duo</strong></span> 
     </span>
    </p>
   </div>
   <div class='ocr_carea' id='block_1_77' title="bbox 1995 1643 3586 1723">
    <p class='ocr_par' dir='ltr' id='par_1_77' title="bbox 1995 1643 3586 1723">
     <span class='ocr_line' id='line_1_77' title="bbox 1995 1643 3586 1723; baseline 0.008 -26"><span class='ocrx_word' id='word_1_580' title='bbox 1995 1643 2177 1713; x_wconf 90' lang='lat' dir='ltr'><strong>populi</strong></span> <span class='ocrx_word' id='word_1_581' title='bbox 2197 1655 2350 1699; x_wconf 92' lang='lat' dir='ltr'><strong>erant</strong></span> <span class='ocrx_word' id='word_1_582' title='bbox 2371 1664 2383 1699; x_wconf 90' lang='lat'>:</span> <span class='ocrx_word' id='word_1_583' title='bbox 2402 1662 2504 1700; x_wconf 92' lang='lat' dir='ltr'><strong>una</strong></span> <span class='ocrx_word' id='word_1_584' title='bbox 2522 1647 2823 1703; x_wconf 89' lang='lat' dir='ltr'><strong>benedictio</strong></span> <span class='ocrx_word' id='word_1_585' title='bbox 2846 1650 3100 1705; x_wconf 84' lang='lat' dir='ltr'><strong>unitatem</strong></span> <span class='ocrx_word' id='word_1_586' title='bbox 3116 1653 3379 1723; x_wconf 90' lang='lat' dir='ltr'><strong>signiﬁcat</strong></span> <span class='ocrx_word' id='word_1_587' title='bbox 3399 1654 3586 1711; x_wconf 88' lang='lat' dir='ltr'><strong>Eccle-</strong></span> 
     </span>
    </p>
   </div>
   <div class='ocr_carea' id='block_1_78' title="bbox 1996 1738 3582 1814">
    <p class='ocr_par' dir='ltr' id='par_1_78' title="bbox 1996 1738 3582 1814">
     <span class='ocr_line' id='line_1_78' title="bbox 1996 1738 3582 1814; baseline 0.008 -23"><span class='ocrx_word' id='word_1_588' title='bbox 1996 1738 2109 1793; x_wconf 84' lang='lat' dir='ltr'><strong>siae.</strong></span> <span class='ocrx_word' id='word_1_589' title='bbox 2130 1739 2243 1794; x_wconf 94' lang='lat' dir='ltr'><strong>Duo</strong></span> <span class='ocrx_word' id='word_1_590' title='bbox 2269 1748 2448 1795; x_wconf 89' lang='lat' dir='ltr'><strong>autem</strong></span> <span class='ocrx_word' id='word_1_591' title='bbox 2470 1742 2648 1811; x_wconf 93' lang='lat' dir='ltr'><strong>populi</strong></span> <span class='ocrx_word' id='word_1_592' title='bbox 2676 1742 2776 1811; x_wconf 89' lang='lat' dir='ltr'><strong>ipsi</strong></span> <span class='ocrx_word' id='word_1_593' title='bbox 2799 1753 2941 1811; x_wconf 91' lang='lat' dir='ltr'><strong>sunt,</strong></span> <span class='ocrx_word' id='word_1_594' title='bbox 2964 1746 3053 1814; x_wconf 91' lang='lat' dir='ltr'><strong>qui</strong></span> <span class='ocrx_word' id='word_1_595' title='bbox 3074 1753 3158 1801; x_wconf 90' lang='lat' dir='ltr'><strong>est</strong></span> <span class='ocrx_word' id='word_1_596' title='bbox 3176 1756 3230 1801; x_wconf 91' lang='lat' dir='ltr'><strong>et</strong></span> <span class='ocrx_word' id='word_1_597' title='bbox 3256 1747 3439 1803; x_wconf 84' lang='lat' dir='ltr'><strong>Jacob.</strong></span> <span class='ocrx_word' id='word_1_598' title='bbox 3471 1748 3582 1803; x_wconf 92' lang='lat' dir='ltr'><strong>Sed</strong></span> 
     </span>
    </p>
   </div>
   <div class='ocr_carea' id='block_1_79' title="bbox 1994 1830 3587 1905">
    <p class='ocr_par' dir='ltr' id='par_1_79' title="bbox 1994 1830 3587 1905">
     <span class='ocr_line' id='line_1_79' title="bbox 1994 1830 3587 1905; baseline 0.007 -23"><span class='ocrx_word' id='word_1_599' title='bbox 1994 1830 2100 1883; x_wconf 89' lang='lat' dir='ltr'><strong>alio</strong></span> <span class='ocrx_word' id='word_1_600' title='bbox 2119 1830 2279 1885; x_wconf 92' lang='lat' dir='ltr'><strong>modo</strong></span> <span class='ocrx_word' id='word_1_601' title='bbox 2300 1831 2510 1901; x_wconf 83' lang='lat' dir='ltr'><strong>ﬁgurati</strong></span> <span class='ocrx_word' id='word_1_602' title='bbox 2533 1833 2639 1889; x_wconf 91' lang='lat' dir='ltr'><strong>duo</strong></span> <span class='ocrx_word' id='word_1_603' title='bbox 2662 1835 2838 1904; x_wconf 90' lang='lat' dir='ltr'><strong>populi</strong></span> <span class='ocrx_word' id='word_1_604' title='bbox 2863 1836 3189 1905; x_wconf 85' lang='lat' dir='ltr'><strong>pertinentes</strong></span> <span class='ocrx_word' id='word_1_605' title='bbox 3208 1838 3274 1892; x_wconf 91' lang='lat' dir='ltr'><strong>ad</strong></span> <span class='ocrx_word' id='word_1_606' title='bbox 3291 1839 3475 1894; x_wconf 82' lang='lat' dir='ltr'><strong>Jacob.</strong></span> <span class='ocrx_word' id='word_1_607' title='bbox 3499 1841 3587 1893; x_wconf 89' lang='lat' dir='ltr'><strong>Et-</strong></span> 
     </span>
    </p>
   </div>
   <div class='ocr_carea' id='block_1_80' title="bbox 1994 1921 3582 2000">
    <p class='ocr_par' dir='ltr' id='par_1_80' title="bbox 1994 1921 3582 2000">
     <span class='ocr_line' id='line_1_80' title="bbox 1994 1921 3582 2000; baseline 0.006 -23"><span class='ocrx_word' id='word_1_608' title='bbox 1994 1921 2136 1977; x_wconf 84' lang='lat' dir='ltr'><strong>enim</strong></span> <span class='ocrx_word' id='word_1_609' title='bbox 2159 1922 2417 1979; x_wconf 88' lang='lat' dir='ltr'><strong>Dominus</strong></span> <span class='ocrx_word' id='word_1_610' title='bbox 2439 1934 2619 1979; x_wconf 91' lang='lat' dir='ltr'><strong>noster</strong></span> <span class='ocrx_word' id='word_1_611' title='bbox 2634 1926 2786 1980; x_wconf 89' lang='lat' dir='ltr'><strong>Jesus</strong></span> <span class='ocrx_word' id='word_1_612' title='bbox 2803 1926 3065 1994; x_wconf 87' lang='lat' dir='ltr'><strong>Christus,</strong></span> <span class='ocrx_word' id='word_1_613' title='bbox 3090 1930 3179 2000; x_wconf 91' lang='lat' dir='ltr'><strong>qui</strong></span> <span class='ocrx_word' id='word_1_614' title='bbox 3200 1930 3265 1985; x_wconf 90' lang='lat' dir='ltr'><strong>ad</strong></span> <span class='ocrx_word' id='word_1_615' title='bbox 3290 1931 3502 1987; x_wconf 78' lang='lat' dir='ltr'><strong>Judaeos</strong></span> <span class='ocrx_word' id='word_1_616' title='bbox 3525 1942 3582 1987; x_wconf 90' lang='lat' dir='ltr'><strong>et</strong></span> 
     </span>
    </p>
   </div>
   <div class='ocr_carea' id='block_1_81' title="bbox 1994 2013 3585 2091">
    <p class='ocr_par' dir='ltr' id='par_1_81' title="bbox 1994 2013 3585 2091">
     <span class='ocr_line' id='line_1_81' title="bbox 1994 2013 3585 2091; baseline 0.004 -20"><span class='ocrx_word' id='word_1_617' title='bbox 1994 2013 2194 2071; x_wconf 89' lang='lat' dir='ltr'><strong>Gentes</strong></span> <span class='ocrx_word' id='word_1_618' title='bbox 2204 2026 2442 2083; x_wconf 90' lang='lat' dir='ltr'><strong>venerat,</strong></span> <span class='ocrx_word' id='word_1_619' title='bbox 2457 2017 2760 2087; x_wconf 90' lang='lat' dir='ltr'><strong>repudiatus</strong></span> <span class='ocrx_word' id='word_1_620' title='bbox 2772 2028 2857 2073; x_wconf 91' lang='lat' dir='ltr'><strong>est</strong></span> <span class='ocrx_word' id='word_1_621' title='bbox 2868 2036 2897 2073; x_wconf 90' lang='lat' dir='ltr'><strong>a</strong></span> <span class='ocrx_word' id='word_1_622' title='bbox 2910 2020 3126 2084; x_wconf 72' lang='lat' dir='ltr'><strong>Judaeis,</strong></span> <span class='ocrx_word' id='word_1_623' title='bbox 3142 2024 3230 2091; x_wconf 89' lang='lat' dir='ltr'><strong>qui</strong></span> <span class='ocrx_word' id='word_1_624' title='bbox 3246 2023 3585 2091; x_wconf 85' lang='lat' dir='ltr'><strong>pertinebant</strong></span> 
     </span>
    </p>
   </div>
   <div class='ocr_carea' id='block_1_82' title="bbox 1993 2108 3584 2185">
    <p class='ocr_par' dir='ltr' id='par_1_82' title="bbox 1993 2108 3584 2185">
     <span class='ocr_line' id='line_1_82' title="bbox 1993 2108 3584 2185; baseline 0.006 -24"><span class='ocrx_word' id='word_1_625' title='bbox 1993 2108 2060 2162; x_wconf 90' lang='lat' dir='ltr'><strong>ad</strong></span> <span class='ocrx_word' id='word_1_626' title='bbox 2090 2108 2256 2163; x_wconf 91' lang='lat' dir='ltr'><strong>ﬁlium</strong></span> <span class='ocrx_word' id='word_1_627' title='bbox 2297 2110 2553 2179; x_wconf 83' lang='lat' dir='ltr'><strong>majorem</strong></span> <span class='ocrx_word' id='word_1_628' title='bbox 2579 2127 2593 2163; x_wconf 90' lang='lat'>:</span> <span class='ocrx_word' id='word_1_629' title='bbox 2617 2110 2776 2181; x_wconf 88' lang='lat' dir='ltr'><strong>elegit</strong></span> <span class='ocrx_word' id='word_1_630' title='bbox 2804 2120 2978 2167; x_wconf 82' lang='lat' dir='ltr'><strong>tamen</strong></span> <span class='ocrx_word' id='word_1_631' title='bbox 3006 2114 3297 2183; x_wconf 90' lang='lat' dir='ltr'><strong>quosdam,</strong></span> <span class='ocrx_word' id='word_1_632' title='bbox 3324 2116 3415 2185; x_wconf 89' lang='lat' dir='ltr'><strong>qui</strong></span> <span class='ocrx_word' id='word_1_633' title='bbox 3457 2131 3584 2185; x_wconf 90' lang='lat' dir='ltr'><strong>per-</strong></span> 
     </span>
    </p>
   </div>
   <div class='ocr_carea' id='block_1_83' title="bbox 1996 2200 3587 2277">
    <p class='ocr_par' dir='ltr' id='par_1_83' title="bbox 1996 2200 3587 2277">
     <span class='ocr_line' id='line_1_83' title="bbox 1996 2200 3587 2277; baseline 0.006 -24"><span class='ocrx_word' id='word_1_634' title='bbox 1996 2200 2234 2255; x_wconf 89' lang='lat' dir='ltr'><strong>tinebant</strong></span> <span class='ocrx_word' id='word_1_635' title='bbox 2256 2201 2323 2255; x_wconf 92' lang='lat' dir='ltr'><strong>ad</strong></span> <span class='ocrx_word' id='word_1_636' title='bbox 2342 2201 2506 2256; x_wconf 91' lang='lat' dir='ltr'><strong>ﬁlium</strong></span> <span class='ocrx_word' id='word_1_637' title='bbox 2531 2202 2814 2270; x_wconf 90' lang='lat' dir='ltr'><strong>minorem,</strong></span> <span class='ocrx_word' id='word_1_638' title='bbox 2834 2204 2925 2275; x_wconf 88' lang='lat' dir='ltr'><strong>qui</strong></span> <span class='ocrx_word' id='word_1_639' title='bbox 2947 2205 3295 2274; x_wconf 84' lang='lat' dir='ltr'><strong>spiritualiter</strong></span> <span class='ocrx_word' id='word_1_640' title='bbox 3310 2217 3587 2277; x_wconf 74' lang='lat' dir='ltr'><strong>cmperant</strong></span> 
     </span>
    </p>
   </div>
   <div class='ocr_carea' id='block_1_84' title="bbox 1992 2292 3588 2366">
    <p class='ocr_par' dir='ltr' id='par_1_84' title="bbox 1992 2292 3588 2366">
     <span class='ocr_line' id='line_1_84' title="bbox 1992 2292 3588 2366; baseline 0.004 -19"><span class='ocrx_word' id='word_1_641' title='bbox 1992 2292 2299 2350; x_wconf 90' lang='lat' dir='ltr'><strong>desiderare</strong></span> <span class='ocrx_word' id='word_1_642' title='bbox 2318 2302 2373 2350; x_wconf 91' lang='lat' dir='ltr'><strong>et</strong></span> <span class='ocrx_word' id='word_1_643' title='bbox 2392 2295 2683 2366; x_wconf 88' lang='lat' dir='ltr'><strong>intelligere</strong></span> <span class='ocrx_word' id='word_1_644' title='bbox 2705 2296 2964 2365; x_wconf 88' lang='lat' dir='ltr'><strong>promissa</strong></span> <span class='ocrx_word' id='word_1_645' title='bbox 2992 2293 3200 2351; x_wconf 90' lang='lat' dir='ltr'><strong>Domini</strong></span> <span class='ocrx_word' id='word_1_646' title='bbox 3222 2339 3235 2363; x_wconf 90' lang='lat'><strong>,</strong></span> <span class='ocrx_word' id='word_1_647' title='bbox 3267 2314 3373 2353; x_wconf 90' lang='lat' dir='ltr'><strong>non</strong></span> <span class='ocrx_word' id='word_1_648' title='bbox 3395 2314 3588 2354; x_wconf 87' lang='lat' dir='ltr'><strong>carna-</strong></span> 
     </span>
    </p>
   </div>
   <div class='ocr_carea' id='block_1_85' title="bbox 1992 2385 3581 2460">
    <p class='ocr_par' dir='ltr' id='par_1_85' title="bbox 1992 2385 3581 2460">
     <span class='ocr_line' id='line_1_85' title="bbox 1992 2385 3581 2460; baseline 0.005 -20"><span class='ocrx_word' id='word_1_649' title='bbox 1992 2385 2112 2441; x_wconf 88' lang='lat' dir='ltr'><strong>liter</strong></span> <span class='ocrx_word' id='word_1_650' title='bbox 2157 2387 2300 2442; x_wconf 90' lang='lat' dir='ltr'><strong>illam</strong></span> <span class='ocrx_word' id='word_1_651' title='bbox 2350 2396 2576 2456; x_wconf 89' lang='lat' dir='ltr'><strong>terram,</strong></span> <span class='ocrx_word' id='word_1_652' title='bbox 2605 2404 2763 2459; x_wconf 86' lang='lat' dir='ltr'><strong>quam</strong></span> <span class='ocrx_word' id='word_1_653' title='bbox 2809 2388 3182 2444; x_wconf 85' lang='lat' dir='ltr'><strong>desiderabant</strong></span> <span class='ocrx_word' id='word_1_654' title='bbox 3225 2391 3581 2460; x_wconf 71' lang='lat' dir='ltr'><strong>accipientes;</strong></span> 
     </span>
    </p>
   </div>
   <div class='ocr_carea' id='block_1_86' title="bbox 1992 2478 3586 2551">
    <p class='ocr_par' dir='ltr' id='par_1_86' title="bbox 1992 2478 3586 2551">
     <span class='ocr_line' id='line_1_86' title="bbox 1992 2478 3586 2551; baseline 0.004 -17"><span class='ocrx_word' id='word_1_655' title='bbox 1992 2478 2086 2534; x_wconf 90' lang='lat' dir='ltr'><strong>sed</strong></span> <span class='ocrx_word' id='word_1_656' title='bbox 2106 2480 2431 2548; x_wconf 89' lang='lat' dir='ltr'><strong>spiritualem</strong></span> <span class='ocrx_word' id='word_1_657' title='bbox 2450 2481 2594 2535; x_wconf 89' lang='lat' dir='ltr'><strong>illam</strong></span> <span class='ocrx_word' id='word_1_658' title='bbox 2616 2483 2880 2537; x_wconf 88' lang='lat' dir='ltr'><strong>civitatem</strong></span> <span class='ocrx_word' id='word_1_659' title='bbox 2908 2482 3295 2551; x_wconf 86' lang='lat' dir='ltr'><strong>desiderantes,</strong></span> <span class='ocrx_word' id='word_1_660' title='bbox 3314 2485 3404 2540; x_wconf 91' lang='lat' dir='ltr'><strong>ubi</strong></span> <span class='ocrx_word' id='word_1_661' title='bbox 3424 2500 3586 2541; x_wconf 90' lang='lat' dir='ltr'><strong>nemo</strong></span> 
     </span>
    </p>
   </div>
   <div class='ocr_carea' id='block_1_87' title="bbox 1991 2570 3584 2646">
    <p class='ocr_par' dir='ltr' id='par_1_87' title="bbox 1991 2570 3584 2646">
     <span class='ocr_line' id='line_1_87' title="bbox 1991 2570 3584 2646; baseline 0.008 -23"><span class='ocrx_word' id='word_1_662' title='bbox 1991 2570 2228 2625; x_wconf 90' lang='lat' dir='ltr'><strong>nascitur</strong></span> <span class='ocrx_word' id='word_1_663' title='bbox 2254 2572 2569 2639; x_wconf 86' lang='lat' dir='ltr'><strong>carnaliter;</strong></span> <span class='ocrx_word' id='word_1_664' title='bbox 2603 2574 2726 2643; x_wconf 91' lang='lat' dir='ltr'><strong>quia</strong></span> <span class='ocrx_word' id='word_1_665' title='bbox 2767 2590 2926 2629; x_wconf 91' lang='lat' dir='ltr'><strong>nemo</strong></span> <span class='ocrx_word' id='word_1_666' title='bbox 2969 2575 3040 2630; x_wconf 90' lang='lat' dir='ltr'><strong>ibi</strong></span> <span class='ocrx_word' id='word_1_667' title='bbox 3080 2576 3387 2646; x_wconf 88' lang='lat' dir='ltr'><strong>carnaliter,</strong></span> <span class='ocrx_word' id='word_1_668' title='bbox 3421 2593 3584 2635; x_wconf 86' lang='lat' dir='ltr'><strong>nemo</strong></span> 
     </span>
    </p>
   </div>
   <div class='ocr_carea' id='block_1_88' title="bbox 1992 2663 2614 2731">
    <p class='ocr_par' dir='ltr' id='par_1_88' title="bbox 1992 2663 2614 2731">
     <span class='ocr_line' id='line_1_88' title="bbox 1992 2663 2614 2731; baseline 0.003 -15"><span class='ocrx_word' id='word_1_669' title='bbox 1992 2663 2339 2731; x_wconf 84' lang='lat' dir='ltr'><strong>spiritualiter</strong></span> <span class='ocrx_word' id='word_1_670' title='bbox 2368 2666 2614 2720; x_wconf 89' lang='lat' dir='ltr'><strong>moritur.</strong></span> 
     </span>
    </p>
   </div>
   <div class='ocr_carea' id='block_1_89' title="bbox 2060 2754 3580 2832">
    <p class='ocr_par' dir='ltr' id='par_1_89' title="bbox 2060 2754 3580 2832">
     <span class='ocr_line' id='line_1_89' title="bbox 2060 2754 3580 2832; baseline 0.005 -23"><span class='ocrx_word' id='word_1_671' title='bbox 2060 2754 2288 2810; x_wconf 82' lang='lat' dir='ltr'><strong>CAPUT</strong></span> <span class='ocrx_word' id='word_1_672' title='bbox 2346 2755 2731 2812; x_wconf 76' lang='lat' dir='ltr'><strong>XVII.—i8.</strong></span> <span class='ocrx_word' id='word_1_673' title='bbox 2795 2755 2914 2810; x_wconf 87' lang='lat' dir='ltr'><strong>Duo</strong></span> <span class='ocrx_word' id='word_1_674' title='bbox 2976 2757 3141 2823; x_wconf 74' lang='lat' dir='ltr'><strong>hwdi,</strong></span> <span class='ocrx_word' id='word_1_675' title='bbox 3214 2759 3313 2813; x_wconf 89' lang='lat' dir='ltr'><strong>duo</strong></span> <span class='ocrx_word' id='word_1_676' title='bbox 3380 2760 3580 2832; x_wconf 81' lang='lat' dir='ltr'><strong>populi.</strong></span> 
     </span>
    </p>
   </div>
   <div class='ocr_carea' id='block_1_90' title="bbox 1989 2846 3586 2922">
    <p class='ocr_par' dir='ltr' id='par_1_90' title="bbox 1989 2846 3586 2922">
     <span class='ocr_line' id='line_1_90' title="bbox 1989 2846 3586 2922; baseline 0.004 -21"><span class='ocrx_word' id='word_1_677' title='bbox 1989 2846 2137 2901; x_wconf 84' lang='lat' dir='ltr'><strong>Hanc</strong></span> <span class='ocrx_word' id='word_1_678' title='bbox 2196 2863 2322 2919; x_wconf 85' lang='lat' dir='ltr'><strong>ergo</strong></span> <span class='ocrx_word' id='word_1_679' title='bbox 2388 2864 2509 2903; x_wconf 92' lang='lat' dir='ltr'><strong>cum</strong></span> <span class='ocrx_word' id='word_1_680' title='bbox 2560 2850 2848 2918; x_wconf 85' lang='lat' dir='ltr'><strong>coepissent</strong></span> <span class='ocrx_word' id='word_1_681' title='bbox 2912 2850 3250 2919; x_wconf 84' lang='lat' dir='ltr'><strong>desiderare,</strong></span> <span class='ocrx_word' id='word_1_682' title='bbox 3306 2863 3586 2922; x_wconf 72' lang='lat' dir='ltr'><strong>cmperunt</strong></span> 
     </span>
    </p>
   </div>
   <div class='ocr_carea' id='block_1_91' title="bbox 1991 2941 3585 3012">
    <p class='ocr_par' dir='ltr' id='par_1_91' title="bbox 1991 2941 3585 3012">
     <span class='ocr_line' id='line_1_91' title="bbox 1991 2941 3585 3012; baseline 0.006 -19"><span class='ocrx_word' id='word_1_683' title='bbox 1991 2943 2257 3009; x_wconf 85' lang='lat' dir='ltr'><strong>pertinere</strong></span> <span class='ocrx_word' id='word_1_684' title='bbox 2297 2941 2364 2995; x_wconf 91' lang='lat' dir='ltr'><strong>ad</strong></span> <span class='ocrx_word' id='word_1_685' title='bbox 2393 2941 2592 3009; x_wconf 88' lang='lat' dir='ltr'><strong>Jacob,</strong></span> <span class='ocrx_word' id='word_1_686' title='bbox 2630 2944 2719 3012; x_wconf 90' lang='lat' dir='ltr'><strong>qui</strong></span> <span class='ocrx_word' id='word_1_687' title='bbox 2769 2943 3113 2999; x_wconf 89' lang='lat' dir='ltr'><strong>crediderunt</strong></span> <span class='ocrx_word' id='word_1_688' title='bbox 3153 2947 3203 2999; x_wconf 90' lang='lat' dir='ltr'><strong>in</strong></span> <span class='ocrx_word' id='word_1_689' title='bbox 3255 2946 3498 3012; x_wconf 89' lang='lat' dir='ltr'><strong>Christo,</strong></span> <span class='ocrx_word' id='word_1_690' title='bbox 3529 2956 3585 3003; x_wconf 92' lang='lat' dir='ltr'><strong>et</strong></span> 
     </span>
    </p>
   </div>
   <div class='ocr_carea' id='block_1_92' title="bbox 1989 3030 3579 3108">
    <p class='ocr_par' dir='ltr' id='par_1_92' title="bbox 1989 3030 3579 3108">
     <span class='ocr_line' id='line_1_92' title="bbox 1989 3030 3579 3108; baseline 0.006 -23"><span class='ocrx_word' id='word_1_691' title='bbox 1989 3030 2160 3087; x_wconf 84' lang='lat' dir='ltr'><strong>factus</strong></span> <span class='ocrx_word' id='word_1_692' title='bbox 2188 3041 2272 3089; x_wconf 91' lang='lat' dir='ltr'><strong>est</strong></span> <span class='ocrx_word' id='word_1_693' title='bbox 2298 3049 2426 3103; x_wconf 82' lang='lat' dir='ltr'><strong>grex</strong></span> <span class='ocrx_word' id='word_1_694' title='bbox 2458 3034 2664 3090; x_wconf 89' lang='lat' dir='ltr'><strong>Domini</strong></span> <span class='ocrx_word' id='word_1_695' title='bbox 2696 3035 2748 3089; x_wconf 94' lang='lat' dir='ltr'><strong>in</strong></span> <span class='ocrx_word' id='word_1_696' title='bbox 2778 3036 2892 3104; x_wconf 90' lang='lat' dir='ltr'><strong>ipsa</strong></span> <span class='ocrx_word' id='word_1_697' title='bbox 2926 3035 3128 3091; x_wconf 63' lang='lat' dir='ltr'><strong>Judtca.</strong></span> <span class='ocrx_word' id='word_1_698' title='bbox 3159 3037 3265 3093; x_wconf 88' lang='lat' dir='ltr'><strong>Sed</strong></span> <span class='ocrx_word' id='word_1_699' title='bbox 3294 3039 3419 3108; x_wconf 90' lang='lat' dir='ltr'><strong>quid</strong></span> <span class='ocrx_word' id='word_1_700' title='bbox 3450 3039 3579 3095; x_wconf 89' lang='lat' dir='ltr'><strong>dicit</strong></span> 
     </span>
    </p>
   </div>
   <div class='ocr_carea' id='block_1_93' title="bbox 1989 3122 3579 3198">
    <p class='ocr_par' dir='ltr' id='par_1_93' title="bbox 1989 3122 3579 3198">
     <span class='ocr_line' id='line_1_93' title="bbox 1989 3122 3579 3198; baseline 0.006 -22"><span class='ocrx_word' id='word_1_701' title='bbox 1989 3122 2246 3179; x_wconf 91' lang='lat' dir='ltr'><strong>Dominus</strong></span> <span class='ocrx_word' id='word_1_702' title='bbox 2290 3124 2357 3179; x_wconf 91' lang='lat' dir='ltr'><strong>de</strong></span> <span class='ocrx_word' id='word_1_703' title='bbox 2400 3125 2515 3194; x_wconf 91' lang='lat' dir='ltr'><strong>ipso</strong></span> <span class='ocrx_word' id='word_1_704' title='bbox 2553 3125 2751 3195; x_wconf 87' lang='lat' dir='ltr'><strong>grege?</strong></span> <span class='ocrx_word' id='word_1_705' title='bbox 2779 3124 2952 3181; x_wconf 83' lang='lat' dir='ltr'><strong>Habeo</strong></span> <span class='ocrx_word' id='word_1_706' title='bbox 2990 3129 3120 3182; x_wconf 84' lang='lat' dir='ltr'><strong>alias</strong></span> <span class='ocrx_word' id='word_1_707' title='bbox 3160 3145 3301 3196; x_wconf 86' lang='lat' dir='ltr'><strong>oves,</strong></span> <span class='ocrx_word' id='word_1_708' title='bbox 3341 3147 3453 3198; x_wconf 76' lang='lat' dir='ltr'><strong>qua:</strong></span> <span class='ocrx_word' id='word_1_709' title='bbox 3478 3148 3579 3185; x_wconf 87' lang='lat' dir='ltr'><strong>non</strong></span> 
     </span>
    </p>
   </div>
   <div class='ocr_carea' id='block_1_94' title="bbox 1988 3216 3585 3293">
    <p class='ocr_par' dir='ltr' id='par_1_94' title="bbox 1988 3216 3585 3293">
     <span class='ocr_line' id='line_1_94' title="bbox 1988 3216 3585 3293; baseline 0.005 -24"><span class='ocrx_word' id='word_1_710' title='bbox 1988 3225 2102 3270; x_wconf 88' lang='lat' dir='ltr'><strong>sunt</strong></span> <span class='ocrx_word' id='word_1_711' title='bbox 2130 3216 2193 3270; x_wconf 91' lang='lat' dir='ltr'><strong>de</strong></span> <span class='ocrx_word' id='word_1_712' title='bbox 2212 3217 2305 3270; x_wconf 87' lang='lat' dir='ltr'><strong>hoc</strong></span> <span class='ocrx_word' id='word_1_713' title='bbox 2332 3218 2449 3271; x_wconf 85' lang='lat' dir='ltr'><strong>ovili</strong></span> <span class='ocrx_word' id='word_1_714' title='bbox 2475 3233 2493 3270; x_wconf 88' lang='lat'><strong><em>:</em></strong></span> <span class='ocrx_word' id='word_1_715' title='bbox 2514 3218 2641 3272; x_wconf 86' lang='lat' dir='ltr'><strong>vado</strong></span> <span class='ocrx_word' id='word_1_716' title='bbox 2663 3259 2677 3283; x_wconf 94' lang='lat'><strong>,</strong></span> <span class='ocrx_word' id='word_1_717' title='bbox 2706 3218 2957 3272; x_wconf 89' lang='lat' dir='ltr'><strong>adducam</strong></span> <span class='ocrx_word' id='word_1_718' title='bbox 2979 3236 3063 3273; x_wconf 90' lang='lat' dir='ltr'><strong>eas</strong></span> <span class='ocrx_word' id='word_1_719' title='bbox 3084 3261 3099 3286; x_wconf 93' lang='lat'><strong>,</strong></span> <span class='ocrx_word' id='word_1_720' title='bbox 3125 3229 3173 3274; x_wconf 92' lang='lat' dir='ltr'><strong>et</strong></span> <span class='ocrx_word' id='word_1_721' title='bbox 3195 3222 3287 3274; x_wconf 88' lang='lat' dir='ltr'><strong>erit</strong></span> <span class='ocrx_word' id='word_1_722' title='bbox 3314 3239 3440 3277; x_wconf 86' lang='lat' dir='ltr'><strong>unus</strong></span> <span class='ocrx_word' id='word_1_723' title='bbox 3459 3240 3585 3293; x_wconf 72' lang='lat' dir='ltr'><strong>grex</strong></span> 
     </span>
    </p>
   </div>
   <div class='ocr_carea' id='block_1_95' title="bbox 1988 3308 3583 3381">
    <p class='ocr_par' dir='ltr' id='par_1_95' title="bbox 1988 3308 3583 3381">
     <span class='ocr_line' id='line_1_95' title="bbox 1988 3308 3583 3381; baseline 0.005 -20"><span class='ocrx_word' id='word_1_724' title='bbox 1988 3317 2035 3362; x_wconf 89' lang='lat' dir='ltr'><strong>et</strong></span> <span class='ocrx_word' id='word_1_725' title='bbox 2063 3325 2191 3362; x_wconf 88' lang='lat' dir='ltr'><strong>unus</strong></span> <span class='ocrx_word' id='word_1_726' title='bbox 2238 3318 2411 3379; x_wconf 85' lang='lat' dir='ltr'><strong>pastor</strong></span> <span class='ocrx_word' id='word_1_727' title='bbox 2442 3308 2618 3381; x_wconf 87' lang='lat' dir='ltr'><strong>(Joan.</strong></span> <span class='ocrx_word' id='word_1_728' title='bbox 2664 3327 2695 3363; x_wconf 82' lang='lat' dir='ltr'><strong>x</strong></span> <span class='ocrx_word' id='word_1_729' title='bbox 2716 3352 2731 3375; x_wconf 85' lang='lat'><strong>,</strong></span> <span class='ocrx_word' id='word_1_730' title='bbox 2778 3310 2889 3380; x_wconf 83' lang='grc'><strong>16).</strong></span> <span class='ocrx_word' id='word_1_731' title='bbox 2930 3310 3071 3378; x_wconf 85' lang='lat' dir='ltr'><strong>Quas</strong></span> <span class='ocrx_word' id='word_1_732' title='bbox 3110 3312 3240 3366; x_wconf 86' lang='lat' dir='ltr'><strong>alias</strong></span> <span class='ocrx_word' id='word_1_733' title='bbox 3268 3330 3395 3369; x_wconf 88' lang='lat' dir='ltr'><strong>oves</strong></span> <span class='ocrx_word' id='word_1_734' title='bbox 3421 3313 3583 3371; x_wconf 86' lang='lat' dir='ltr'><strong>habet</strong></span> 
     </span>
    </p>
   </div>
   <div class='ocr_carea' id='block_1_96' title="bbox 1988 3398 3582 3467">
    <p class='ocr_par' dir='ltr' id='par_1_96' title="bbox 1988 3398 3582 3467">
     <span class='ocr_line' id='line_1_96' title="bbox 1988 3398 3582 3467; baseline 0.005 -14"><span class='ocrx_word' id='word_1_735' title='bbox 1988 3398 2244 3455; x_wconf 90' lang='lat' dir='ltr'><strong>Dominus</strong></span> <span class='ocrx_word' id='word_1_736' title='bbox 2288 3400 2442 3455; x_wconf 85' lang='lat' dir='ltr'><strong>Jesus</strong></span> <span class='ocrx_word' id='word_1_737' title='bbox 2488 3399 2764 3467; x_wconf 89' lang='lat' dir='ltr'><strong>Christus,</strong></span> <span class='ocrx_word' id='word_1_738' title='bbox 2802 3401 2903 3456; x_wconf 90' lang='lat' dir='ltr'><strong>nisi</strong></span> <span class='ocrx_word' id='word_1_739' title='bbox 2945 3402 3012 3457; x_wconf 93' lang='lat' dir='ltr'><strong>de</strong></span> <span class='ocrx_word' id='word_1_740' title='bbox 3059 3400 3582 3461; x_wconf 76' lang='lat' dir='ltr'><strong>Centibus?Junct:e</strong></span> 
     </span>
    </p>
   </div>
   <div class='ocr_carea' id='block_1_97' title="bbox 1988 3489 3582 3551">
    <p class='ocr_par' dir='ltr' id='par_1_97' title="bbox 1988 3489 3582 3551">
     <span class='ocr_line' id='line_1_97' title="bbox 1988 3489 3582 3551; baseline 0.004 -7"><span class='ocrx_word' id='word_1_741' title='bbox 1988 3499 2116 3544; x_wconf 83' lang='lat' dir='ltr'><strong>sunt</strong></span> <span class='ocrx_word' id='word_1_742' title='bbox 2140 3504 2269 3545; x_wconf 91' lang='lat' dir='ltr'><strong>oves</strong></span> <span class='ocrx_word' id='word_1_743' title='bbox 2295 3489 2362 3545; x_wconf 94' lang='lat' dir='ltr'><strong>de</strong></span> <span class='ocrx_word' id='word_1_744' title='bbox 2387 3489 2648 3545; x_wconf 88' lang='lat' dir='ltr'><strong>Gentibus</strong></span> <span class='ocrx_word' id='word_1_745' title='bbox 2668 3491 2868 3548; x_wconf 73' lang='lat' dir='ltr'><strong>Judteis</strong></span> <span class='ocrx_word' id='word_1_746' title='bbox 2893 3493 3098 3548; x_wconf 90' lang='lat' dir='ltr'><strong>ovibus.</strong></span> <span class='ocrx_word' id='word_1_747' title='bbox 3124 3495 3199 3549; x_wconf 92' lang='lat' dir='ltr'><strong>De</strong></span> <span class='ocrx_word' id='word_1_748' title='bbox 3219 3495 3417 3551; x_wconf 82' lang='lat' dir='ltr'><strong>Judaeis</strong></span> <span class='ocrx_word' id='word_1_749' title='bbox 3437 3497 3582 3551; x_wconf 90' lang='lat' dir='ltr'><strong>enim</strong></span> 
     </span>
    </p>
   </div>
   <div class='ocr_carea' id='block_1_98' title="bbox 1988 3582 3581 3659">
    <p class='ocr_par' dir='ltr' id='par_1_98' title="bbox 1988 3582 3581 3659">
     <span class='ocr_line' id='line_1_98' title="bbox 1988 3582 3581 3659; baseline 0.003 -20"><span class='ocrx_word' id='word_1_750' title='bbox 1988 3582 2251 3653; x_wconf 87' lang='lat' dir='ltr'><strong>Apostoli.</strong></span> <span class='ocrx_word' id='word_1_751' title='bbox 2284 3584 2411 3638; x_wconf 91' lang='lat' dir='ltr'><strong>Inde</strong></span> <span class='ocrx_word' id='word_1_752' title='bbox 2438 3595 2590 3639; x_wconf 88' lang='lat' dir='ltr'><strong>erant</strong></span> <span class='ocrx_word' id='word_1_753' title='bbox 2637 3593 2691 3640; x_wconf 91' lang='lat' dir='ltr'><strong>et</strong></span> <span class='ocrx_word' id='word_1_754' title='bbox 2731 3587 3005 3657; x_wconf 84' lang='lat' dir='ltr'><strong>quingenti</strong></span> <span class='ocrx_word' id='word_1_755' title='bbox 3048 3587 3269 3651; x_wconf 90' lang='lat' dir='ltr'><strong>fratres,</strong></span> <span class='ocrx_word' id='word_1_756' title='bbox 3302 3590 3389 3659; x_wconf 91' lang='lat' dir='ltr'><strong>qui</strong></span> <span class='ocrx_word' id='word_1_757' title='bbox 3431 3590 3581 3645; x_wconf 85' lang='lat' dir='ltr'><strong>vide-</strong></span> 
     </span>
    </p>
   </div>
   <div class='ocr_carea' id='block_1_99' title="bbox 1988 3677 3578 3752">
    <p class='ocr_par' dir='ltr' id='par_1_99' title="bbox 1988 3677 3578 3752">
     <span class='ocr_line' id='line_1_99' title="bbox 1988 3677 3578 3752; baseline 0.004 -22"><span class='ocrx_word' id='word_1_758' title='bbox 1988 3686 2113 3731; x_wconf 85' lang='lat' dir='ltr'><strong>runt</strong></span> <span class='ocrx_word' id='word_1_759' title='bbox 2157 3677 2437 3731; x_wconf 92' lang='lat' dir='ltr'><strong>Dominum</strong></span> <span class='ocrx_word' id='word_1_760' title='bbox 2488 3686 2608 3747; x_wconf 89' lang='lat' dir='ltr'><strong>post</strong></span> <span class='ocrx_word' id='word_1_761' title='bbox 2642 3679 3088 3734; x_wconf 88' lang='lat' dir='ltr'><strong>resurrectionem</strong></span> <span class='ocrx_word' id='word_1_762' title='bbox 3135 3682 3189 3751; x_wconf 95' lang='grc' dir='ltr'><strong>(Ι</strong></span> <span class='ocrx_word' id='word_1_763' title='bbox 3217 3680 3334 3735; x_wconf 89' lang='lat' dir='ltr'><strong>Cor.</strong></span> <span class='ocrx_word' id='word_1_764' title='bbox 3364 3698 3453 3749; x_wconf 78' lang='lat' dir='ltr'><strong>xv,</strong></span> <span class='ocrx_word' id='word_1_765' title='bbox 3487 3682 3578 3752; x_wconf 88' lang='grc'><strong>6).</strong></span> 
     </span>
    </p>
   </div>
   <div class='ocr_carea' id='block_1_100' title="bbox 1990 3767 3583 3842">
    <p class='ocr_par' dir='ltr' id='par_1_100' title="bbox 1990 3767 3583 3842">
     <span class='ocr_line' id='line_1_100' title="bbox 1990 3767 3583 3842; baseline 0.003 -20"><span class='ocrx_word' id='word_1_766' title='bbox 1990 3767 2117 3823; x_wconf 89' lang='lat' dir='ltr'><strong>Inde</strong></span> <span class='ocrx_word' id='word_1_767' title='bbox 2145 3777 2261 3823; x_wconf 91' lang='lat' dir='ltr'><strong>erat</strong></span> <span class='ocrx_word' id='word_1_768' title='bbox 2302 3768 2417 3839; x_wconf 89' lang='lat' dir='ltr'><strong>ipse</strong></span> <span class='ocrx_word' id='word_1_769' title='bbox 2452 3768 2775 3837; x_wconf 86' lang='lat' dir='ltr'><strong>Nathanael,</strong></span> <span class='ocrx_word' id='word_1_770' title='bbox 2805 3770 2892 3824; x_wconf 91' lang='lat' dir='ltr'><strong>cui</strong></span> <span class='ocrx_word' id='word_1_771' title='bbox 2923 3771 3280 3825; x_wconf 88' lang='lat' dir='ltr'><strong>testimonium</strong></span> <span class='ocrx_word' id='word_1_772' title='bbox 3310 3774 3583 3842; x_wconf 84' lang='lat' dir='ltr'><strong>perhibuit</strong></span> 
     </span>
    </p>
   </div>
   <div class='ocr_carea' id='block_1_101' title="bbox 1988 3860 3579 3931">
    <p class='ocr_par' dir='ltr' id='par_1_101' title="bbox 1988 3860 3579 3931">
     <span class='ocr_line' id='line_1_101' title="bbox 1988 3860 3579 3931; baseline 0.001 -16"><span class='ocrx_word' id='word_1_773' title='bbox 1988 3860 2246 3916; x_wconf 90' lang='lat' dir='ltr'><strong>Dominus</strong></span> <span class='ocrx_word' id='word_1_774' title='bbox 2266 3902 2281 3927; x_wconf 93' lang='lat'><strong>,</strong></span> <span class='ocrx_word' id='word_1_775' title='bbox 2312 3862 2367 3915; x_wconf 91' lang='lat' dir='ltr'><strong>in</strong></span> <span class='ocrx_word' id='word_1_776' title='bbox 2394 3876 2497 3931; x_wconf 85' lang='lat' dir='ltr'><strong>quo</strong></span> <span class='ocrx_word' id='word_1_777' title='bbox 2527 3860 2681 3916; x_wconf 93' lang='lat' dir='ltr'><strong>dolus</strong></span> <span class='ocrx_word' id='word_1_778' title='bbox 2708 3878 2814 3917; x_wconf 93' lang='lat' dir='ltr'><strong>non</strong></span> <span class='ocrx_word' id='word_1_779' title='bbox 2836 3872 2997 3917; x_wconf 91' lang='lat' dir='ltr'><strong>esset.</strong></span> <span class='ocrx_word' id='word_1_780' title='bbox 3031 3863 3156 3917; x_wconf 89' lang='lat' dir='ltr'><strong>Inde</strong></span> <span class='ocrx_word' id='word_1_781' title='bbox 3186 3873 3339 3918; x_wconf 89' lang='lat' dir='ltr'><strong>erant</strong></span> <span class='ocrx_word' id='word_1_782' title='bbox 3364 3874 3579 3919; x_wconf 90' lang='lat' dir='ltr'><strong>centum</strong></span> 
     </span>
    </p>
   </div>
   <div class='ocr_carea' id='block_1_102' title="bbox 1990 3952 3581 4025">
    <p class='ocr_par' dir='ltr' id='par_1_102' title="bbox 1990 3952 3581 4025">
     <span class='ocr_line' id='line_1_102' title="bbox 1990 3952 3581 4025; baseline 0.002 -19"><span class='ocrx_word' id='word_1_783' title='bbox 1990 3953 2209 4024; x_wconf 90' lang='lat' dir='ltr'><strong>viginti,</strong></span> <span class='ocrx_word' id='word_1_784' title='bbox 2239 3953 2329 4023; x_wconf 88' lang='lat' dir='ltr'><strong>qui</strong></span> <span class='ocrx_word' id='word_1_785' title='bbox 2355 3968 2476 4008; x_wconf 91' lang='lat' dir='ltr'><strong>cum</strong></span> <span class='ocrx_word' id='word_1_786' title='bbox 2505 3960 2685 4008; x_wconf 91' lang='lat' dir='ltr'><strong>essent</strong></span> <span class='ocrx_word' id='word_1_787' title='bbox 2710 3954 2763 4008; x_wconf 92' lang='lat' dir='ltr'><strong>in</strong></span> <span class='ocrx_word' id='word_1_788' title='bbox 2802 3952 2992 4020; x_wconf 92' lang='lat' dir='ltr'><strong>domo,</strong></span> <span class='ocrx_word' id='word_1_789' title='bbox 3024 3954 3169 4008; x_wconf 88' lang='lat' dir='ltr'><strong>venit</strong></span> <span class='ocrx_word' id='word_1_790' title='bbox 3197 3955 3426 4025; x_wconf 90' lang='lat' dir='ltr'><strong>Spiritus</strong></span> <span class='ocrx_word' id='word_1_791' title='bbox 3451 3970 3581 4009; x_wconf 83' lang='lat' dir='ltr'><strong>san-</strong></span> 
     </span>
    </p>
   </div>
   <div class='ocr_carea' id='block_1_103' title="bbox 1991 4044 3580 4118">
    <p class='ocr_par' dir='ltr' id='par_1_103' title="bbox 1991 4044 3580 4118">
     <span class='ocr_line' id='line_1_103' title="bbox 1991 4044 3580 4118; baseline 0 -16"><span class='ocrx_word' id='word_1_792' title='bbox 1991 4056 2139 4112; x_wconf 89' lang='lat' dir='ltr'><strong>ctus,</strong></span> <span class='ocrx_word' id='word_1_793' title='bbox 2170 4055 2229 4100; x_wconf 90' lang='lat' dir='ltr'><strong>ut</strong></span> <span class='ocrx_word' id='word_1_794' title='bbox 2272 4061 2366 4101; x_wconf 91' lang='lat' dir='ltr'><strong>eos</strong></span> <span class='ocrx_word' id='word_1_795' title='bbox 2404 4044 2778 4116; x_wconf 88' lang='lat' dir='ltr'><strong>perfunderet,</strong></span> <span class='ocrx_word' id='word_1_796' title='bbox 2810 4062 2966 4117; x_wconf 93' lang='lat' dir='ltr'><strong>quem</strong></span> <span class='ocrx_word' id='word_1_797' title='bbox 2998 4048 3311 4115; x_wconf 86' lang='lat' dir='ltr'><strong>promiserat</strong></span> <span class='ocrx_word' id='word_1_798' title='bbox 3342 4047 3580 4118; x_wconf 86' lang='lat' dir='ltr'><strong>discipu-</strong></span> 
     </span>
    </p>
   </div>
   <div class='ocr_carea' id='block_1_104' title="bbox 1990 4140 3582 4211">
    <p class='ocr_par' dir='ltr' id='par_1_104' title="bbox 1990 4140 3582 4211">
     <span class='ocr_line' id='line_1_104' title="bbox 1990 4140 3582 4211; baseline -0.001 -15"><span class='ocrx_word' id='word_1_799' title='bbox 1990 4142 2077 4197; x_wconf 91' lang='lat' dir='ltr'><strong>lis.</strong></span> <span class='ocrx_word' id='word_1_800' title='bbox 2109 4141 2235 4196; x_wconf 90' lang='lat' dir='ltr'><strong>lnde</strong></span> <span class='ocrx_word' id='word_1_801' title='bbox 2263 4150 2416 4196; x_wconf 89' lang='lat' dir='ltr'><strong>erant</strong></span> <span class='ocrx_word' id='word_1_802' title='bbox 2447 4149 2522 4195; x_wconf 91' lang='lat' dir='ltr'><strong>tot</strong></span> <span class='ocrx_word' id='word_1_803' title='bbox 2564 4140 2725 4195; x_wconf 91' lang='lat' dir='ltr'><strong>millia</strong></span> <span class='ocrx_word' id='word_1_804' title='bbox 2770 4140 3080 4205; x_wconf 89' lang='lat' dir='ltr'><strong>hominum,</strong></span> <span class='ocrx_word' id='word_1_805' title='bbox 3113 4156 3231 4211; x_wconf 83' lang='lat' dir='ltr'><strong>quae</strong></span> <span class='ocrx_word' id='word_1_806' title='bbox 3260 4140 3484 4210; x_wconf 91' lang='lat' dir='ltr'><strong>legimus</strong></span> <span class='ocrx_word' id='word_1_807' title='bbox 3525 4142 3582 4195; x_wconf 92' lang='lat' dir='ltr'><strong>in</strong></span> 
     </span>
    </p>
   </div>
   <div class='ocr_carea' id='block_1_105' title="bbox 1989 4232 3578 4303">
    <p class='ocr_par' dir='ltr' id='par_1_105' title="bbox 1989 4232 3578 4303">
     <span class='ocr_line' id='line_1_105' title="bbox 1989 4232 3578 4303; baseline -0.001 -14"><span class='ocrx_word' id='word_1_808' title='bbox 1989 4235 2211 4289; x_wconf 85' lang='lat' dir='ltr'><strong>Actibus</strong></span> <span class='ocrx_word' id='word_1_809' title='bbox 2239 4233 2616 4303; x_wconf 84' lang='lat' dir='ltr'><strong>Apostolorum</strong></span> <span class='ocrx_word' id='word_1_810' title='bbox 2639 4233 2903 4303; x_wconf 87' lang='lat' dir='ltr'><strong>baptizata</strong></span> <span class='ocrx_word' id='word_1_811' title='bbox 2929 4233 2980 4286; x_wconf 90' lang='lat' dir='ltr'><strong>in</strong></span> <span class='ocrx_word' id='word_1_812' title='bbox 3004 4233 3219 4287; x_wconf 89' lang='lat' dir='ltr'><strong>nomine</strong></span> <span class='ocrx_word' id='word_1_813' title='bbox 3248 4232 3481 4299; x_wconf 90' lang='lat' dir='ltr'><strong>Christi,</strong></span> <span class='ocrx_word' id='word_1_814' title='bbox 3514 4248 3578 4288; x_wconf 85' lang='lat' dir='ltr'><strong>ex</strong></span> 
     </span>
    </p>
   </div>
   <div class='ocr_carea' id='block_1_106' title="bbox 1990 4324 3577 4398">
    <p class='ocr_par' dir='ltr' id='par_1_106' title="bbox 1990 4324 3577 4398">
     <span class='ocr_line' id='line_1_106' title="bbox 1990 4324 3577 4398; baseline -0.001 -16"><span class='ocrx_word' id='word_1_815' title='bbox 1990 4327 2075 4383; x_wconf 87' lang='lat' dir='ltr'><strong>his</strong></span> <span class='ocrx_word' id='word_1_816' title='bbox 2103 4328 2124 4360; x_wconf 79' lang='grc'><strong>⁸</strong></span> <span class='ocrx_word' id='word_1_817' title='bbox 2149 4328 2239 4398; x_wconf 92' lang='lat' dir='ltr'><strong>qui</strong></span> <span class='ocrx_word' id='word_1_818' title='bbox 2295 4326 2667 4382; x_wconf 81' lang='lat' dir='ltr'><strong>cruciﬁxerant</strong></span> <span class='ocrx_word' id='word_1_819' title='bbox 2717 4325 2990 4380; x_wconf 89' lang='lat' dir='ltr'><strong>Christum</strong></span> <span class='ocrx_word' id='word_1_820' title='bbox 3024 4325 3168 4396; x_wconf 88' lang='lat' dir='ltr'><strong>(Act.</strong></span> <span class='ocrx_word' id='word_1_821' title='bbox 3201 4342 3249 4389; x_wconf 85' lang='lat'><strong>1,</strong></span> <span class='ocrx_word' id='word_1_822' title='bbox 3281 4341 3352 4391; x_wconf 91' lang='grc' dir='ltr'><strong>ιι,</strong></span> <span class='ocrx_word' id='word_1_823' title='bbox 3383 4334 3432 4379; x_wconf 88' lang='lat' dir='ltr'><strong>et</strong></span> <span class='ocrx_word' id='word_1_824' title='bbox 3470 4339 3519 4380; x_wconf 84' lang='lat' dir='ltr'><strong>1v</strong></span> <span class='ocrx_word' id='word_1_825' title='bbox 3537 4324 3577 4393; x_wconf 84' lang='lat'><strong>).</strong></span> 
     </span>
    </p>
   </div>
   <div class='ocr_carea' id='block_1_107' title="bbox 1990 4416 3578 4492">
    <p class='ocr_par' dir='ltr' id='par_1_107' title="bbox 1990 4416 3578 4492">
     <span class='ocr_line' id='line_1_107' title="bbox 1990 4416 3578 4492; baseline -0.004 -15"><span class='ocrx_word' id='word_1_826' title='bbox 1990 4416 2134 4492; x_wconf 86' lang='lat' dir='ltr'><strong>Ergo</strong></span> <span class='ocrx_word' id='word_1_827' title='bbox 2164 4422 2285 4477; x_wconf 91' lang='lat' dir='ltr'><strong>inde</strong></span> <span class='ocrx_word' id='word_1_828' title='bbox 2305 4428 2458 4476; x_wconf 88' lang='lat' dir='ltr'><strong>erant</strong></span> <span class='ocrx_word' id='word_1_829' title='bbox 2486 4436 2615 4475; x_wconf 90' lang='lat' dir='ltr'><strong>oves</strong></span> <span class='ocrx_word' id='word_1_830' title='bbox 2635 4463 2649 4487; x_wconf 93' lang='lat'><strong>,</strong></span> <span class='ocrx_word' id='word_1_831' title='bbox 2679 4428 2733 4475; x_wconf 91' lang='lat' dir='ltr'><strong>et</strong></span> <span class='ocrx_word' id='word_1_832' title='bbox 2758 4419 2938 4473; x_wconf 81' lang='lat' dir='ltr'><strong>multae</strong></span> <span class='ocrx_word' id='word_1_833' title='bbox 2967 4434 3127 4485; x_wconf 90' lang='lat' dir='ltr'><strong>oves;</strong></span> <span class='ocrx_word' id='word_1_834' title='bbox 3150 4418 3245 4472; x_wconf 91' lang='lat' dir='ltr'><strong>sed</strong></span> <span class='ocrx_word' id='word_1_835' title='bbox 3273 4434 3377 4473; x_wconf 91' lang='lat' dir='ltr'><strong>non</strong></span> <span class='ocrx_word' id='word_1_836' title='bbox 3406 4418 3534 4473; x_wconf 71' lang='lat' dir='ltr'><strong>solae</strong></span> <span class='ocrx_word' id='word_1_837' title='bbox 3564 4435 3578 4471; x_wconf 92' lang='lat'><strong>:</strong></span> 
     </span>
    </p>
   </div>
   <div class='ocr_carea' id='block_1_108' title="bbox 1991 4510 3580 4580">
    <p class='ocr_par' dir='ltr' id='par_1_108' title="bbox 1991 4510 3580 4580">
     <span class='ocr_line' id='line_1_108' title="bbox 1991 4510 3580 4580; baseline -0.004 -10"><span class='ocrx_word' id='word_1_838' title='bbox 1991 4514 2222 4570; x_wconf 88' lang='lat' dir='ltr'><strong>habebat</strong></span> <span class='ocrx_word' id='word_1_839' title='bbox 2248 4514 2503 4569; x_wconf 91' lang='lat' dir='ltr'><strong>Dominus</strong></span> <span class='ocrx_word' id='word_1_840' title='bbox 2530 4513 2659 4567; x_wconf 91' lang='lat' dir='ltr'><strong>alias</strong></span> <span class='ocrx_word' id='word_1_841' title='bbox 2701 4512 2767 4567; x_wconf 92' lang='lat' dir='ltr'><strong>de</strong></span> <span class='ocrx_word' id='word_1_842' title='bbox 2802 4511 3081 4566; x_wconf 86' lang='lat' dir='ltr'><strong>Gentibus.</strong></span> <span class='ocrx_word' id='word_1_843' title='bbox 3119 4510 3223 4580; x_wconf 93' lang='lat' dir='ltr'><strong>lpsi</strong></span> <span class='ocrx_word' id='word_1_844' title='bbox 3265 4510 3369 4566; x_wconf 92' lang='lat' dir='ltr'><strong>duo</strong></span> <span class='ocrx_word' id='word_1_845' title='bbox 3400 4510 3580 4580; x_wconf 87' lang='lat' dir='ltr'><strong>populi</strong></span> 
     </span>
    </p>
   </div>
   <div class='ocr_carea' id='block_1_109' title="bbox 1990 4604 3583 4678">
    <p class='ocr_par' dir='ltr' id='par_1_109' title="bbox 1990 4604 3583 4678">
     <span class='ocr_line' id='line_1_109' title="bbox 1990 4604 3583 4678; baseline -0.004 -15"><span class='ocrx_word' id='word_1_846' title='bbox 1990 4618 2241 4678; x_wconf 88' lang='lat' dir='ltr'><strong>tanquam</strong></span> <span class='ocrx_word' id='word_1_847' title='bbox 2268 4606 2343 4663; x_wconf 59' lang='lat' dir='ltr'><strong>de&#39;</strong></span> <span class='ocrx_word' id='word_1_848' title='bbox 2365 4608 2578 4662; x_wconf 90' lang='lat' dir='ltr'><strong>diverso</strong></span> <span class='ocrx_word' id='word_1_849' title='bbox 2614 4607 2890 4661; x_wconf 87' lang='lat' dir='ltr'><strong>venientes</strong></span> <span class='ocrx_word' id='word_1_850' title='bbox 2910 4647 2923 4669; x_wconf 96' lang='lat'><strong>,</strong></span> <span class='ocrx_word' id='word_1_851' title='bbox 2948 4605 3105 4659; x_wconf 90' lang='lat' dir='ltr'><strong>ctiam</strong></span> <span class='ocrx_word' id='word_1_852' title='bbox 3132 4604 3338 4659; x_wconf 91' lang='lat' dir='ltr'><strong>duobus</strong></span> <span class='ocrx_word' id='word_1_853' title='bbox 3365 4605 3583 4673; x_wconf 84' lang='lat' dir='ltr'><strong>parieti—</strong></span> 
     </span>
    </p>
   </div>
   <div class='ocr_carea' id='block_1_110' title="bbox 1991 4694 3583 4769">
    <p class='ocr_par' dir='ltr' id='par_1_110' title="bbox 1991 4694 3583 4769">
     <span class='ocr_line' id='line_1_110' title="bbox 1991 4694 3583 4769; baseline -0.002 -16"><span class='ocrx_word' id='word_1_854' title='bbox 1991 4699 2090 4754; x_wconf 91' lang='lat' dir='ltr'><strong>bus</strong></span> <span class='ocrx_word' id='word_1_855' title='bbox 2118 4697 2503 4769; x_wconf 82' lang='lat' dir='ltr'><strong>signiﬁcantur.</strong></span> <span class='ocrx_word' id='word_1_856' title='bbox 2534 4697 2691 4751; x_wconf 86' lang='lat' dir='ltr'><strong>Venit</strong></span> <span class='ocrx_word' id='word_1_857' title='bbox 2730 4697 2870 4749; x_wconf 91' lang='lat' dir='ltr'><strong>enim</strong></span> <span class='ocrx_word' id='word_1_858' title='bbox 2915 4695 3152 4749; x_wconf 87' lang='lat' dir='ltr'><strong>Ecclesia</strong></span> <span class='ocrx_word' id='word_1_859' title='bbox 3182 4694 3485 4750; x_wconf 67' lang='lat' dir='ltr'><strong>Judazorum</strong></span> <span class='ocrx_word' id='word_1_860' title='bbox 3516 4694 3583 4750; x_wconf 88' lang='lat' dir='ltr'><strong>de</strong></span> 
     </span>
    </p>
   </div>
   <div class='ocr_carea' id='block_1_111' title="bbox 1992 4785 3579 4856">
    <p class='ocr_par' dir='ltr' id='par_1_111' title="bbox 1992 4785 3579 4856">
     <span class='ocr_line' id='line_1_111' title="bbox 1992 4785 3579 4856; baseline -0.003 -11"><span class='ocrx_word' id='word_1_861' title='bbox 1992 4790 2425 4855; x_wconf 85' lang='lat' dir='ltr'><strong>circumcisione;</strong></span> <span class='ocrx_word' id='word_1_862' title='bbox 2454 4788 2599 4843; x_wconf 90' lang='lat' dir='ltr'><strong>venit</strong></span> <span class='ocrx_word' id='word_1_863' title='bbox 2641 4787 2880 4842; x_wconf 89' lang='lat' dir='ltr'><strong>Ecclesia</strong></span> <span class='ocrx_word' id='word_1_864' title='bbox 2913 4785 3159 4843; x_wconf 88' lang='lat' dir='ltr'><strong>Gentium</strong></span> <span class='ocrx_word' id='word_1_865' title='bbox 3188 4787 3253 4841; x_wconf 93' lang='lat' dir='ltr'><strong>de</strong></span> <span class='ocrx_word' id='word_1_866' title='bbox 3284 4787 3579 4856; x_wconf 69' lang='lat' dir='ltr'><strong>praeputio:</strong></span> 
     </span>
    </p>
   </div>
   <div class='ocr_carea' id='block_1_112' title="bbox 1992 4880 3584 4952">
    <p class='ocr_par' dir='ltr' id='par_1_112' title="bbox 1992 4880 3584 4952">
     <span class='ocr_line' id='line_1_112' title="bbox 1992 4880 3584 4952; baseline 0 -13"><span class='ocrx_word' id='word_1_867' title='bbox 1992 4884 2060 4939; x_wconf 84' lang='lat' dir='ltr'><strong>de</strong></span> <span class='ocrx_word' id='word_1_868' title='bbox 2086 4885 2297 4939; x_wconf 87' lang='lat' dir='ltr'><strong>diverso</strong></span> <span class='ocrx_word' id='word_1_869' title='bbox 2327 4883 2599 4938; x_wconf 89' lang='lat' dir='ltr'><strong>venientes</strong></span> <span class='ocrx_word' id='word_1_870' title='bbox 2642 4883 2695 4936; x_wconf 92' lang='lat' dir='ltr'><strong>in</strong></span> <span class='ocrx_word' id='word_1_871' title='bbox 2731 4882 2891 4937; x_wconf 90' lang='lat' dir='ltr'><strong>domo</strong></span> <span class='ocrx_word' id='word_1_872' title='bbox 2918 4880 2941 4913; x_wconf 71' lang='lat'><strong>‘</strong></span> <span class='ocrx_word' id='word_1_873' title='bbox 2965 4883 3233 4952; x_wconf 90' lang='lat' dir='ltr'><strong>conjuncti</strong></span> <span class='ocrx_word' id='word_1_874' title='bbox 3272 4890 3413 4937; x_wconf 91' lang='lat' dir='ltr'><strong>sunt.</strong></span> <span class='ocrx_word' id='word_1_875' title='bbox 3458 4881 3584 4939; x_wconf 86' lang='lat' dir='ltr'><strong>Ideo</strong></span> 
     </span>
    </p>
   </div>
   <div class='ocr_carea' id='block_1_113' title="bbox 1994 4975 3584 5046">
    <p class='ocr_par' dir='ltr' id='par_1_113' title="bbox 1994 4975 3584 5046">
     <span class='ocr_line' id='line_1_113' title="bbox 1994 4975 3584 5046; baseline -0.002 -13"><span class='ocrx_word' id='word_1_876' title='bbox 1994 4978 2249 5033; x_wconf 89' lang='lat' dir='ltr'><strong>Dominus</strong></span> <span class='ocrx_word' id='word_1_877' title='bbox 2279 4977 2451 5032; x_wconf 89' lang='lat' dir='ltr'><strong>dictus</strong></span> <span class='ocrx_word' id='word_1_878' title='bbox 2481 4986 2562 5032; x_wconf 93' lang='lat' dir='ltr'><strong>est</strong></span> <span class='ocrx_word' id='word_1_879' title='bbox 2600 4976 2733 5046; x_wconf 91' lang='lat' dir='ltr'><strong>lapis</strong></span> <span class='ocrx_word' id='word_1_880' title='bbox 2762 4976 3030 5045; x_wconf 87' lang='lat' dir='ltr'><strong>angularis</strong></span> <span class='ocrx_word' id='word_1_881' title='bbox 3060 4994 3072 5029; x_wconf 89' lang='lat'><strong>:</strong></span> <span class='ocrx_word' id='word_1_882' title='bbox 3098 4975 3227 5029; x_wconf 88' lang='lat' dir='ltr'><strong>dicit</strong></span> <span class='ocrx_word' id='word_1_883' title='bbox 3253 4976 3393 5030; x_wconf 90' lang='lat' dir='ltr'><strong>enim</strong></span> <span class='ocrx_word' id='word_1_884' title='bbox 3433 4977 3584 5030; x_wconf 81' lang='lat' dir='ltr'><strong>Psal-</strong></span> 
     </span>
    </p>
   </div>
   <div class='ocr_carea' id='block_1_114' title="bbox 1993 5068 3585 5141">
    <p class='ocr_par' dir='ltr' id='par_1_114' title="bbox 1993 5068 3585 5141">
     <span class='ocr_line' id='line_1_114' title="bbox 1993 5068 3585 5141; baseline -0.001 -16"><span class='ocrx_word' id='word_1_885' title='bbox 1993 5086 2146 5135; x_wconf 91' lang='lat' dir='ltr'><strong>mus,</strong></span> <span class='ocrx_word' id='word_1_886' title='bbox 2187 5070 2435 5141; x_wconf 86' lang='lat' dir='ltr'><strong>Lapidem</strong></span> <span class='ocrx_word' id='word_1_887' title='bbox 2487 5086 2632 5140; x_wconf 88' lang='lat' dir='ltr'><strong>quem</strong></span> <span class='ocrx_word' id='word_1_888' title='bbox 2684 5072 3072 5139; x_wconf 84' lang='lat' dir='ltr'><strong>reprobaverunt</strong></span> <span class='ocrx_word' id='word_1_889' title='bbox 3118 5068 3457 5137; x_wconf 74' lang='lat' dir='ltr'><strong>tedi/icantes,</strong></span> <span class='ocrx_word' id='word_1_890' title='bbox 3505 5070 3585 5123; x_wconf 83' lang='lat' dir='ltr'><strong>hic</strong></span> 
     </span>
    </p>
   </div>
   <div class='ocr_carea' id='block_1_115' title="bbox 1995 5160 3586 5235">
    <p class='ocr_par' dir='ltr' id='par_1_115' title="bbox 1995 5160 3586 5235">
     <span class='ocr_line' id='line_1_115' title="bbox 1995 5160 3586 5235; baseline -0.001 -19"><span class='ocrx_word' id='word_1_891' title='bbox 1995 5166 2160 5235; x_wconf 81' lang='lat' dir='ltr'><strong>factus</strong></span> <span class='ocrx_word' id='word_1_892' title='bbox 2197 5172 2269 5217; x_wconf 85' lang='lat' dir='ltr'><strong>est</strong></span> <span class='ocrx_word' id='word_1_893' title='bbox 2313 5163 2366 5216; x_wconf 88' lang='lat' dir='ltr'><strong>in</strong></span> <span class='ocrx_word' id='word_1_894' title='bbox 2415 5170 2564 5231; x_wconf 86' lang='lat' dir='ltr'><strong>caput</strong></span> <span class='ocrx_word' id='word_1_895' title='bbox 2595 5160 2768 5231; x_wconf 88' lang='lat' dir='ltr'><strong>anguli</strong></span> <span class='ocrx_word' id='word_1_896' title='bbox 2802 5160 2970 5231; x_wconf 87' lang='lat' dir='ltr'><strong>(Psal.</strong></span> <span class='ocrx_word' id='word_1_897' title='bbox 2993 5176 3131 5215; x_wconf 82' lang='lat' dir='ltr'><strong>cxvn</strong></span> <span class='ocrx_word' id='word_1_898' title='bbox 3154 5201 3168 5224; x_wconf 90' lang='lat'><strong>,</strong></span> <span class='ocrx_word' id='word_1_899' title='bbox 3199 5160 3289 5233; x_wconf 69' lang='grc'><strong>22)</strong></span> <span class='ocrx_word' id='word_1_900' title='bbox 3315 5178 3329 5227; x_wconf 90' lang='lat'><strong>;</strong></span> <span class='ocrx_word' id='word_1_901' title='bbox 3358 5162 3486 5216; x_wconf 80' lang='lat' dir='ltr'><strong>dicit</strong></span> <span class='ocrx_word' id='word_1_902' title='bbox 3532 5172 3586 5215; x_wconf 89' lang='lat' dir='ltr'><strong>ct</strong></span> 
     </span>
    </p>
   </div>
   <div class='ocr_carea' id='block_1_116' title="bbox 1994 5253 3585 5326">
    <p class='ocr_par' dir='ltr' id='par_1_116' title="bbox 1994 5253 3585 5326">
     <span class='ocr_line' id='line_1_116' title="bbox 1994 5253 3585 5326; baseline -0.001 -16"><span class='ocrx_word' id='word_1_903' title='bbox 1994 5256 2305 5325; x_wconf 89' lang='lat' dir='ltr'><strong>Apostolus,</strong></span> <span class='ocrx_word' id='word_1_904' title='bbox 2326 5253 2450 5326; x_wconf 88' lang='lat' dir='ltr'><strong>Ipso</strong></span> <span class='ocrx_word' id='word_1_905' title='bbox 2467 5271 2662 5309; x_wconf 88' lang='lat' dir='ltr'><strong>summo</strong></span> <span class='ocrx_word' id='word_1_906' title='bbox 2683 5253 2918 5325; x_wconf 85' lang='lat' dir='ltr'><strong>angulari</strong></span> <span class='ocrx_word' id='word_1_907' title='bbox 2948 5253 3116 5323; x_wconf 87' lang='lat' dir='ltr'><strong>lapide</strong></span> <span class='ocrx_word' id='word_1_908' title='bbox 3134 5255 3371 5309; x_wconf 63' lang='lat' dir='ltr'><strong>existente</strong></span> <span class='ocrx_word' id='word_1_909' title='bbox 3388 5255 3585 5309; x_wconf 85' lang='lat' dir='ltr'><strong>Christo</strong></span> 
     </span>
    </p>
   </div>
   <div class='ocr_carea' id='block_1_117' title="bbox 1995 5346 3586 5421">
    <p class='ocr_par' dir='ltr' id='par_1_117' title="bbox 1995 5346 3586 5421">
     <span class='ocr_line' id='line_1_117' title="bbox 1995 5346 3586 5421; baseline 0 -19"><span class='ocrx_word' id='word_1_910' title='bbox 1995 5347 2120 5402; x_wconf 84' lang='lat' dir='ltr'><strong>Jesu</strong></span> <span class='ocrx_word' id='word_1_911' title='bbox 2154 5347 2367 5421; x_wconf 85' lang='lat' dir='ltr'><strong>(Ephes.</strong></span> <span class='ocrx_word' id='word_1_912' title='bbox 2401 5363 2467 5416; x_wconf 90' lang='grc' dir='ltr'><strong>ιι,</strong></span> <span class='ocrx_word' id='word_1_913' title='bbox 2500 5346 2616 5418; x_wconf 71' lang='lat'><strong>20).</strong></span> <span class='ocrx_word' id='word_1_914' title='bbox 2645 5346 2745 5403; x_wconf 91' lang='lat' dir='ltr'><strong>Ubi</strong></span> <span class='ocrx_word' id='word_1_915' title='bbox 2789 5355 2870 5401; x_wconf 88' lang='lat' dir='ltr'><strong>est</strong></span> <span class='ocrx_word' id='word_1_916' title='bbox 2910 5346 3169 5417; x_wconf 89' lang='lat' dir='ltr'><strong>angulus,</strong></span> <span class='ocrx_word' id='word_1_917' title='bbox 3208 5348 3313 5403; x_wconf 90' lang='lat' dir='ltr'><strong>duo</strong></span> <span class='ocrx_word' id='word_1_918' title='bbox 3356 5349 3586 5419; x_wconf 86' lang='lat' dir='ltr'><strong>parietes</strong></span> 
     </span>
    </p>
   </div>
   <div class='ocr_carea' id='block_1_118' title="bbox 2060 5531 3587 5599">
    <p class='ocr_par' dir='ltr' id='par_1_118' title="bbox 2060 5531 3587 5599">
     <span class='ocr_line' id='line_1_118' title="bbox 2060 5531 3587 5599; baseline -0.001 -13"><span class='ocrx_word' id='word_1_919' title='bbox 2060 5538 2210 5599; x_wconf 52' lang='grc' dir='ltr'><strong>ξω.</strong></span> <span class='ocrx_word' id='word_1_920' title='bbox 2226 5549 2238 5584; x_wconf 93' lang='lat'><strong>:</strong></span> <span class='ocrx_word' id='word_1_921' title='bbox 2255 5533 2323 5599; x_wconf 14' lang='lat' dir='ltr'><strong>si,</strong></span> <span class='ocrx_word' id='word_1_922' title='bbox 2340 5546 2470 5599; x_wconf 68' lang='lat' dir='ltr'><strong>ergo,</strong></span> <span class='ocrx_word' id='word_1_923' title='bbox 2494 5533 2737 5599; x_wconf 69' lang='lat' dir='ltr'><strong>Pauloque</strong></span> <span class='ocrx_word' id='word_1_924' title='bbox 2760 5539 2867 5596; x_wconf 88' lang='lat' dir='ltr'><strong>post</strong></span> <span class='ocrx_word' id='word_1_925' title='bbox 2886 5532 2982 5584; x_wconf 90' lang='lat' dir='ltr'><strong>duo</strong></span> <span class='ocrx_word' id='word_1_926' title='bbox 3003 5532 3145 5597; x_wconf 65' lang='lat' dir='ltr'><strong>Mss,</strong></span> <span class='ocrx_word' id='word_1_927' title='bbox 3164 5531 3217 5584; x_wconf 87' lang='lat' dir='ltr'><strong>id</strong></span> <span class='ocrx_word' id='word_1_928' title='bbox 3256 5539 3345 5596; x_wconf 86' lang='lat' dir='ltr'><strong>est,</strong></span> <span class='ocrx_word' id='word_1_929' title='bbox 3368 5531 3587 5587; x_wconf 73' lang='lat' dir='ltr'><strong>luedinas</strong></span> 
     </span>
    </p>
   </div>
   <div class='ocr_carea' id='block_1_119' title="bbox 1995 5595 2588 5666">
    <p class='ocr_par' dir='ltr' id='par_1_119' title="bbox 1995 5595 2588 5666">
     <span class='ocr_line' id='line_1_119' title="bbox 1995 5595 2588 5666; baseline -0.008 -16"><span class='ocrx_word' id='word_1_930' title='bbox 1995 5597 2163 5666; x_wconf 82' lang='lat' dir='ltr'><strong>pelles,</strong></span> <span class='ocrx_word' id='word_1_931' title='bbox 2196 5597 2323 5662; x_wconf 85' lang='lat' dir='ltr'><strong>quod</strong></span> <span class='ocrx_word' id='word_1_932' title='bbox 2348 5595 2418 5647; x_wconf 73' lang='lat' dir='ltr'><strong>es&#39;t</strong></span> <span class='ocrx_word' id='word_1_933' title='bbox 2434 5595 2588 5646; x_wconf 86' lang='lat' dir='ltr'><strong>dolus.</strong></span> 
     </span>
    </p>
   </div>
   <div class='ocr_carea' id='block_1_120' title="bbox 2058 5664 2469 5724">
    <p class='ocr_par' dir='ltr' id='par_1_120' title="bbox 2058 5664 2469 5724">
     <span class='ocr_line' id='line_1_120' title="bbox 2058 5664 2469 5724; baseline -0.002 -15"><span class='ocrx_word' id='word_1_934' title='bbox 2058 5664 2080 5694; x_wconf 79' lang='grc'>¹</span> <span class='ocrx_word' id='word_1_935' title='bbox 2104 5669 2242 5711; x_wconf 77' lang='lat' dir='ltr'><strong>Forte</strong></span> <span class='ocrx_word' id='word_1_936' title='bbox 2257 5700 2270 5721; x_wconf 87' lang='lat'><strong>,</strong></span> <span class='ocrx_word' id='word_1_937' title='bbox 2298 5665 2469 5724; x_wconf 86' lang='lat' dir='ltr'><strong>portat.</strong></span> 
     </span>
    </p>
   </div>
   <div class='ocr_carea' id='block_1_121' title="bbox 1992 5720 2867 5792">
    <p class='ocr_par' dir='ltr' id='par_1_121' title="bbox 1992 5720 2867 5792">
     <span class='ocr_line' id='line_1_121' title="bbox 1992 5720 2867 5792; baseline -0.001 -20"><span class='ocrx_word' id='word_1_938' title='bbox 1992 5762 1995 5765; x_wconf 93' lang='lat'><strong>.</strong></span> <span class='ocrx_word' id='word_1_939' title='bbox 2062 5726 2083 5792; x_wconf 62' lang='grc' dir='ltr'><strong>ξ’</strong></span> <span class='ocrx_word' id='word_1_940' title='bbox 2106 5726 2179 5773; x_wconf 88' lang='lat' dir='ltr'><strong>Sic</strong></span> <span class='ocrx_word' id='word_1_941' title='bbox 2190 5724 2286 5772; x_wconf 92' lang='lat' dir='ltr'><strong>duo</strong></span> <span class='ocrx_word' id='word_1_942' title='bbox 2299 5720 2415 5792; x_wconf 67' lang='lat' dir='ltr'><strong>Mss.</strong></span> <span class='ocrx_word' id='word_1_943' title='bbox 2438 5721 2555 5770; x_wconf 79' lang='lat' dir='ltr'><strong>Editi</strong></span> <span class='ocrx_word' id='word_1_944' title='bbox 2580 5733 2713 5784; x_wconf 86' lang='lat' dir='ltr'><strong>vero,</strong></span> <span class='ocrx_word' id='word_1_945' title='bbox 2732 5729 2777 5774; x_wconf 86' lang='lat' dir='ltr'><strong>et</strong></span> <span class='ocrx_word' id='word_1_946' title='bbox 2799 5720 2867 5775; x_wconf 83' lang='lat' dir='ltr'><strong>hi.</strong></span> 
     </span>
    </p>
   </div>
   <div class='ocr_carea' id='block_1_122' title="bbox 2060 5787 2653 5846">
    <p class='ocr_par' dir='ltr' id='par_1_122' title="bbox 2060 5787 2653 5846">
     <span class='ocr_line' id='line_1_122' title="bbox 2060 5787 2653 5846; baseline -0.007 -10"><span class='ocrx_word' id='word_1_947' title='bbox 2060 5787 2082 5819; x_wconf 68' lang='grc' dir='ltr'><strong><em>⁸ο</em></strong></span> <span class='ocrx_word' id='word_1_948' title='bbox 2104 5794 2203 5836; x_wconf 90' lang='lat' dir='ltr'><strong>Duo</strong></span> <span class='ocrx_word' id='word_1_949' title='bbox 2220 5792 2346 5846; x_wconf 65' lang='lat' dir='ltr'><strong>Mss,</strong></span> <span class='ocrx_word' id='word_1_950' title='bbox 2370 5787 2421 5834; x_wconf 80' lang='lat' dir='ltr'><strong>in</strong></span> <span class='ocrx_word' id='word_1_951' title='bbox 2444 5792 2653 5833; x_wconf 77' lang='lat' dir='ltr'><strong>nonnae.</strong></span> 
     </span>
    </p>
   </div>
   <div class='ocr_carea' id='block_1_123' title="bbox 2940 5865 3224 5946">
    <p class='ocr_par' dir='ltr' id='par_1_123' title="bbox 2940 5865 3224 5946">
     <span class='ocr_line' id='line_1_123' title="bbox 2940 5865 3224 5946; baseline -0.011 -18"><span class='ocrx_word' id='word_1_952' title='bbox 2940 5865 3224 5946; x_wconf 57' lang='lat' dir='ltr'><strong>(Deum)</strong></span> 
     </span>
    </p>
   </div>
  </div>
