4014 6310
327 315 402 374 d5
1793 304 1916 365 SE!

2025 321 2028 344 ι
2064 305 2153 362 Ν.
3525 321 3595 376 ιε,

333 427 536 483 vitulus
549 465 570 490 .
589 431 654 481 et
669 421 817 480 aliud
835 428 942 478 ett.
961 421 1060 479 .Sic
1077 420 1278 478 dicitur
1288 419 1478 486 dolus,
1491 426 1554 476 et
1575 435 1683 478 non
1706 428 1791 477 est
1817 419 1915 476 do-

327 523 436 576 lus.
459 519 643 586 Quare
659 533 788 588 ergo
810 517 1004 573 dicitur
1029 515 1184 571 dolus
1199 557 1213 580 ,
1227 527 1550 586 quaeramus.
1579 514 1752 582 Quare
1769 513 1912 569 dicta

328 621 455 669 sunt
501 612 596 667 illa
634 610 847 676 omnia,
873 623 1192 680 quaeramus.
1247 608 1424 675 Quare
1457 607 1632 663 dictus
1669 615 1752 662 est
1796 605 1913 661 leo?

323 707 565 776 Propter
587 704 979 760 fortitudinem.
998 702 1172 771 Quare
1186 702 1360 758 dictus
1384 710 1468 757 est
1484 701 1670 772 petra?
1688 703 1914 771 Propter

325 800 657 855 ﬁrmitatem.
681 797 860 864 Quare
881 795 1053 850 dictus
1079 803 1163 851 est
1180 795 1383 866 agnus?
1405 795 1634 864 Propter
1661 795 1916 848 innocen-

317 894 480 947 tiam.
533 893 709 960 Quare
749 890 927 945 dictus
969 897 1053 946 est
1093 887 1320 943 vitulus?
1343 888 1576 957 Raptor
1619 886 1908 944 victimam.

323 984 506 1050 Quare
531 983 808 1039 dicurseet
837 980 1027 1037 monti
1047 981 1269 1050 PrOpter
1285 979 1714 1050 magnitudinum.
1739 978 1915 1046 Quare

322 1074 559 1130 manu?
587 1074 814 1143 Propter
839 1072 1194 1128 dulcedinem.
1226 1071 1402 1140 Quare
1431 1084 1558 1142 ergo
1579 1070 1767 1125 dolus?
1796 1069 1912 1125 lam

327 1167 458 1238 quid
480 1167 555 1222 sit
579 1165 740 1220 dolus
773 1165 1046 1220 videamus
1061 1204 1076 1231 ,
1109 1170 1165 1218 et
1193 1163 1522 1218 inveniamus
1546 1173 1710 1232 quare
1736 1161 1913 1215 dictus

327 1259 403 1312 sit
429 1258 604 1314 dolus.
633 1255 889 1311 Novimus
907 1256 1048 1310 enim
1077 1254 1205 1325 quid
1233 1255 1304 1309 sit
1329 1261 1478 1325 petra
1507 1264 1602 1310 :et
1625 1261 1804 1308 tamen
1831 1253 1916 1307 di-

323 1351 467 1403 cittu'
493 1349 565 1403 de
586 1349 803 1403 homine
830 1345 1060 1403 absurdo
1081 1355 1135 1400 et
1155 1345 1289 1401 duro
1313 1355 1464 1416 petra
1482 1388 1496 1414 ,
1517 1353 1577 1400 et
1599 1345 1667 1401 de
1693 1343 1914 1400 homine

323 1439 555 1495 robusto
579 1448 634 1494 et
664 1439 923 1494 immobili
943 1438 1142 1493 dicitur
1170 1448 1354 1508 petra;
1379 1447 1437 1493 et
1457 1437 1523 1492 ad
1550 1437 1759 1493 laudem
1789 1433 1914 1491 inde

323 1532 528 1587 duxisti
577 1533 908 1597 ﬁrmitatem,
932 1538 992 1586 et
1037 1530 1105 1585 ad
1147 1530 1596 1601 \‘ituperat'ionem
1635 1529 1912 1585 duritiam.

321 1624 588 1680 Novimus
617 1626 669 1679 in
693 1634 847 1695 petra
868 1623 1178 1680 timitatem
1200 1665 1214 1690 ,
1241 1633 1294 1681 et
1321 1626 1623 1694 accepimus
1643 1623 1913 1680 Christum

322 1728 537 1791 petram
568 1737 580 1771 :
609 1718 764 1772 Petra
789 1726 954 1771 eadem
991 1724 1102 1770 erat
1145 1715 1373 1772 Christus
1401 1715 1608 1790 =(l'Cor.
1643 1730 1708 1781 ι,
1737 1716 1825 1784 4).
1853 1714 1914 1769 in

321 1810 485 1865 leone
510 1809 878 1866 fortitudinem
903 1807 1194 1865 novimus:
1223 1815 1278 1864 et
1297 1817 1472 1862 tamen
1504 1808 1588 1862 leo
1615 1808 1771 1862 etiam
1804 1807 1918 1861 dia-

319 1904 480 1959 bolus
507 1905 812 1959 nominatus
837 1911 942 1958 est.
971 1902 1027 1956 l
1065 1901 1191 1956 dole
1217 1900 1341 1970 quid
1380 1902 1622 1956 novimus
1642 1942 1656 1966 ,
1690 1908 1747 1954 ut
1771 1899 1914 1954 acci-

319 1998 538 2066 piamus
569 1998 624 2050 in
646 1995 815 2066 ﬁgura
841 1995 1024 2050 dolum
1047 2035 1062 2059 ,
1089 1993 1537 2064 quemadmodum
1579 1993 1834 2061 accipitur
1863 2001 1918 2047 et

319 2103 514 2156 mons,
546 2087 993 2158 quematbnedum
1031 2087 1296 2156 accipitur
1317 2086 1437 2150 leo,
1469 2084 1915 2155 quemadmodum

323 2180 592 2249 accipitur
631 2195 836 2250 agnas,
865 2177 1312 2250 quemadmodum
1355 2177 1614 2248 accipitur
1649 2185 1830 2247 petra,
1861 2183 1918 2233 et

315 2273 567 2329 metu?

387 2366 629 2423 CAPUT
658 2365 823 2422 XIII.
848 2393 921 2406 -ο
946 2365 1036 2423 25.
1078 2361 1242 2419 Dolus
1279 2365 1340 2418 in
1375 2363 1537 2418 Jacob
1572 2364 1711 2434 quid.
1755 2363 1915 2418 Jacob

321 2477 352 2512 α
396 2459 662 2512 mendacio
701 2458 1007 2530 defenditur.
1064 2457 1228 2512 Dolus
1263 2470 1398 2528 ergo
1441 2457 1566 2526 quid
1606 2456 1725 2512 est?
1755 2455 1916 2510 Boius

321 2561 409 2607 eat
431 2551 653 2622 quando
679 2551 822 2605 aliud
855 2551 1062 2622 agitur,
1101 2559 1160 2605 et
1187 2549 1330 2604 aliud
1360 2550 1658 2604 simulatur.
1690 2549 1915 2616 Quando

323 2645 506 2715 itaque
535 2643 680 2699 aliud
705 2652 792 2699 est
838 2643 898 2697 in
931 2643 1224 2697 intentione
1247 2684 1264 2709 ,
1291 2639 1435 2696 aliud
1479 2641 1532 2695 in
1557 2642 1732 2703 tactis,
1762 2641 1917 2696 dolus

327 2735 536 2791 dicitur.
585 2735 752 2790 Dolus
787 2745 918 2805 ergo
952 2734 1012 2788 in
1056 2734 1388 2804 proprietate
1437 2733 1911 2804 reprehensibilis,

319 2827 594 2898 quomodo
618 2836 773 2898 petra
799 2827 856 2880 in
881 2827 1228 2897 proprietate.
1269 2810 1377 2892 Qui
1405 2825 1604 2881 dixerit
1635 2835 1839 2895 petram
1863 2827 1918 2880 in

322 2918 653 2989 proprietate
675 2917 968 2981 Chriﬂum,
993 2916 1325 2987 blasphemat
1360 2935 1373 2970 :
1400 2917 1669 2987 quomodo
1692 2916 1915 2971 vitulum

321 3010 416 3080 qui
443 3010 646 3065 discit
690 3011 742 3065 in
780 3011 1106 3080 pl‘oprictate
1127 3009 1424 3075 Christum,
1443 3008 1795 3079 blasphemat.
1818 3009 1914 3065 Vi-

321 3107 468 3158 tulas
493 3103 550 3158 in
577 3104 1091 3174 proprietate-pecus
1113 3110 1230 3167 est;
1273 3103 1325 3156 in
1360 3101 1552 3172 ﬁgura,
1572 3101 1783 3157 victima
1817 3118 1831 3155 :
1863 3103 1917 3157 in

331 3197 664 3267 proprietate
692 3196 828 3267 lapis
867 3205 1007 3252 terra
1036 3197 1290 3253 obdurata
1317 3205 1440 3260 est;
1488 3196 1540 3249 ia
1581 3196 1778 3266 ﬁgura,
1823 3195 1915 3250 lir-

327 3292 507 3346 u'tas.
537 3289 704 3344 Dolus
730 3290 783 3343 in
811 3290 1139 3360 proprietate
1185 3289 1364 3353 fraus;
1403 3289 1457 3342 in
1483 3288 1674 3358 ﬁgura,
1707 3289 1820 3357 ipsa
1852 3288 1916 3342 ﬁ-

325 3399 479 3454 gura.
532 3381 719 3438 Omnis
753 3381 902 3436 enim
940 3382 1159 3451 ﬁgurata
1207 3389 1261 3434 et
1305 3380 1588 3450 aliegorica
1629 3380 1793 3434 iectio
1833 3380 1917 3434 vel

325 3477 558 3542 lowtio,
602 3475 747 3530 aliud
788 3473 994 3528 videtur
1037 3486 1229 3527 sonare
1258 3473 1565 3534 carnaliter,
1610 3471 1752 3526 aliud
1779 3471 1914 3527 insi-

327 3584 496 3625 nuare
524 3565 892 3636 spiritualiter.
937 3565 1084 3618 llanc
1121 3577 1248 3633 ergo
1293 3562 1512 3632 ﬁguram
1551 3562 1660 3616 doli
1702 3561 1917 3618 nomine

326 3661 632 3730 appellauit.
664 3657 804 3725 Quid
827 3665 910 3712 est
935 3669 1085 3726 ergo,
1133 3653 1277 3708 Venit
1318 3665 1431 3707 Μ
1469 3654 1607 3718 doto,
1640 3662 1688 3708 ct
1713 3653 1916 3708 abstulit

329 3752 725 3807 benedictio-an
767 3749 944 3802 tuan?
967 3748 1109 3816 Quia.
1133 3746 1418 3816 ﬁguratum
1460 3755 1578 3800 erat
1618 3746 1757 3816 quod
1787 3761 1914 3816 age-

327 3843 522 3910 batur,
575 3843 689 3897 ideo
733 3842 934 3897 dictum
979 3848 1096 3907 est,
1148 3837 1295 3894 Venit
1329 3853 1441 3892 cum
1478 3838 1614 3891 dolo.
1658 3837 1788 3891 Nam
1829 3837 1917 3894 ille

323 3935 524 3990 doloso
561 3934 756 3988 homini
797 3931 1223 3988 benedictionem
1268 3943 1377 3985 non
1417 3929 1785 3993 conﬁrmaret,
1830 3929 1916 3984 cui

323 4015 627 4081 debebatur
652 4025 792 4094 juata
831 4022 1156 4078 maledictio.
1183 4021 1306 4077 Non
1343 4037 1471 4092 ergo
1491 4029 1612 4077 erat
1636 4034 1798 4077 veros
1825 4022 1916 4076 ille

325 4116 486 4170 dolus
516 4133 530 4167 :
559 4116 796 4171 maxime
835 4115 962 4186 quia
992 4130 1095 4169 non
1123 4123 1208 4169 est
1237 4115 1492 4168 mentitus
1519 4114 1768 4182 dicendo,
1801 4112 1915 4184 Ego

325 4226 440 4264 ηιιι
465 4210 606 4278 ﬁlim
635 4218 749 4263 tuus
775 4211 942 4278 ntajor
969 4206 1114 4262 Eunt
1135 4223 1157 4262 :
1177 4207 1288 4276 jam
1314 4207 1455 4261 enim
1487 4216 1672 4276 pactus
1688 4215 1803 4261 erat
1828 4207 1919 4261 ille

327 4315 450 4354 cum
477 4300 644 4353 fratre
668 4313 806 4365 auo,
850 4308 904 4352 et
941 4297 1255 4352 vendimrat
1285 4297 1632 4368 primogenita
1662 4313 1776 4352 sua.
1801 4297 1918 4351 Hoc

328 4404 391 4444 se
432 4389 572 4444 dixit
613 4389 808 4446 habere
847 4389 1001 4459 patri,
1031 4388 1174 4459 quod
1219 4398 1420 4443 emerat
1465 4405 1496 4443 a
1539 4389 1702 4444 ﬁ-a‘tre
1737 4388 1917 4459 :qnod

327 4483 422 4537 ille
455 4482 778 4552 perdiderat,
807 4481 865 4536 ἂι
886 4481 1050 4536 istum
1074 4483 1373 4537 transierat.
1408 4481 1519 4536 Non
1549 4484 1688 4538 enim
1715 4482 1920 4553 primo-

325 4575 490 4644 geniti
525 4574 699 4628 honor
729 4573 987 4628 exclusus
1007 4581 1124 4628 erat
1154 4573 1221 4627 de
1247 4574 1407 4628 domo
1436 4574 1581 4629 Isaac
1609 4590 1624 4626 :
1655 4575 1919 4645 primoge-

329 4665 430 4720 aiti
451 4663 633 4719 honor
659 4664 730 4719 ibi
769 4674 918 4730 erat;
950 4665 1002 4717 in
1029 4665 1122 4718 illo
1152 4679 1257 4718 non
1285 4677 1420 4732 erat,
1461 4666 1550 4735 qui
1575 4678 1700 4720 eum
1728 4667 1916 4720 vendi—

327 4757 484 4813 derat
513 4775 529 4811 :
563 4757 819 4824 ubierat,
849 4757 894 4812 si
927 4771 1040 4811 non
1079 4757 1136 4811 in
1167 4759 1373 4812 minore
1410 4758 1561 4812 erat?
1595 4757 1718 4813 Ideo
1745 4759 1920 4814 sciens

327 4849 435 4905 hoc
457 4850 513 4904 in
543 4849 798 4920 mysteu'm
828 4849 994 4916 Isaac,
1025 4848 1357 4904 derivavit
1381 4849 1838 4916 benedictionem,
1863 4861 1920 4906 et

327 4940 461 4996 (ﬁcit
503 4939 656 4996 ﬁlio:
691 4940 830 5007 add
863 4941 956 4995 ωε
990 4945 1220 5011 factum
1241 4942 1400 4995 aut?
1426 4941 1496 4995 Et
1529 4941 1665 4997 ille:
1697 4941 1918 4998 Benedic

325 5044 377 5088 et
403 5051 506 5100 me,
535 5043 684 5104 pater
707 5050 731 5089 τ
770 5051 871 5089 non
907 5035 1043 5088 cutim
1075 5051 1186 5088 ultu
1215 5035 1310 5089 ibi
1347 5045 1419 5089 est
1459 5029 1733 5090 ωηοόῖΜο
1760 5035 1914 5107 (Gen.

325 5137 495 5194 uva,
527 5127 617 5192 37,
639 5127 754 5196 ω).
782 5125 926 5182 Isaac
951 5135 1128 5182 autem
1153 5126 1354 5182 sciebat
1381 5142 1559 5182 dum.

397 5214 627 5272 CAPUT
689 5216 1104 5272 illul-25.
1155 5216 1446 5272 Benedictio
1497 5218 1681 5274 ducet.
1744 5219 1920 5286 Quare

326 5308 526 5363 unam?
555 5308 743 5364 Aderit
769 5307 998 5379 Spiritus
1024 5316 1258 5376 sumtus,
1286 5318 1345 5363 ut
1371 5309 1551 5365 dicam
1569 5350 1585 5378 ,
1623 5319 1678 5365 et
1726 5311 1922 5366 intelli-

328 5400 490 5470 gulis.
529 5399 816 5456 Videamus
861 5402 1007 5471 ipsas
1057 5400 1477 5467 benedictio-es,
1520 5402 1728 5472 qualem
1751 5403 1920 5458 bene-

327 5489 624 5550 diction
671 5495 875 5565 accepit
921 5493 1103 5560 Iacob,
1149 5504 1202 5549 et
1244 5494 1452 5565 qualem
1497 5495 1918 5552 benedictionem

327 5588 534 5655 accepit
568 5579 726 5638 Esau.
755 5579 874 5655 Ipse
899 5585 1046 5640 Isaac
1078 5585 1146 5639 ad
1170 5583 1334 5640 Iacob
1363 5603 1375 5639 :
1414 5583 1495 5638 Tu
1523 5602 1575 5639 es
1605 5585 1742 5654 ﬁlius
1778 5605 1918 5642 meus

339 5671 508 5731 Esau?
533 5677 830 5753 Respondit
855 5677 1019 5733 Jaeob
1039 5695 1054 5732 :
1076 5676 1205 5748 Ego.
1237 5677 1304 5730 Et
1331 5676 1462 5731 dixit
1489 5694 1502 5729 :
1533 5677 1743 5748 Appone
1772 5679 1914 5746 mihi,
1963 5677 1973 5684 ’

338 5782 385 5824 et
405 5773 721 5833 manducabo
751 5772 814 5827 de
841 5772 1096 5827 venatione
1124 5781 1230 5840 tua,
1261 5771 1360 5840 ﬁli,
1389 5779 1438 5825 et
1458 5770 1716 5826 benedicat
1741 5780 1788 5827 te
1806 5772 1918 5826 ani-

2021 437 2105 476 ma
2137 437 2273 490 mea,
2295 430 2569 496 umquam
2593 426 2819 495 moriar,-
2841 427 2931 482 κά
2953 427 3167 484 admove
3191 429 3319 484 mild
3346 433 3593 491 amilum.

2019 513 2171 569 Illum
2197 528 2305 571 non
2325 524 2416 572 est
2431 519 2706 574 osculatus
2733 520 2751 552 ⁸
2778 536 2790 573 :
2819 534 2848 573 a
2888 536 3020 591 pace
3049 522 3213 592 erepit
3247 521 3404 592 hujus
3437 523 3598 582 bene-

2019 605 2203 664 dictio.
2239 608 2416 677 Quare
2439 610 2622 666 osculo
2649 610 2980 668 conﬁrmavit
3003 628 3186 682 pacem
3201 614 3228 668 ‘t
3243 614 3379 680 Quia
3421 625 3476 670 et
3508 618 3599 673 ille

2021 707 2239 768 propter
2261 714 2444 770 pacem
2476 701 2720 770 portabat
2747 703 2918 758 aliena
2940 713 3175 773 peccata.
3205 705 3274 760 Et
3302 708 3529 776 accessit,
3551 719 3598 764 et

2014 789 2274 846 osculatus
2305 801 2380 846 eet
2419 807 2532 846 eum
2567 807 2588 847 :
2614 801 2662 847 et
2694 795 2934 850 odoratus
2959 805 3030 852 eat
3063 797 3270 854 odorem
3295 799 3443 854 vestis
3467 801 3598 870 ejus.

2019 878 2221 935 Stolam
2261 883 2404 937 enim
2447 883 2676 940 habebat
2711 883 2893 941 fratris
2917 887 3001 942 sui
3025 905 3038 941 :
3067 887 3119 943 id
3143 898 3262 958 est,
3287 891 3598 960 dignitatem

1987 971 2512 1043 ‘primogenitorum,
2540 990 2698 1046 quam
2731 976 2820 1031 illo
2849 977 3166 1047 perdiderat,
3200 982 3298 1036 ista
3347 982 3597 1038 habebat.

2018 1059 2077 1116 In
2116 1064 2218 1118 isto
2247 1064 2356 1134 jam
2399 1067 2535 1123 bene
2570 1068 2778 1136 ciebat,
2815 1069 2956 1140 quod
2982 1071 3072 1126 ille
3099 1074 3240 1129 male
3271 1075 3598 1146 perdiderat.

2022 1151 2279 1211 Odoralus
2303 1165 2379 1213 cat
2404 1159 2610 1214 odorem
2639 1161 2785 1216 vestis
2813 1163 2943 1232 ejus,
2983 1174 3030 1218 et
3076 1164 3326 1221 benedixit
3363 1185 3475 1222 eum
3498 1209 3513 1235 ,
3555 1179 3603 1223 ct

2019 1245 2148 1300 dixit
2174 1261 2193 1300 :
2217 1247 2353 1302 Ecce
2377 1249 2505 1304 odor
2533 1252 2630 1320 ﬁlii
2658 1252 2780 1318 mei,
2813 1253 2940 1308 sicut
2969 1255 3096 1309 odor
3122 1257 3234 1326 agri
3258 1258 3391 1328 pleni
3409 1300 3425 1324 ,
3455 1276 3602 1330 quem

2015 1339 2269 1394 benedixit
2317 1341 2584 1398 Dominus.
2629 1345 2860 1400 Odorem
2913 1349 3213 1404 vestimenti
3266 1352 3506 1421 accepit,
3547 1361 3604 1408 et

2015 1431 2153 1486 dixit
2177 1432 2198 1465 ²
2221 1434 2442 1491 odorem
2464 1437 2596 1508 agri.
2622 1437 2856 1511 Intelligo
2875 1440 3143 1496 Christum
3174 1443 3224 1497 in
3247 1445 3504 1516 mysterio
3521 1445 3604 1500 in-

2017 1523 2223 1591 teriori,
2247 1535 2300 1579 et
2329 1525 2563 1598 intellige
2583 1539 2784 1584 vestem
2813 1530 3009 1586 Christi
3031 1533 3343 1589 Ecclesium.

2091 1636 2316 1694 CAPUT
2347 1638 2533 1693 XXIV.
2569 1670 2640 1682 ——
2663 1641 2768 1698 «ΞΒ.
2821 1643 2935 1697 Una
2959 1662 3040 1700 res
3067 1647 3236 1700 multis
3259 1646 3420 1702 modis
3447 1647 3605 1722 sigm-

2019 1726 2190 1796 ﬁcata.
2225 1727 2483 1800 lntelligat
2521 1728 2784 1786 Sanctitas
2829 1743 3025 1788 vestra.
3056 1735 3232 1791 Multis
3262 1739 3402 1791 enim
3434 1739 3606 1796 modis

2020 1821 2342 1891 significatur
2367 1840 2468 1877 una
2497 1839 2586 1880 res
2623 1843 2634 1879 :
2673 1825 2730 1881 id
2772 1835 2887 1894 est,
2945 1827 3276 1897 Ecclesium,
3330 1841 3486 1901 quam
3529 1834 3605 1888 si-

2019 1914 2269 1982 gniﬁcant
2307 1915 2384 1972 illi
2425 1915 2529 1973 duo
2572 1917 2742 1984 haedi,
2774 1919 2942 1989 ipsam
2985 1921 3247 1992 signiﬁcat
3287 1924 3450 1980 vestis
3481 1926 3603 1982 ista.

2017 2005 2155 2072 Quia
2186 2023 2290 2063 una
2321 2025 2408 2064 res
2431 2012 2611 2066 multis
2638 2011 2810 2068 modis
2842 2013 3190 2084 signiﬁcatur,
3217 2033 3334 2086 qua:
3357 2017 3486 2072 nihil
3509 2019 3606 2074 ho-

2019 2114 2136 2152 rum
2185 2108 2264 2154 est
2301 2117 2395 2170 per
2423 2104 2729 2172 essentiam,
2773 2109 2947 2160 omnia
2974 2122 3068 2177 per
3098 2109 3341 2180 ﬁguram.
3370 2111 3554 2184 Agnus
3583 2112 3604 2144 ³

2019 2206 2125 2246 non
2165 2200 2341 2263 potest
2385 2207 2504 2250 esse
2531 2195 2644 2259 leo;
2677 2197 2761 2251 leo
2791 2213 2894 2252 non
2921 2208 3098 2270 potest
3122 2215 3240 2256 esse
3269 2215 3474 2274 agnus:
3503 2203 3608 2259 Do-

2019 2284 2195 2340 minus
2219 2295 2394 2342 autem
2427 2298 2606 2344 noster
2633 2288 2784 2346 .lesus
2805 2289 3048 2347 Christus
3065 2301 3118 2350 et
3147 2295 3232 2350 leo
3254 2296 3422 2365 potuit
3449 2311 3568 2352 esse
3587 2338 3602 2364 ,

2020 2385 2072 2431 et
2102 2393 2267 2447 agnus
2297 2395 2310 2432 :
2343 2379 2437 2435 sed
2465 2382 2586 2450 quia
2616 2395 2717 2438 nec
2746 2383 2828 2437 leo
2859 2399 2959 2438 nec
2987 2399 3154 2455 agnus
3182 2401 3275 2456 per
3297 2389 3601 2454 essentiam,

2021 2475 2076 2522 et
2099 2467 2184 2522 leo
2224 2478 2278 2523 et
2320 2485 2486 2541 agnus
2528 2485 2626 2541 per
2662 2472 2911 2544 ﬁguram.
2946 2476 3033 2531 Sic
3072 2477 3210 2533 hmdi
3251 2494 3354 2534 non
3391 2491 3610 2549 possunt

2022 2573 2141 2614 esse
2164 2560 2349 2626 vestis,
2383 2569 2436 2615 et
2465 2563 2629 2618 vestis
2659 2580 2764 2618 non
2792 2573 2968 2634 potest
3006 2582 3125 2623 esse
3151 2565 3290 2625 hmdi
3324 2588 3336 2623 :
3367 2571 3607 2628 Ecclesia

2020 2665 2167 2715 vero,
2199 2652 2321 2722 quia
2360 2667 2460 2708 nec
2511 2653 2648 2708 hmdi
2699 2669 2799 2709 nec
2846 2658 3011 2711 vestis
3054 2674 3152 2728 per
3185 2663 3508 2729 essentiam,
3554 2672 3610 2718 et

2021 2741 2159 2798 haedi
2189 2749 2244 2800 et
2271 2743 2435 2800 vestis
2462 2753 2546 2802 est
2573 2761 2668 2817 per
2694 2747 2946 2818 ﬁguram;
2981 2757 3035 2804 et
3062 2752 3317 2823 quidquid
3338 2754 3480 2810 aliud
3503 2754 3608 2811 dici

2021 2845 2220 2907 potest.

2091 2947 2319 3004 CAPUT
2356 2947 2524 3005 XXV.
2553 2949 2736 3004 —26.
2785 2945 3018 3006 Ecclesia
3055 2970 3194 3025 ager.
3238 2954 3493 3014 Odoratus
3539 2969 3610 3015 est

2020 3044 2310 3097 vestimenta
2362 3045 2503 3114 ejus,
2537 3051 2582 3098 et
2621 3044 2748 3100 dixit
2773 3060 2794 3098 :
2820 3042 2953 3100 Ecce
2999 3046 3126 3100 odor
3171 3049 3264 3117 ﬁlii
3304 3052 3430 3117 mei,
3481 3054 3610 3108 sicut

2026 3135 2152 3188 odor
2181 3135 2294 3205 agri
2320 3135 2456 3205 pleni
2497 3153 2644 3208 quem
2687 3137 2939 3193 benedixit
2976 3138 3244 3196 Dominus.
3285 3145 3428 3213 Ager
3471 3146 3603 3210 iste,

2027 3225 2265 3281 Ecclesia
2292 3237 2390 3281 est.
2420 3227 2716 3282 Probemus
2753 3229 2875 3298 quia
2901 3244 3028 3300 ager
3061 3240 3142 3285 est
3183 3232 3440 3288 Ecclesia.
3474 3237 3607 3290 Audi

2022 3317 2334 3387 Apostolum
2362 3318 2625 3374 dicentem
2664 3317 2946 3374 ﬁdelibus:
2978 3319 3075 3375 Dei
3117 3325 3429 3394 agricultura
3467 3328 3605 3392 estis,

2021 3409 2117 3464 Dei
2150 3411 2421 3481 aediﬁcatio
2443 3413 2559 3465 estis
2587 3412 2642 3481 (l
2669 3409 2787 3468 Cor.
2820 3429 2898 3480 ιιι,
2927 3412 3006 3486 9).
3039 3414 3154 3470 Non
3187 3418 3359 3472 solum
3383 3433 3508 3489 ager
3528 3430 3610 3474 est

2021 3504 2280 3566 Ecclesia,
2303 3504 2397 3559 sed
2420 3513 2474 3559 et
2497 3504 2730 3575 agricola
2757 3505 2916 3560 Deus.
2935 3506 3070 3561 Audi
3098 3507 3270 3578 ipsum
3288 3509 3604 3566 Dominum:

2021 3593 2133 3666 Ego
2171 3613 2282 3648 sum
2309 3596 2439 3660 vitis,
2471 3611 2557 3648 vos
2586 3605 2838 3649 sarmenta
2862 3637 2875 3661 ,
2908 3608 2954 3650 et
3000 3595 3157 3652 Pater
3203 3616 3341 3654 meus
3386 3601 3610 3672 agricola

2021 3697 2092 3740 est
2110 3684 2285 3756 (Joau.
2311 3687 2440 3750 xv,l
2471 3695 2515 3739 et
2533 3685 2609 3759 5).
2635 3685 2692 3740 in
2721 3688 2824 3741 hoc
2849 3702 2976 3758 ergo
2997 3703 3124 3758 agro
3145 3689 3392 3745 laborans
3415 3706 3609 3760 cpera-

2020 3778 2152 3844 rius,
2173 3785 2226 3832 et
2251 3793 2472 3847 sperans
2495 3778 2797 3832 mercedem
2823 3779 3225 3848 sempiternam,
3249 3781 3364 3850 ipse
3384 3783 3612 3851 Aposto-

2020 3871 2102 3925 lus
2132 3869 2262 3923 nihil
2290 3869 2390 3923 sibi
2412 3878 2645 3940 arrogat,
2677 3870 2780 3924 nisi
2807 3879 3061 3940 quantum
3098 3871 3252 3926 decet
3281 3874 3606 3943 operarium.

2021 3957 2154 4034 Ego,
2189 3961 2376 4032 inquit,
2405 3960 2650 4031 plantavi,
2685 3955 2868 4031 Apollo
2898 3962 3078 4032 rigavit
3101 3978 3121 4026 ,'
3151 3963 3238 4016 sed
3277 3963 3416 4017 Deus
3444 3965 3608 4020 incre-

2021 4063 2242 4110 mentum
2267 4053 2422 4107 dedit.
2452 4051 2638 4120 Itaque
2659 4069 2815 4123 neque
2842 4053 2928 4124 qui
2953 4051 3150 4123 plantat
3174 4063 3249 4108 est
3275 4055 3486 4125 aliquid,
3517 4072 3608 4109 nc-

2021 4166 2116 4220 que
2153 4148 2235 4218 qui
2263 4148 2432 4218 rigat;
2459 4145 2547 4200 sed
2578 4146 2664 4215 qui
2705 4146 3066 4200 incrementum
3095 4146 3179 4198 dat
3209 4145 3364 4200 Deus.
3400 4145 3453 4219 (l
3485 4145 3602 4202 Cor.

2021 4257 2100 4306 ιιι,
2121 4239 2216 4295 (iet
2230 4236 2305 4312 7).
2327 4235 2604 4303 Quomodo
2624 4237 2854 4291 servavit
2879 4236 3254 4304 humilitatem,
3281 4248 3334 4292 ut
3363 4238 3428 4292 ad
3447 4238 3610 4294 Jacob

2021 4333 2334 4406 pertineret,
2367 4341 2423 4385 ut
2449 4330 2515 4384 ad
2545 4330 2718 4402 ipsum
2748 4345 2956 4400 agrum,
2989 4331 3042 4385 id
3075 4340 3176 4397 est,
3201 4329 3514 4397 Ecclesium,
3542 4345 3611 4388 ne

2022 4426 2289 4482 amitteret
2331 4424 2544 4490 stolam,
2595 4424 2746 4491 cujus
2788 4423 2921 4476 odor
2971 4433 3086 4477 erat
3132 4424 3269 4479 sicut
3319 4424 3451 4479 odor
3498 4423 3612 4496 agri

2023 4516 2190 4588 pleni,
2222 4525 2275 4570 et
2301 4514 2553 4570 transiret
2580 4513 2643 4568 ad
2687 4514 2989 4583 superbiam
3018 4516 3179 4580 Esau,
3208 4517 3492 4572 carnaliter
3530 4517 3612 4571 in-

2024 4609 2267 4679 telligens
2313 4616 2366 4662 et
2405 4605 2566 4678 typho
2595 4605 2816 4675 plenus?
2853 4601 2973 4660 Olet
3011 4621 3138 4677 ergo
3179 4623 3305 4677 ager
3351 4607 3417 4662 de
3462 4615 3610 4662 veste

2026 4702 2116 4756 ﬁlii
2148 4718 2160 4753 :
2194 4699 2286 4756 sed
2313 4714 2419 4754 non
2447 4713 2571 4769 ager
2611 4698 2698 4752 ille
2713 4713 2776 4751 cx
2804 4712 2862 4753 se
2892 4691 3092 4767 aliquid
3119 4707 3220 4762 est,
3249 4698 3367 4753 ideo
3387 4693 3604 4767 adjecit,

2023 4811 2170 4866 quem
2200 4792 2449 4847 benedixit
2479 4790 2749 4844 Dominus.
2783 4789 2846 4843 Et
2868 4789 3002 4842 dabit
3029 4791 3115 4843 tibi
3139 4789 3388 4844 Dominus
3409 4789 3472 4843 de
3496 4806 3611 4844 rore

2024 4885 2136 4941 coeli
2165 4886 2456 4950 desursum,
2498 4892 2544 4936 et
2584 4882 2643 4936 ab
2679 4882 2902 4936 ubertate
2939 4892 3106 4950 terrm,
3146 4891 3192 4936 et
3237 4883 3612 4937 multitudinem

2024 4978 2267 5052 frumenti
2295 4986 2342 5032 et
2361 4977 2464 5031 vini
2492 4993 2510 5031 :
2537 4986 2583 5031 et
2608 4978 2818 5031 servient
2846 4976 2931 5029 tibi
2955 4986 3146 5048 gentes,
3179 4985 3225 5030 et
3251 4978 3348 5030 eris
3376 4977 3609 5030 dominus

2023 5071 2198 5142 fratris
2245 5070 2336 5135 tui,
2381 5079 2428 5124 et
2466 5068 2748 5122 adorabunt
2786 5078 2831 5122 te
2859 5069 2954 5137 ﬁlii
2981 5069 3139 5139 patris
3179 5069 3271 5122 lui.
3321 5069 3418 5135 Qui
3458 5069 3614 5124 male-

2023 5165 2206 5219 dixerit
2235 5173 2302 5228 te,
2334 5147 2626 5216 malediclus
2667 5162 2758 5216 erit
2774 5179 2794 5228 ;
2839 5172 2883 5216 et
2930 5163 3015 5232 qui
3039 5160 3345 5216 benedixerit
3374 5173 3439 5229 te,
3467 5164 3615 5217 benc-

2025 5257 2186 5310 dictus
2212 5255 2302 5309 erit
2335 5252 2485 5328 (Gen.
2517 5270 2678 5320 xxvu,
2710 5251 2914 5324 19-29).
2933 5254 3058 5309 Haec
3078 5254 3378 5310 benedictio
3406 5253 3570 5310 Jacob
3596 5272 3609 5306 :

2087 5408 2105 5439 ι
2131 5406 2249 5457 Editi
2274 5419 2287 5455 :
2315 5403 2458 5454 Illum
2475 5402 2604 5455 enim
2624 5411 2694 5455 est
2713 5401 2969 5455 osczdatus.
2994 5411 3067 5455 At.
3095 5409 3241 5456 mss:
3270 5404 3413 5456 Illum
3426 5416 3521 5457 non
3540 5413 3617 5459 est

2021 5468 2276 5520 osculatus.
2298 5466 2487 5517 scilicet
2505 5473 2640 5516 Esau.

2700 5541 2834 5599 vero,
2859 5535 2904 5578 et
2928 5528 3187 5599 benedixit.

2090 5595 2110 5624 ³
2134 5593 2252 5642 editi
2275 5591 2327 5656 et
2350 5601 2430 5641 Ms.
2449 5591 2769 5656 corbcicusis,
2797 5603 2906 5652 qua:
2926 5591 3048 5642 nihil
3070 5592 3241 5656 horum
3257 5596 3328 5642 est
3351 5605 3436 5656 per
3457 5594 3616 5646 viden-

2023 5653 2158 5716 tiant,
2181 5652 2340 5729 onutt'a
2368 5649 3122 5729 amniperfgurant.mltemque_
3145 5655 3267 5729 intra
3288 5649 3371 5704 ubi
3409 5654 3610 5729 legitur,

2025 5731 2112 5784 per
2134 5715 2411 5784 essentirun,
2449 5715 2631 5784 habent
2661 5715 2808 5784 iidem
2846 5715 2955 5763 libri
2993 5715 3288 5784 obustauter,
3323 5731 3409 5784 per
3448 5715 3617 5770 viden;

2184 5780 2363 5839 quibus
2383 5777 2502 5828 locis
2524 5777 2814 5826 Victorinum
2837 5784 2919 5827 Ms.
2945 5784 2997 5827 et
3021 5779 3217 5840 Regium
3237 5777 3392 5831 secuti
3426 5793 3616 5834 stunus.
