  <div class='ocr_page' id='page_1' title='image "/cluster/home/n/w/nwhite01/storage/ocr_20150623/38/hvd.32044015706294/029.png"; bbox 0 0 4002 6464; ppageno 0'>
   <div class='ocr_carea' id='block_1_1' title="bbox 449 354 2009 433">
    <p class='ocr_par' dir='ltr' id='par_1_1' title="bbox 449 355 2009 426">
     <span class='ocr_line' id='line_1_1' title="bbox 449 355 2009 426; baseline 0.008 -26"><span class='ocrx_word' id='word_1_1' title='bbox 449 370 516 426; x_wconf 66' lang='grc' dir='ltr'><strong>,τ</strong></span> <span class='ocrx_word' id='word_1_2' title='bbox 899 377 908 382; x_wconf 88' lang='grc'><strong><em>-</em></strong></span> <span class='ocrx_word' id='word_1_3' title='bbox 1676 357 1735 412; x_wconf 92' lang='lat' dir='ltr'><strong>s.</strong></span> <span class='ocrx_word' id='word_1_4' title='bbox 1774 355 2009 413; x_wconf 63' lang='lat' dir='ltr'><strong>sucus</strong></span> 
     </span>
    </p>
   </div>
   <div class='ocr_carea' id='block_1_2' title="bbox 2119 354 3709 433">
    <p class='ocr_par' dir='ltr' id='par_1_2' title="bbox 2119 355 3709 433">
     <span class='ocr_line' id='line_1_2' title="bbox 2119 355 3709 433; baseline 0.014 -22"><span class='ocrx_word' id='word_1_5' title='bbox 2119 355 2141 411; x_wconf 92' lang='lat' dir='ltr'><strong>I</strong></span> <span class='ocrx_word' id='word_1_6' title='bbox 2179 355 2484 414; x_wconf 85' lang='lat' dir='ltr'><strong>EPISCOPI</strong></span> <span class='ocrx_word' id='word_1_7' title='bbox 2640 393 2642 395; x_wconf 52' lang='grc'>&gt;</span> <span class='ocrx_word' id='word_1_8' title='bbox 3643 376 3709 433; x_wconf 79' lang='grc'><strong>48</strong></span> 
     </span>
    </p>
   </div>
   <div class='ocr_carea' id='block_1_3' title="bbox 446 475 2020 546">
    <p class='ocr_par' dir='ltr' id='par_1_3' title="bbox 446 475 2020 546">
     <span class='ocr_line' id='line_1_3' title="bbox 446 475 2020 546; baseline -0.011 0"><span class='ocrx_word' id='word_1_9' title='bbox 446 490 491 546; x_wconf 80' lang='lat' dir='ltr'><strong>si</strong></span> <span class='ocrx_word' id='word_1_10' title='bbox 533 503 640 546; x_wconf 90' lang='lat' dir='ltr'><strong>non</strong></span> <span class='ocrx_word' id='word_1_11' title='bbox 682 485 1085 545; x_wconf 64' lang='lat' dir='ltr'><strong>benedicentur</strong></span> <span class='ocrx_word' id='word_1_12' title='bbox 1113 491 1166 537; x_wconf 91' lang='lat' dir='ltr'><strong>et</strong></span> <span class='ocrx_word' id='word_1_13' title='bbox 1191 480 1330 535; x_wconf 86' lang='lat' dir='ltr'><strong>Esau</strong></span> <span class='ocrx_word' id='word_1_14' title='bbox 1353 475 1539 544; x_wconf 83' lang='lat' dir='ltr'><strong>,&#39;nulla</strong></span> <span class='ocrx_word' id='word_1_15' title='bbox 1575 481 1720 531; x_wconf 88' lang='lat' dir='ltr'><strong>esset</strong></span> <span class='ocrx_word' id='word_1_16' title='bbox 1759 475 2020 545; x_wconf 72' lang='lat' dir='ltr'><strong>quaestio:</strong></span> 
     </span>
    </p>
   </div>
   <div class='ocr_carea' id='block_1_4' title="bbox 450 565 2027 648">
    <p class='ocr_par' dir='ltr' id='par_1_4' title="bbox 450 565 2027 648">
     <span class='ocr_line' id='line_1_4' title="bbox 450 565 2027 648; baseline -0.011 -11"><span class='ocrx_word' id='word_1_17' title='bbox 450 579 783 638; x_wconf 90' lang='lat' dir='ltr'><strong>benedicitur</strong></span> <span class='ocrx_word' id='word_1_18' title='bbox 821 585 877 634; x_wconf 91' lang='lat' dir='ltr'><strong>et</strong></span> <span class='ocrx_word' id='word_1_19' title='bbox 918 579 1062 648; x_wconf 90' lang='lat' dir='ltr'><strong>ipse,</strong></span> <span class='ocrx_word' id='word_1_20' title='bbox 1090 571 1181 628; x_wconf 89' lang='lat' dir='ltr'><strong>sed</strong></span> <span class='ocrx_word' id='word_1_21' title='bbox 1209 586 1315 625; x_wconf 92' lang='lat' dir='ltr'><strong>non</strong></span> <span class='ocrx_word' id='word_1_22' title='bbox 1339 569 1452 640; x_wconf 89' lang='lat' dir='ltr'><strong>ipsa</strong></span> <span class='ocrx_word' id='word_1_23' title='bbox 1477 565 1882 633; x_wconf 75' lang='lat' dir='ltr'><strong>benedictione;</strong></span> <span class='ocrx_word' id='word_1_24' title='bbox 1929 580 2027 620; x_wconf 86' lang='lat' dir='ltr'><strong>nec</strong></span> 
     </span>
    </p>
   </div>
   <div class='ocr_carea' id='block_1_5' title="bbox 451 663 1295 739">
    <p class='ocr_par' dir='ltr' id='par_1_5' title="bbox 451 663 1295 739">
     <span class='ocr_line' id='line_1_5' title="bbox 451 663 1295 739; baseline -0.015 -11"><span class='ocrx_word' id='word_1_25' title='bbox 451 681 626 728; x_wconf 88' lang='lat' dir='ltr'><strong>tamen</strong></span> <span class='ocrx_word' id='word_1_26' title='bbox 652 670 721 726; x_wconf 88' lang='lat' dir='ltr'><strong>ab</strong></span> <span class='ocrx_word' id='word_1_27' title='bbox 749 671 848 725; x_wconf 89' lang='lat' dir='ltr'><strong>hac</strong></span> <span class='ocrx_word' id='word_1_28' title='bbox 871 667 1079 739; x_wconf 75' lang='lat' dir='ltr'><strong>penitus</strong></span> <span class='ocrx_word' id='word_1_29' title='bbox 1104 663 1295 718; x_wconf 90' lang='lat' dir='ltr'><strong>aliena.</strong></span> 
     </span>
    </p>
   </div>
   <div class='ocr_carea' id='block_1_6' title="bbox 513 750 2026 820">
    <p class='ocr_par' dir='ltr' id='par_1_6' title="bbox 513 750 2026 820">
     <span class='ocr_line' id='line_1_6' title="bbox 513 750 2026 820; baseline -0.011 0"><span class='ocrx_word' id='word_1_30' title='bbox 513 763 742 820; x_wconf 85' lang='lat' dir='ltr'><strong>CAPUT</strong></span> <span class='ocrx_word' id='word_1_31' title='bbox 777 759 965 817; x_wconf 80' lang='lat' dir='ltr'><strong>XXVI.</strong></span> <span class='ocrx_word' id='word_1_32' title='bbox 992 787 1064 799; x_wconf 89' lang='grc'><strong><em>--</em></strong></span> <span class='ocrx_word' id='word_1_33' title='bbox 1087 756 1176 813; x_wconf 73' lang='lat'><strong>27.</strong></span> <span class='ocrx_word' id='word_1_34' title='bbox 1207 753 1497 809; x_wconf 75' lang='lat' dir='ltr'><strong>Benedictio</strong></span> <span class='ocrx_word' id='word_1_35' title='bbox 1537 751 1696 806; x_wconf 85' lang='lat' dir='ltr'><strong>Esau.</strong></span> <span class='ocrx_word' id='word_1_36' title='bbox 1734 750 2026 806; x_wconf 86' lang='lat' dir='ltr'><strong>Audiamus</strong></span> 
     </span>
    </p>
   </div>
   <div class='ocr_carea' id='block_1_7' title="bbox 442 839 2026 926">
    <p class='ocr_par' dir='ltr' id='par_1_7' title="bbox 442 839 2026 926">
     <span class='ocr_line' id='line_1_7' title="bbox 442 839 2026 926; baseline -0.01 -16"><span class='ocrx_word' id='word_1_37' title='bbox 442 869 571 926; x_wconf 87' lang='lat' dir='ltr'><strong>ergo</strong></span> <span class='ocrx_word' id='word_1_38' title='bbox 616 851 880 925; x_wconf 92' lang='lat' dir='ltr'><strong>quomodo</strong></span> <span class='ocrx_word' id='word_1_39' title='bbox 920 847 1249 905; x_wconf 90' lang='lat' dir='ltr'><strong>benedicitur</strong></span> <span class='ocrx_word' id='word_1_40' title='bbox 1289 847 1456 909; x_wconf 87' lang='lat' dir='ltr'><strong>Esau;</strong></span> <span class='ocrx_word' id='word_1_41' title='bbox 1497 852 1553 900; x_wconf 90' lang='lat' dir='ltr'><strong>et</strong></span> <span class='ocrx_word' id='word_1_42' title='bbox 1589 843 1860 898; x_wconf 86' lang='lat' dir='ltr'><strong>videamus</strong></span> <span class='ocrx_word' id='word_1_43' title='bbox 1899 839 2026 911; x_wconf 92' lang='lat' dir='ltr'><strong>quid</strong></span> 
     </span>
    </p>
   </div>
   <div class='ocr_carea' id='block_1_8' title="bbox 442 935 2026 1011">
    <p class='ocr_par' dir='ltr' id='par_1_8' title="bbox 442 935 2026 1011">
     <span class='ocr_line' id='line_1_8' title="bbox 442 935 2026 1011; baseline -0.009 -11"><span class='ocrx_word' id='word_1_44' title='bbox 442 945 653 1001; x_wconf 90' lang='lat' dir='ltr'><strong>intersit</strong></span> <span class='ocrx_word' id='word_1_45' title='bbox 704 945 838 998; x_wconf 90' lang='lat' dir='ltr'><strong>inter</strong></span> <span class='ocrx_word' id='word_1_46' title='bbox 893 939 1194 1011; x_wconf 89' lang='lat' dir='ltr'><strong>spirituales</strong></span> <span class='ocrx_word' id='word_1_47' title='bbox 1241 937 1493 994; x_wconf 70' lang='lat' dir='ltr'><strong>Ecclesia:</strong></span> <span class='ocrx_word' id='word_1_48' title='bbox 1555 935 1728 1002; x_wconf 81' lang='lat' dir='ltr'><strong>ﬁlios,</strong></span> <span class='ocrx_word' id='word_1_49' title='bbox 1782 942 1837 990; x_wconf 90' lang='lat' dir='ltr'><strong>et</strong></span> <span class='ocrx_word' id='word_1_50' title='bbox 1908 949 2026 988; x_wconf 88' lang='lat' dir='ltr'><strong>car-</strong></span> 
     </span>
    </p>
   </div>
   <div class='ocr_carea' id='block_1_9' title="bbox 440 1023 2024 1103">
    <p class='ocr_par' dir='ltr' id='par_1_9' title="bbox 440 1023 2024 1103">
     <span class='ocr_line' id='line_1_9' title="bbox 440 1023 2024 1103; baseline -0.009 -11"><span class='ocrx_word' id='word_1_51' title='bbox 440 1037 618 1102; x_wconf 86' lang='lat' dir='ltr'><strong>nales;</strong></span> <span class='ocrx_word' id='word_1_52' title='bbox 668 1036 804 1089; x_wconf 90' lang='lat' dir='ltr'><strong>inter</strong></span> <span class='ocrx_word' id='word_1_53' title='bbox 829 1047 921 1088; x_wconf 89' lang='lat' dir='ltr'><strong>eos</strong></span> <span class='ocrx_word' id='word_1_54' title='bbox 950 1032 1039 1103; x_wconf 90' lang='lat' dir='ltr'><strong>qui</strong></span> <span class='ocrx_word' id='word_1_55' title='bbox 1073 1029 1416 1101; x_wconf 90' lang='lat' dir='ltr'><strong>spiritualiter</strong></span> <span class='ocrx_word' id='word_1_56' title='bbox 1446 1028 1629 1082; x_wconf 89' lang='lat' dir='ltr'><strong>vivunt</strong></span> <span class='ocrx_word' id='word_1_57' title='bbox 1651 1069 1666 1094; x_wconf 94' lang='lat'><strong>,</strong></span> <span class='ocrx_word' id='word_1_58' title='bbox 1715 1033 1768 1080; x_wconf 92' lang='lat' dir='ltr'><strong>et</strong></span> <span class='ocrx_word' id='word_1_59' title='bbox 1804 1039 1896 1080; x_wconf 88' lang='lat' dir='ltr'><strong>eos</strong></span> <span class='ocrx_word' id='word_1_60' title='bbox 1936 1023 2024 1093; x_wconf 86' lang='lat' dir='ltr'><strong>qui</strong></span> 
     </span>
    </p>
   </div>
   <div class='ocr_carea' id='block_1_10' title="bbox 443 1116 2023 1198">
    <p class='ocr_par' dir='ltr' id='par_1_10' title="bbox 443 1116 2023 1198">
     <span class='ocr_line' id='line_1_10' title="bbox 443 1116 2023 1198; baseline -0.008 -15"><span class='ocrx_word' id='word_1_61' title='bbox 443 1142 654 1198; x_wconf 84' lang='lat' dir='ltr'><strong>semper</strong></span> <span class='ocrx_word' id='word_1_62' title='bbox 693 1125 993 1180; x_wconf 87' lang='lat' dir='ltr'><strong>carnalibus</strong></span> <span class='ocrx_word' id='word_1_63' title='bbox 1043 1123 1250 1195; x_wconf 82' lang='lat' dir='ltr'><strong>gaudiis</strong></span> <span class='ocrx_word' id='word_1_64' title='bbox 1284 1121 1635 1176; x_wconf 85' lang='lat' dir='ltr'><strong>delectantur.</strong></span> <span class='ocrx_word' id='word_1_65' title='bbox 1671 1116 2023 1188; x_wconf 77' lang='lat' dir='ltr'><strong>Respondeas</strong></span> 
     </span>
    </p>
   </div>
   <div class='ocr_carea' id='block_1_11' title="bbox 439 1207 2024 1286">
    <p class='ocr_par' dir='ltr' id='par_1_11' title="bbox 439 1207 2024 1286">
     <span class='ocr_line' id='line_1_11' title="bbox 439 1207 2024 1286; baseline -0.008 -11"><span class='ocrx_word' id='word_1_66' title='bbox 439 1229 612 1275; x_wconf 87' lang='lat' dir='ltr'><strong>autem</strong></span> <span class='ocrx_word' id='word_1_67' title='bbox 650 1217 816 1286; x_wconf 89' lang='lat' dir='ltr'><strong>Isaac,</strong></span> <span class='ocrx_word' id='word_1_68' title='bbox 839 1217 973 1273; x_wconf 83' lang='lat' dir='ltr'><strong>dixit</strong></span> <span class='ocrx_word' id='word_1_69' title='bbox 994 1217 1060 1271; x_wconf 91' lang='lat' dir='ltr'><strong>ad</strong></span> <span class='ocrx_word' id='word_1_70' title='bbox 1087 1217 1223 1270; x_wconf 87' lang='lat' dir='ltr'><strong>Esau</strong></span> <span class='ocrx_word' id='word_1_71' title='bbox 1251 1233 1272 1270; x_wconf 77' lang='grc' dir='ltr'><em>τ,</em></span> <span class='ocrx_word' id='word_1_72' title='bbox 1295 1213 1422 1278; x_wconf 83' lang='lat' dir='ltr'><strong>Quis</strong></span> <span class='ocrx_word' id='word_1_73' title='bbox 1446 1227 1562 1284; x_wconf 85' lang='lat' dir='ltr'><strong>ergo</strong></span> <span class='ocrx_word' id='word_1_74' title='bbox 1587 1220 1792 1266; x_wconf 83' lang='lat' dir='ltr'><strong>venatus</strong></span> <span class='ocrx_word' id='word_1_75' title='bbox 1813 1218 1883 1264; x_wconf 89' lang='lat' dir='ltr'><strong>est</strong></span> <span class='ocrx_word' id='word_1_76' title='bbox 1899 1207 2024 1262; x_wconf 84' lang='lat' dir='ltr'><strong>mihi</strong></span> 
     </span>
    </p>
   </div>
   <div class='ocr_carea' id='block_1_12' title="bbox 439 1302 2022 1378">
    <p class='ocr_par' dir='ltr' id='par_1_12' title="bbox 439 1302 2022 1378">
     <span class='ocr_line' id='line_1_12' title="bbox 439 1302 2022 1378; baseline -0.008 -10"><span class='ocrx_word' id='word_1_77' title='bbox 439 1313 770 1378; x_wconf 75' lang='lat' dir='ltr'><strong>venaticum,</strong></span> <span class='ocrx_word' id='word_1_78' title='bbox 797 1320 842 1366; x_wconf 89' lang='lat' dir='ltr'><strong>et</strong></span> <span class='ocrx_word' id='word_1_79' title='bbox 869 1311 1036 1364; x_wconf 80' lang='lat' dir='ltr'><strong>intulit</strong></span> <span class='ocrx_word' id='word_1_80' title='bbox 1060 1309 1224 1362; x_wconf 81' lang='lat' dir='ltr'><strong>mihi?</strong></span> <span class='ocrx_word' id='word_1_81' title='bbox 1249 1306 1530 1361; x_wconf 80' lang='lat' dir='ltr'><strong>benedictus</strong></span> <span class='ocrx_word' id='word_1_82' title='bbox 1573 1305 1657 1360; x_wconf 86' lang='lat' dir='ltr'><strong>sit.</strong></span> <span class='ocrx_word' id='word_1_83' title='bbox 1706 1302 1921 1357; x_wconf 82' lang='lat' dir='ltr'><strong>Factum</strong></span> <span class='ocrx_word' id='word_1_84' title='bbox 1950 1308 2022 1356; x_wconf 87' lang='lat' dir='ltr'><strong>est</strong></span> 
     </span>
    </p>
   </div>
   <div class='ocr_carea' id='block_1_13' title="bbox 434 1393 2021 1470">
    <p class='ocr_par' dir='ltr' id='par_1_13' title="bbox 434 1393 2021 1470">
     <span class='ocr_line' id='line_1_13' title="bbox 434 1393 2021 1470; baseline -0.009 -10"><span class='ocrx_word' id='word_1_85' title='bbox 434 1416 603 1462; x_wconf 84' lang='lat' dir='ltr'><strong>antem</strong></span> <span class='ocrx_word' id='word_1_86' title='bbox 627 1414 683 1461; x_wconf 92' lang='lat' dir='ltr'><strong>ut</strong></span> <span class='ocrx_word' id='word_1_87' title='bbox 707 1405 897 1460; x_wconf 86' lang='lat' dir='ltr'><strong>audivit</strong></span> <span class='ocrx_word' id='word_1_88' title='bbox 918 1402 1058 1458; x_wconf 89' lang='lat' dir='ltr'><strong>Esau</strong></span> <span class='ocrx_word' id='word_1_89' title='bbox 1082 1401 1231 1458; x_wconf 81' lang='lat' dir='ltr'><strong>verba</strong></span> <span class='ocrx_word' id='word_1_90' title='bbox 1258 1400 1409 1454; x_wconf 87' lang='lat' dir='ltr'><strong>Isaac</strong></span> <span class='ocrx_word' id='word_1_91' title='bbox 1432 1398 1587 1470; x_wconf 86' lang='lat' dir='ltr'><strong>patris</strong></span> <span class='ocrx_word' id='word_1_92' title='bbox 1602 1397 1700 1460; x_wconf 87' lang='lat' dir='ltr'><strong>sui,</strong></span> <span class='ocrx_word' id='word_1_93' title='bbox 1727 1393 2021 1450; x_wconf 82' lang='lat' dir='ltr'><strong>exclamavit</strong></span> 
     </span>
    </p>
   </div>
   <div class='ocr_carea' id='block_1_14' title="bbox 432 1485 2022 1568">
    <p class='ocr_par' dir='ltr' id='par_1_14' title="bbox 432 1485 2022 1568">
     <span class='ocr_line' id='line_1_14' title="bbox 432 1485 2022 1568; baseline -0.009 -16"><span class='ocrx_word' id='word_1_94' title='bbox 432 1513 550 1552; x_wconf 79' lang='lat' dir='ltr'><strong>voce</strong></span> <span class='ocrx_word' id='word_1_95' title='bbox 573 1513 757 1568; x_wconf 86' lang='lat' dir='ltr'><strong>magna</strong></span> <span class='ocrx_word' id='word_1_96' title='bbox 780 1538 795 1561; x_wconf 93' lang='lat'><strong>,</strong></span> <span class='ocrx_word' id='word_1_97' title='bbox 839 1503 884 1549; x_wconf 89' lang='lat' dir='ltr'><strong>et</strong></span> <span class='ocrx_word' id='word_1_98' title='bbox 919 1495 1046 1548; x_wconf 91' lang='lat' dir='ltr'><strong>dixit</strong></span> <span class='ocrx_word' id='word_1_99' title='bbox 1080 1509 1098 1546; x_wconf 91' lang='lat'><strong><em>:</em></strong></span> <span class='ocrx_word' id='word_1_100' title='bbox 1129 1492 1346 1547; x_wconf 84' lang='lat' dir='ltr'><strong>Benedic</strong></span> <span class='ocrx_word' id='word_1_101' title='bbox 1379 1499 1425 1544; x_wconf 89' lang='lat' dir='ltr'><strong>et</strong></span> <span class='ocrx_word' id='word_1_102' title='bbox 1464 1505 1541 1542; x_wconf 87' lang='lat' dir='ltr'><strong>me</strong></span> <span class='ocrx_word' id='word_1_103' title='bbox 1583 1498 1744 1560; x_wconf 88' lang='lat' dir='ltr'><strong>pater.</strong></span> <span class='ocrx_word' id='word_1_104' title='bbox 1784 1485 1852 1539; x_wconf 89' lang='lat' dir='ltr'><strong>Et</strong></span> <span class='ocrx_word' id='word_1_105' title='bbox 1892 1485 2022 1539; x_wconf 90' lang='lat' dir='ltr'><strong>dixit</strong></span> 
     </span>
    </p>
   </div>
   <div class='ocr_carea' id='block_1_15' title="bbox 431 1575 2018 1658">
    <p class='ocr_par' dir='ltr' id='par_1_15' title="bbox 431 1575 2018 1658">
     <span class='ocr_line' id='line_1_15' title="bbox 431 1575 2018 1658; baseline -0.008 -15"><span class='ocrx_word' id='word_1_106' title='bbox 431 1586 510 1642; x_wconf 86' lang='lat' dir='ltr'><strong>illi</strong></span> <span class='ocrx_word' id='word_1_107' title='bbox 536 1604 556 1643; x_wconf 90' lang='lat'><strong><em>:</em></strong></span> <span class='ocrx_word' id='word_1_108' title='bbox 594 1586 739 1642; x_wconf 85' lang='lat' dir='ltr'><strong>Venit</strong></span> <span class='ocrx_word' id='word_1_109' title='bbox 781 1590 937 1658; x_wconf 79' lang='lat' dir='ltr'><strong>frater</strong></span> <span class='ocrx_word' id='word_1_110' title='bbox 966 1594 1080 1638; x_wconf 85' lang='lat' dir='ltr'><strong>tuus</strong></span> <span class='ocrx_word' id='word_1_111' title='bbox 1107 1600 1221 1636; x_wconf 90' lang='lat' dir='ltr'><strong>cum</strong></span> <span class='ocrx_word' id='word_1_112' title='bbox 1259 1581 1396 1647; x_wconf 88' lang='lat' dir='ltr'><strong>dolo,</strong></span> <span class='ocrx_word' id='word_1_113' title='bbox 1427 1587 1474 1634; x_wconf 89' lang='lat' dir='ltr'><strong>et</strong></span> <span class='ocrx_word' id='word_1_114' title='bbox 1501 1578 1692 1648; x_wconf 87' lang='lat' dir='ltr'><strong>accepit</strong></span> <span class='ocrx_word' id='word_1_115' title='bbox 1717 1575 2018 1631; x_wconf 87' lang='lat' dir='ltr'><strong>benedictio-</strong></span> 
     </span>
    </p>
   </div>
   <div class='ocr_carea' id='block_1_16' title="bbox 437 1687 1337 1734">
    <p class='ocr_par' dir='ltr' id='par_1_16' title="bbox 437 1687 1337 1734">
     <span class='ocr_line' id='line_1_16' title="bbox 437 1687 1337 1734; baseline 0.003 0"><span class='ocrx_word' id='word_1_116' title='bbox 437 1694 553 1734; x_wconf 85' lang='lat' dir='ltr'><strong>nem</strong></span> <span class='ocrx_word' id='word_1_117' title='bbox 583 1687 743 1732; x_wconf 88' lang='lat' dir='ltr'><strong>tuam.</strong></span> <span class='ocrx_word' id='word_1_118' title='bbox 1325 1723 1337 1732; x_wconf 84' lang='lat'><strong>-</strong></span> 
     </span>
    </p>
   </div>
   <div class='ocr_carea' id='block_1_17' title="bbox 500 1758 2019 1837">
    <p class='ocr_par' dir='ltr' id='par_1_17' title="bbox 500 1758 2019 1837">
     <span class='ocr_line' id='line_1_17' title="bbox 500 1758 2019 1837; baseline -0.009 -14"><span class='ocrx_word' id='word_1_119' title='bbox 500 1769 595 1824; x_wconf 76' lang='lat'><strong>28.</strong></span> <span class='ocrx_word' id='word_1_120' title='bbox 623 1766 782 1823; x_wconf 77' lang='lat' dir='ltr'><strong>Iacob</strong></span> <span class='ocrx_word' id='word_1_121' title='bbox 812 1766 1178 1837; x_wconf 84' lang='lat' dir='ltr'><strong>supplantatio.</strong></span> <span class='ocrx_word' id='word_1_122' title='bbox 1195 1795 1268 1804; x_wconf 91' lang='lat'><strong>-—</strong></span> <span class='ocrx_word' id='word_1_123' title='bbox 1293 1763 1358 1817; x_wconf 91' lang='lat' dir='ltr'><strong>Et</strong></span> <span class='ocrx_word' id='word_1_124' title='bbox 1387 1763 1515 1818; x_wconf 86' lang='lat' dir='ltr'><strong>dixit</strong></span> <span class='ocrx_word' id='word_1_125' title='bbox 1542 1758 1686 1816; x_wconf 86' lang='lat' dir='ltr'><strong>Esau</strong></span> <span class='ocrx_word' id='word_1_126' title='bbox 1713 1777 1731 1814; x_wconf 91' lang='lat'><strong><em>:</em></strong></span> <span class='ocrx_word' id='word_1_127' title='bbox 1757 1758 1903 1812; x_wconf 85' lang='lat' dir='ltr'><strong>Juste</strong></span> <span class='ocrx_word' id='word_1_128' title='bbox 1932 1773 2019 1811; x_wconf 86' lang='lat' dir='ltr'><strong>vo-</strong></span> 
     </span>
    </p>
   </div>
   <div class='ocr_carea' id='block_1_18' title="bbox 431 1853 2018 1930">
    <p class='ocr_par' dir='ltr' id='par_1_18' title="bbox 431 1853 2018 1930">
     <span class='ocr_line' id='line_1_18' title="bbox 431 1853 2018 1930; baseline -0.009 -13"><span class='ocrx_word' id='word_1_129' title='bbox 431 1871 683 1918; x_wconf 86' lang='lat' dir='ltr'><strong>catumest</strong></span> <span class='ocrx_word' id='word_1_130' title='bbox 697 1878 875 1916; x_wconf 86' lang='lat' dir='ltr'><strong>nomen</strong></span> <span class='ocrx_word' id='word_1_131' title='bbox 900 1862 1010 1930; x_wconf 89' lang='lat' dir='ltr'><strong>ejus</strong></span> <span class='ocrx_word' id='word_1_132' title='bbox 1030 1859 1210 1913; x_wconf 87' lang='lat' dir='ltr'><strong>Jacob.</strong></span> <span class='ocrx_word' id='word_1_133' title='bbox 1227 1854 1593 1927; x_wconf 88' lang='lat' dir='ltr'><strong>Supplantatio</strong></span> <span class='ocrx_word' id='word_1_134' title='bbox 1613 1853 1755 1908; x_wconf 86' lang='lat' dir='ltr'><strong>enim</strong></span> <span class='ocrx_word' id='word_1_135' title='bbox 1768 1853 1786 1884; x_wconf 82' lang='grc'>¹</span> <span class='ocrx_word' id='word_1_136' title='bbox 1799 1859 2018 1906; x_wconf 79' lang='lat' dir='ltr'><strong>vocatur</strong></span> 
     </span>
    </p>
   </div>
   <div class='ocr_carea' id='block_1_19' title="bbox 430 1941 2016 2023">
    <p class='ocr_par' dir='ltr' id='par_1_19' title="bbox 430 1941 2016 2023">
     <span class='ocr_line' id='line_1_19' title="bbox 430 1941 2016 2023; baseline -0.01 -13"><span class='ocrx_word' id='word_1_137' title='bbox 430 1954 615 2011; x_wconf 70' lang='lat' dir='ltr'><strong>Iacob.</strong></span> <span class='ocrx_word' id='word_1_138' title='bbox 648 1954 715 2010; x_wconf 92' lang='lat' dir='ltr'><strong>Et</strong></span> <span class='ocrx_word' id='word_1_139' title='bbox 747 1968 846 2009; x_wconf 91' lang='lat' dir='ltr'><strong>nec</strong></span> <span class='ocrx_word' id='word_1_140' title='bbox 879 1954 989 2023; x_wconf 90' lang='lat' dir='ltr'><strong>ipsa</strong></span> <span class='ocrx_word' id='word_1_141' title='bbox 1023 1949 1380 2021; x_wconf 88' lang='lat' dir='ltr'><strong>supplantatio</strong></span> <span class='ocrx_word' id='word_1_142' title='bbox 1420 1947 1591 2002; x_wconf 90' lang='lat' dir='ltr'><strong>inanis</strong></span> <span class='ocrx_word' id='word_1_143' title='bbox 1621 1953 1705 2002; x_wconf 90' lang='lat' dir='ltr'><strong>est</strong></span> <span class='ocrx_word' id='word_1_144' title='bbox 1743 1963 1755 1998; x_wconf 91' lang='lat'><strong>:</strong></span> <span class='ocrx_word' id='word_1_145' title='bbox 1793 1943 1914 2014; x_wconf 88' lang='lat' dir='ltr'><strong>quia</strong></span> <span class='ocrx_word' id='word_1_146' title='bbox 1961 1941 2016 1995; x_wconf 91' lang='lat' dir='ltr'><strong>in</strong></span> 
     </span>
    </p>
   </div>
   <div class='ocr_carea' id='block_1_20' title="bbox 428 2036 2016 2119">
    <p class='ocr_par' dir='ltr' id='par_1_20' title="bbox 428 2036 2016 2119">
     <span class='ocr_line' id='line_1_20' title="bbox 428 2036 2016 2119; baseline -0.008 -19"><span class='ocrx_word' id='word_1_147' title='bbox 428 2047 596 2119; x_wconf 82' lang='lat' dir='ltr'><strong>ﬁgura</strong></span> <span class='ocrx_word' id='word_1_148' title='bbox 624 2047 898 2116; x_wconf 84' lang='lat' dir='ltr'><strong>accipitur,</strong></span> <span class='ocrx_word' id='word_1_149' title='bbox 929 2043 1196 2115; x_wconf 92' lang='lat' dir='ltr'><strong>quomodo</strong></span> <span class='ocrx_word' id='word_1_150' title='bbox 1226 2042 1400 2096; x_wconf 89' lang='lat' dir='ltr'><strong>dolus.</strong></span> <span class='ocrx_word' id='word_1_151' title='bbox 1429 2038 1546 2094; x_wconf 85' lang='lat' dir='ltr'><strong>Non</strong></span> <span class='ocrx_word' id='word_1_152' title='bbox 1584 2038 1726 2092; x_wconf 90' lang='lat' dir='ltr'><strong>enim</strong></span> <span class='ocrx_word' id='word_1_153' title='bbox 1763 2036 1873 2107; x_wconf 90' lang='lat' dir='ltr'><strong>jam</strong></span> <span class='ocrx_word' id='word_1_154' title='bbox 1901 2040 2016 2089; x_wconf 90' lang='lat' dir='ltr'><strong>erat</strong></span> 
     </span>
    </p>
   </div>
   <div class='ocr_carea' id='block_1_21' title="bbox 429 2125 2011 2200">
    <p class='ocr_par' dir='ltr' id='par_1_21' title="bbox 429 2125 2011 2200">
     <span class='ocr_line' id='line_1_21' title="bbox 429 2125 2011 2200; baseline -0.009 -8"><span class='ocrx_word' id='word_1_155' title='bbox 429 2145 574 2192; x_wconf 86' lang='lat' dir='ltr'><strong>tanta</strong></span> <span class='ocrx_word' id='word_1_156' title='bbox 603 2137 802 2191; x_wconf 88' lang='lat' dir='ltr'><strong>malitia</strong></span> <span class='ocrx_word' id='word_1_157' title='bbox 830 2135 884 2189; x_wconf 91' lang='lat' dir='ltr'><strong>in</strong></span> <span class='ocrx_word' id='word_1_158' title='bbox 910 2133 1073 2188; x_wconf 82' lang='lat' dir='ltr'><strong>fratre</strong></span> <span class='ocrx_word' id='word_1_159' title='bbox 1093 2175 1107 2199; x_wconf 91' lang='lat'><strong>,</strong></span> <span class='ocrx_word' id='word_1_160' title='bbox 1147 2140 1207 2187; x_wconf 91' lang='lat' dir='ltr'><strong>ut</strong></span> <span class='ocrx_word' id='word_1_161' title='bbox 1232 2132 1390 2186; x_wconf 87' lang='lat' dir='ltr'><strong>vellet</strong></span> <span class='ocrx_word' id='word_1_162' title='bbox 1418 2129 1758 2200; x_wconf 85' lang='lat' dir='ltr'><strong>supplantare</strong></span> <span class='ocrx_word' id='word_1_163' title='bbox 1793 2125 2011 2180; x_wconf 89' lang='lat' dir='ltr'><strong>fratrem</strong></span> 
     </span>
    </p>
   </div>
   <div class='ocr_carea' id='block_1_22' title="bbox 427 2215 2014 2290">
    <p class='ocr_par' dir='ltr' id='par_1_22' title="bbox 427 2215 2014 2290">
     <span class='ocr_line' id='line_1_22' title="bbox 427 2215 2014 2290; baseline -0.008 -7"><span class='ocrx_word' id='word_1_164' title='bbox 427 2241 602 2283; x_wconf 86' lang='lat' dir='ltr'><strong>suum.</strong></span> <span class='ocrx_word' id='word_1_165' title='bbox 652 2227 803 2282; x_wconf 90' lang='lat' dir='ltr'><strong>Tunc</strong></span> <span class='ocrx_word' id='word_1_166' title='bbox 840 2226 981 2281; x_wconf 90' lang='lat' dir='ltr'><strong>enim</strong></span> <span class='ocrx_word' id='word_1_167' title='bbox 1021 2225 1194 2279; x_wconf 89' lang='lat' dir='ltr'><strong>dictus</strong></span> <span class='ocrx_word' id='word_1_168' title='bbox 1231 2231 1314 2278; x_wconf 91' lang='lat' dir='ltr'><strong>est</strong></span> <span class='ocrx_word' id='word_1_169' title='bbox 1355 2221 1757 2290; x_wconf 89' lang='lat' dir='ltr'><strong>supplantator,</strong></span> <span class='ocrx_word' id='word_1_170' title='bbox 1801 2215 2014 2287; x_wconf 87' lang='lat' dir='ltr'><strong>quando</strong></span> 
     </span>
    </p>
   </div>
   <div class='ocr_carea' id='block_1_23' title="bbox 426 2309 2015 2382">
    <p class='ocr_par' dir='ltr' id='par_1_23' title="bbox 426 2309 2015 2382">
     <span class='ocr_line' id='line_1_23' title="bbox 426 2309 2015 2382; baseline -0.008 -10"><span class='ocrx_word' id='word_1_171' title='bbox 426 2332 589 2372; x_wconf 83' lang='lat' dir='ltr'><strong>manu</strong></span> <span class='ocrx_word' id='word_1_172' title='bbox 636 2316 816 2372; x_wconf 85' lang='lat' dir='ltr'><strong>fratris</strong></span> <span class='ocrx_word' id='word_1_173' title='bbox 852 2316 934 2370; x_wconf 92' lang='lat' dir='ltr'><strong>sui</strong></span> <span class='ocrx_word' id='word_1_174' title='bbox 961 2313 1229 2370; x_wconf 89' lang='lat' dir='ltr'><strong>nascentis</strong></span> <span class='ocrx_word' id='word_1_175' title='bbox 1258 2311 1445 2382; x_wconf 88' lang='lat' dir='ltr'><strong>pedem</strong></span> <span class='ocrx_word' id='word_1_176' title='bbox 1484 2309 1654 2364; x_wconf 90' lang='lat' dir='ltr'><strong>tenuit</strong></span> <span class='ocrx_word' id='word_1_177' title='bbox 1684 2326 1697 2360; x_wconf 92' lang='lat'><strong>:</strong></span> <span class='ocrx_word' id='word_1_178' title='bbox 1727 2316 1852 2362; x_wconf 89' lang='lat' dir='ltr'><strong>tunc</strong></span> <span class='ocrx_word' id='word_1_179' title='bbox 1889 2323 2015 2377; x_wconf 90' lang='lat' dir='ltr'><strong>sup-</strong></span> 
     </span>
    </p>
   </div>
   <div class='ocr_carea' id='block_1_24' title="bbox 428 2399 2011 2480">
    <p class='ocr_par' dir='ltr' id='par_1_24' title="bbox 428 2399 2011 2480">
     <span class='ocr_line' id='line_1_24' title="bbox 428 2399 2011 2480; baseline -0.008 -15"><span class='ocrx_word' id='word_1_180' title='bbox 428 2411 698 2480; x_wconf 88' lang='lat' dir='ltr'><strong>plantator</strong></span> <span class='ocrx_word' id='word_1_181' title='bbox 726 2417 809 2465; x_wconf 91' lang='lat' dir='ltr'><strong>est</strong></span> <span class='ocrx_word' id='word_1_182' title='bbox 836 2408 1009 2462; x_wconf 88' lang='lat' dir='ltr'><strong>dictus</strong></span> <span class='ocrx_word' id='word_1_183' title='bbox 1036 2403 1189 2478; x_wconf 86' lang='lat' dir='ltr'><strong>(Gen.</strong></span> <span class='ocrx_word' id='word_1_184' title='bbox 1220 2420 1351 2470; x_wconf 84' lang='lat' dir='ltr'><strong>xxv,</strong></span> <span class='ocrx_word' id='word_1_185' title='bbox 1377 2401 1495 2472; x_wconf 71' lang='lat'><strong>25&#39;).</strong></span> <span class='ocrx_word' id='word_1_186' title='bbox 1518 2399 1886 2472; x_wconf 88' lang='lat' dir='ltr'><strong>Supplantatio</strong></span> <span class='ocrx_word' id='word_1_187' title='bbox 1913 2414 2011 2453; x_wconf 88' lang='lat' dir='ltr'><strong>au-</strong></span> 
     </span>
    </p>
   </div>
   <div class='ocr_carea' id='block_1_25' title="bbox 428 2496 1521 2567">
    <p class='ocr_par' dir='ltr' id='par_1_25' title="bbox 428 2496 1521 2567">
     <span class='ocr_line' id='line_1_25' title="bbox 428 2496 1521 2567; baseline -0.009 -11"><span class='ocrx_word' id='word_1_188' title='bbox 428 2510 534 2556; x_wconf 87' lang='lat' dir='ltr'><strong>tem</strong></span> <span class='ocrx_word' id='word_1_189' title='bbox 561 2501 874 2564; x_wconf 87' lang='lat' dir='ltr'><strong>carnalium,</strong></span> <span class='ocrx_word' id='word_1_190' title='bbox 900 2499 1004 2552; x_wconf 91' lang='lat' dir='ltr'><strong>vita</strong></span> <span class='ocrx_word' id='word_1_191' title='bbox 1035 2496 1400 2567; x_wconf 87' lang='lat' dir='ltr'><strong>spiritualium</strong></span> <span class='ocrx_word' id='word_1_192' title='bbox 1419 2501 1521 2550; x_wconf 88' lang='lat' dir='ltr'><strong>est.</strong></span> 
     </span>
    </p>
   </div>
   <div class='ocr_carea' id='block_1_26' title="bbox 495 2581 2011 2650">
    <p class='ocr_par' dir='ltr' id='par_1_26' title="bbox 495 2581 2011 2650">
     <span class='ocr_line' id='line_1_26' title="bbox 495 2581 2011 2650; baseline -0.007 -4"><span class='ocrx_word' id='word_1_193' title='bbox 495 2591 722 2648; x_wconf 81' lang='lat' dir='ltr'><strong>CAPUT</strong></span> <span class='ocrx_word' id='word_1_194' title='bbox 761 2589 974 2645; x_wconf 82' lang='lat' dir='ltr'><strong>XXVII.</strong></span> <span class='ocrx_word' id='word_1_195' title='bbox 1000 2619 1072 2629; x_wconf 92' lang='lat'><strong>——</strong></span> <span class='ocrx_word' id='word_1_196' title='bbox 1095 2587 1293 2642; x_wconf 89' lang='lat' dir='ltr'><strong>Omnes</strong></span> <span class='ocrx_word' id='word_1_197' title='bbox 1331 2586 1474 2641; x_wconf 91' lang='lat' dir='ltr'><strong>enim</strong></span> <span class='ocrx_word' id='word_1_198' title='bbox 1507 2583 1769 2650; x_wconf 83' lang='lat' dir='ltr'><strong>carnales,</strong></span> <span class='ocrx_word' id='word_1_199' title='bbox 1805 2597 1925 2636; x_wconf 92' lang='lat' dir='ltr'><strong>cum</strong></span> <span class='ocrx_word' id='word_1_200' title='bbox 1956 2581 2011 2635; x_wconf 92' lang='lat' dir='ltr'><strong>in</strong></span> 
     </span>
    </p>
   </div>
   <div class='ocr_carea' id='block_1_27' title="bbox 427 2674 2014 2750">
    <p class='ocr_par' dir='ltr' id='par_1_27' title="bbox 427 2674 2014 2750">
     <span class='ocr_line' id='line_1_27' title="bbox 427 2674 2014 2750; baseline -0.008 -10"><span class='ocrx_word' id='word_1_201' title='bbox 427 2684 665 2740; x_wconf 88' lang='lat' dir='ltr'><strong>Ecclesia</strong></span> <span class='ocrx_word' id='word_1_202' title='bbox 692 2682 929 2738; x_wconf 91' lang='lat' dir='ltr'><strong>invident</strong></span> <span class='ocrx_word' id='word_1_203' title='bbox 945 2680 1328 2750; x_wconf 87' lang='lat' dir='ltr'><strong>spiritualibus,</strong></span> <span class='ocrx_word' id='word_1_204' title='bbox 1353 2677 1778 2748; x_wconf 88' lang='lat' dir='ltr'><strong>supplautantur,</strong></span> <span class='ocrx_word' id='word_1_205' title='bbox 1806 2683 1861 2730; x_wconf 90' lang='lat' dir='ltr'><strong>et</strong></span> <span class='ocrx_word' id='word_1_206' title='bbox 1881 2674 2014 2728; x_wconf 87' lang='lat' dir='ltr'><strong>fiunt</strong></span> 
     </span>
    </p>
   </div>
   <div class='ocr_carea' id='block_1_28' title="bbox 425 2765 2010 2844">
    <p class='ocr_par' dir='ltr' id='par_1_28' title="bbox 425 2765 2010 2844">
     <span class='ocr_line' id='line_1_28' title="bbox 425 2765 2010 2844; baseline -0.007 -14"><span class='ocrx_word' id='word_1_207' title='bbox 425 2773 654 2844; x_wconf 88' lang='lat' dir='ltr'><strong>pejores.</strong></span> <span class='ocrx_word' id='word_1_208' title='bbox 684 2773 821 2828; x_wconf 82' lang='lat' dir='ltr'><strong>Audi</strong></span> <span class='ocrx_word' id='word_1_209' title='bbox 843 2772 1156 2842; x_wconf 87' lang='lat' dir='ltr'><strong>Apostolum</strong></span> <span class='ocrx_word' id='word_1_210' title='bbox 1183 2770 1284 2824; x_wconf 92' lang='lat' dir='ltr'><strong>hoc</strong></span> <span class='ocrx_word' id='word_1_211' title='bbox 1317 2771 1489 2838; x_wconf 89' lang='lat' dir='ltr'><strong>ipsum</strong></span> <span class='ocrx_word' id='word_1_212' title='bbox 1517 2767 1804 2833; x_wconf 90' lang='lat' dir='ltr'><strong>dicentem,</strong></span> <span class='ocrx_word' id='word_1_213' title='bbox 1836 2765 2010 2820; x_wconf 85' lang='lat' dir='ltr'><strong>maxi-</strong></span> 
     </span>
    </p>
   </div>
   <div class='ocr_carea' id='block_1_29' title="bbox 425 2856 2009 2934">
    <p class='ocr_par' dir='ltr' id='par_1_29' title="bbox 425 2856 2009 2934">
     <span class='ocr_line' id='line_1_29' title="bbox 425 2856 2009 2934; baseline -0.006 -14"><span class='ocrx_word' id='word_1_214' title='bbox 425 2879 513 2920; x_wconf 89' lang='lat' dir='ltr'><strong>me</strong></span> <span class='ocrx_word' id='word_1_215' title='bbox 539 2866 660 2934; x_wconf 88' lang='lat' dir='ltr'><strong>quia</strong></span> <span class='ocrx_word' id='word_1_216' title='bbox 700 2864 772 2919; x_wconf 91' lang='lat' dir='ltr'><strong>ibi</strong></span> <span class='ocrx_word' id='word_1_217' title='bbox 802 2863 1245 2918; x_wconf 85' lang='lat' dir='ltr'><strong>commemoravit</strong></span> <span class='ocrx_word' id='word_1_218' title='bbox 1287 2860 1544 2924; x_wconf 92' lang='lat' dir='ltr'><strong>odorem,</strong></span> <span class='ocrx_word' id='word_1_219' title='bbox 1592 2874 1747 2928; x_wconf 90' lang='lat' dir='ltr'><strong>quem</strong></span> <span class='ocrx_word' id='word_1_220' title='bbox 1793 2856 1880 2911; x_wconf 91' lang='lat' dir='ltr'><strong>hic</strong></span> <span class='ocrx_word' id='word_1_221' title='bbox 1906 2872 2009 2911; x_wconf 83' lang='lat' dir='ltr'><strong>ex-</strong></span> 
     </span>
    </p>
   </div>
   <div class='ocr_carea' id='block_1_30' title="bbox 424 2949 2010 3028">
    <p class='ocr_par' dir='ltr' id='par_1_30' title="bbox 424 2949 2010 3028">
     <span class='ocr_line' id='line_1_30' title="bbox 424 2949 2010 3028; baseline -0.007 -16"><span class='ocrx_word' id='word_1_222' title='bbox 424 2959 618 3028; x_wconf 86' lang='lat' dir='ltr'><strong>pressit</strong></span> <span class='ocrx_word' id='word_1_223' title='bbox 662 2957 827 3019; x_wconf 86' lang='lat' dir='ltr'><strong>Isaac,</strong></span> <span class='ocrx_word' id='word_1_224' title='bbox 875 2955 1083 3021; x_wconf 88' lang='lat' dir='ltr'><strong>dicens,</strong></span> <span class='ocrx_word' id='word_1_225' title='bbox 1128 2953 1261 3007; x_wconf 87' lang='lat' dir='ltr'><strong>Ecce</strong></span> <span class='ocrx_word' id='word_1_226' title='bbox 1286 2952 1412 3006; x_wconf 88' lang='lat' dir='ltr'><strong>odor</strong></span> <span class='ocrx_word' id='word_1_227' title='bbox 1442 2951 1539 3020; x_wconf 84' lang='lat' dir='ltr'><strong>ﬁlii</strong></span> <span class='ocrx_word' id='word_1_228' title='bbox 1578 2952 1695 3015; x_wconf 89' lang='lat' dir='ltr'><strong>mei,</strong></span> <span class='ocrx_word' id='word_1_229' title='bbox 1732 2950 1858 3002; x_wconf 88' lang='lat' dir='ltr'><strong>sicut</strong></span> <span class='ocrx_word' id='word_1_230' title='bbox 1885 2949 2010 3002; x_wconf 90' lang='lat' dir='ltr'><strong>odor</strong></span> 
     </span>
    </p>
   </div>
   <div class='ocr_carea' id='block_1_31' title="bbox 422 3043 2007 3121">
    <p class='ocr_par' dir='ltr' id='par_1_31' title="bbox 422 3043 2007 3121">
     <span class='ocr_line' id='line_1_31' title="bbox 422 3043 2007 3121; baseline -0.006 -17"><span class='ocrx_word' id='word_1_231' title='bbox 422 3051 535 3121; x_wconf 77' lang='lat' dir='ltr'><strong>agri</strong></span> <span class='ocrx_word' id='word_1_232' title='bbox 561 3050 717 3120; x_wconf 86' lang='lat' dir='ltr'><strong>pleni,</strong></span> <span class='ocrx_word' id='word_1_233' title='bbox 748 3066 894 3120; x_wconf 89' lang='lat' dir='ltr'><strong>quem</strong></span> <span class='ocrx_word' id='word_1_234' title='bbox 919 3047 1167 3102; x_wconf 74' lang='lat' dir='ltr'><strong>benedixit</strong></span> <span class='ocrx_word' id='word_1_235' title='bbox 1201 3045 1467 3100; x_wconf 86' lang='lat' dir='ltr'><strong>Dominus.</strong></span> <span class='ocrx_word' id='word_1_236' title='bbox 1497 3044 1586 3098; x_wconf 85' lang='lat' dir='ltr'><strong>Ait</strong></span> <span class='ocrx_word' id='word_1_237' title='bbox 1609 3057 1737 3113; x_wconf 90' lang='lat' dir='ltr'><strong>ergo</strong></span> <span class='ocrx_word' id='word_1_238' title='bbox 1773 3043 2007 3112; x_wconf 85' lang='lat' dir='ltr'><strong>Aposto-</strong></span> 
     </span>
    </p>
   </div>
   <div class='ocr_carea' id='block_1_32' title="bbox 423 3133 2005 3211">
    <p class='ocr_par' dir='ltr' id='par_1_32' title="bbox 423 3133 2005 3211">
     <span class='ocr_line' id='line_1_32' title="bbox 423 3133 2005 3211; baseline -0.007 -13"><span class='ocrx_word' id='word_1_239' title='bbox 423 3143 528 3211; x_wconf 89' lang='lat' dir='ltr'><strong>lus,</strong></span> <span class='ocrx_word' id='word_1_240' title='bbox 557 3142 745 3199; x_wconf 78' lang='lat' dir='ltr'><strong>Christi</strong></span> <span class='ocrx_word' id='word_1_241' title='bbox 775 3143 932 3196; x_wconf 84' lang='lat' dir='ltr'><strong>bonus</strong></span> <span class='ocrx_word' id='word_1_242' title='bbox 956 3141 1082 3195; x_wconf 89' lang='lat' dir='ltr'><strong>odor</strong></span> <span class='ocrx_word' id='word_1_243' title='bbox 1110 3155 1281 3192; x_wconf 86' lang='lat' dir='ltr'><strong>sumus</strong></span> <span class='ocrx_word' id='word_1_244' title='bbox 1301 3139 1354 3190; x_wconf 89' lang='lat' dir='ltr'><strong>in</strong></span> <span class='ocrx_word' id='word_1_245' title='bbox 1377 3137 1513 3190; x_wconf 89' lang='lat' dir='ltr'><strong>omni</strong></span> <span class='ocrx_word' id='word_1_246' title='bbox 1533 3136 1643 3189; x_wconf 90' lang='lat' dir='ltr'><strong>loco</strong></span> <span class='ocrx_word' id='word_1_247' title='bbox 1673 3143 1766 3189; x_wconf 88' lang='lat' dir='ltr'><strong>:et</strong></span> <span class='ocrx_word' id='word_1_248' title='bbox 1793 3133 2005 3202; x_wconf 88' lang='lat' dir='ltr'><strong>adjecit,</strong></span> 
     </span>
    </p>
   </div>
   <div class='ocr_carea' id='block_1_33' title="bbox 423 3225 2008 3305">
    <p class='ocr_par' dir='ltr' id='par_1_33' title="bbox 423 3225 2008 3305">
     <span class='ocr_line' id='line_1_33' title="bbox 423 3225 2008 3305; baseline -0.008 -15"><span class='ocrx_word' id='word_1_249' title='bbox 423 3235 552 3290; x_wconf 82' lang='lat' dir='ltr'><strong>Aliis</strong></span> <span class='ocrx_word' id='word_1_250' title='bbox 577 3235 778 3305; x_wconf 88' lang='lat' dir='ltr'><strong>quidem</strong></span> <span class='ocrx_word' id='word_1_251' title='bbox 805 3234 930 3287; x_wconf 87' lang='lat' dir='ltr'><strong>odor</strong></span> <span class='ocrx_word' id='word_1_252' title='bbox 957 3234 1089 3298; x_wconf 78' lang='lat' dir='ltr'><strong>uiue,</strong></span> <span class='ocrx_word' id='word_1_253' title='bbox 1131 3232 1183 3284; x_wconf 89' lang='lat' dir='ltr'><strong>in</strong></span> <span class='ocrx_word' id='word_1_254' title='bbox 1208 3232 1359 3284; x_wconf 80' lang='lat' dir='ltr'><strong>vitam</strong></span> <span class='ocrx_word' id='word_1_255' title='bbox 1375 3246 1394 3294; x_wconf 88' lang='lat'><strong>;</strong></span> <span class='ocrx_word' id='word_1_256' title='bbox 1424 3228 1539 3282; x_wconf 88' lang='lat' dir='ltr'><strong>aliis</strong></span> <span class='ocrx_word' id='word_1_257' title='bbox 1576 3227 1700 3281; x_wconf 93' lang='lat' dir='ltr'><strong>odor</strong></span> <span class='ocrx_word' id='word_1_258' title='bbox 1729 3226 1922 3290; x_wconf 90' lang='lat' dir='ltr'><strong>mortis,</strong></span> <span class='ocrx_word' id='word_1_259' title='bbox 1953 3225 2008 3279; x_wconf 89' lang='lat' dir='ltr'><strong>in</strong></span> 
     </span>
    </p>
   </div>
   <div class='ocr_carea' id='block_1_34' title="bbox 421 3317 2007 3394">
    <p class='ocr_par' dir='ltr' id='par_1_34' title="bbox 421 3317 2007 3394">
     <span class='ocr_line' id='line_1_34' title="bbox 421 3317 2007 3394; baseline -0.006 -12"><span class='ocrx_word' id='word_1_260' title='bbox 421 3336 633 3382; x_wconf 86' lang='lat' dir='ltr'><strong>mortem</strong></span> <span class='ocrx_word' id='word_1_261' title='bbox 664 3343 683 3380; x_wconf 89' lang='lat'><strong><em>:</em></strong></span> <span class='ocrx_word' id='word_1_262' title='bbox 711 3336 757 3380; x_wconf 86' lang='lat' dir='ltr'><strong>et</strong></span> <span class='ocrx_word' id='word_1_263' title='bbox 785 3327 851 3378; x_wconf 93' lang='lat' dir='ltr'><strong>ad</strong></span> <span class='ocrx_word' id='word_1_264' title='bbox 877 3325 984 3380; x_wconf 65' lang='lat' dir='ltr'><strong>hace</strong></span> <span class='ocrx_word' id='word_1_265' title='bbox 1013 3325 1122 3394; x_wconf 88' lang='lat' dir='ltr'><strong>quis</strong></span> <span class='ocrx_word' id='word_1_266' title='bbox 1151 3323 1360 3376; x_wconf 88' lang='lat' dir='ltr'><strong>idoneus</strong></span> <span class='ocrx_word' id='word_1_267' title='bbox 1384 3319 1461 3392; x_wconf 90' lang='lat' dir='ltr'><strong>(ll</strong></span> <span class='ocrx_word' id='word_1_268' title='bbox 1487 3319 1602 3374; x_wconf 90' lang='lat' dir='ltr'><strong>Cor.</strong></span> <span class='ocrx_word' id='word_1_269' title='bbox 1618 3335 1676 3386; x_wconf 86' lang='grc' dir='ltr'><strong>ιι,</strong></span> <span class='ocrx_word' id='word_1_270' title='bbox 1694 3319 1778 3384; x_wconf 77' lang='lat' dir='ltr'><strong>IS,</strong></span> <span class='ocrx_word' id='word_1_271' title='bbox 1807 3319 1895 3388; x_wconf 80' lang='lat' dir='ltr'><strong>lli)</strong></span> <span class='ocrx_word' id='word_1_272' title='bbox 1913 3317 1936 3370; x_wconf 68' lang='grc' dir='ltr'><strong>’ἶ</strong></span> <span class='ocrx_word' id='word_1_273' title='bbox 1954 3317 2007 3372; x_wconf 88' lang='lat' dir='ltr'><strong>id</strong></span> 
     </span>
    </p>
   </div>
   <div class='ocr_carea' id='block_1_35' title="bbox 418 3411 2006 3488">
    <p class='ocr_par' dir='ltr' id='par_1_35' title="bbox 418 3411 2006 3488">
     <span class='ocr_line' id='line_1_35' title="bbox 418 3411 2006 3488; baseline -0.009 -13"><span class='ocrx_word' id='word_1_274' title='bbox 418 3427 525 3487; x_wconf 77' lang='lat' dir='ltr'><strong>est,</strong></span> <span class='ocrx_word' id='word_1_275' title='bbox 553 3428 613 3473; x_wconf 92' lang='lat' dir='ltr'><strong>ut</strong></span> <span class='ocrx_word' id='word_1_276' title='bbox 640 3418 895 3488; x_wconf 81' lang='lat' dir='ltr'><strong>intelligat</strong></span> <span class='ocrx_word' id='word_1_277' title='bbox 923 3415 1188 3487; x_wconf 89' lang='lat' dir='ltr'><strong>quomodo</strong></span> <span class='ocrx_word' id='word_1_278' title='bbox 1213 3416 1347 3468; x_wconf 88' lang='lat' dir='ltr'><strong>odor</strong></span> <span class='ocrx_word' id='word_1_279' title='bbox 1373 3411 1560 3466; x_wconf 88' lang='lat' dir='ltr'><strong>mortis</strong></span> <span class='ocrx_word' id='word_1_280' title='bbox 1585 3427 1768 3465; x_wconf 90' lang='lat' dir='ltr'><strong>sumus</strong></span> <span class='ocrx_word' id='word_1_281' title='bbox 1791 3411 1840 3463; x_wconf 92' lang='lat' dir='ltr'><strong>in</strong></span> <span class='ocrx_word' id='word_1_282' title='bbox 1863 3423 2006 3463; x_wconf 87' lang='lat' dir='ltr'><strong>mor-</strong></span> 
     </span>
    </p>
   </div>
   <div class='ocr_carea' id='block_1_36' title="bbox 421 3500 2003 3574">
    <p class='ocr_par' dir='ltr' id='par_1_36' title="bbox 421 3500 2003 3574">
     <span class='ocr_line' id='line_1_36' title="bbox 421 3500 2003 3574; baseline -0.006 -11"><span class='ocrx_word' id='word_1_283' title='bbox 421 3516 533 3565; x_wconf 88' lang='lat' dir='ltr'><strong>tem</strong></span> <span class='ocrx_word' id='word_1_284' title='bbox 561 3509 836 3563; x_wconf 91' lang='lat' dir='ltr'><strong>hominum</strong></span> <span class='ocrx_word' id='word_1_285' title='bbox 857 3549 872 3574; x_wconf 94' lang='lat'><strong>,</strong></span> <span class='ocrx_word' id='word_1_286' title='bbox 901 3507 1042 3561; x_wconf 89' lang='lat' dir='ltr'><strong>nulla</strong></span> <span class='ocrx_word' id='word_1_287' title='bbox 1067 3514 1251 3560; x_wconf 89' lang='lat' dir='ltr'><strong>nostra</strong></span> <span class='ocrx_word' id='word_1_288' title='bbox 1279 3504 1456 3574; x_wconf 89' lang='lat' dir='ltr'><strong>culpa.</strong></span> <span class='ocrx_word' id='word_1_289' title='bbox 1488 3501 1773 3557; x_wconf 85' lang='lat' dir='ltr'><strong>Ambulant</strong></span> <span class='ocrx_word' id='word_1_290' title='bbox 1806 3500 2003 3555; x_wconf 91' lang='lat' dir='ltr'><strong>etenim</strong></span> 
     </span>
    </p>
   </div>
   <div class='ocr_carea' id='block_1_37' title="bbox 423 3591 2006 3670">
    <p class='ocr_par' dir='ltr' id='par_1_37' title="bbox 423 3591 2006 3670">
     <span class='ocr_line' id='line_1_37' title="bbox 423 3591 2006 3670; baseline -0.008 -13"><span class='ocrx_word' id='word_1_291' title='bbox 423 3603 539 3656; x_wconf 85' lang='lat' dir='ltr'><strong>vias</strong></span> <span class='ocrx_word' id='word_1_292' title='bbox 567 3615 690 3655; x_wconf 90' lang='lat' dir='ltr'><strong>suas</strong></span> <span class='ocrx_word' id='word_1_293' title='bbox 719 3598 1041 3670; x_wconf 86' lang='lat' dir='ltr'><strong>spirituales,</strong></span> <span class='ocrx_word' id='word_1_294' title='bbox 1074 3596 1204 3651; x_wconf 90' lang='lat' dir='ltr'><strong>nihil</strong></span> <span class='ocrx_word' id='word_1_295' title='bbox 1251 3595 1390 3649; x_wconf 92' lang='lat' dir='ltr'><strong>aliud</strong></span> <span class='ocrx_word' id='word_1_296' title='bbox 1430 3602 1626 3648; x_wconf 90' lang='lat' dir='ltr'><strong>norunt</strong></span> <span class='ocrx_word' id='word_1_297' title='bbox 1669 3606 1825 3661; x_wconf 89' lang='lat' dir='ltr'><strong>quam</strong></span> <span class='ocrx_word' id='word_1_298' title='bbox 1868 3591 2006 3645; x_wconf 91' lang='lat' dir='ltr'><strong>bene</strong></span> 
     </span>
    </p>
   </div>
   <div class='ocr_carea' id='block_1_38' title="bbox 421 3685 2005 3762">
    <p class='ocr_par' dir='ltr' id='par_1_38' title="bbox 421 3685 2005 3762">
     <span class='ocr_line' id='line_1_38' title="bbox 421 3685 2005 3762; baseline -0.008 -12"><span class='ocrx_word' id='word_1_299' title='bbox 421 3694 640 3750; x_wconf 82' lang='lat' dir='ltr'><strong>vivere:</strong></span> <span class='ocrx_word' id='word_1_300' title='bbox 665 3703 719 3747; x_wconf 88' lang='lat' dir='ltr'><strong>et</strong></span> <span class='ocrx_word' id='word_1_301' title='bbox 749 3691 837 3762; x_wconf 91' lang='lat' dir='ltr'><strong>qui</strong></span> <span class='ocrx_word' id='word_1_302' title='bbox 871 3691 1181 3745; x_wconf 88' lang='lat' dir='ltr'><strong>innocenter</strong></span> <span class='ocrx_word' id='word_1_303' title='bbox 1199 3687 1497 3742; x_wconf 86' lang='lat' dir='ltr'><strong>viventibus</strong></span> <span class='ocrx_word' id='word_1_304' title='bbox 1525 3685 1782 3748; x_wconf 88' lang='lat' dir='ltr'><strong>invident,</strong></span> <span class='ocrx_word' id='word_1_305' title='bbox 1806 3685 2005 3738; x_wconf 89' lang='lat' dir='ltr'><strong>faciunt</strong></span> 
     </span>
    </p>
   </div>
   <div class='ocr_carea' id='block_1_39' title="bbox 420 3774 2004 3856">
    <p class='ocr_par' dir='ltr' id='par_1_39' title="bbox 420 3774 2004 3856">
     <span class='ocr_line' id='line_1_39' title="bbox 420 3774 2004 3856; baseline -0.008 -16"><span class='ocrx_word' id='word_1_306' title='bbox 420 3792 636 3856; x_wconf 83' lang='lat' dir='ltr'><strong>peccata</strong></span> <span class='ocrx_word' id='word_1_307' title='bbox 666 3783 864 3854; x_wconf 85' lang='lat' dir='ltr'><strong>gravia,</strong></span> <span class='ocrx_word' id='word_1_308' title='bbox 896 3781 1037 3836; x_wconf 91' lang='lat' dir='ltr'><strong>unde</strong></span> <span class='ocrx_word' id='word_1_309' title='bbox 1076 3781 1192 3834; x_wconf 92' lang='lat' dir='ltr'><strong>illos</strong></span> <span class='ocrx_word' id='word_1_310' title='bbox 1235 3777 1418 3848; x_wconf 90' lang='lat' dir='ltr'><strong>puniat</strong></span> <span class='ocrx_word' id='word_1_311' title='bbox 1445 3777 1626 3841; x_wconf 85' lang='lat' dir='ltr'><strong>Deus;</strong></span> <span class='ocrx_word' id='word_1_312' title='bbox 1647 3785 1700 3830; x_wconf 91' lang='lat' dir='ltr'><strong>et</strong></span> <span class='ocrx_word' id='word_1_313' title='bbox 1731 3775 1787 3829; x_wconf 88' lang='lat' dir='ltr'><strong>fit</strong></span> <span class='ocrx_word' id='word_1_314' title='bbox 1814 3775 1891 3829; x_wconf 90' lang='lat' dir='ltr'><strong>eis</strong></span> <span class='ocrx_word' id='word_1_315' title='bbox 1919 3774 2004 3828; x_wconf 90' lang='lat' dir='ltr'><strong>ille</strong></span> 
     </span>
    </p>
   </div>
   <div class='ocr_carea' id='block_1_40' title="bbox 419 3867 2004 3942">
    <p class='ocr_par' dir='ltr' id='par_1_40' title="bbox 419 3867 2004 3942">
     <span class='ocr_line' id='line_1_40' title="bbox 419 3867 2004 3942; baseline -0.006 -10"><span class='ocrx_word' id='word_1_316' title='bbox 419 3877 555 3934; x_wconf 88' lang='lat' dir='ltr'><strong>odor</strong></span> <span class='ocrx_word' id='word_1_317' title='bbox 596 3876 650 3931; x_wconf 90' lang='lat' dir='ltr'><strong>in</strong></span> <span class='ocrx_word' id='word_1_318' title='bbox 696 3885 922 3930; x_wconf 89' lang='lat' dir='ltr'><strong>mortem</strong></span> <span class='ocrx_word' id='word_1_319' title='bbox 944 3915 958 3940; x_wconf 92' lang='lat'><strong>,</strong></span> <span class='ocrx_word' id='word_1_320' title='bbox 1003 3874 1094 3942; x_wconf 90' lang='lat' dir='ltr'><strong>qui</strong></span> <span class='ocrx_word' id='word_1_321' title='bbox 1139 3883 1220 3926; x_wconf 90' lang='lat' dir='ltr'><strong>est</strong></span> <span class='ocrx_word' id='word_1_322' title='bbox 1249 3871 1368 3925; x_wconf 89' lang='lat' dir='ltr'><strong>aliis</strong></span> <span class='ocrx_word' id='word_1_323' title='bbox 1394 3870 1526 3924; x_wconf 91' lang='lat' dir='ltr'><strong>odor</strong></span> <span class='ocrx_word' id='word_1_324' title='bbox 1551 3870 1617 3924; x_wconf 88' lang='lat' dir='ltr'><strong>ad</strong></span> <span class='ocrx_word' id='word_1_325' title='bbox 1643 3870 1824 3923; x_wconf 91' lang='lat' dir='ltr'><strong>vitam.</strong></span> <span class='ocrx_word' id='word_1_326' title='bbox 1869 3867 2004 3924; x_wconf 84' lang='lat' dir='ltr'><strong>Nam</strong></span> 
     </span>
    </p>
   </div>
   <div class='ocr_carea' id='block_1_41' title="bbox 419 3961 2002 4038">
    <p class='ocr_par' dir='ltr' id='par_1_41' title="bbox 419 3961 2002 4038">
     <span class='ocr_line' id='line_1_41' title="bbox 419 3961 2002 4038; baseline -0.004 -15"><span class='ocrx_word' id='word_1_327' title='bbox 419 3968 538 4038; x_wconf 89' lang='lat' dir='ltr'><strong>ipse</strong></span> <span class='ocrx_word' id='word_1_328' title='bbox 576 3968 831 4022; x_wconf 90' lang='lat' dir='ltr'><strong>Dominus</strong></span> <span class='ocrx_word' id='word_1_329' title='bbox 859 3968 1010 4036; x_wconf 90' lang='lat' dir='ltr'><strong>prius</strong></span> <span class='ocrx_word' id='word_1_330' title='bbox 1037 3964 1205 4018; x_wconf 88' lang='lat' dir='ltr'><strong>factus</strong></span> <span class='ocrx_word' id='word_1_331' title='bbox 1231 3973 1313 4018; x_wconf 90' lang='lat' dir='ltr'><strong>est</strong></span> <span class='ocrx_word' id='word_1_332' title='bbox 1340 3963 1475 4018; x_wconf 90' lang='lat' dir='ltr'><strong>odor</strong></span> <span class='ocrx_word' id='word_1_333' title='bbox 1514 3962 1686 4016; x_wconf 89' lang='lat' dir='ltr'><strong>bonus</strong></span> <span class='ocrx_word' id='word_1_334' title='bbox 1729 3962 1797 4016; x_wconf 90' lang='lat' dir='ltr'><strong>ad</strong></span> <span class='ocrx_word' id='word_1_335' title='bbox 1840 3961 2002 4016; x_wconf 90' lang='lat' dir='ltr'><strong>vitam</strong></span> 
     </span>
    </p>
   </div>
   <div class='ocr_carea' id='block_1_42' title="bbox 419 4054 1999 4123">
    <p class='ocr_par' dir='ltr' id='par_1_42' title="bbox 419 4054 1999 4123">
     <span class='ocr_line' id='line_1_42' title="bbox 419 4054 1999 4123; baseline -0.004 -9"><span class='ocrx_word' id='word_1_336' title='bbox 419 4058 783 4123; x_wconf 86' lang='lat' dir='ltr'><strong>credentibus,</strong></span> <span class='ocrx_word' id='word_1_337' title='bbox 817 4066 870 4112; x_wconf 90' lang='lat' dir='ltr'><strong>et</strong></span> <span class='ocrx_word' id='word_1_338' title='bbox 911 4056 1045 4111; x_wconf 88' lang='lat' dir='ltr'><strong>odor</strong></span> <span class='ocrx_word' id='word_1_339' title='bbox 1087 4056 1258 4110; x_wconf 84' lang='lat' dir='ltr'><strong>malus</strong></span> <span class='ocrx_word' id='word_1_340' title='bbox 1283 4054 1349 4108; x_wconf 90' lang='lat' dir='ltr'><strong>ad</strong></span> <span class='ocrx_word' id='word_1_341' title='bbox 1377 4064 1602 4108; x_wconf 90' lang='lat' dir='ltr'><strong>mortem</strong></span> <span class='ocrx_word' id='word_1_342' title='bbox 1629 4055 1999 4123; x_wconf 81' lang='lat' dir='ltr'><strong>persequenti-</strong></span> 
     </span>
    </p>
   </div>
   <div class='ocr_carea' id='block_1_43' title="bbox 418 4147 2005 4220">
    <p class='ocr_par' dir='ltr' id='par_1_43' title="bbox 418 4147 2005 4220">
     <span class='ocr_line' id='line_1_43' title="bbox 418 4147 2005 4220; baseline -0.006 -11"><span class='ocrx_word' id='word_1_343' title='bbox 418 4152 541 4209; x_wconf 85' lang='lat' dir='ltr'><strong>bus.</strong></span> <span class='ocrx_word' id='word_1_344' title='bbox 587 4152 721 4220; x_wconf 86' lang='lat' dir='ltr'><strong>Quia</strong></span> <span class='ocrx_word' id='word_1_345' title='bbox 762 4152 908 4207; x_wconf 75' lang='lat' dir='ltr'><strong>cutim</strong></span> <span class='ocrx_word' id='word_1_346' title='bbox 961 4150 1109 4204; x_wconf 91' lang='lat' dir='ltr'><strong>multi</strong></span> <span class='ocrx_word' id='word_1_347' title='bbox 1161 4149 1234 4203; x_wconf 91' lang='lat' dir='ltr'><strong>illi</strong></span> <span class='ocrx_word' id='word_1_348' title='bbox 1277 4147 1649 4214; x_wconf 88' lang='lat' dir='ltr'><strong>crediderant,</strong></span> <span class='ocrx_word' id='word_1_349' title='bbox 1703 4147 2005 4202; x_wconf 90' lang='lat' dir='ltr'><strong>inviderunt</strong></span> 
     </span>
    </p>
   </div>
   <div class='ocr_carea' id='block_1_44' title="bbox 418 4242 2001 4312">
    <p class='ocr_par' dir='ltr' id='par_1_44' title="bbox 418 4242 2001 4312">
     <span class='ocr_line' id='line_1_44' title="bbox 418 4242 2001 4312; baseline -0.004 -10"><span class='ocrx_word' id='word_1_350' title='bbox 418 4245 610 4312; x_wconf 64' lang='lat' dir='ltr'><strong>Judaei,</strong></span> <span class='ocrx_word' id='word_1_351' title='bbox 643 4253 698 4300; x_wconf 91' lang='lat' dir='ltr'><strong>et</strong></span> <span class='ocrx_word' id='word_1_352' title='bbox 733 4245 970 4299; x_wconf 89' lang='lat' dir='ltr'><strong>fecerunt</strong></span> <span class='ocrx_word' id='word_1_353' title='bbox 997 4251 1199 4298; x_wconf 90' lang='lat' dir='ltr'><strong>tantum</strong></span> <span class='ocrx_word' id='word_1_354' title='bbox 1225 4243 1396 4297; x_wconf 89' lang='lat' dir='ltr'><strong>scelus</strong></span> <span class='ocrx_word' id='word_1_355' title='bbox 1421 4242 1712 4296; x_wconf 91' lang='lat' dir='ltr'><strong>occidendo</strong></span> <span class='ocrx_word' id='word_1_356' title='bbox 1739 4243 2001 4297; x_wconf 88' lang='lat' dir='ltr'><strong>innocen-</strong></span> 
     </span>
    </p>
   </div>
   <div class='ocr_carea' id='block_1_45' title="bbox 418 4334 2000 4404">
    <p class='ocr_par' dir='ltr' id='par_1_45' title="bbox 418 4334 2000 4404">
     <span class='ocr_line' id='line_1_45' title="bbox 418 4334 2000 4404; baseline -0.004 -9"><span class='ocrx_word' id='word_1_357' title='bbox 418 4347 529 4395; x_wconf 80' lang='lat' dir='ltr'><strong>tem</strong></span> <span class='ocrx_word' id='word_1_358' title='bbox 553 4379 567 4404; x_wconf 92' lang='lat'><strong>,</strong></span> <span class='ocrx_word' id='word_1_359' title='bbox 614 4335 865 4392; x_wconf 90' lang='lat' dir='ltr'><strong>Sanctum</strong></span> <span class='ocrx_word' id='word_1_360' title='bbox 909 4343 1213 4390; x_wconf 89' lang='lat' dir='ltr'><strong>sanctorum</strong></span> <span class='ocrx_word' id='word_1_361' title='bbox 1243 4352 1255 4388; x_wconf 87' lang='lat'><strong>:</strong></span> <span class='ocrx_word' id='word_1_362' title='bbox 1281 4334 1418 4404; x_wconf 91' lang='lat' dir='ltr'><strong>quod</strong></span> <span class='ocrx_word' id='word_1_363' title='bbox 1447 4335 1490 4390; x_wconf 89' lang='lat' dir='ltr'><strong>si</strong></span> <span class='ocrx_word' id='word_1_364' title='bbox 1517 4351 1625 4388; x_wconf 92' lang='lat' dir='ltr'><strong>non</strong></span> <span class='ocrx_word' id='word_1_365' title='bbox 1653 4334 1906 4401; x_wconf 87' lang='lat' dir='ltr'><strong>facerent,</strong></span> <span class='ocrx_word' id='word_1_366' title='bbox 1934 4334 2000 4388; x_wconf 88' lang='lat' dir='ltr'><strong>ad</strong></span> 
     </span>
    </p>
   </div>
   <div class='ocr_carea' id='block_1_46' title="bbox 419 4426 2002 4498">
    <p class='ocr_par' dir='ltr' id='par_1_46' title="bbox 419 4426 2002 4498">
     <span class='ocr_line' id='line_1_46' title="bbox 419 4426 2002 4498; baseline -0.001 -15"><span class='ocrx_word' id='word_1_367' title='bbox 419 4438 648 4484; x_wconf 89' lang='lat' dir='ltr'><strong>mortem</strong></span> <span class='ocrx_word' id='word_1_368' title='bbox 674 4427 753 4483; x_wconf 92' lang='lat' dir='ltr'><strong>eis</strong></span> <span class='ocrx_word' id='word_1_369' title='bbox 783 4443 890 4482; x_wconf 91' lang='lat' dir='ltr'><strong>non</strong></span> <span class='ocrx_word' id='word_1_370' title='bbox 911 4427 1108 4481; x_wconf 88' lang='lat' dir='ltr'><strong>valeret</strong></span> <span class='ocrx_word' id='word_1_371' title='bbox 1130 4426 1300 4480; x_wconf 88' lang='lat' dir='ltr'><strong>bonus</strong></span> <span class='ocrx_word' id='word_1_372' title='bbox 1320 4426 1454 4480; x_wconf 90' lang='lat' dir='ltr'><strong>odor</strong></span> <span class='ocrx_word' id='word_1_373' title='bbox 1472 4426 1691 4480; x_wconf 89' lang='lat' dir='ltr'><strong>Christi.</strong></span> <span class='ocrx_word' id='word_1_374' title='bbox 1714 4426 1853 4498; x_wconf 85' lang='lat' dir='ltr'><strong>Ergo</strong></span> <span class='ocrx_word' id='word_1_375' title='bbox 1878 4442 2002 4497; x_wconf 91' lang='lat' dir='ltr'><strong>sup-</strong></span> 
     </span>
    </p>
   </div>
   <div class='ocr_carea' id='block_1_47' title="bbox 417 4514 1758 4589">
    <p class='ocr_par' dir='ltr' id='par_1_47' title="bbox 417 4514 1758 4589">
     <span class='ocr_line' id='line_1_47' title="bbox 417 4514 1758 4589; baseline -0.005 -15"><span class='ocrx_word' id='word_1_376' title='bbox 417 4519 689 4589; x_wconf 85' lang='lat' dir='ltr'><strong>plantatus</strong></span> <span class='ocrx_word' id='word_1_377' title='bbox 715 4528 795 4571; x_wconf 91' lang='lat' dir='ltr'><strong>est</strong></span> <span class='ocrx_word' id='word_1_378' title='bbox 823 4518 962 4572; x_wconf 87' lang='lat' dir='ltr'><strong>Esau</strong></span> <span class='ocrx_word' id='word_1_379' title='bbox 989 4518 1040 4570; x_wconf 90' lang='lat' dir='ltr'><strong>in</strong></span> <span class='ocrx_word' id='word_1_380' title='bbox 1067 4515 1436 4570; x_wconf 88' lang='lat' dir='ltr'><strong>benedictione</strong></span> <span class='ocrx_word' id='word_1_381' title='bbox 1466 4517 1630 4585; x_wconf 87' lang='lat' dir='ltr'><strong>patris</strong></span> <span class='ocrx_word' id='word_1_382' title='bbox 1659 4514 1758 4589; x_wconf 92' lang='lat' dir='ltr'><strong>(a).</strong></span> 
     </span>
    </p>
   </div>
   <div class='ocr_carea' id='block_1_48' title="bbox 490 4606 1998 4676">
    <p class='ocr_par' dir='ltr' id='par_1_48' title="bbox 490 4606 1998 4676">
     <span class='ocr_line' id='line_1_48' title="bbox 490 4606 1998 4676; baseline -0.002 -11"><span class='ocrx_word' id='word_1_383' title='bbox 490 4608 582 4665; x_wconf 76' lang='grc'><strong>29.</strong></span> <span class='ocrx_word' id='word_1_384' title='bbox 622 4609 816 4664; x_wconf 82' lang='lat' dir='ltr'><strong>Iterum</strong></span> <span class='ocrx_word' id='word_1_385' title='bbox 859 4609 920 4662; x_wconf 87' lang='lat' dir='ltr'><strong>de</strong></span> <span class='ocrx_word' id='word_1_386' title='bbox 966 4608 1302 4661; x_wconf 85' lang='lat' dir='ltr'><strong>benedictione</strong></span> <span class='ocrx_word' id='word_1_387' title='bbox 1353 4606 1512 4661; x_wconf 81' lang='lat' dir='ltr'><strong>Esau.</strong></span> <span class='ocrx_word' id='word_1_388' title='bbox 1556 4607 1850 4676; x_wconf 83' lang='lat' dir='ltr'><strong>Respondit</strong></span> <span class='ocrx_word' id='word_1_389' title='bbox 1901 4624 1998 4662; x_wconf 89' lang='lat' dir='ltr'><strong>au-</strong></span> 
     </span>
    </p>
   </div>
   <div class='ocr_carea' id='block_1_49' title="bbox 419 4699 2001 4772">
    <p class='ocr_par' dir='ltr' id='par_1_49' title="bbox 419 4699 2001 4772">
     <span class='ocr_line' id='line_1_49' title="bbox 419 4699 2001 4772; baseline -0.003 -13"><span class='ocrx_word' id='word_1_390' title='bbox 419 4710 528 4759; x_wconf 90' lang='lat' dir='ltr'><strong>tem</strong></span> <span class='ocrx_word' id='word_1_391' title='bbox 553 4700 786 4769; x_wconf 85' lang='lat' dir='ltr'><strong>lsaac,et</strong></span> <span class='ocrx_word' id='word_1_392' title='bbox 806 4702 939 4756; x_wconf 83' lang='lat' dir='ltr'><strong>dixit</strong></span> <span class='ocrx_word' id='word_1_393' title='bbox 962 4702 1027 4754; x_wconf 89' lang='lat' dir='ltr'><strong>ad</strong></span> <span class='ocrx_word' id='word_1_394' title='bbox 1056 4701 1222 4764; x_wconf 90' lang='lat' dir='ltr'><strong>illum,</strong></span> <span class='ocrx_word' id='word_1_395' title='bbox 1246 4699 1678 4754; x_wconf 87' lang='lat' dir='ltr'><strong>Dominumillum</strong></span> <span class='ocrx_word' id='word_1_396' title='bbox 1700 4711 1840 4754; x_wconf 88' lang='lat' dir='ltr'><strong>tuum</strong></span> <span class='ocrx_word' id='word_1_397' title='bbox 1872 4702 2001 4772; x_wconf 88' lang='lat' dir='ltr'><strong>feci:</strong></span> 
     </span>
    </p>
   </div>
   <div class='ocr_carea' id='block_1_50' title="bbox 417 4792 1996 4863">
    <p class='ocr_par' dir='ltr' id='par_1_50' title="bbox 417 4792 1996 4863">
     <span class='ocr_line' id='line_1_50' title="bbox 417 4792 1996 4863; baseline -0.001 -14"><span class='ocrx_word' id='word_1_398' title='bbox 417 4808 528 4849; x_wconf 87' lang='lat' dir='ltr'><strong>non</strong></span> <span class='ocrx_word' id='word_1_399' title='bbox 557 4794 700 4849; x_wconf 91' lang='lat' dir='ltr'><strong>enim</strong></span> <span class='ocrx_word' id='word_1_400' title='bbox 729 4792 873 4846; x_wconf 85' lang='lat' dir='ltr'><strong>aliud</strong></span> <span class='ocrx_word' id='word_1_401' title='bbox 904 4792 1330 4861; x_wconf 83' lang='lat' dir='ltr'><strong>potuitaccipere</strong></span> <span class='ocrx_word' id='word_1_402' title='bbox 1352 4792 1491 4846; x_wconf 88' lang='lat' dir='ltr'><strong>Esau</strong></span> <span class='ocrx_word' id='word_1_403' title='bbox 1513 4793 1650 4863; x_wconf 90' lang='lat' dir='ltr'><strong>quod</strong></span> <span class='ocrx_word' id='word_1_404' title='bbox 1674 4793 1871 4847; x_wconf 90' lang='lat' dir='ltr'><strong>dictum</strong></span> <span class='ocrx_word' id='word_1_405' title='bbox 1894 4804 1996 4861; x_wconf 89' lang='lat' dir='ltr'><strong>est,</strong></span> 
     </span>
    </p>
   </div>
   <div class='ocr_carea' id='block_1_51' title="bbox 420 4882 2002 4957">
    <p class='ocr_par' dir='ltr' id='par_1_51' title="bbox 420 4882 2002 4957">
     <span class='ocr_line' id='line_1_51' title="bbox 420 4882 2002 4957; baseline 0 -18"><span class='ocrx_word' id='word_1_406' title='bbox 420 4882 492 4939; x_wconf 87' lang='lat' dir='ltr'><strong>Et</strong></span> <span class='ocrx_word' id='word_1_407' title='bbox 528 4901 700 4941; x_wconf 86' lang='lat' dir='ltr'><strong>omnes</strong></span> <span class='ocrx_word' id='word_1_408' title='bbox 725 4887 907 4954; x_wconf 84' lang='lat' dir='ltr'><strong>fratres</strong></span> <span class='ocrx_word' id='word_1_409' title='bbox 933 4884 1043 4953; x_wconf 88' lang='lat' dir='ltr'><strong>ejus</strong></span> <span class='ocrx_word' id='word_1_410' title='bbox 1069 4887 1279 4936; x_wconf 79' lang='lat' dir='ltr'><strong>servient</strong></span> <span class='ocrx_word' id='word_1_411' title='bbox 1309 4883 1384 4936; x_wconf 86' lang='lat' dir='ltr'><strong>illi</strong></span> <span class='ocrx_word' id='word_1_412' title='bbox 1409 4900 1428 4936; x_wconf 89' lang='lat'><strong><em>:</em></strong></span> <span class='ocrx_word' id='word_1_413' title='bbox 1455 4884 1542 4937; x_wconf 87' lang='lat' dir='ltr'><strong>tibi</strong></span> <span class='ocrx_word' id='word_1_414' title='bbox 1567 4897 1731 4938; x_wconf 88' lang='lat' dir='ltr'><strong>autem</strong></span> <span class='ocrx_word' id='word_1_415' title='bbox 1762 4886 1884 4957; x_wconf 84' lang='lat' dir='ltr'><strong>quid</strong></span> <span class='ocrx_word' id='word_1_416' title='bbox 1922 4890 2002 4957; x_wconf 90' lang='lat' dir='ltr'><strong>fa-</strong></span> 
     </span>
    </p>
   </div>
   <div class='ocr_carea' id='block_1_52' title="bbox 417 4972 2001 5046">
    <p class='ocr_par' dir='ltr' id='par_1_52' title="bbox 417 4972 2001 5046">
     <span class='ocr_line' id='line_1_52' title="bbox 417 4972 2001 5046; baseline 0.001 -15"><span class='ocrx_word' id='word_1_417' title='bbox 417 4978 582 5043; x_wconf 80' lang='lat' dir='ltr'><strong>ciam,</strong></span> <span class='ocrx_word' id='word_1_418' title='bbox 622 4977 740 5046; x_wconf 78' lang='lat' dir='ltr'><strong>ﬁli?</strong></span> <span class='ocrx_word' id='word_1_419' title='bbox 775 4975 839 5029; x_wconf 86' lang='lat' dir='ltr'><strong>Et</strong></span> <span class='ocrx_word' id='word_1_420' title='bbox 881 4975 1008 5030; x_wconf 77' lang='lat' dir='ltr'><strong>dixit</strong></span> <span class='ocrx_word' id='word_1_421' title='bbox 1041 4972 1181 5029; x_wconf 87' lang='lat' dir='ltr'><strong>Esau</strong></span> <span class='ocrx_word' id='word_1_422' title='bbox 1225 4975 1291 5028; x_wconf 87' lang='lat' dir='ltr'><strong>ad</strong></span> <span class='ocrx_word' id='word_1_423' title='bbox 1337 4985 1528 5046; x_wconf 81' lang='lat' dir='ltr'><strong>patrem</strong></span> <span class='ocrx_word' id='word_1_424' title='bbox 1557 4995 1699 5031; x_wconf 87' lang='lat' dir='ltr'><strong>suum</strong></span> <span class='ocrx_word' id='word_1_425' title='bbox 1737 4979 2001 5032; x_wconf 85' lang='lat' dir='ltr'><strong>:Benedic</strong></span> 
     </span>
    </p>
   </div>
   <div class='ocr_carea' id='block_1_53' title="bbox 421 5067 1997 5139">
    <p class='ocr_par' dir='ltr' id='par_1_53' title="bbox 421 5067 1997 5139">
     <span class='ocr_line' id='line_1_53' title="bbox 421 5067 1997 5139; baseline 0.001 -15"><span class='ocrx_word' id='word_1_426' title='bbox 421 5078 587 5124; x_wconf 81' lang='lat' dir='ltr'><strong>tamen</strong></span> <span class='ocrx_word' id='word_1_427' title='bbox 615 5079 662 5122; x_wconf 91' lang='lat' dir='ltr'><strong>et</strong></span> <span class='ocrx_word' id='word_1_428' title='bbox 687 5086 782 5123; x_wconf 90' lang='lat' dir='ltr'><strong>me.</strong></span> <span class='ocrx_word' id='word_1_429' title='bbox 811 5067 935 5124; x_wconf 89' lang='lat' dir='ltr'><strong>Cum</strong></span> <span class='ocrx_word' id='word_1_430' title='bbox 951 5068 1292 5139; x_wconf 86' lang='lat' dir='ltr'><strong>strangulatus</strong></span> <span class='ocrx_word' id='word_1_431' title='bbox 1309 5079 1434 5122; x_wconf 89' lang='lat' dir='ltr'><strong>esset</strong></span> <span class='ocrx_word' id='word_1_432' title='bbox 1464 5068 1613 5123; x_wconf 84' lang='lat' dir='ltr'><strong>Isaac</strong></span> <span class='ocrx_word' id='word_1_433' title='bbox 1632 5087 1649 5124; x_wconf 91' lang='lat'><strong><em>:</em></strong></span> <span class='ocrx_word' id='word_1_434' title='bbox 1669 5071 1717 5124; x_wconf 93' lang='lat' dir='ltr'><strong>id</strong></span> <span class='ocrx_word' id='word_1_435' title='bbox 1746 5079 1847 5138; x_wconf 88' lang='lat' dir='ltr'><strong>est,</strong></span> <span class='ocrx_word' id='word_1_436' title='bbox 1879 5087 1997 5126; x_wconf 89' lang='lat' dir='ltr'><strong>cum</strong></span> 
     </span>
    </p>
   </div>
   <div class='ocr_carea' id='block_1_54' title="bbox 421 5160 1998 5231">
    <p class='ocr_par' dir='ltr' id='par_1_54' title="bbox 421 5160 1998 5231">
     <span class='ocr_line' id='line_1_54' title="bbox 421 5160 1998 5231; baseline 0 -15"><span class='ocrx_word' id='word_1_437' title='bbox 421 5168 640 5216; x_wconf 90' lang='lat' dir='ltr'><strong>coactus</strong></span> <span class='ocrx_word' id='word_1_438' title='bbox 664 5170 826 5215; x_wconf 85' lang='lat' dir='ltr'><strong>esset.</strong></span> <span class='ocrx_word' id='word_1_439' title='bbox 850 5160 1033 5230; x_wconf 83' lang='lat' dir='ltr'><strong>Magna</strong></span> <span class='ocrx_word' id='word_1_440' title='bbox 1061 5175 1168 5226; x_wconf 90' lang='lat' dir='ltr'><strong>res,</strong></span> <span class='ocrx_word' id='word_1_441' title='bbox 1187 5176 1433 5231; x_wconf 90' lang='lat' dir='ltr'><strong>magnum</strong></span> <span class='ocrx_word' id='word_1_442' title='bbox 1451 5171 1859 5230; x_wconf 83' lang='lat' dir='ltr'><strong>sacramentum,</strong></span> <span class='ocrx_word' id='word_1_443' title='bbox 1893 5164 1998 5216; x_wconf 92' lang='lat' dir='ltr'><strong>uti-</strong></span> 
     </span>
    </p>
   </div>
   <div class='ocr_carea' id='block_1_55' title="bbox 422 5250 1996 5322">
    <p class='ocr_par' dir='ltr' id='par_1_55' title="bbox 422 5250 1996 5322">
     <span class='ocr_line' id='line_1_55' title="bbox 422 5250 1996 5322; baseline 0.002 -15"><span class='ocrx_word' id='word_1_444' title='bbox 422 5266 546 5307; x_wconf 92' lang='lat' dir='ltr'><strong>nam</strong></span> <span class='ocrx_word' id='word_1_445' title='bbox 571 5250 842 5320; x_wconf 91' lang='lat' dir='ltr'><strong>capiamus</strong></span> <span class='ocrx_word' id='word_1_446' title='bbox 860 5269 871 5304; x_wconf 92' lang='lat'><strong>:</strong></span> <span class='ocrx_word' id='word_1_447' title='bbox 887 5261 1102 5306; x_wconf 92' lang='lat' dir='ltr'><strong>coactus</strong></span> <span class='ocrx_word' id='word_1_448' title='bbox 1129 5251 1413 5317; x_wconf 86' lang='lat' dir='ltr'><strong>benedicit,</strong></span> <span class='ocrx_word' id='word_1_449' title='bbox 1430 5262 1484 5307; x_wconf 92' lang='lat' dir='ltr'><strong>et</strong></span> <span class='ocrx_word' id='word_1_450' title='bbox 1500 5262 1674 5309; x_wconf 89' lang='lat' dir='ltr'><strong>tamen</strong></span> <span class='ocrx_word' id='word_1_451' title='bbox 1698 5255 1996 5322; x_wconf 88' lang='lat' dir='ltr'><strong>benedicit;</strong></span> 
     </span>
    </p>
   </div>
   <div class='ocr_carea' id='block_1_56' title="bbox 424 5341 1998 5412">
    <p class='ocr_par' dir='ltr' id='par_1_56' title="bbox 424 5341 1998 5412">
     <span class='ocr_line' id='line_1_56' title="bbox 424 5341 1998 5412; baseline 0.004 -14"><span class='ocrx_word' id='word_1_452' title='bbox 424 5352 480 5398; x_wconf 91' lang='lat' dir='ltr'><strong>et</strong></span> <span class='ocrx_word' id='word_1_453' title='bbox 507 5341 648 5412; x_wconf 90' lang='lat' dir='ltr'><strong>quod</strong></span> <span class='ocrx_word' id='word_1_454' title='bbox 673 5341 959 5410; x_wconf 90' lang='lat' dir='ltr'><strong>benedicit,</strong></span> <span class='ocrx_word' id='word_1_455' title='bbox 976 5358 1160 5399; x_wconf 88' lang='lat' dir='ltr'><strong>verum</strong></span> <span class='ocrx_word' id='word_1_456' title='bbox 1177 5353 1278 5408; x_wconf 79' lang='lat' dir='ltr'><strong>est,</strong></span> <span class='ocrx_word' id='word_1_457' title='bbox 1295 5345 1385 5399; x_wconf 90' lang='lat' dir='ltr'><strong>sed</strong></span> <span class='ocrx_word' id='word_1_458' title='bbox 1406 5354 1580 5400; x_wconf 88' lang='lat' dir='ltr'><strong>tamen</strong></span> <span class='ocrx_word' id='word_1_459' title='bbox 1603 5356 1816 5401; x_wconf 91' lang='lat' dir='ltr'><strong>coactus</strong></span> <span class='ocrx_word' id='word_1_460' title='bbox 1832 5348 1998 5404; x_wconf 87' lang='lat' dir='ltr'><strong>bene-</strong></span> 
     </span>
    </p>
   </div>
   <div class='ocr_carea' id='block_1_57' title="bbox 423 5432 2000 5509">
    <p class='ocr_par' dir='ltr' id='par_1_57' title="bbox 423 5432 2000 5509">
     <span class='ocr_line' id='line_1_57' title="bbox 423 5432 2000 5509; baseline 0.003 -19"><span class='ocrx_word' id='word_1_461' title='bbox 423 5433 569 5490; x_wconf 87' lang='lat' dir='ltr'><strong>dicit.</strong></span> <span class='ocrx_word' id='word_1_462' title='bbox 600 5432 736 5502; x_wconf 86' lang='lat' dir='ltr'><strong>Quid</strong></span> <span class='ocrx_word' id='word_1_463' title='bbox 779 5434 848 5488; x_wconf 89' lang='lat' dir='ltr'><strong>sit</strong></span> <span class='ocrx_word' id='word_1_464' title='bbox 885 5433 1021 5503; x_wconf 90' lang='lat' dir='ltr'><strong>hoc,</strong></span> <span class='ocrx_word' id='word_1_465' title='bbox 1058 5435 1336 5491; x_wconf 88' lang='lat' dir='ltr'><strong>attendite.</strong></span> <span class='ocrx_word' id='word_1_466' title='bbox 1367 5436 1650 5494; x_wconf 85' lang='lat' dir='ltr'><strong>Videamus</strong></span> <span class='ocrx_word' id='word_1_467' title='bbox 1699 5439 1866 5509; x_wconf 89' lang='lat' dir='ltr'><strong>ipsam</strong></span> <span class='ocrx_word' id='word_1_468' title='bbox 1908 5439 2000 5494; x_wconf 84' lang='lat' dir='ltr'><strong>be-</strong></span> 
     </span>
    </p>
   </div>
   <div class='ocr_carea' id='block_1_58' title="bbox 424 5525 1996 5600">
    <p class='ocr_par' dir='ltr' id='par_1_58' title="bbox 424 5525 1996 5600">
     <span class='ocr_line' id='line_1_58' title="bbox 424 5525 1996 5600; baseline 0.004 -18"><span class='ocrx_word' id='word_1_469' title='bbox 424 5525 780 5582; x_wconf 91' lang='lat' dir='ltr'><strong>nedictionem</strong></span> <span class='ocrx_word' id='word_1_470' title='bbox 805 5567 820 5593; x_wconf 93' lang='lat'><strong>,</strong></span> <span class='ocrx_word' id='word_1_471' title='bbox 857 5535 912 5584; x_wconf 90' lang='lat' dir='ltr'><strong>et</strong></span> <span class='ocrx_word' id='word_1_472' title='bbox 935 5528 1290 5600; x_wconf 75' lang='lat' dir='ltr'><strong>intelligamus</strong></span> <span class='ocrx_word' id='word_1_473' title='bbox 1310 5529 1434 5600; x_wconf 89' lang='lat' dir='ltr'><strong>quid</strong></span> <span class='ocrx_word' id='word_1_474' title='bbox 1461 5531 1532 5585; x_wconf 89' lang='lat' dir='ltr'><strong>sit</strong></span> <span class='ocrx_word' id='word_1_475' title='bbox 1567 5543 1804 5588; x_wconf 90' lang='lat' dir='ltr'><strong>coactum</strong></span> <span class='ocrx_word' id='word_1_476' title='bbox 1829 5532 1996 5589; x_wconf 87' lang='lat' dir='ltr'><strong>bene-</strong></span> 
     </span>
    </p>
   </div>
   <div class='ocr_carea' id='block_1_59' title="bbox 421 5613 619 5672">
    <p class='ocr_par' dir='ltr' id='par_1_59' title="bbox 421 5613 619 5672">
     <span class='ocr_line' id='line_1_59' title="bbox 421 5613 619 5672; baseline -0.005 -1"><span class='ocrx_word' id='word_1_477' title='bbox 421 5613 619 5672; x_wconf 81' lang='lat' dir='ltr'><strong>dicere.</strong></span> 
     </span>
    </p>
   </div>
   <div class='ocr_carea' id='block_1_60' title="bbox 493 5705 1997 5790">
    <p class='ocr_par' dir='ltr' id='par_1_60' title="bbox 493 5705 1997 5790">
     <span class='ocr_line' id='line_1_60' title="bbox 493 5705 1997 5790; baseline 0.008 -28"><span class='ocrx_word' id='word_1_478' title='bbox 493 5705 720 5762; x_wconf 84' lang='lat' dir='ltr'><strong>CAPUT</strong></span> <span class='ocrx_word' id='word_1_479' title='bbox 757 5709 995 5765; x_wconf 80' lang='lat' dir='ltr'><strong>XXVIII.</strong></span> <span class='ocrx_word' id='word_1_480' title='bbox 1023 5743 1093 5752; x_wconf 93' lang='lat'><strong>—-</strong></span> <span class='ocrx_word' id='word_1_481' title='bbox 1117 5713 1205 5769; x_wconf 78' lang='lat'><strong>50.</strong></span> <span class='ocrx_word' id='word_1_482' title='bbox 1251 5711 1318 5770; x_wconf 81' lang='lat' dir='ltr'><strong>In</strong></span> <span class='ocrx_word' id='word_1_483' title='bbox 1351 5715 1689 5770; x_wconf 86' lang='lat' dir='ltr'><strong>benedictione</strong></span> <span class='ocrx_word' id='word_1_484' title='bbox 1723 5718 1843 5786; x_wconf 88' lang='lat' dir='ltr'><strong>quid</strong></span> <span class='ocrx_word' id='word_1_485' title='bbox 1881 5735 1997 5790; x_wconf 77' lang='lat' dir='ltr'><strong>pro-</strong></span> 
     </span>
    </p>
   </div>
   <div class='ocr_carea' id='block_1_61' title="bbox 491 5816 1868 5892">
    <p class='ocr_par' dir='ltr' id='par_1_61' title="bbox 491 5816 1868 5892">
     <span class='ocr_line' id='line_1_61' title="bbox 491 5816 1868 5892; baseline 0.01 -26"><span class='ocrx_word' id='word_1_486' title='bbox 491 5816 507 5849; x_wconf 76' lang='grc' dir='ltr'>ί</span> <span class='ocrx_word' id='word_1_487' title='bbox 535 5820 709 5882; x_wconf 75' lang='lat' dir='ltr'><strong>Regius</strong></span> <span class='ocrx_word' id='word_1_488' title='bbox 731 5829 833 5886; x_wconf 63' lang='lat'><strong>515.,</strong></span> <span class='ocrx_word' id='word_1_489' title='bbox 851 5823 1175 5889; x_wconf 81' lang='lat' dir='ltr'><strong>supplantator</strong></span> <span class='ocrx_word' id='word_1_490' title='bbox 1199 5827 1340 5880; x_wconf 85' lang='lat' dir='ltr'><strong>enim.</strong></span> <span class='ocrx_word' id='word_1_491' title='bbox 1410 5830 1481 5892; x_wconf 76' lang='grc' dir='ltr'><strong>(ιι)</strong></span> <span class='ocrx_word' id='word_1_492' title='bbox 1507 5836 1663 5891; x_wconf 72' lang='lat' dir='ltr'><strong>Forte,</strong></span> <span class='ocrx_word' id='word_1_493' title='bbox 1687 5829 1868 5892; x_wconf 76' lang='lat' dir='ltr'><strong>fratris.</strong></span> 
     </span>
    </p>
   </div>
   <div class='ocr_carea' id='block_1_62' title="bbox 2136 475 3707 558">
    <p class='ocr_par' dir='ltr' id='par_1_62' title="bbox 2136 475 3707 558">
     <span class='ocr_line' id='line_1_62' title="bbox 2136 475 3707 558; baseline 0.013 -31"><span class='ocrx_word' id='word_1_494' title='bbox 2136 475 2322 544; x_wconf 80' lang='lat' dir='ltr'><strong>prium,</strong></span> <span class='ocrx_word' id='word_1_495' title='bbox 2349 475 2471 548; x_wconf 85' lang='lat' dir='ltr'><strong>quid</strong></span> <span class='ocrx_word' id='word_1_496' title='bbox 2507 492 2767 534; x_wconf 82' lang='lat' dir='ltr'><strong>commune</strong></span> <span class='ocrx_word' id='word_1_497' title='bbox 2801 479 2960 535; x_wconf 84' lang='lat' dir='ltr'><strong>Jacob</strong></span> <span class='ocrx_word' id='word_1_498' title='bbox 3009 490 3059 537; x_wconf 90' lang='lat' dir='ltr'><strong>et</strong></span> <span class='ocrx_word' id='word_1_499' title='bbox 3100 482 3259 539; x_wconf 84' lang='lat' dir='ltr'><strong>Esau.</strong></span> <span class='ocrx_word' id='word_1_500' title='bbox 3300 485 3594 558; x_wconf 83' lang='lat' dir='ltr'><strong>Respondit</strong></span> <span class='ocrx_word' id='word_1_501' title='bbox 3619 506 3707 548; x_wconf 87' lang='lat' dir='ltr'><strong>au-</strong></span> 
     </span>
    </p>
   </div>
   <div class='ocr_carea' id='block_1_63' title="bbox 2136 566 3712 653">
    <p class='ocr_par' dir='ltr' id='par_1_63' title="bbox 2136 566 3712 653">
     <span class='ocr_line' id='line_1_63' title="bbox 2136 566 3712 653; baseline 0.013 -35"><span class='ocrx_word' id='word_1_502' title='bbox 2136 571 2242 619; x_wconf 84' lang='lat' dir='ltr'><strong>tem</strong></span> <span class='ocrx_word' id='word_1_503' title='bbox 2279 566 2423 621; x_wconf 88' lang='lat' dir='ltr'><strong>Isaac</strong></span> <span class='ocrx_word' id='word_1_504' title='bbox 2452 567 2628 638; x_wconf 92' lang='lat' dir='ltr'><strong>(pater</strong></span> <span class='ocrx_word' id='word_1_505' title='bbox 2655 584 2784 625; x_wconf 89' lang='lat' dir='ltr'><strong>sane</strong></span> <span class='ocrx_word' id='word_1_506' title='bbox 2813 569 2955 628; x_wconf 89' lang='lat' dir='ltr'><strong>Esau</strong></span> <span class='ocrx_word' id='word_1_507' title='bbox 2981 589 3089 629; x_wconf 94' lang='lat' dir='ltr'><strong>non</strong></span> <span class='ocrx_word' id='word_1_508' title='bbox 3120 585 3202 631; x_wconf 91' lang='lat' dir='ltr'><strong>est</strong></span> <span class='ocrx_word' id='word_1_509' title='bbox 3239 580 3508 634; x_wconf 88' lang='lat' dir='ltr'><strong>osculatus</strong></span> <span class='ocrx_word' id='word_1_510' title='bbox 3533 583 3549 613; x_wconf 87' lang='grc'>¹</span> <span class='ocrx_word' id='word_1_511' title='bbox 3571 582 3591 653; x_wconf 88' lang='grc'><strong>)</strong></span> <span class='ocrx_word' id='word_1_512' title='bbox 3613 624 3630 651; x_wconf 84' lang='grc'><em>,</em></span> <span class='ocrx_word' id='word_1_513' title='bbox 3659 595 3712 640; x_wconf 88' lang='lat' dir='ltr'><strong>et</strong></span> 
     </span>
    </p>
   </div>
   <div class='ocr_carea' id='block_1_64' title="bbox 2136 657 3711 740">
    <p class='ocr_par' dir='ltr' id='par_1_64' title="bbox 2136 657 3711 740">
     <span class='ocr_line' id='line_1_64' title="bbox 2136 657 3711 740; baseline 0.012 -30"><span class='ocrx_word' id='word_1_514' title='bbox 2136 657 2212 712; x_wconf 90' lang='lat' dir='ltr'><strong>ait</strong></span> <span class='ocrx_word' id='word_1_515' title='bbox 2240 658 2334 725; x_wconf 89' lang='lat' dir='ltr'><strong>illi,</strong></span> <span class='ocrx_word' id='word_1_516' title='bbox 2363 657 2496 714; x_wconf 86' lang='lat' dir='ltr'><strong>Ecce</strong></span> <span class='ocrx_word' id='word_1_517' title='bbox 2537 676 2569 714; x_wconf 89' lang='lat' dir='ltr'><strong>a</strong></span> <span class='ocrx_word' id='word_1_518' title='bbox 2608 662 2864 731; x_wconf 82' lang='lat' dir='ltr'><strong>fertilitate</strong></span> <span class='ocrx_word' id='word_1_519' title='bbox 2889 672 3038 719; x_wconf 78' lang='lat' dir='ltr'><strong>terra:</strong></span> <span class='ocrx_word' id='word_1_520' title='bbox 3059 667 3151 721; x_wconf 86' lang='lat' dir='ltr'><strong>erit</strong></span> <span class='ocrx_word' id='word_1_521' title='bbox 3167 669 3408 725; x_wconf 85' lang='lat' dir='ltr'><strong>habitatio</strong></span> <span class='ocrx_word' id='word_1_522' title='bbox 3434 682 3520 726; x_wconf 89' lang='lat' dir='ltr'><strong>tua</strong></span> <span class='ocrx_word' id='word_1_523' title='bbox 3541 675 3583 740; x_wconf 82' lang='grc'><em>³,</em></span> <span class='ocrx_word' id='word_1_524' title='bbox 3613 687 3658 728; x_wconf 88' lang='lat' dir='ltr'><strong>et</strong></span> <span class='ocrx_word' id='word_1_525' title='bbox 3680 692 3711 729; x_wconf 88' lang='lat' dir='ltr'><strong>a</strong></span> 
     </span>
    </p>
   </div>
   <div class='ocr_carea' id='block_1_65' title="bbox 2133 752 3711 834">
    <p class='ocr_par' dir='ltr' id='par_1_65' title="bbox 2133 752 3711 834">
     <span class='ocr_line' id='line_1_65' title="bbox 2133 752 3711 834; baseline 0.014 -31"><span class='ocrx_word' id='word_1_526' title='bbox 2133 765 2247 804; x_wconf 87' lang='lat' dir='ltr'><strong>rore</strong></span> <span class='ocrx_word' id='word_1_527' title='bbox 2269 752 2381 806; x_wconf 81' lang='lat' dir='ltr'><strong>ctin</strong></span> <span class='ocrx_word' id='word_1_528' title='bbox 2404 752 2637 824; x_wconf 87' lang='lat' dir='ltr'><strong>desuper.</strong></span> <span class='ocrx_word' id='word_1_529' title='bbox 2666 755 2806 810; x_wconf 84' lang='lat' dir='ltr'><strong>Dixit</strong></span> <span class='ocrx_word' id='word_1_530' title='bbox 2830 756 2930 813; x_wconf 90' lang='lat' dir='ltr'><strong>hoc</strong></span> <span class='ocrx_word' id='word_1_531' title='bbox 2948 767 3004 814; x_wconf 90' lang='lat' dir='ltr'><strong>et</strong></span> <span class='ocrx_word' id='word_1_532' title='bbox 3024 760 3131 825; x_wconf 86' lang='lat' dir='ltr'><strong>illi,</strong></span> <span class='ocrx_word' id='word_1_533' title='bbox 3148 763 3211 816; x_wconf 90' lang='lat' dir='ltr'><strong>ab</strong></span> <span class='ocrx_word' id='word_1_534' title='bbox 3233 764 3457 820; x_wconf 86' lang='lat' dir='ltr'><strong>ubertate</strong></span> <span class='ocrx_word' id='word_1_535' title='bbox 3481 778 3642 834; x_wconf 64' lang='lat' dir='ltr'><strong>terra,</strong></span> <span class='ocrx_word' id='word_1_536' title='bbox 3666 779 3711 825; x_wconf 91' lang='lat' dir='ltr'><strong>et</strong></span> 
     </span>
    </p>
   </div>
   <div class='ocr_carea' id='block_1_66' title="bbox 2135 845 3704 919">
    <p class='ocr_par' dir='ltr' id='par_1_66' title="bbox 2135 845 3704 919">
     <span class='ocr_line' id='line_1_66' title="bbox 2135 845 3704 919; baseline 0.014 -25"><span class='ocrx_word' id='word_1_537' title='bbox 2135 858 2167 894; x_wconf 90' lang='lat' dir='ltr'><strong>a</strong></span> <span class='ocrx_word' id='word_1_538' title='bbox 2202 860 2317 898; x_wconf 88' lang='lat' dir='ltr'><strong>rore</strong></span> <span class='ocrx_word' id='word_1_539' title='bbox 2362 845 2474 900; x_wconf 71' lang='lat' dir='ltr'><strong>caeli</strong></span> <span class='ocrx_word' id='word_1_540' title='bbox 2509 861 2528 900; x_wconf 92' lang='lat'><strong><em>:</em></strong></span> <span class='ocrx_word' id='word_1_541' title='bbox 2559 845 2662 903; x_wconf 91' lang='lat' dir='ltr'><strong>hoc</strong></span> <span class='ocrx_word' id='word_1_542' title='bbox 2688 862 2815 919; x_wconf 90' lang='lat' dir='ltr'><strong>ergo</strong></span> <span class='ocrx_word' id='word_1_543' title='bbox 2841 864 3122 908; x_wconf 88' lang='lat' dir='ltr'><strong>commune</strong></span> <span class='ocrx_word' id='word_1_544' title='bbox 3151 863 3234 911; x_wconf 89' lang='lat' dir='ltr'><strong>est</strong></span> <span class='ocrx_word' id='word_1_545' title='bbox 3261 855 3428 912; x_wconf 88' lang='lat' dir='ltr'><strong>Jacob</strong></span> <span class='ocrx_word' id='word_1_546' title='bbox 3455 871 3508 914; x_wconf 90' lang='lat' dir='ltr'><strong>et</strong></span> <span class='ocrx_word' id='word_1_547' title='bbox 3547 860 3704 916; x_wconf 90' lang='lat' dir='ltr'><strong>Esau.</strong></span> 
     </span>
    </p>
   </div>
   <div class='ocr_carea' id='block_1_67' title="bbox 2133 931 3705 1021">
    <p class='ocr_par' dir='ltr' id='par_1_67' title="bbox 2133 931 3705 1021">
     <span class='ocr_line' id='line_1_67' title="bbox 2133 931 3705 1021; baseline 0.012 -34"><span class='ocrx_word' id='word_1_548' title='bbox 2133 931 2272 998; x_wconf 88' lang='lat' dir='ltr'><strong>Quid</strong></span> <span class='ocrx_word' id='word_1_549' title='bbox 2339 943 2422 990; x_wconf 89' lang='lat' dir='ltr'><strong>est</strong></span> <span class='ocrx_word' id='word_1_550' title='bbox 2491 939 2762 1008; x_wconf 90' lang='lat' dir='ltr'><strong>proprium</strong></span> <span class='ocrx_word' id='word_1_551' title='bbox 2815 940 3018 996; x_wconf 73' lang='lat' dir='ltr'><strong>Jacobi</strong></span> <span class='ocrx_word' id='word_1_552' title='bbox 3089 943 3319 1000; x_wconf 80' lang='lat' dir='ltr'><strong>Seruient</strong></span> <span class='ocrx_word' id='word_1_553' title='bbox 3369 949 3456 1002; x_wconf 86' lang='lat' dir='ltr'><strong>tibi</strong></span> <span class='ocrx_word' id='word_1_554' title='bbox 3519 963 3705 1021; x_wconf 85' lang='lat' dir='ltr'><strong>gentes.</strong></span> 
     </span>
    </p>
   </div>
   <div class='ocr_carea' id='block_1_68' title="bbox 2132 1021 3710 1105">
    <p class='ocr_par' dir='ltr' id='par_1_68' title="bbox 2132 1021 3710 1105">
     <span class='ocr_line' id='line_1_68' title="bbox 2132 1021 3710 1105; baseline 0.012 -28"><span class='ocrx_word' id='word_1_555' title='bbox 2132 1021 2269 1091; x_wconf 88' lang='lat' dir='ltr'><strong>Quid</strong></span> <span class='ocrx_word' id='word_1_556' title='bbox 2298 1033 2381 1080; x_wconf 91' lang='lat' dir='ltr'><strong>est</strong></span> <span class='ocrx_word' id='word_1_557' title='bbox 2423 1027 2694 1096; x_wconf 90' lang='lat' dir='ltr'><strong>proprium</strong></span> <span class='ocrx_word' id='word_1_558' title='bbox 2737 1028 2939 1086; x_wconf 86' lang='lat' dir='ltr'><strong>Jacob?</strong></span> <span class='ocrx_word' id='word_1_559' title='bbox 2980 1032 3165 1089; x_wconf 85' lang='lat' dir='ltr'><strong>Omnes</strong></span> <span class='ocrx_word' id='word_1_560' title='bbox 3189 1039 3370 1105; x_wconf 86' lang='lat' dir='ltr'><strong>fratres</strong></span> <span class='ocrx_word' id='word_1_561' title='bbox 3399 1040 3472 1092; x_wconf 88' lang='lat' dir='ltr'><strong>tui</strong></span> <span class='ocrx_word' id='word_1_562' title='bbox 3497 1041 3584 1094; x_wconf 85' lang='lat' dir='ltr'><strong>tibi</strong></span> <span class='ocrx_word' id='word_1_563' title='bbox 3607 1059 3710 1096; x_wconf 84' lang='lat' dir='ltr'><strong>ser-</strong></span> 
     </span>
    </p>
   </div>
   <div class='ocr_carea' id='block_1_69' title="bbox 2129 1115 3708 1204">
    <p class='ocr_par' dir='ltr' id='par_1_69' title="bbox 2129 1115 3708 1204">
     <span class='ocr_line' id='line_1_69' title="bbox 2129 1115 3708 1204; baseline 0.013 -36"><span class='ocrx_word' id='word_1_564' title='bbox 2129 1115 2258 1169; x_wconf 83' lang='lat' dir='ltr'><strong>vient</strong></span> <span class='ocrx_word' id='word_1_565' title='bbox 2286 1133 2306 1171; x_wconf 92' lang='lat'><strong><em>:</em></strong></span> <span class='ocrx_word' id='word_1_566' title='bbox 2335 1125 2383 1170; x_wconf 89' lang='lat' dir='ltr'><strong>et</strong></span> <span class='ocrx_word' id='word_1_567' title='bbox 2407 1119 2492 1188; x_wconf 88' lang='lat' dir='ltr'><strong>qui</strong></span> <span class='ocrx_word' id='word_1_568' title='bbox 2521 1129 2568 1173; x_wconf 89' lang='lat' dir='ltr'><strong>te</strong></span> <span class='ocrx_word' id='word_1_569' title='bbox 2592 1120 2926 1192; x_wconf 78' lang='lat' dir='ltr'><strong>benedixerit,</strong></span> <span class='ocrx_word' id='word_1_570' title='bbox 2969 1124 3252 1184; x_wconf 80' lang='lat' dir='ltr'><strong>benedictus</strong></span> <span class='ocrx_word' id='word_1_571' title='bbox 3295 1133 3417 1196; x_wconf 85' lang='lat' dir='ltr'><strong>erit;</strong></span> <span class='ocrx_word' id='word_1_572' title='bbox 3451 1144 3497 1186; x_wconf 91' lang='lat' dir='ltr'><strong>et</strong></span> <span class='ocrx_word' id='word_1_573' title='bbox 3540 1137 3625 1204; x_wconf 91' lang='lat' dir='ltr'><strong>qui</strong></span> <span class='ocrx_word' id='word_1_574' title='bbox 3665 1146 3708 1190; x_wconf 88' lang='lat' dir='ltr'><strong>te</strong></span> 
     </span>
    </p>
   </div>
   <div class='ocr_carea' id='block_1_70' title="bbox 2128 1207 3706 1294">
    <p class='ocr_par' dir='ltr' id='par_1_70' title="bbox 2128 1207 3706 1294">
     <span class='ocr_line' id='line_1_70' title="bbox 2128 1207 3706 1294; baseline 0.015 -35"><span class='ocrx_word' id='word_1_575' title='bbox 2128 1207 2473 1276; x_wconf 86' lang='lat' dir='ltr'><strong>maledixerit,</strong></span> <span class='ocrx_word' id='word_1_576' title='bbox 2504 1212 2799 1268; x_wconf 85' lang='lat' dir='ltr'><strong>maledictus</strong></span> <span class='ocrx_word' id='word_1_577' title='bbox 2825 1217 2937 1270; x_wconf 87' lang='lat' dir='ltr'><strong>erit.</strong></span> <span class='ocrx_word' id='word_1_578' title='bbox 2966 1217 3137 1274; x_wconf 85' lang='lat' dir='ltr'><strong>Habet</strong></span> <span class='ocrx_word' id='word_1_579' title='bbox 3163 1228 3218 1275; x_wconf 88' lang='lat' dir='ltr'><strong>et</strong></span> <span class='ocrx_word' id='word_1_580' title='bbox 3243 1221 3341 1276; x_wconf 86' lang='lat' dir='ltr'><strong>iste</strong></span> <span class='ocrx_word' id='word_1_581' title='bbox 3373 1226 3552 1279; x_wconf 88' lang='lat' dir='ltr'><strong>nescio</strong></span> <span class='ocrx_word' id='word_1_582' title='bbox 3580 1227 3706 1294; x_wconf 83' lang='lat' dir='ltr'><strong>quid</strong></span> 
     </span>
    </p>
   </div>
   <div class='ocr_carea' id='block_1_71' title="bbox 2129 1299 3706 1387">
    <p class='ocr_par' dir='ltr' id='par_1_71' title="bbox 2129 1299 3706 1387">
     <span class='ocr_line' id='line_1_71' title="bbox 2129 1299 3706 1387; baseline 0.013 -36"><span class='ocrx_word' id='word_1_583' title='bbox 2129 1299 2421 1369; x_wconf 91' lang='lat' dir='ltr'><strong>proprium,</strong></span> <span class='ocrx_word' id='word_1_584' title='bbox 2453 1302 2594 1372; x_wconf 92' lang='lat' dir='ltr'><strong>quod</strong></span> <span class='ocrx_word' id='word_1_585' title='bbox 2636 1320 2741 1358; x_wconf 93' lang='lat' dir='ltr'><strong>non</strong></span> <span class='ocrx_word' id='word_1_586' title='bbox 2789 1305 2987 1362; x_wconf 91' lang='lat' dir='ltr'><strong>dictum</strong></span> <span class='ocrx_word' id='word_1_587' title='bbox 3020 1320 3104 1364; x_wconf 89' lang='lat' dir='ltr'><strong>est</strong></span> <span class='ocrx_word' id='word_1_588' title='bbox 3127 1310 3288 1367; x_wconf 87' lang='lat' dir='ltr'><strong>Jacob</strong></span> <span class='ocrx_word' id='word_1_589' title='bbox 3321 1331 3334 1365; x_wconf 89' lang='lat'><strong>:</strong></span> <span class='ocrx_word' id='word_1_590' title='bbox 3364 1313 3432 1368; x_wconf 87' lang='lat' dir='ltr'><strong>Et</strong></span> <span class='ocrx_word' id='word_1_591' title='bbox 3461 1316 3512 1370; x_wconf 88' lang='lat' dir='ltr'><strong>in</strong></span> <span class='ocrx_word' id='word_1_592' title='bbox 3539 1318 3706 1387; x_wconf 88' lang='lat' dir='ltr'><strong>gladio</strong></span> 
     </span>
    </p>
   </div>
   <div class='ocr_carea' id='block_1_72' title="bbox 2127 1391 3706 1462">
    <p class='ocr_par' dir='ltr' id='par_1_72' title="bbox 2127 1391 3706 1462">
     <span class='ocr_line' id='line_1_72' title="bbox 2127 1391 3706 1462; baseline 0.011 -18"><span class='ocrx_word' id='word_1_593' title='bbox 2127 1391 2274 1456; x_wconf 81' lang='lat' dir='ltr'><strong>vives,</strong></span> <span class='ocrx_word' id='word_1_594' title='bbox 2306 1401 2351 1445; x_wconf 91' lang='lat' dir='ltr'><strong>et</strong></span> <span class='ocrx_word' id='word_1_595' title='bbox 2375 1394 2523 1462; x_wconf 89' lang='lat' dir='ltr'><strong>fratri</strong></span> <span class='ocrx_word' id='word_1_596' title='bbox 2547 1404 2632 1449; x_wconf 90' lang='lat' dir='ltr'><strong>tuo</strong></span> <span class='ocrx_word' id='word_1_597' title='bbox 2657 1397 2855 1450; x_wconf 79' lang='lat' dir='ltr'><strong>servies.</strong></span> <span class='ocrx_word' id='word_1_598' title='bbox 2890 1397 2996 1454; x_wconf 87' lang='lat' dir='ltr'><strong>Sed</strong></span> <span class='ocrx_word' id='word_1_599' title='bbox 3025 1416 3092 1454; x_wconf 91' lang='lat' dir='ltr'><strong>ne</strong></span> <span class='ocrx_word' id='word_1_600' title='bbox 3123 1403 3334 1458; x_wconf 91' lang='lat' dir='ltr'><strong>tolleret</strong></span> <span class='ocrx_word' id='word_1_601' title='bbox 3359 1405 3583 1461; x_wconf 89' lang='lat' dir='ltr'><strong>liberum</strong></span> <span class='ocrx_word' id='word_1_602' title='bbox 3623 1425 3706 1462; x_wconf 89' lang='lat' dir='ltr'><strong>ar-</strong></span> 
     </span>
    </p>
   </div>
   <div class='ocr_carea' id='block_1_73' title="bbox 2123 1481 3703 1566">
    <p class='ocr_par' dir='ltr' id='par_1_73' title="bbox 2123 1481 3703 1566">
     <span class='ocr_line' id='line_1_73' title="bbox 2123 1481 3703 1566; baseline 0.011 -30"><span class='ocrx_word' id='word_1_603' title='bbox 2123 1481 2338 1537; x_wconf 89' lang='lat' dir='ltr'><strong>bitrium</strong></span> <span class='ocrx_word' id='word_1_604' title='bbox 2366 1482 2494 1554; x_wconf 90' lang='lat' dir='ltr'><strong>(jam</strong></span> <span class='ocrx_word' id='word_1_605' title='bbox 2525 1485 2647 1541; x_wconf 91' lang='lat' dir='ltr'><strong>hinc</strong></span> <span class='ocrx_word' id='word_1_606' title='bbox 2673 1496 2727 1542; x_wconf 90' lang='lat' dir='ltr'><strong>et</strong></span> <span class='ocrx_word' id='word_1_607' title='bbox 2756 1487 3009 1545; x_wconf 91' lang='lat' dir='ltr'><strong>hesterno</strong></span> <span class='ocrx_word' id='word_1_608' title='bbox 3036 1491 3316 1564; x_wconf 84' lang='lat' dir='ltr'><strong>diximus),</strong></span> <span class='ocrx_word' id='word_1_609' title='bbox 3345 1495 3571 1566; x_wconf 89' lang='lat' dir='ltr'><strong>adjecit,</strong></span> <span class='ocrx_word' id='word_1_610' title='bbox 3594 1497 3703 1553; x_wconf 86' lang='lat' dir='ltr'><strong>Erit</strong></span> 
     </span>
    </p>
   </div>
   <div class='ocr_carea' id='block_1_74' title="bbox 2125 1576 3700 1654">
    <p class='ocr_par' dir='ltr' id='par_1_74' title="bbox 2125 1576 3700 1654">
     <span class='ocr_line' id='line_1_74' title="bbox 2125 1576 3700 1654; baseline 0.013 -30"><span class='ocrx_word' id='word_1_611' title='bbox 2125 1581 2292 1626; x_wconf 88' lang='lat' dir='ltr'><strong>autem</strong></span> <span class='ocrx_word' id='word_1_612' title='bbox 2311 1615 2325 1639; x_wconf 92' lang='lat'><strong>,</strong></span> <span class='ocrx_word' id='word_1_613' title='bbox 2357 1591 2468 1629; x_wconf 90' lang='lat' dir='ltr'><strong>cum</strong></span> <span class='ocrx_word' id='word_1_614' title='bbox 2496 1576 2785 1647; x_wconf 87' lang='lat' dir='ltr'><strong>deposueris</strong></span> <span class='ocrx_word' id='word_1_615' title='bbox 2821 1590 2869 1634; x_wconf 89' lang='lat' dir='ltr'><strong>et</strong></span> <span class='ocrx_word' id='word_1_616' title='bbox 2901 1581 3103 1637; x_wconf 76' lang='lat' dir='ltr'><strong>solveris</strong></span> <span class='ocrx_word' id='word_1_617' title='bbox 3130 1585 3316 1654; x_wconf 87' lang='lat' dir='ltr'><strong>jugum</strong></span> <span class='ocrx_word' id='word_1_618' title='bbox 3356 1593 3418 1640; x_wconf 85' lang='lat' dir='ltr'><strong>de</strong></span> <span class='ocrx_word' id='word_1_619' title='bbox 3441 1589 3571 1642; x_wconf 89' lang='lat' dir='ltr'><strong>collo</strong></span> <span class='ocrx_word' id='word_1_620' title='bbox 3599 1601 3700 1643; x_wconf 90' lang='lat' dir='ltr'><strong>tuo.</strong></span> 
     </span>
    </p>
   </div>
   <div class='ocr_carea' id='block_1_75' title="bbox 2123 1663 3702 1752">
    <p class='ocr_par' dir='ltr' id='par_1_75' title="bbox 2123 1663 3702 1752">
     <span class='ocr_line' id='line_1_75' title="bbox 2123 1663 3702 1752; baseline 0.012 -35"><span class='ocrx_word' id='word_1_621' title='bbox 2123 1663 2258 1730; x_wconf 87' lang='lat' dir='ltr'><strong>Quid</strong></span> <span class='ocrx_word' id='word_1_622' title='bbox 2283 1675 2384 1732; x_wconf 90' lang='lat' dir='ltr'><strong>est,</strong></span> <span class='ocrx_word' id='word_1_623' title='bbox 2413 1667 2527 1721; x_wconf 88' lang='lat' dir='ltr'><strong>Erit</strong></span> <span class='ocrx_word' id='word_1_624' title='bbox 2549 1680 2734 1738; x_wconf 88' lang='lat' dir='ltr'><strong>autem,</strong></span> <span class='ocrx_word' id='word_1_625' title='bbox 2769 1689 2881 1726; x_wconf 91' lang='lat' dir='ltr'><strong>cum</strong></span> <span class='ocrx_word' id='word_1_626' title='bbox 2911 1674 3198 1745; x_wconf 85' lang='lat' dir='ltr'><strong>deposueris</strong></span> <span class='ocrx_word' id='word_1_627' title='bbox 3224 1689 3270 1731; x_wconf 87' lang='lat' dir='ltr'><strong>et</strong></span> <span class='ocrx_word' id='word_1_628' title='bbox 3300 1679 3505 1734; x_wconf 83' lang='lat' dir='ltr'><strong>solveris</strong></span> <span class='ocrx_word' id='word_1_629' title='bbox 3521 1682 3702 1752; x_wconf 87' lang='lat' dir='ltr'><strong>jugum</strong></span> 
     </span>
    </p>
   </div>
   <div class='ocr_carea' id='block_1_76' title="bbox 2121 1751 3702 1838">
    <p class='ocr_par' dir='ltr' id='par_1_76' title="bbox 2121 1751 3702 1838">
     <span class='ocr_line' id='line_1_76' title="bbox 2121 1751 3702 1838; baseline 0.014 -32"><span class='ocrx_word' id='word_1_630' title='bbox 2121 1751 2185 1808; x_wconf 84' lang='lat' dir='ltr'><strong>de</strong></span> <span class='ocrx_word' id='word_1_631' title='bbox 2211 1756 2342 1810; x_wconf 90' lang='lat' dir='ltr'><strong>collo</strong></span> <span class='ocrx_word' id='word_1_632' title='bbox 2371 1765 2456 1812; x_wconf 88' lang='lat' dir='ltr'><strong>tuo</strong></span> <span class='ocrx_word' id='word_1_633' title='bbox 2484 1757 2633 1828; x_wconf 87' lang='lat' dir='ltr'><strong>(Gen.</strong></span> <span class='ocrx_word' id='word_1_634' title='bbox 2668 1777 2834 1829; x_wconf 81' lang='lat' dir='ltr'><strong>xxvu,</strong></span> <span class='ocrx_word' id='word_1_635' title='bbox 2864 1764 2952 1830; x_wconf 81' lang='lat'><strong>59,</strong></span> <span class='ocrx_word' id='word_1_636' title='bbox 2976 1764 3070 1837; x_wconf 76' lang='grc'><strong>40)</strong></span> <span class='ocrx_word' id='word_1_637' title='bbox 3092 1766 3115 1819; x_wconf 86' lang='lat'><strong>?</strong></span> <span class='ocrx_word' id='word_1_638' title='bbox 3139 1767 3390 1823; x_wconf 86' lang='lat' dir='ltr'><strong>Liberum</strong></span> <span class='ocrx_word' id='word_1_639' title='bbox 3415 1771 3507 1825; x_wconf 87' lang='lat' dir='ltr'><strong>tibi</strong></span> <span class='ocrx_word' id='word_1_640' title='bbox 3533 1751 3636 1838; x_wconf 80' lang='lat' dir='ltr'><strong>est,</strong></span> <span class='ocrx_word' id='word_1_641' title='bbox 3658 1775 3702 1828; x_wconf 92' lang='lat' dir='ltr'><strong>si</strong></span> 
     </span>
    </p>
   </div>
   <div class='ocr_carea' id='block_1_77' title="bbox 2121 1846 3703 1926">
    <p class='ocr_par' dir='ltr' id='par_1_77' title="bbox 2121 1846 3703 1926">
     <span class='ocr_line' id='line_1_77' title="bbox 2121 1846 3703 1926; baseline 0.014 -28"><span class='ocrx_word' id='word_1_642' title='bbox 2121 1846 2352 1902; x_wconf 89' lang='lat' dir='ltr'><strong>volueris</strong></span> <span class='ocrx_word' id='word_1_643' title='bbox 2373 1890 2388 1915; x_wconf 94' lang='lat'><strong>,</strong></span> <span class='ocrx_word' id='word_1_644' title='bbox 2417 1853 2655 1906; x_wconf 88' lang='lat' dir='ltr'><strong>converti</strong></span> <span class='ocrx_word' id='word_1_645' title='bbox 2689 1871 2702 1906; x_wconf 88' lang='lat'><strong>:</strong></span> <span class='ocrx_word' id='word_1_646' title='bbox 2730 1869 2836 1908; x_wconf 90' lang='lat' dir='ltr'><strong>non</strong></span> <span class='ocrx_word' id='word_1_647' title='bbox 2863 1858 3012 1926; x_wconf 87' lang='lat' dir='ltr'><strong>quasi</strong></span> <span class='ocrx_word' id='word_1_648' title='bbox 3056 1858 3163 1913; x_wconf 93' lang='lat' dir='ltr'><strong>duo</strong></span> <span class='ocrx_word' id='word_1_649' title='bbox 3202 1861 3383 1926; x_wconf 91' lang='lat' dir='ltr'><strong>eritis,</strong></span> <span class='ocrx_word' id='word_1_650' title='bbox 3429 1864 3524 1920; x_wconf 89' lang='lat' dir='ltr'><strong>sed</strong></span> <span class='ocrx_word' id='word_1_651' title='bbox 3568 1881 3703 1920; x_wconf 89' lang='lat' dir='ltr'><strong>unus</strong></span> 
     </span>
    </p>
   </div>
   <div class='ocr_carea' id='block_1_78' title="bbox 2119 1937 3702 2022">
    <p class='ocr_par' dir='ltr' id='par_1_78' title="bbox 2119 1937 3702 2022">
     <span class='ocr_line' id='line_1_78' title="bbox 2119 1937 3702 2022; baseline 0.013 -30"><span class='ocrx_word' id='word_1_652' title='bbox 2119 1937 2303 1992; x_wconf 85' lang='lat' dir='ltr'><strong>Jacob.</strong></span> <span class='ocrx_word' id='word_1_653' title='bbox 2344 1940 2541 1996; x_wconf 90' lang='lat' dir='ltr'><strong>Omnes</strong></span> <span class='ocrx_word' id='word_1_654' title='bbox 2582 1944 2723 1998; x_wconf 91' lang='lat' dir='ltr'><strong>enim</strong></span> <span class='ocrx_word' id='word_1_655' title='bbox 2768 1947 2856 2015; x_wconf 91' lang='lat' dir='ltr'><strong>qui</strong></span> <span class='ocrx_word' id='word_1_656' title='bbox 2905 1959 3285 2005; x_wconf 91' lang='lat' dir='ltr'><strong>convertuntur</strong></span> <span class='ocrx_word' id='word_1_657' title='bbox 3327 1954 3394 2008; x_wconf 91' lang='lat' dir='ltr'><strong>ab</strong></span> <span class='ocrx_word' id='word_1_658' title='bbox 3435 1956 3568 2010; x_wconf 84' lang='lat' dir='ltr'><strong>Esau</strong></span> <span class='ocrx_word' id='word_1_659' title='bbox 3595 1998 3607 2022; x_wconf 91' lang='lat'><strong>,</strong></span> <span class='ocrx_word' id='word_1_660' title='bbox 3637 1957 3702 2012; x_wconf 87' lang='lat' dir='ltr'><strong>ad</strong></span> 
     </span>
    </p>
   </div>
   <div class='ocr_carea' id='block_1_79' title="bbox 2119 2029 3702 2113">
    <p class='ocr_par' dir='ltr' id='par_1_79' title="bbox 2119 2029 3702 2113">
     <span class='ocr_line' id='line_1_79' title="bbox 2119 2029 3702 2113; baseline 0.013 -28"><span class='ocrx_word' id='word_1_661' title='bbox 2119 2029 2285 2088; x_wconf 88' lang='lat' dir='ltr'><strong>Jacob</strong></span> <span class='ocrx_word' id='word_1_662' title='bbox 2310 2035 2592 2104; x_wconf 90' lang='lat' dir='ltr'><strong>pertinent.</strong></span> <span class='ocrx_word' id='word_1_663' title='bbox 2619 2037 2918 2096; x_wconf 90' lang='lat' dir='ltr'><strong>Similitudo</strong></span> <span class='ocrx_word' id='word_1_664' title='bbox 2948 2058 3110 2098; x_wconf 91' lang='lat' dir='ltr'><strong>unum</strong></span> <span class='ocrx_word' id='word_1_665' title='bbox 3138 2043 3291 2113; x_wconf 86' lang='lat' dir='ltr'><strong>facit,</strong></span> <span class='ocrx_word' id='word_1_666' title='bbox 3332 2047 3702 2106; x_wconf 90' lang='lat' dir='ltr'><strong>dissimilitudo</strong></span> 
     </span>
    </p>
   </div>
   <div class='ocr_carea' id='block_1_80' title="bbox 2119 2125 3703 2218">
    <p class='ocr_par' dir='ltr' id='par_1_80' title="bbox 2119 2125 3703 2218">
     <span class='ocr_line' id='line_1_80' title="bbox 2119 2125 3703 2218; baseline 0.014 -39"><span class='ocrx_word' id='word_1_667' title='bbox 2119 2125 2243 2182; x_wconf 87' lang='lat' dir='ltr'><strong>facit</strong></span> <span class='ocrx_word' id='word_1_668' title='bbox 2268 2127 2649 2188; x_wconf 87' lang='lat' dir='ltr'><strong>diversitatem.</strong></span> <span class='ocrx_word' id='word_1_669' title='bbox 2677 2134 2812 2202; x_wconf 92' lang='lat' dir='ltr'><strong>Quid</strong></span> <span class='ocrx_word' id='word_1_670' title='bbox 2852 2139 3020 2208; x_wconf 86' lang='lat' dir='ltr'><strong>ergo?</strong></span> <span class='ocrx_word' id='word_1_671' title='bbox 3049 2141 3092 2192; x_wconf 83' lang='lat' dir='ltr'><strong><em>A</em></strong></span> <span class='ocrx_word' id='word_1_672' title='bbox 3125 2158 3238 2196; x_wconf 89' lang='lat' dir='ltr'><strong>rore</strong></span> <span class='ocrx_word' id='word_1_673' title='bbox 3272 2145 3404 2211; x_wconf 77' lang='lat' dir='ltr'><strong>caeli,</strong></span> <span class='ocrx_word' id='word_1_674' title='bbox 3435 2155 3481 2200; x_wconf 89' lang='lat' dir='ltr'><strong>et</strong></span> <span class='ocrx_word' id='word_1_675' title='bbox 3504 2163 3536 2199; x_wconf 90' lang='lat' dir='ltr'><strong>a</strong></span> <span class='ocrx_word' id='word_1_676' title='bbox 3561 2147 3703 2218; x_wconf 85' lang='lat' dir='ltr'><strong>ferti-</strong></span> 
     </span>
    </p>
   </div>
   <div class='ocr_carea' id='block_1_81' title="bbox 2119 2219 3700 2308">
    <p class='ocr_par' dir='ltr' id='par_1_81' title="bbox 2119 2219 3700 2308">
     <span class='ocr_line' id='line_1_81' title="bbox 2119 2219 3700 2308; baseline 0.012 -36"><span class='ocrx_word' id='word_1_677' title='bbox 2119 2219 2258 2274; x_wconf 88' lang='lat' dir='ltr'><strong>litate</strong></span> <span class='ocrx_word' id='word_1_678' title='bbox 2281 2229 2448 2288; x_wconf 71' lang='lat' dir='ltr'><strong>terrar,</strong></span> <span class='ocrx_word' id='word_1_679' title='bbox 2479 2225 2636 2280; x_wconf 88' lang='lat' dir='ltr'><strong>ambo</strong></span> <span class='ocrx_word' id='word_1_680' title='bbox 2662 2225 2879 2283; x_wconf 90' lang='lat' dir='ltr'><strong>habent.</strong></span> <span class='ocrx_word' id='word_1_681' title='bbox 2913 2230 3142 2286; x_wconf 81' lang='lat' dir='ltr'><strong>Servient</strong></span> <span class='ocrx_word' id='word_1_682' title='bbox 3170 2232 3258 2287; x_wconf 90' lang='lat' dir='ltr'><strong>tibi</strong></span> <span class='ocrx_word' id='word_1_683' title='bbox 3285 2245 3456 2306; x_wconf 78' lang='lat' dir='ltr'><strong>gentes</strong></span> <span class='ocrx_word' id='word_1_684' title='bbox 3493 2247 3540 2290; x_wconf 88' lang='lat' dir='ltr'><strong>et</strong></span> <span class='ocrx_word' id='word_1_685' title='bbox 3586 2240 3700 2308; x_wconf 89' lang='lat' dir='ltr'><strong>fra-</strong></span> 
     </span>
    </p>
   </div>
   <div class='ocr_carea' id='block_1_82' title="bbox 2120 2313 3701 2400">
    <p class='ocr_par' dir='ltr' id='par_1_82' title="bbox 2120 2313 3701 2400">
     <span class='ocr_line' id='line_1_82' title="bbox 2120 2313 3701 2400; baseline 0.013 -37"><span class='ocrx_word' id='word_1_686' title='bbox 2120 2319 2219 2367; x_wconf 88' lang='lat' dir='ltr'><strong>tres</strong></span> <span class='ocrx_word' id='word_1_687' title='bbox 2261 2313 2335 2366; x_wconf 91' lang='lat' dir='ltr'><strong>tui</strong></span> <span class='ocrx_word' id='word_1_688' title='bbox 2373 2324 2419 2367; x_wconf 90' lang='lat' dir='ltr'><strong>et</strong></span> <span class='ocrx_word' id='word_1_689' title='bbox 2445 2314 2544 2385; x_wconf 84' lang='lat' dir='ltr'><strong>ﬁlii</strong></span> <span class='ocrx_word' id='word_1_690' title='bbox 2566 2319 2725 2388; x_wconf 86' lang='lat' dir='ltr'><strong>patris</strong></span> <span class='ocrx_word' id='word_1_691' title='bbox 2754 2321 2845 2385; x_wconf 91' lang='lat' dir='ltr'><strong>tui,</strong></span> <span class='ocrx_word' id='word_1_692' title='bbox 2873 2321 3019 2377; x_wconf 86' lang='lat' dir='ltr'><strong>solus</strong></span> <span class='ocrx_word' id='word_1_693' title='bbox 3045 2322 3210 2380; x_wconf 86' lang='lat' dir='ltr'><strong>Jacob</strong></span> <span class='ocrx_word' id='word_1_694' title='bbox 3230 2324 3408 2382; x_wconf 87' lang='lat' dir='ltr'><strong>habet.</strong></span> <span class='ocrx_word' id='word_1_695' title='bbox 3435 2327 3503 2382; x_wconf 85' lang='lat' dir='ltr'><strong>In</strong></span> <span class='ocrx_word' id='word_1_696' title='bbox 3529 2329 3701 2400; x_wconf 84' lang='lat' dir='ltr'><strong>gladio</strong></span> 
     </span>
    </p>
   </div>
   <div class='ocr_carea' id='block_1_83' title="bbox 2117 2410 3699 2482">
    <p class='ocr_par' dir='ltr' id='par_1_83' title="bbox 2117 2410 3699 2482">
     <span class='ocr_line' id='line_1_83' title="bbox 2117 2410 3699 2482; baseline 0.012 -23"><span class='ocrx_word' id='word_1_697' title='bbox 2117 2415 2293 2461; x_wconf 90' lang='lat' dir='ltr'><strong>autem</strong></span> <span class='ocrx_word' id='word_1_698' title='bbox 2323 2417 2408 2462; x_wconf 87' lang='lat' dir='ltr'><strong>tuo</strong></span> <span class='ocrx_word' id='word_1_699' title='bbox 2436 2410 2586 2476; x_wconf 80' lang='lat' dir='ltr'><strong>vives,</strong></span> <span class='ocrx_word' id='word_1_700' title='bbox 2617 2412 2760 2466; x_wconf 90' lang='lat' dir='ltr'><strong>solus</strong></span> <span class='ocrx_word' id='word_1_701' title='bbox 2792 2413 2953 2469; x_wconf 89' lang='lat' dir='ltr'><strong>Esau.</strong></span> <span class='ocrx_word' id='word_1_702' title='bbox 2983 2415 3241 2482; x_wconf 90' lang='lat' dir='ltr'><strong>Quiddam</strong></span> <span class='ocrx_word' id='word_1_703' title='bbox 3281 2435 3562 2477; x_wconf 89' lang='lat' dir='ltr'><strong>commune</strong></span> <span class='ocrx_word' id='word_1_704' title='bbox 3599 2421 3699 2477; x_wconf 87' lang='lat' dir='ltr'><strong>ha-</strong></span> 
     </span>
    </p>
   </div>
   <div class='ocr_carea' id='block_1_84' title="bbox 2115 2497 2773 2574">
    <p class='ocr_par' dir='ltr' id='par_1_84' title="bbox 2115 2497 2773 2574">
     <span class='ocr_line' id='line_1_84' title="bbox 2115 2497 2773 2574; baseline 0.011 -22"><span class='ocrx_word' id='word_1_705' title='bbox 2115 2497 2264 2566; x_wconf 89' lang='lat' dir='ltr'><strong>bent,</strong></span> <span class='ocrx_word' id='word_1_706' title='bbox 2287 2501 2529 2570; x_wconf 67' lang='lat' dir='ltr'><strong>quaadam</strong></span> <span class='ocrx_word' id='word_1_707' title='bbox 2561 2502 2773 2574; x_wconf 78' lang='lat' dir='ltr'><strong>singuli.</strong></span> 
     </span>
    </p>
   </div>
   <div class='ocr_carea' id='block_1_85' title="bbox 2187 2592 3696 2664">
    <p class='ocr_par' dir='ltr' id='par_1_85' title="bbox 2187 2592 3696 2664">
     <span class='ocr_line' id='line_1_85' title="bbox 2187 2592 3696 2664; baseline 0.013 -18"><span class='ocrx_word' id='word_1_708' title='bbox 2187 2592 2274 2648; x_wconf 77' lang='lat'><strong>5|.</strong></span> <span class='ocrx_word' id='word_1_709' title='bbox 2301 2593 2584 2663; x_wconf 72' lang='lat' dir='ltr'><strong>Scriptura:</strong></span> <span class='ocrx_word' id='word_1_710' title='bbox 2603 2606 2649 2650; x_wconf 88' lang='lat' dir='ltr'><strong>et</strong></span> <span class='ocrx_word' id='word_1_711' title='bbox 2683 2597 3014 2654; x_wconf 86' lang='lat' dir='ltr'><strong>Sacramenta</strong></span> <span class='ocrx_word' id='word_1_712' title='bbox 3049 2603 3190 2659; x_wconf 89' lang='lat' dir='ltr'><strong>bonis</strong></span> <span class='ocrx_word' id='word_1_713' title='bbox 3211 2615 3262 2662; x_wconf 88' lang='lat' dir='ltr'><strong>et</strong></span> <span class='ocrx_word' id='word_1_714' title='bbox 3297 2608 3447 2663; x_wconf 89' lang='lat' dir='ltr'><strong>malis</strong></span> <span class='ocrx_word' id='word_1_715' title='bbox 3470 2625 3696 2664; x_wconf 85' lang='lat' dir='ltr'><strong>commu-</strong></span> 
     </span>
    </p>
   </div>
   <div class='ocr_carea' id='block_1_86' title="bbox 2116 2685 3697 2774">
    <p class='ocr_par' dir='ltr' id='par_1_86' title="bbox 2116 2685 3697 2774">
     <span class='ocr_line' id='line_1_86' title="bbox 2116 2685 3697 2774; baseline 0.015 -38"><span class='ocrx_word' id='word_1_716' title='bbox 2116 2685 2220 2738; x_wconf 87' lang='lat' dir='ltr'><strong>nia.</strong></span> <span class='ocrx_word' id='word_1_717' title='bbox 2251 2686 2386 2741; x_wconf 87' lang='lat' dir='ltr'><strong>Sunt</strong></span> <span class='ocrx_word' id='word_1_718' title='bbox 2419 2689 2543 2742; x_wconf 90' lang='lat' dir='ltr'><strong>mali</strong></span> <span class='ocrx_word' id='word_1_719' title='bbox 2572 2689 2623 2743; x_wconf 94' lang='lat' dir='ltr'><strong>in</strong></span> <span class='ocrx_word' id='word_1_720' title='bbox 2653 2691 2892 2749; x_wconf 89' lang='lat' dir='ltr'><strong>Ecclesia</strong></span> <span class='ocrx_word' id='word_1_721' title='bbox 2929 2697 3254 2764; x_wconf 88' lang='lat' dir='ltr'><strong>pertinentes</strong></span> <span class='ocrx_word' id='word_1_722' title='bbox 3279 2701 3346 2756; x_wconf 90' lang='lat' dir='ltr'><strong>ad</strong></span> <span class='ocrx_word' id='word_1_723' title='bbox 3375 2702 3514 2758; x_wconf 87' lang='lat' dir='ltr'><strong>Esau</strong></span> <span class='ocrx_word' id='word_1_724' title='bbox 3538 2722 3550 2756; x_wconf 95' lang='lat'><strong>:</strong></span> <span class='ocrx_word' id='word_1_725' title='bbox 3574 2705 3697 2774; x_wconf 89' lang='lat' dir='ltr'><strong>quia</strong></span> 
     </span>
    </p>
   </div>
   <div class='ocr_carea' id='block_1_87' title="bbox 2115 2777 3698 2860">
    <p class='ocr_par' dir='ltr' id='par_1_87' title="bbox 2115 2777 3698 2860">
     <span class='ocr_line' id='line_1_87' title="bbox 2115 2777 3698 2860; baseline 0.013 -29"><span class='ocrx_word' id='word_1_726' title='bbox 2115 2777 2280 2846; x_wconf 91' lang='lat' dir='ltr'><strong>etipsi</strong></span> <span class='ocrx_word' id='word_1_727' title='bbox 2325 2778 2416 2832; x_wconf 82' lang='lat' dir='ltr'><strong>filii</strong></span> <span class='ocrx_word' id='word_1_728' title='bbox 2458 2779 2737 2847; x_wconf 80' lang='lat' dir='ltr'><strong>Rebeccae,</strong></span> <span class='ocrx_word' id='word_1_729' title='bbox 2782 2783 2875 2839; x_wconf 86' lang='lat' dir='ltr'><strong>filii</strong></span> <span class='ocrx_word' id='word_1_730' title='bbox 2921 2789 3106 2843; x_wconf 88' lang='lat' dir='ltr'><strong>matris</strong></span> <span class='ocrx_word' id='word_1_731' title='bbox 3136 2790 3402 2860; x_wconf 65' lang='lat' dir='ltr'><strong>Ecclesiae,</strong></span> <span class='ocrx_word' id='word_1_732' title='bbox 3445 2793 3513 2850; x_wconf 91' lang='lat' dir='ltr'><strong>de</strong></span> <span class='ocrx_word' id='word_1_733' title='bbox 3546 2804 3698 2850; x_wconf 89' lang='lat' dir='ltr'><strong>utero</strong></span> 
     </span>
    </p>
   </div>
   <div class='ocr_carea' id='block_1_88' title="bbox 2115 2865 3695 2954">
    <p class='ocr_par' dir='ltr' id='par_1_88' title="bbox 2115 2865 3695 2954">
     <span class='ocr_line' id='line_1_88' title="bbox 2115 2865 3695 2954; baseline 0.015 -35"><span class='ocrx_word' id='word_1_734' title='bbox 2115 2865 2282 2935; x_wconf 90' lang='lat' dir='ltr'><strong>ipsius</strong></span> <span class='ocrx_word' id='word_1_735' title='bbox 2322 2870 2452 2936; x_wconf 90' lang='lat' dir='ltr'><strong>nati,</strong></span> <span class='ocrx_word' id='word_1_736' title='bbox 2497 2879 2550 2925; x_wconf 90' lang='lat' dir='ltr'><strong>et</strong></span> <span class='ocrx_word' id='word_1_737' title='bbox 2592 2872 2748 2942; x_wconf 91' lang='lat' dir='ltr'><strong>pilosi</strong></span> <span class='ocrx_word' id='word_1_738' title='bbox 2778 2874 2829 2928; x_wconf 92' lang='lat' dir='ltr'><strong>in</strong></span> <span class='ocrx_word' id='word_1_739' title='bbox 2858 2879 3088 2944; x_wconf 87' lang='lat' dir='ltr'><strong>peccatis</strong></span> <span class='ocrx_word' id='word_1_740' title='bbox 3116 2883 3418 2939; x_wconf 88' lang='lat' dir='ltr'><strong>carnalibus</strong></span> <span class='ocrx_word' id='word_1_741' title='bbox 3443 2893 3695 2954; x_wconf 88' lang='lat' dir='ltr'><strong>perseve-</strong></span> 
     </span>
    </p>
   </div>
   <div class='ocr_carea' id='block_1_89' title="bbox 2115 2958 3696 3046">
    <p class='ocr_par' dir='ltr' id='par_1_89' title="bbox 2115 2958 3696 3046">
     <span class='ocr_line' id='line_1_89' title="bbox 2115 2958 3696 3046; baseline 0.015 -37"><span class='ocrx_word' id='word_1_742' title='bbox 2115 2966 2316 3025; x_wconf 91' lang='lat' dir='ltr'><strong>rantes,</strong></span> <span class='ocrx_word' id='word_1_743' title='bbox 2335 2958 2403 3014; x_wconf 91' lang='lat' dir='ltr'><strong>de</strong></span> <span class='ocrx_word' id='word_1_744' title='bbox 2431 2959 2572 3016; x_wconf 91' lang='lat' dir='ltr'><strong>illius</strong></span> <span class='ocrx_word' id='word_1_745' title='bbox 2593 2971 2773 3019; x_wconf 87' lang='lat' dir='ltr'><strong>tamen</strong></span> <span class='ocrx_word' id='word_1_746' title='bbox 2803 2976 2952 3023; x_wconf 86' lang='lat' dir='ltr'><strong>utero</strong></span> <span class='ocrx_word' id='word_1_747' title='bbox 2980 2971 3109 3026; x_wconf 91' lang='lat' dir='ltr'><strong>nati.</strong></span> <span class='ocrx_word' id='word_1_748' title='bbox 3137 2972 3342 3030; x_wconf 84' lang='lat' dir='ltr'><strong>Habent</strong></span> <span class='ocrx_word' id='word_1_749' title='bbox 3367 2991 3492 3046; x_wconf 89' lang='lat' dir='ltr'><strong>ergo</strong></span> <span class='ocrx_word' id='word_1_750' title='bbox 3520 2993 3550 3030; x_wconf 92' lang='lat' dir='ltr'><strong>a</strong></span> <span class='ocrx_word' id='word_1_751' title='bbox 3577 2991 3696 3032; x_wconf 88' lang='lat' dir='ltr'><strong>rore</strong></span> 
     </span>
    </p>
   </div>
   <div class='ocr_carea' id='block_1_90' title="bbox 2113 3048 3694 3123">
    <p class='ocr_par' dir='ltr' id='par_1_90' title="bbox 2113 3048 3694 3123">
     <span class='ocr_line' id='line_1_90' title="bbox 2113 3048 3694 3123; baseline 0.014 -21"><span class='ocrx_word' id='word_1_752' title='bbox 2113 3048 2253 3114; x_wconf 79' lang='lat' dir='ltr'><strong>coeli,</strong></span> <span class='ocrx_word' id='word_1_753' title='bbox 2287 3059 2339 3104; x_wconf 90' lang='lat' dir='ltr'><strong>et</strong></span> <span class='ocrx_word' id='word_1_754' title='bbox 2372 3065 2404 3105; x_wconf 87' lang='lat' dir='ltr'><strong>a</strong></span> <span class='ocrx_word' id='word_1_755' title='bbox 2448 3051 2718 3110; x_wconf 90' lang='lat' dir='ltr'><strong>fertilitate</strong></span> <span class='ocrx_word' id='word_1_756' title='bbox 2743 3065 2899 3113; x_wconf 74' lang='lat' dir='ltr'><strong>terra:</strong></span> <span class='ocrx_word' id='word_1_757' title='bbox 2929 3077 2942 3113; x_wconf 91' lang='lat'><strong>:</strong></span> <span class='ocrx_word' id='word_1_758' title='bbox 2971 3075 3001 3114; x_wconf 88' lang='lat' dir='ltr'><strong>a</strong></span> <span class='ocrx_word' id='word_1_759' title='bbox 3032 3077 3156 3118; x_wconf 88' lang='lat' dir='ltr'><strong>rore</strong></span> <span class='ocrx_word' id='word_1_760' title='bbox 3181 3065 3305 3120; x_wconf 69' lang='lat' dir='ltr'><strong>caeli</strong></span> <span class='ocrx_word' id='word_1_761' title='bbox 3328 3082 3521 3122; x_wconf 91' lang='lat' dir='ltr'><strong>omnes</strong></span> <span class='ocrx_word' id='word_1_762' title='bbox 3547 3068 3694 3123; x_wconf 85' lang='lat' dir='ltr'><strong>Scri-</strong></span> 
     </span>
    </p>
   </div>
   <div class='ocr_carea' id='block_1_91' title="bbox 2113 3149 3695 3238">
    <p class='ocr_par' dir='ltr' id='par_1_91' title="bbox 2113 3149 3695 3238">
     <span class='ocr_line' id='line_1_91' title="bbox 2113 3149 3695 3238; baseline 0.014 -43"><span class='ocrx_word' id='word_1_763' title='bbox 2113 3149 2325 3211; x_wconf 89' lang='lat' dir='ltr'><strong>pturas,</strong></span> <span class='ocrx_word' id='word_1_764' title='bbox 2353 3158 2565 3200; x_wconf 92' lang='lat' dir='ltr'><strong>omnem</strong></span> <span class='ocrx_word' id='word_1_765' title='bbox 2595 3161 2896 3205; x_wconf 84' lang='lat' dir='ltr'><strong>sermonem</strong></span> <span class='ocrx_word' id='word_1_766' title='bbox 2914 3151 3150 3210; x_wconf 90' lang='lat' dir='ltr'><strong>divinum</strong></span> <span class='ocrx_word' id='word_1_767' title='bbox 3180 3173 3192 3210; x_wconf 88' lang='lat'>:</span> <span class='ocrx_word' id='word_1_768' title='bbox 3221 3173 3251 3211; x_wconf 90' lang='lat' dir='ltr'><strong>a</strong></span> <span class='ocrx_word' id='word_1_769' title='bbox 3278 3158 3544 3215; x_wconf 86' lang='lat' dir='ltr'><strong>fertilitate</strong></span> <span class='ocrx_word' id='word_1_770' title='bbox 3569 3177 3695 3238; x_wconf 88' lang='lat' dir='ltr'><strong>vero</strong></span> 
     </span>
    </p>
   </div>
   <div class='ocr_carea' id='block_1_92' title="bbox 2115 3240 3696 3317">
    <p class='ocr_par' dir='ltr' id='par_1_92' title="bbox 2115 3240 3696 3317">
     <span class='ocr_line' id='line_1_92' title="bbox 2115 3240 3696 3317; baseline 0.015 -29"><span class='ocrx_word' id='word_1_771' title='bbox 2115 3243 2287 3302; x_wconf 67' lang='lat' dir='ltr'><strong>terrae,</strong></span> <span class='ocrx_word' id='word_1_772' title='bbox 2319 3240 2494 3295; x_wconf 89' lang='lat' dir='ltr'><strong>omnia</strong></span> <span class='ocrx_word' id='word_1_773' title='bbox 2525 3242 2750 3298; x_wconf 90' lang='lat' dir='ltr'><strong>visibilia</strong></span> <span class='ocrx_word' id='word_1_774' title='bbox 2792 3247 3170 3317; x_wconf 80' lang='lat' dir='ltr'><strong>Sacramenta;</strong></span> <span class='ocrx_word' id='word_1_775' title='bbox 3201 3253 3407 3309; x_wconf 91' lang='lat' dir='ltr'><strong>visibile</strong></span> <span class='ocrx_word' id='word_1_776' title='bbox 3431 3256 3572 3310; x_wconf 91' lang='lat' dir='ltr'><strong>enim</strong></span> <span class='ocrx_word' id='word_1_777' title='bbox 3598 3255 3696 3311; x_wconf 87' lang='lat' dir='ltr'><strong>Sa-</strong></span> 
     </span>
    </p>
   </div>
   <div class='ocr_carea' id='block_1_93' title="bbox 2111 3333 3692 3408">
    <p class='ocr_par' dir='ltr' id='par_1_93' title="bbox 2111 3333 3692 3408">
     <span class='ocr_line' id='line_1_93' title="bbox 2111 3333 3692 3408; baseline 0.013 -26"><span class='ocrx_word' id='word_1_778' title='bbox 2111 3340 2438 3385; x_wconf 89' lang='lat' dir='ltr'><strong>cramentum</strong></span> <span class='ocrx_word' id='word_1_779' title='bbox 2463 3333 2529 3388; x_wconf 87' lang='lat' dir='ltr'><strong>ad</strong></span> <span class='ocrx_word' id='word_1_780' title='bbox 2553 3342 2748 3391; x_wconf 89' lang='lat' dir='ltr'><strong>terram</strong></span> <span class='ocrx_word' id='word_1_781' title='bbox 2770 3340 3019 3408; x_wconf 88' lang='lat' dir='ltr'><strong>pertinet.</strong></span> <span class='ocrx_word' id='word_1_782' title='bbox 3044 3341 3170 3398; x_wconf 73' lang='lat' dir='ltr'><strong>Haec</strong></span> <span class='ocrx_word' id='word_1_783' title='bbox 3190 3345 3367 3400; x_wconf 89' lang='lat' dir='ltr'><strong>omnia</strong></span> <span class='ocrx_word' id='word_1_784' title='bbox 3392 3349 3692 3405; x_wconf 90' lang='lat' dir='ltr'><strong>communia</strong></span> 
     </span>
    </p>
   </div>
   <div class='ocr_carea' id='block_1_94' title="bbox 2111 3418 3693 3506">
    <p class='ocr_par' dir='ltr' id='par_1_94' title="bbox 2111 3418 3693 3506">
     <span class='ocr_line' id='line_1_94' title="bbox 2111 3418 3693 3506; baseline 0.014 -34"><span class='ocrx_word' id='word_1_785' title='bbox 2111 3418 2309 3475; x_wconf 82' lang='lat' dir='ltr'><strong>habent</strong></span> <span class='ocrx_word' id='word_1_786' title='bbox 2334 3423 2386 3477; x_wconf 93' lang='lat' dir='ltr'><strong>in</strong></span> <span class='ocrx_word' id='word_1_787' title='bbox 2412 3423 2646 3480; x_wconf 88' lang='lat' dir='ltr'><strong>Ecclesia</strong></span> <span class='ocrx_word' id='word_1_788' title='bbox 2673 3436 2729 3482; x_wconf 94' lang='lat' dir='ltr'><strong>et</strong></span> <span class='ocrx_word' id='word_1_789' title='bbox 2751 3430 2873 3484; x_wconf 90' lang='lat' dir='ltr'><strong>boni</strong></span> <span class='ocrx_word' id='word_1_790' title='bbox 2902 3442 2956 3486; x_wconf 93' lang='lat' dir='ltr'><strong>et</strong></span> <span class='ocrx_word' id='word_1_791' title='bbox 2981 3435 3124 3488; x_wconf 88' lang='lat' dir='ltr'><strong>mali.</strong></span> <span class='ocrx_word' id='word_1_792' title='bbox 3148 3435 3279 3490; x_wconf 86' lang='lat' dir='ltr'><strong>Nam</strong></span> <span class='ocrx_word' id='word_1_793' title='bbox 3301 3446 3354 3491; x_wconf 92' lang='lat' dir='ltr'><strong>et</strong></span> <span class='ocrx_word' id='word_1_794' title='bbox 3377 3438 3475 3506; x_wconf 89' lang='lat' dir='ltr'><strong>ipsi</strong></span> <span class='ocrx_word' id='word_1_795' title='bbox 3498 3439 3693 3494; x_wconf 91' lang='lat' dir='ltr'><strong>habent</strong></span> 
     </span>
    </p>
   </div>
   <div class='ocr_carea' id='block_1_95' title="bbox 2112 3513 3689 3595">
    <p class='ocr_par' dir='ltr' id='par_1_95' title="bbox 2112 3513 3689 3595">
     <span class='ocr_line' id='line_1_95' title="bbox 2112 3513 3689 3595; baseline 0.013 -31"><span class='ocrx_word' id='word_1_796' title='bbox 2112 3517 2167 3565; x_wconf 91' lang='lat' dir='ltr'><strong>et</strong></span> <span class='ocrx_word' id='word_1_797' title='bbox 2195 3513 2511 3583; x_wconf 88' lang='lat' dir='ltr'><strong>participant</strong></span> <span class='ocrx_word' id='word_1_798' title='bbox 2552 3515 2912 3576; x_wconf 89' lang='lat' dir='ltr'><strong>Sacramentis</strong></span> <span class='ocrx_word' id='word_1_799' title='bbox 2944 3540 2956 3575; x_wconf 75' lang='grc' dir='ltr'><strong>ε</strong></span> <span class='ocrx_word' id='word_1_800' title='bbox 2986 3532 3041 3578; x_wconf 92' lang='lat' dir='ltr'><strong>et</strong></span> <span class='ocrx_word' id='word_1_801' title='bbox 3068 3525 3208 3594; x_wconf 92' lang='lat' dir='ltr'><strong>quod</strong></span> <span class='ocrx_word' id='word_1_802' title='bbox 3239 3535 3436 3580; x_wconf 89' lang='lat' dir='ltr'><strong>norunt</strong></span> <span class='ocrx_word' id='word_1_803' title='bbox 3473 3529 3654 3585; x_wconf 86' lang='lat' dir='ltr'><strong>fideles</strong></span> <span class='ocrx_word' id='word_1_804' title='bbox 3675 3569 3689 3595; x_wconf 88' lang='lat'><strong>,</strong></span> 
     </span>
    </p>
   </div>
   <div class='ocr_carea' id='block_1_96' title="bbox 2109 3606 3693 3688">
    <p class='ocr_par' dir='ltr' id='par_1_96' title="bbox 2109 3606 3693 3688">
     <span class='ocr_line' id='line_1_96' title="bbox 2109 3606 3693 3688; baseline 0.012 -31"><span class='ocrx_word' id='word_1_805' title='bbox 2109 3618 2140 3657; x_wconf 90' lang='lat' dir='ltr'><strong>a</strong></span> <span class='ocrx_word' id='word_1_806' title='bbox 2178 3606 2354 3660; x_wconf 86' lang='lat' dir='ltr'><strong>tritico</strong></span> <span class='ocrx_word' id='word_1_807' title='bbox 2380 3615 2434 3662; x_wconf 91' lang='lat' dir='ltr'><strong>et</strong></span> <span class='ocrx_word' id='word_1_808' title='bbox 2459 3608 2602 3664; x_wconf 89' lang='lat' dir='ltr'><strong>vino.</strong></span> <span class='ocrx_word' id='word_1_809' title='bbox 2637 3610 2705 3664; x_wconf 89' lang='lat' dir='ltr'><strong>Et</strong></span> <span class='ocrx_word' id='word_1_810' title='bbox 2735 3611 2933 3668; x_wconf 86' lang='lat' dir='ltr'><strong>habent</strong></span> <span class='ocrx_word' id='word_1_811' title='bbox 2960 3615 3027 3669; x_wconf 90' lang='lat' dir='ltr'><strong>de</strong></span> <span class='ocrx_word' id='word_1_812' title='bbox 3062 3632 3183 3670; x_wconf 91' lang='lat' dir='ltr'><strong>rore</strong></span> <span class='ocrx_word' id='word_1_813' title='bbox 3209 3618 3332 3673; x_wconf 64' lang='lat' dir='ltr'><strong>caeli</strong></span> <span class='ocrx_word' id='word_1_814' title='bbox 3360 3618 3382 3649; x_wconf 88' lang='grc'><em>³</em></span> <span class='ocrx_word' id='word_1_815' title='bbox 3412 3636 3424 3671; x_wconf 84' lang='lat'><strong>:</strong></span> <span class='ocrx_word' id='word_1_816' title='bbox 3449 3620 3571 3688; x_wconf 89' lang='lat' dir='ltr'><strong>quia</strong></span> <span class='ocrx_word' id='word_1_817' title='bbox 3600 3636 3693 3676; x_wconf 52' lang='lat' dir='ltr'><strong>su.</strong></span> 
     </span>
    </p>
   </div>
   <div class='ocr_carea' id='block_1_97' title="bbox 2110 3698 3691 3768">
    <p class='ocr_par' dir='ltr' id='par_1_97' title="bbox 2110 3698 3691 3768">
     <span class='ocr_line' id='line_1_97' title="bbox 2110 3698 3691 3768; baseline 0.012 -19"><span class='ocrx_word' id='word_1_818' title='bbox 2110 3710 2206 3764; x_wconf 88' lang='lat' dir='ltr'><strong>per</strong></span> <span class='ocrx_word' id='word_1_819' title='bbox 2226 3712 2413 3753; x_wconf 90' lang='lat' dir='ltr'><strong>omnes</strong></span> <span class='ocrx_word' id='word_1_820' title='bbox 2436 3698 2713 3756; x_wconf 90' lang='lat' dir='ltr'><strong>descendit</strong></span> <span class='ocrx_word' id='word_1_821' title='bbox 2744 3717 2922 3759; x_wconf 88' lang='lat' dir='ltr'><strong>sermo</strong></span> <span class='ocrx_word' id='word_1_822' title='bbox 2948 3707 3039 3761; x_wconf 91' lang='lat' dir='ltr'><strong>Dei</strong></span> <span class='ocrx_word' id='word_1_823' title='bbox 3069 3707 3137 3762; x_wconf 92' lang='lat' dir='ltr'><strong>de</strong></span> <span class='ocrx_word' id='word_1_824' title='bbox 3154 3710 3309 3764; x_wconf 71' lang='lat' dir='ltr'><strong>coelo.</strong></span> <span class='ocrx_word' id='word_1_825' title='bbox 3335 3710 3492 3765; x_wconf 80' lang='lat' dir='ltr'><strong>Venit</strong></span> <span class='ocrx_word' id='word_1_826' title='bbox 3511 3727 3691 3768; x_wconf 92' lang='lat' dir='ltr'><strong>sermo</strong></span> 
     </span>
    </p>
   </div>
   <div class='ocr_carea' id='block_1_98' title="bbox 2111 3787 3686 3871">
    <p class='ocr_par' dir='ltr' id='par_1_98' title="bbox 2111 3787 3686 3871">
     <span class='ocr_line' id='line_1_98' title="bbox 2111 3787 3686 3871; baseline 0.013 -33"><span class='ocrx_word' id='word_1_827' title='bbox 2111 3787 2224 3853; x_wconf 83' lang='lat' dir='ltr'><strong>Dei,</strong></span> <span class='ocrx_word' id='word_1_828' title='bbox 2251 3798 2302 3842; x_wconf 91' lang='lat' dir='ltr'><strong>et</strong></span> <span class='ocrx_word' id='word_1_829' title='bbox 2324 3789 2506 3861; x_wconf 80' lang='lat' dir='ltr'><strong>irrigat</strong></span> <span class='ocrx_word' id='word_1_830' title='bbox 2529 3807 2542 3844; x_wconf 92' lang='lat'>:</span> <span class='ocrx_word' id='word_1_831' title='bbox 2568 3792 2662 3847; x_wconf 89' lang='lat' dir='ltr'><strong>sed</strong></span> <span class='ocrx_word' id='word_1_832' title='bbox 2686 3795 2775 3863; x_wconf 91' lang='lat' dir='ltr'><strong>qui</strong></span> <span class='ocrx_word' id='word_1_833' title='bbox 2797 3795 2998 3866; x_wconf 84' lang='lat' dir='ltr'><strong>irriget,</strong></span> <span class='ocrx_word' id='word_1_834' title='bbox 3017 3799 3208 3868; x_wconf 88' lang='lat' dir='ltr'><strong>etquid</strong></span> <span class='ocrx_word' id='word_1_835' title='bbox 3226 3800 3429 3871; x_wconf 89' lang='lat' dir='ltr'><strong>irriget,</strong></span> <span class='ocrx_word' id='word_1_836' title='bbox 3451 3804 3686 3859; x_wconf 89' lang='lat' dir='ltr'><strong>attende.</strong></span> 
     </span>
    </p>
   </div>
   <div class='ocr_carea' id='block_1_99' title="bbox 2108 3880 3689 3956">
    <p class='ocr_par' dir='ltr' id='par_1_99' title="bbox 2108 3880 3689 3956">
     <span class='ocr_line' id='line_1_99' title="bbox 2108 3880 3689 3956; baseline 0.011 -22"><span class='ocrx_word' id='word_1_837' title='bbox 2108 3880 2239 3935; x_wconf 89' lang='lat' dir='ltr'><strong>Nam</strong></span> <span class='ocrx_word' id='word_1_838' title='bbox 2267 3892 2322 3937; x_wconf 89' lang='lat' dir='ltr'><strong>et</strong></span> <span class='ocrx_word' id='word_1_839' title='bbox 2359 3883 2477 3938; x_wconf 92' lang='lat' dir='ltr'><strong>illos</strong></span> <span class='ocrx_word' id='word_1_840' title='bbox 2516 3886 2703 3956; x_wconf 88' lang='lat' dir='ltr'><strong>irrigat</strong></span> <span class='ocrx_word' id='word_1_841' title='bbox 2727 3896 2782 3942; x_wconf 91' lang='lat' dir='ltr'><strong>et</strong></span> <span class='ocrx_word' id='word_1_842' title='bbox 2805 3889 2942 3955; x_wconf 90' lang='lat' dir='ltr'><strong>illos,</strong></span> <span class='ocrx_word' id='word_1_843' title='bbox 2981 3890 3152 3947; x_wconf 92' lang='lat' dir='ltr'><strong>bonos</strong></span> <span class='ocrx_word' id='word_1_844' title='bbox 3179 3902 3233 3949; x_wconf 84' lang='lat' dir='ltr'><strong>et.</strong></span> <span class='ocrx_word' id='word_1_845' title='bbox 3259 3895 3428 3949; x_wconf 91' lang='lat' dir='ltr'><strong>malos</strong></span> <span class='ocrx_word' id='word_1_846' title='bbox 3453 3914 3465 3949; x_wconf 90' lang='lat'><strong>:</strong></span> <span class='ocrx_word' id='word_1_847' title='bbox 3496 3895 3589 3951; x_wconf 90' lang='lat' dir='ltr'><strong>scd</strong></span> <span class='ocrx_word' id='word_1_848' title='bbox 3614 3897 3689 3951; x_wconf 92' lang='lat' dir='ltr'><strong>illi</strong></span> 
     </span>
    </p>
   </div>
   <div class='ocr_carea' id='block_1_100' title="bbox 2108 3971 3688 4052">
    <p class='ocr_par' dir='ltr' id='par_1_100' title="bbox 2108 3971 3688 4052">
     <span class='ocr_line' id='line_1_100' title="bbox 2108 3971 3688 4052; baseline 0.011 -27"><span class='ocrx_word' id='word_1_849' title='bbox 2108 3971 2301 4027; x_wconf 90' lang='lat' dir='ltr'><strong>bonam</strong></span> <span class='ocrx_word' id='word_1_850' title='bbox 2332 3973 2564 4042; x_wconf 90' lang='lat' dir='ltr'><strong>pluviam</strong></span> <span class='ocrx_word' id='word_1_851' title='bbox 2588 3977 2642 4031; x_wconf 94' lang='lat' dir='ltr'><strong>in</strong></span> <span class='ocrx_word' id='word_1_852' title='bbox 2664 3978 2902 4035; x_wconf 89' lang='lat' dir='ltr'><strong>radicem</strong></span> <span class='ocrx_word' id='word_1_853' title='bbox 2928 3983 3199 4050; x_wconf 88' lang='lat' dir='ltr'><strong>spinarum</strong></span> <span class='ocrx_word' id='word_1_854' title='bbox 3236 3995 3582 4052; x_wconf 88' lang='lat' dir='ltr'><strong>convertunt;</strong></span> <span class='ocrx_word' id='word_1_855' title='bbox 3613 3987 3688 4042; x_wconf 90' lang='lat' dir='ltr'><strong>illi</strong></span> 
     </span>
    </p>
   </div>
   <div class='ocr_carea' id='block_1_101' title="bbox 2109 4067 3688 4145">
    <p class='ocr_par' dir='ltr' id='par_1_101' title="bbox 2109 4067 3688 4145">
     <span class='ocr_line' id='line_1_101' title="bbox 2109 4067 3688 4145; baseline 0.011 -27"><span class='ocrx_word' id='word_1_856' title='bbox 2109 4074 2284 4120; x_wconf 91' lang='lat' dir='ltr'><strong>autem</strong></span> <span class='ocrx_word' id='word_1_857' title='bbox 2307 4067 2374 4122; x_wconf 91' lang='lat' dir='ltr'><strong>ad</strong></span> <span class='ocrx_word' id='word_1_858' title='bbox 2397 4068 2622 4125; x_wconf 91' lang='lat' dir='ltr'><strong>fructum</strong></span> <span class='ocrx_word' id='word_1_859' title='bbox 2650 4072 2846 4128; x_wconf 91' lang='lat' dir='ltr'><strong>bonum</strong></span> <span class='ocrx_word' id='word_1_860' title='bbox 2870 4077 3099 4145; x_wconf 92' lang='lat' dir='ltr'><strong>pluviam</strong></span> <span class='ocrx_word' id='word_1_861' title='bbox 3121 4078 3353 4133; x_wconf 88' lang='lat' dir='ltr'><strong>trahunt.</strong></span> <span class='ocrx_word' id='word_1_862' title='bbox 3376 4079 3506 4134; x_wconf 88' lang='lat' dir='ltr'><strong>Nam</strong></span> <span class='ocrx_word' id='word_1_863' title='bbox 3529 4083 3688 4136; x_wconf 90' lang='lat' dir='ltr'><strong>simul</strong></span> 
     </span>
    </p>
   </div>
   <div class='ocr_carea' id='block_1_102' title="bbox 2108 4159 3688 4242">
    <p class='ocr_par' dir='ltr' id='par_1_102' title="bbox 2108 4159 3688 4242">
     <span class='ocr_line' id='line_1_102' title="bbox 2108 4159 3688 4242; baseline 0.012 -31"><span class='ocrx_word' id='word_1_864' title='bbox 2108 4159 2245 4228; x_wconf 92' lang='lat' dir='ltr'><strong>pluit</strong></span> <span class='ocrx_word' id='word_1_865' title='bbox 2281 4159 2537 4216; x_wconf 92' lang='lat' dir='ltr'><strong>Dominus</strong></span> <span class='ocrx_word' id='word_1_866' title='bbox 2575 4178 2735 4232; x_wconf 90' lang='lat' dir='ltr'><strong>super</strong></span> <span class='ocrx_word' id='word_1_867' title='bbox 2763 4174 2994 4236; x_wconf 88' lang='lat' dir='ltr'><strong>segetem</strong></span> <span class='ocrx_word' id='word_1_868' title='bbox 3038 4177 3092 4222; x_wconf 90' lang='lat' dir='ltr'><strong>et</strong></span> <span class='ocrx_word' id='word_1_869' title='bbox 3131 4183 3292 4239; x_wconf 89' lang='lat' dir='ltr'><strong>super</strong></span> <span class='ocrx_word' id='word_1_870' title='bbox 3334 4173 3542 4242; x_wconf 89' lang='lat' dir='ltr'><strong>spinas;</strong></span> <span class='ocrx_word' id='word_1_871' title='bbox 3591 4174 3688 4230; x_wconf 89' lang='lat' dir='ltr'><strong>sed</strong></span> 
     </span>
    </p>
   </div>
   <div class='ocr_carea' id='block_1_103' title="bbox 2108 4251 3684 4332">
    <p class='ocr_par' dir='ltr' id='par_1_103' title="bbox 2108 4251 3684 4332">
     <span class='ocr_line' id='line_1_103' title="bbox 2108 4251 3684 4332; baseline 0.012 -30"><span class='ocrx_word' id='word_1_872' title='bbox 2108 4251 2274 4320; x_wconf 89' lang='lat' dir='ltr'><strong>segeti</strong></span> <span class='ocrx_word' id='word_1_873' title='bbox 2306 4251 2438 4320; x_wconf 91' lang='lat' dir='ltr'><strong>pluit</strong></span> <span class='ocrx_word' id='word_1_874' title='bbox 2461 4253 2526 4307; x_wconf 88' lang='lat' dir='ltr'><strong>ad</strong></span> <span class='ocrx_word' id='word_1_875' title='bbox 2551 4253 2821 4323; x_wconf 89' lang='lat' dir='ltr'><strong>horreum,</strong></span> <span class='ocrx_word' id='word_1_876' title='bbox 2855 4258 3023 4326; x_wconf 79' lang='lat' dir='ltr'><strong>Spinis</strong></span> <span class='ocrx_word' id='word_1_877' title='bbox 3059 4260 3127 4315; x_wconf 89' lang='lat' dir='ltr'><strong>ad</strong></span> <span class='ocrx_word' id='word_1_878' title='bbox 3166 4261 3340 4332; x_wconf 88' lang='lat' dir='ltr'><strong>ignem</strong></span> <span class='ocrx_word' id='word_1_879' title='bbox 3372 4281 3386 4318; x_wconf 91' lang='lat'><strong>:</strong></span> <span class='ocrx_word' id='word_1_880' title='bbox 3415 4273 3470 4319; x_wconf 93' lang='lat' dir='ltr'><strong>et</strong></span> <span class='ocrx_word' id='word_1_881' title='bbox 3507 4274 3684 4321; x_wconf 82' lang='lat' dir='ltr'><strong>tamen</strong></span> 
     </span>
    </p>
   </div>
   <div class='ocr_carea' id='block_1_104' title="bbox 2110 4343 3682 4427">
    <p class='ocr_par' dir='ltr' id='par_1_104' title="bbox 2110 4343 3682 4427">
     <span class='ocr_line' id='line_1_104' title="bbox 2110 4343 3682 4427; baseline 0.01 -34"><span class='ocrx_word' id='word_1_882' title='bbox 2110 4355 2212 4395; x_wconf 90' lang='lat' dir='ltr'><strong>una</strong></span> <span class='ocrx_word' id='word_1_883' title='bbox 2265 4349 2348 4396; x_wconf 92' lang='lat' dir='ltr'><strong>est</strong></span> <span class='ocrx_word' id='word_1_884' title='bbox 2388 4343 2580 4412; x_wconf 89' lang='lat' dir='ltr'><strong>pluvia.</strong></span> <span class='ocrx_word' id='word_1_885' title='bbox 2622 4345 2712 4400; x_wconf 87' lang='lat' dir='ltr'><strong>Sic</strong></span> <span class='ocrx_word' id='word_1_886' title='bbox 2752 4347 2982 4403; x_wconf 83' lang='lat' dir='ltr'><strong>Verbum</strong></span> <span class='ocrx_word' id='word_1_887' title='bbox 3032 4350 3130 4406; x_wconf 90' lang='lat' dir='ltr'><strong>Dei</strong></span> <span class='ocrx_word' id='word_1_888' title='bbox 3180 4368 3369 4410; x_wconf 88' lang='lat' dir='ltr'><strong>omnes</strong></span> <span class='ocrx_word' id='word_1_889' title='bbox 3407 4357 3682 4427; x_wconf 90' lang='lat' dir='ltr'><strong>compluit.</strong></span> 
     </span>
    </p>
   </div>
   <div class='ocr_carea' id='block_1_105' title="bbox 2111 4431 3687 4520">
    <p class='ocr_par' dir='ltr' id='par_1_105' title="bbox 2111 4431 3687 4520">
     <span class='ocr_line' id='line_1_105' title="bbox 2111 4431 3687 4520; baseline 0.011 -33"><span class='ocrx_word' id='word_1_890' title='bbox 2111 4431 2299 4489; x_wconf 88' lang='lat' dir='ltr'><strong>Videat</strong></span> <span class='ocrx_word' id='word_1_891' title='bbox 2312 4436 2532 4508; x_wconf 87' lang='lat' dir='ltr'><strong>quisque</strong></span> <span class='ocrx_word' id='word_1_892' title='bbox 2547 4438 2754 4508; x_wconf 89' lang='lat' dir='ltr'><strong>qualem</strong></span> <span class='ocrx_word' id='word_1_893' title='bbox 2775 4440 3005 4496; x_wconf 87' lang='lat' dir='ltr'><strong>radicem</strong></span> <span class='ocrx_word' id='word_1_894' title='bbox 3030 4443 3237 4511; x_wconf 85' lang='lat' dir='ltr'><strong>habeat;</strong></span> <span class='ocrx_word' id='word_1_895' title='bbox 3262 4447 3437 4502; x_wconf 85' lang='lat' dir='ltr'><strong>videat</strong></span> <span class='ocrx_word' id='word_1_896' title='bbox 3464 4450 3687 4520; x_wconf 87' lang='lat' dir='ltr'><strong>quisque</strong></span> 
     </span>
    </p>
   </div>
   <div class='ocr_carea' id='block_1_106' title="bbox 2106 4526 3686 4610">
    <p class='ocr_par' dir='ltr' id='par_1_106' title="bbox 2106 4526 3686 4610">
     <span class='ocr_line' id='line_1_106' title="bbox 2106 4526 3686 4610; baseline 0.011 -33"><span class='ocrx_word' id='word_1_897' title='bbox 2106 4539 2211 4594; x_wconf 91' lang='lat' dir='ltr'><strong>quo</strong></span> <span class='ocrx_word' id='word_1_898' title='bbox 2239 4526 2410 4580; x_wconf 86' lang='lat' dir='ltr'><strong>trahat</strong></span> <span class='ocrx_word' id='word_1_899' title='bbox 2439 4529 2665 4597; x_wconf 90' lang='lat' dir='ltr'><strong>pluviam</strong></span> <span class='ocrx_word' id='word_1_900' title='bbox 2691 4531 2883 4586; x_wconf 90' lang='lat' dir='ltr'><strong>bonam</strong></span> <span class='ocrx_word' id='word_1_901' title='bbox 2915 4550 2927 4586; x_wconf 89' lang='lat'>:</span> <span class='ocrx_word' id='word_1_902' title='bbox 2958 4535 3002 4588; x_wconf 90' lang='lat' dir='ltr'><strong>si</strong></span> <span class='ocrx_word' id='word_1_903' title='bbox 3027 4551 3144 4590; x_wconf 90' lang='lat' dir='ltr'><strong>eam</strong></span> <span class='ocrx_word' id='word_1_904' title='bbox 3171 4537 3361 4604; x_wconf 89' lang='lat' dir='ltr'><strong>trahit,</strong></span> <span class='ocrx_word' id='word_1_905' title='bbox 3388 4549 3441 4594; x_wconf 94' lang='lat' dir='ltr'><strong>ut</strong></span> <span class='ocrx_word' id='word_1_906' title='bbox 3467 4550 3686 4610; x_wconf 89' lang='lat' dir='ltr'><strong>generet</strong></span> 
     </span>
    </p>
   </div>
   <div class='ocr_carea' id='block_1_107' title="bbox 2106 4609 3688 4691">
    <p class='ocr_par' dir='ltr' id='par_1_107' title="bbox 2106 4609 3688 4691">
     <span class='ocr_line' id='line_1_107' title="bbox 2106 4609 3688 4691; baseline 0.009 -21"><span class='ocrx_word' id='word_1_907' title='bbox 2106 4615 2307 4684; x_wconf 90' lang='lat' dir='ltr'><strong>spinas,</strong></span> <span class='ocrx_word' id='word_1_908' title='bbox 2339 4609 2590 4688; x_wconf 89' lang='lat' dir='ltr'><strong>numquid</strong></span> <span class='ocrx_word' id='word_1_909' title='bbox 2622 4619 2740 4675; x_wconf 90' lang='lat' dir='ltr'><strong>ideo</strong></span> <span class='ocrx_word' id='word_1_910' title='bbox 2771 4623 2946 4691; x_wconf 88' lang='lat' dir='ltr'><strong>pluvia</strong></span> <span class='ocrx_word' id='word_1_911' title='bbox 2977 4625 3068 4682; x_wconf 90' lang='lat' dir='ltr'><strong>Dei</strong></span> <span class='ocrx_word' id='word_1_912' title='bbox 3097 4629 3391 4683; x_wconf 89' lang='lat' dir='ltr'><strong>accusanda</strong></span> <span class='ocrx_word' id='word_1_913' title='bbox 3421 4609 3545 4684; x_wconf 86' lang='lat' dir='ltr'><strong>est?</strong></span> <span class='ocrx_word' id='word_1_914' title='bbox 3575 4633 3688 4685; x_wconf 84' lang='lat' dir='ltr'><strong>An-</strong></span> 
     </span>
    </p>
   </div>
   <div class='ocr_carea' id='block_1_108' title="bbox 2107 4709 3687 4788">
    <p class='ocr_par' dir='ltr' id='par_1_108' title="bbox 2107 4709 3687 4788">
     <span class='ocr_line' id='line_1_108' title="bbox 2107 4709 3687 4788; baseline 0.011 -29"><span class='ocrx_word' id='word_1_915' title='bbox 2107 4714 2318 4776; x_wconf 86' lang='lat' dir='ltr'><strong>tequam</strong></span> <span class='ocrx_word' id='word_1_916' title='bbox 2339 4709 2517 4763; x_wconf 90' lang='lat' dir='ltr'><strong>veniat</strong></span> <span class='ocrx_word' id='word_1_917' title='bbox 2531 4710 2597 4764; x_wconf 88' lang='lat' dir='ltr'><strong>ad</strong></span> <span class='ocrx_word' id='word_1_918' title='bbox 2618 4711 2868 4778; x_wconf 87' lang='lat' dir='ltr'><strong>radicem,</strong></span> <span class='ocrx_word' id='word_1_919' title='bbox 2889 4714 3059 4770; x_wconf 88' lang='lat' dir='ltr'><strong>dulcis</strong></span> <span class='ocrx_word' id='word_1_920' title='bbox 3080 4728 3162 4772; x_wconf 90' lang='lat' dir='ltr'><strong>est</strong></span> <span class='ocrx_word' id='word_1_921' title='bbox 3185 4719 3356 4788; x_wconf 88' lang='lat' dir='ltr'><strong>pluvia</strong></span> <span class='ocrx_word' id='word_1_922' title='bbox 3380 4721 3495 4783; x_wconf 89' lang='lat' dir='ltr'><strong>illa;</strong></span> <span class='ocrx_word' id='word_1_923' title='bbox 3527 4721 3687 4779; x_wconf 81' lang='lat' dir='ltr'><strong>dulce</strong></span> 
     </span>
    </p>
   </div>
   <div class='ocr_carea' id='block_1_109' title="bbox 2107 4798 3686 4878">
    <p class='ocr_par' dir='ltr' id='par_1_109' title="bbox 2107 4798 3686 4878">
     <span class='ocr_line' id='line_1_109' title="bbox 2107 4798 3686 4878; baseline 0.012 -28"><span class='ocrx_word' id='word_1_924' title='bbox 2107 4808 2188 4852; x_wconf 91' lang='lat' dir='ltr'><strong>cst</strong></span> <span class='ocrx_word' id='word_1_925' title='bbox 2212 4798 2434 4853; x_wconf 90' lang='lat' dir='ltr'><strong>verbum</strong></span> <span class='ocrx_word' id='word_1_926' title='bbox 2461 4800 2584 4866; x_wconf 92' lang='lat' dir='ltr'><strong>Dei,</strong></span> <span class='ocrx_word' id='word_1_927' title='bbox 2618 4801 2788 4857; x_wconf 90' lang='lat' dir='ltr'><strong>donec</strong></span> <span class='ocrx_word' id='word_1_928' title='bbox 2818 4806 2994 4860; x_wconf 87' lang='lat' dir='ltr'><strong>veniat</strong></span> <span class='ocrx_word' id='word_1_929' title='bbox 3021 4808 3087 4862; x_wconf 90' lang='lat' dir='ltr'><strong>ad</strong></span> <span class='ocrx_word' id='word_1_930' title='bbox 3113 4825 3207 4864; x_wconf 93' lang='lat' dir='ltr'><strong>cor</strong></span> <span class='ocrx_word' id='word_1_931' title='bbox 3235 4812 3453 4878; x_wconf 91' lang='lat' dir='ltr'><strong>malum,</strong></span> <span class='ocrx_word' id='word_1_932' title='bbox 3478 4822 3531 4868; x_wconf 90' lang='lat' dir='ltr'><strong>et</strong></span> <span class='ocrx_word' id='word_1_933' title='bbox 3549 4828 3686 4868; x_wconf 89' lang='lat' dir='ltr'><strong>con-</strong></span> 
     </span>
    </p>
   </div>
   <div class='ocr_carea' id='block_1_110' title="bbox 2107 4891 3690 4972">
    <p class='ocr_par' dir='ltr' id='par_1_110' title="bbox 2107 4891 3690 4972">
     <span class='ocr_line' id='line_1_110' title="bbox 2107 4891 3690 4972; baseline 0.012 -28"><span class='ocrx_word' id='word_1_934' title='bbox 2107 4899 2276 4946; x_wconf 89' lang='lat' dir='ltr'><strong>vertat</strong></span> <span class='ocrx_word' id='word_1_935' title='bbox 2319 4891 2385 4947; x_wconf 90' lang='lat' dir='ltr'><strong>ad</strong></span> <span class='ocrx_word' id='word_1_936' title='bbox 2448 4892 2687 4949; x_wconf 90' lang='lat' dir='ltr'><strong>fraudem</strong></span> <span class='ocrx_word' id='word_1_937' title='bbox 2741 4910 2888 4951; x_wconf 91' lang='lat' dir='ltr'><strong>suam</strong></span> <span class='ocrx_word' id='word_1_938' title='bbox 2934 4901 3164 4970; x_wconf 89' lang='lat' dir='ltr'><strong>pluviam</strong></span> <span class='ocrx_word' id='word_1_939' title='bbox 3231 4904 3361 4972; x_wconf 91' lang='lat' dir='ltr'><strong>Dei,</strong></span> <span class='ocrx_word' id='word_1_940' title='bbox 3410 4916 3690 4963; x_wconf 89' lang='lat' dir='ltr'><strong>convertat</strong></span> 
     </span>
    </p>
   </div>
   <div class='ocr_carea' id='block_1_111' title="bbox 2107 4983 3688 5055">
    <p class='ocr_par' dir='ltr' id='par_1_111' title="bbox 2107 4983 3688 5055">
     <span class='ocr_line' id='line_1_111' title="bbox 2107 4983 3688 5055; baseline 0.01 -18"><span class='ocrx_word' id='word_1_941' title='bbox 2107 4983 2174 5038; x_wconf 91' lang='lat' dir='ltr'><strong>ad</strong></span> <span class='ocrx_word' id='word_1_942' title='bbox 2219 4983 2538 5055; x_wconf 87' lang='lat' dir='ltr'><strong>hypocrisim</strong></span> <span class='ocrx_word' id='word_1_943' title='bbox 2559 5027 2574 5052; x_wconf 92' lang='lat'><strong>,</strong></span> <span class='ocrx_word' id='word_1_944' title='bbox 2625 4997 2898 5043; x_wconf 88' lang='lat' dir='ltr'><strong>convertat</strong></span> <span class='ocrx_word' id='word_1_945' title='bbox 2927 4991 2992 5044; x_wconf 90' lang='lat' dir='ltr'><strong>ad</strong></span> <span class='ocrx_word' id='word_1_946' title='bbox 3022 4992 3227 5049; x_wconf 90' lang='lat' dir='ltr'><strong>radices</strong></span> <span class='ocrx_word' id='word_1_947' title='bbox 3266 4997 3522 5051; x_wconf 88' lang='lat' dir='ltr'><strong>malarum</strong></span> <span class='ocrx_word' id='word_1_948' title='bbox 3549 5012 3688 5052; x_wconf 89' lang='lat' dir='ltr'><strong>con-</strong></span> 
     </span>
    </p>
   </div>
   <div class='ocr_carea' id='block_1_112' title="bbox 2107 5077 3690 5158">
    <p class='ocr_par' dir='ltr' id='par_1_112' title="bbox 2107 5077 3690 5158">
     <span class='ocr_line' id='line_1_112' title="bbox 2107 5077 3690 5158; baseline 0.009 -28"><span class='ocrx_word' id='word_1_949' title='bbox 2107 5077 2546 5145; x_wconf 88' lang='lat' dir='ltr'><strong>cupiscentiarutn</strong></span> <span class='ocrx_word' id='word_1_950' title='bbox 2570 5120 2583 5144; x_wconf 92' lang='lat'><strong>,</strong></span> <span class='ocrx_word' id='word_1_951' title='bbox 2636 5080 2703 5134; x_wconf 91' lang='lat' dir='ltr'><strong>ad</strong></span> <span class='ocrx_word' id='word_1_952' title='bbox 2761 5083 3135 5150; x_wconf 86' lang='lat' dir='ltr'><strong>perversitates</strong></span> <span class='ocrx_word' id='word_1_953' title='bbox 3180 5096 3233 5142; x_wconf 90' lang='lat' dir='ltr'><strong>et</strong></span> <span class='ocrx_word' id='word_1_954' title='bbox 3281 5087 3690 5158; x_wconf 87' lang='lat' dir='ltr'><strong>depravationes</strong></span> 
     </span>
    </p>
   </div>
   <div class='ocr_carea' id='block_1_113' title="bbox 2106 5166 3689 5250">
    <p class='ocr_par' dir='ltr' id='par_1_113' title="bbox 2106 5166 3689 5250">
     <span class='ocr_line' id='line_1_113' title="bbox 2106 5166 3689 5250; baseline 0.011 -31"><span class='ocrx_word' id='word_1_955' title='bbox 2106 5182 2248 5221; x_wconf 89' lang='lat' dir='ltr'><strong>suas.</strong></span> <span class='ocrx_word' id='word_1_956' title='bbox 2289 5166 2476 5237; x_wconf 88' lang='lat' dir='ltr'><strong>Incipit</strong></span> <span class='ocrx_word' id='word_1_957' title='bbox 2502 5169 2714 5238; x_wconf 88' lang='lat' dir='ltr'><strong>quidem</strong></span> <span class='ocrx_word' id='word_1_958' title='bbox 2743 5187 2999 5238; x_wconf 86' lang='lat' dir='ltr'><strong>generare</strong></span> <span class='ocrx_word' id='word_1_959' title='bbox 3045 5178 3245 5246; x_wconf 79' lang='lat' dir='ltr'><strong>Spinas,</strong></span> <span class='ocrx_word' id='word_1_960' title='bbox 3291 5179 3386 5234; x_wconf 91' lang='lat' dir='ltr'><strong>sed</strong></span> <span class='ocrx_word' id='word_1_961' title='bbox 3414 5180 3480 5234; x_wconf 90' lang='lat' dir='ltr'><strong>de</strong></span> <span class='ocrx_word' id='word_1_962' title='bbox 3509 5179 3689 5250; x_wconf 85' lang='lat' dir='ltr'><strong>pluvia</strong></span> 
     </span>
    </p>
   </div>
   <div class='ocr_carea' id='block_1_114' title="bbox 2106 5257 3692 5338">
    <p class='ocr_par' dir='ltr' id='par_1_114' title="bbox 2106 5257 3692 5338">
     <span class='ocr_line' id='line_1_114' title="bbox 2106 5257 3692 5338; baseline 0.01 -27"><span class='ocrx_word' id='word_1_963' title='bbox 2106 5257 2243 5311; x_wconf 91' lang='lat' dir='ltr'><strong>bona</strong></span> <span class='ocrx_word' id='word_1_964' title='bbox 2273 5274 2286 5308; x_wconf 87' lang='lat'><strong>:</strong></span> <span class='ocrx_word' id='word_1_965' title='bbox 2317 5257 2475 5314; x_wconf 90' lang='lat' dir='ltr'><strong>habet</strong></span> <span class='ocrx_word' id='word_1_966' title='bbox 2499 5261 2641 5314; x_wconf 91' lang='lat' dir='ltr'><strong>enim</strong></span> <span class='ocrx_word' id='word_1_967' title='bbox 2669 5278 2698 5317; x_wconf 91' lang='lat' dir='ltr'><strong>a</strong></span> <span class='ocrx_word' id='word_1_968' title='bbox 2723 5278 2846 5319; x_wconf 91' lang='lat' dir='ltr'><strong>rore</strong></span> <span class='ocrx_word' id='word_1_969' title='bbox 2874 5267 3015 5322; x_wconf 67' lang='lat' dir='ltr'><strong>caeli.</strong></span> <span class='ocrx_word' id='word_1_970' title='bbox 3048 5268 3115 5322; x_wconf 93' lang='lat' dir='ltr'><strong>Et</strong></span> <span class='ocrx_word' id='word_1_971' title='bbox 3153 5270 3400 5338; x_wconf 90' lang='lat' dir='ltr'><strong>quoniam</strong></span> <span class='ocrx_word' id='word_1_972' title='bbox 3449 5287 3552 5325; x_wconf 92' lang='lat' dir='ltr'><strong>non</strong></span> <span class='ocrx_word' id='word_1_973' title='bbox 3591 5286 3692 5326; x_wconf 84' lang='lat' dir='ltr'><strong>cx-</strong></span> 
     </span>
    </p>
   </div>
   <div class='ocr_carea' id='block_1_115' title="bbox 2106 5347 3691 5424">
    <p class='ocr_par' dir='ltr' id='par_1_115' title="bbox 2106 5347 3691 5424">
     <span class='ocr_line' id='line_1_115' title="bbox 2106 5347 3691 5424; baseline 0.012 -24"><span class='ocrx_word' id='word_1_974' title='bbox 2106 5347 2387 5402; x_wconf 88' lang='lat' dir='ltr'><strong>cluduntur</strong></span> <span class='ocrx_word' id='word_1_975' title='bbox 2415 5363 2600 5406; x_wconf 90' lang='lat' dir='ltr'><strong>omnes</strong></span> <span class='ocrx_word' id='word_1_976' title='bbox 2624 5353 2746 5407; x_wconf 90' lang='lat' dir='ltr'><strong>mali</strong></span> <span class='ocrx_word' id='word_1_977' title='bbox 2775 5369 2805 5408; x_wconf 89' lang='lat' dir='ltr'><strong>a</strong></span> <span class='ocrx_word' id='word_1_978' title='bbox 2837 5355 3196 5413; x_wconf 87' lang='lat' dir='ltr'><strong>Sacramentis</strong></span> <span class='ocrx_word' id='word_1_979' title='bbox 3227 5360 3352 5424; x_wconf 90' lang='lat' dir='ltr'><strong>Dei,</strong></span> <span class='ocrx_word' id='word_1_980' title='bbox 3395 5360 3555 5416; x_wconf 87' lang='lat' dir='ltr'><strong>habet</strong></span> <span class='ocrx_word' id='word_1_981' title='bbox 3582 5360 3603 5392; x_wconf 76' lang='grc'><strong>¹⁵</strong></span> <span class='ocrx_word' id='word_1_982' title='bbox 3630 5372 3691 5419; x_wconf 91' lang='lat' dir='ltr'><strong>et</strong></span> 
     </span>
    </p>
   </div>
   <div class='ocr_carea' id='block_1_116' title="bbox 2169 5459 3269 5525">
    <p class='ocr_par' dir='ltr' id='par_1_116' title="bbox 2169 5459 3269 5525">
     <span class='ocr_line' id='line_1_116' title="bbox 2169 5459 3269 5525; baseline 0.012 -18"><span class='ocrx_word' id='word_1_983' title='bbox 2169 5459 2185 5525; x_wconf 63' lang='grc' dir='ltr'><strong>ξ</strong></span> <span class='ocrx_word' id='word_1_984' title='bbox 2212 5459 2405 5525; x_wconf 78' lang='lat' dir='ltr'><strong>Duobus</strong></span> <span class='ocrx_word' id='word_1_985' title='bbox 2424 5459 2476 5509; x_wconf 85' lang='lat' dir='ltr'><strong>in</strong></span> <span class='ocrx_word' id='word_1_986' title='bbox 2495 5466 2603 5512; x_wconf 80' lang='lat' dir='ltr'><strong>Mss.</strong></span> <span class='ocrx_word' id='word_1_987' title='bbox 2627 5463 2790 5525; x_wconf 89' lang='lat' dir='ltr'><strong>deest,</strong></span> <span class='ocrx_word' id='word_1_988' title='bbox 2813 5478 2908 5517; x_wconf 86' lang='lat' dir='ltr'><strong>non</strong></span> <span class='ocrx_word' id='word_1_989' title='bbox 2924 5477 2993 5519; x_wconf 85' lang='lat' dir='ltr'><strong>est</strong></span> <span class='ocrx_word' id='word_1_990' title='bbox 3014 5468 3269 5522; x_wconf 86' lang='lat' dir='ltr'><strong>osculatus.</strong></span> 
     </span>
    </p>
   </div>
   <div class='ocr_carea' id='block_1_117' title="bbox 2167 5522 3684 5592">
    <p class='ocr_par' dir='ltr' id='par_1_117' title="bbox 2167 5522 3684 5592">
     <span class='ocr_line' id='line_1_117' title="bbox 2167 5522 3684 5592; baseline 0.014 -24"><span class='ocrx_word' id='word_1_991' title='bbox 2167 5522 2484 5592; x_wconf 47' lang='lat' dir='ltr'><strong>{victorious</strong></span> <span class='ocrx_word' id='word_1_992' title='bbox 2520 5531 2599 5592; x_wconf 61' lang='lat' dir='ltr'><strong>his.</strong></span> <span class='ocrx_word' id='word_1_993' title='bbox 2644 5533 2696 5592; x_wconf 83' lang='lat' dir='ltr'><strong>et</strong></span> <span class='ocrx_word' id='word_1_994' title='bbox 2730 5522 2906 5592; x_wconf 77' lang='lat' dir='ltr'><strong>Regius</strong></span> <span class='ocrx_word' id='word_1_995' title='bbox 2948 5530 3160 5592; x_wconf 85' lang='lat' dir='ltr'><strong>habent,</strong></span> <span class='ocrx_word' id='word_1_996' title='bbox 3184 5532 3446 5586; x_wconf 86' lang='lat' dir='ltr'><strong>benedictio</strong></span> <span class='ocrx_word' id='word_1_997' title='bbox 3495 5544 3594 5586; x_wconf 90' lang='lat' dir='ltr'><strong>tua.</strong></span> <span class='ocrx_word' id='word_1_998' title='bbox 3629 5544 3684 5590; x_wconf 80' lang='lat' dir='ltr'><strong>At</strong></span> 
     </span>
    </p>
   </div>
   <div class='ocr_carea' id='block_1_118' title="bbox 2104 5583 3679 5656">
    <p class='ocr_par' dir='ltr' id='par_1_118' title="bbox 2104 5583 3679 5656">
     <span class='ocr_line' id='line_1_118' title="bbox 2104 5583 3679 5656; baseline 0.013 -25"><span class='ocrx_word' id='word_1_999' title='bbox 2104 5585 2270 5656; x_wconf 63' lang='lat' dir='ltr'><strong>caueri</strong></span> <span class='ocrx_word' id='word_1_1000' title='bbox 2313 5583 2689 5656; x_wconf 77' lang='lat' dir='ltr'><strong>libri,_ht_1bitatio</strong></span> <span class='ocrx_word' id='word_1_1001' title='bbox 2709 5583 2837 5641; x_wconf 71' lang='lat' dir='ltr'><strong>tua“:</strong></span> <span class='ocrx_word' id='word_1_1002' title='bbox 2869 5593 3009 5654; x_wconf 84' lang='lat' dir='ltr'><strong>juxta</strong></span> <span class='ocrx_word' id='word_1_1003' title='bbox 3043 5583 3172 5656; x_wconf 81' lang='lat' dir='ltr'><strong>Lxx&#39;,</strong></span> <span class='ocrx_word' id='word_1_1004' title='bbox 3210 5583 3283 5648; x_wconf 69' lang='lat' dir='ltr'><strong>ne</strong></span> 
     </span>
    </p>
   </div>
   <div class='ocr_carea' id='block_1_119' title="bbox 2105 5647 2863 5701">
    <p class='ocr_par' dir='ltr' id='par_1_119' title="bbox 2105 5647 2863 5701">
     <span class='ocr_line' id='line_1_119' title="bbox 2105 5647 2863 5701; baseline 0.007 -7"><span class='ocrx_word' id='word_1_1005' title='bbox 2105 5653 2157 5695; x_wconf 83' lang='lat' dir='ltr'><strong>Et</strong></span> <span class='ocrx_word' id='word_1_1006' title='bbox 2176 5647 2418 5697; x_wconf 87' lang='lat' dir='ltr'><strong>consentit</strong></span> <span class='ocrx_word' id='word_1_1007' title='bbox 2439 5647 2666 5701; x_wconf 65' lang='lat' dir='ltr'><strong>hebraeus</strong></span> <span class='ocrx_word' id='word_1_1008' title='bbox 2682 5657 2863 5701; x_wconf 86' lang='lat' dir='ltr'><strong>textus.</strong></span> 
     </span>
    </p>
   </div>
   <div class='ocr_carea' id='block_1_120' title="bbox 2170 5709 3693 5784">
    <p class='ocr_par' dir='ltr' id='par_1_120' title="bbox 2170 5709 3693 5784">
     <span class='ocr_line' id='line_1_120' title="bbox 2170 5709 3693 5784; baseline 0.012 -27"><span class='ocrx_word' id='word_1_1009' title='bbox 2170 5709 2284 5784; x_wconf 44' lang='lat' dir='ltr'><strong>{sic</strong></span> <span class='ocrx_word' id='word_1_1010' title='bbox 2306 5716 2408 5758; x_wconf 84' lang='lat' dir='ltr'><strong>Mss.</strong></span> <span class='ocrx_word' id='word_1_1011' title='bbox 2433 5719 2664 5784; x_wconf 65' lang='lat' dir='ltr'><strong>cuinpar.</strong></span> <span class='ocrx_word' id='word_1_1012' title='bbox 2693 5720 2744 5761; x_wconf 84' lang='lat' dir='ltr'><strong>et</strong></span> <span class='ocrx_word' id='word_1_1013' title='bbox 2762 5711 2898 5763; x_wconf 76' lang='lat' dir='ltr'><strong>vlim.</strong></span> <span class='ocrx_word' id='word_1_1014' title='bbox 2925 5720 2980 5765; x_wconf 79' lang='lat' dir='ltr'><strong>At</strong></span> <span class='ocrx_word' id='word_1_1015' title='bbox 3000 5723 3129 5781; x_wconf 62' lang='lat' dir='ltr'><strong>mm,</strong></span> <span class='ocrx_word' id='word_1_1016' title='bbox 3155 5733 3187 5769; x_wconf 86' lang='grc' dir='ltr'><em>α</em></span> <span class='ocrx_word' id='word_1_1017' title='bbox 3207 5718 3365 5773; x_wconf 84' lang='lat' dir='ltr'><strong>tritico</strong></span> <span class='ocrx_word' id='word_1_1018' title='bbox 3384 5729 3430 5773; x_wconf 86' lang='lat' dir='ltr'><strong>et</strong></span> <span class='ocrx_word' id='word_1_1019' title='bbox 3451 5719 3573 5784; x_wconf 79' lang='lat' dir='ltr'><strong>vino,</strong></span> <span class='ocrx_word' id='word_1_1020' title='bbox 3595 5719 3693 5773; x_wconf 75' lang='lat' dir='ltr'><strong>Ita-</strong></span> 
     </span>
    </p>
   </div>
   <div class='ocr_carea' id='block_1_121' title="bbox 2107 5771 2570 5823">
    <p class='ocr_par' dir='ltr' id='par_1_121' title="bbox 2107 5771 2570 5823">
     <span class='ocr_line' id='line_1_121' title="bbox 2107 5771 2570 5823; baseline -0.006 -1"><span class='ocrx_word' id='word_1_1021' title='bbox 2107 5771 2212 5822; x_wconf 87' lang='lat' dir='ltr'><strong>bent</strong></span> <span class='ocrx_word' id='word_1_1022' title='bbox 2235 5771 2296 5820; x_wconf 88' lang='lat' dir='ltr'><strong>de</strong></span> <span class='ocrx_word' id='word_1_1023' title='bbox 2318 5784 2426 5821; x_wconf 89' lang='lat' dir='ltr'><strong>rore</strong></span> <span class='ocrx_word' id='word_1_1024' title='bbox 2449 5771 2570 5823; x_wconf 68' lang='lat' dir='ltr'><strong>caeli.</strong></span> 
     </span>
    </p>
   </div>
   <div class='ocr_carea' id='block_1_122' title="bbox 2168 5833 2831 5897">
    <p class='ocr_par' dir='ltr' id='par_1_122' title="bbox 2168 5833 2831 5897">
     <span class='ocr_line' id='line_1_122' title="bbox 2168 5833 2831 5897; baseline 0.008 -16"><span class='ocrx_word' id='word_1_1025' title='bbox 2168 5834 2189 5865; x_wconf 61' lang='grc'>⁸</span> <span class='ocrx_word' id='word_1_1026' title='bbox 2213 5841 2264 5882; x_wconf 90' lang='lat' dir='ltr'><strong>tn</strong></span> <span class='ocrx_word' id='word_1_1027' title='bbox 2284 5833 2472 5884; x_wconf 85' lang='lat' dir='ltr'><strong>duobus</strong></span> <span class='ocrx_word' id='word_1_1028' title='bbox 2493 5843 2619 5897; x_wconf 54' lang='lat' dir='ltr'><strong>Mss,</strong></span> <span class='ocrx_word' id='word_1_1029' title='bbox 2642 5833 2831 5890; x_wconf 80' lang='lat' dir='ltr'><strong>habent.</strong></span> 
     </span>
    </p>
   </div>
  </div>
