4014 6310
302 366 369 423 ιθ
1810 356 1897 413 SE?

2006 356 2037 413 Ο
2076 356 2163 412 IV.
3499 368 3571 426 ω

297 481 365 535 ab
390 478 639 533 ubertate
659 485 836 543 terras,
854 474 993 546 quod
1016 480 1209 529 norunt
1232 473 1339 537 illi,
1364 471 1453 543 qui
1472 471 1581 543 jam
1608 471 1889 526 voluerunt

295 589 418 629 esse
448 574 733 643 participes
760 571 1134 642 mysteriorum
1164 567 1419 621 ﬁdelium.

364 664 595 721 CAPUT
635 662 828 717 XXIX.
856 692 929 702 -—-
969 662 1055 717 δι).
1108 659 1292 716 Omnes
1333 667 1498 730 gentes
1541 658 1891 729 spiritualibus

295 757 555 827 subjectw.
596 754 729 809 Cum
781 754 849 808 ad
903 753 1089 809 ambos
1136 751 1438 822 pertineant
1487 752 1624 817 ista,
1667 766 1771 804 non
1808 758 1890 803 ta-

295 864 422 903 men
479 847 751 917 pertinent
802 860 990 900 omnes
1043 851 1229 914 gentes
1279 841 1380 897 nisi
1435 841 1502 896 ad
1555 840 1887 912 spirituales,

299 942 427 1011 quia
450 939 550 1009 ipsi
574 938 845 1008 pertinent
887 936 952 991 ad
998 936 1318 1003 Ecclesiam,
1364 949 1481 1003 qua:
1534 934 1774 1003 implevit
1806 941 1891 986 to-

295 1044 411 1089 tum
432 1033 617 1087 orbem
647 1040 932 1086 terrarum.
962 1028 1254 1095 Attendite,
1287 1025 1497 1088 fratres,
1530 1035 1585 1081 et
1604 1024 1892 1079 discernite

294 1137 556 1197 quantum
588 1123 835 1194 potestis,
871 1122 955 1176 vel
998 1130 1251 1191 quantum
1293 1119 1445 1174 vobis
1488 1118 1743 1173 Dominus
1777 1117 1887 1171 dat.

297 1219 480 1275 Omnis
506 1217 798 1288 spiritualis
830 1214 975 1269 videt
1000 1214 1119 1284 quia
1147 1212 1381 1267 Ecclesia
1410 1228 1504 1282 per
1518 1220 1684 1265 totum
1706 1210 1893 1265 orbem

298 1321 562 1366 terrarum
587 1318 671 1364 est
700 1322 824 1371 una,
852 1322 1000 1370 vera,
1028 1304 1287 1360 catholica
1309 1346 1324 1371 ,
1363 1311 1417 1358 et
1456 1303 1586 1357 nihil
1614 1302 1713 1357 sibi
1736 1316 1889 1356 arro-

290 1414 403 1475 gat,
439 1414 493 1457 et
518 1402 713 1455 tolerat
758 1408 971 1469 peccata
1020 1398 1332 1464 hominum,
1379 1411 1513 1467 quos
1553 1411 1658 1450 non
1712 1401 1890 1466 potest

296 1509 530 1563 purgare
560 1491 625 1545 de
646 1505 769 1544 area
799 1489 1083 1553 dominica,
1115 1499 1399 1558 antequam
1427 1488 1607 1542 veniat
1640 1487 1727 1541 ille
1766 1486 1893 1540 ulti-

292 1602 415 1642 mus
441 1586 748 1651 ventilator,
774 1585 860 1653 qui
892 1582 997 1636 falli
1024 1598 1127 1636 non
1150 1589 1361 1651 potest,
1391 1591 1449 1633 ut
1483 1592 1669 1651 purget
1712 1594 1892 1633 aream

291 1695 473 1744 suam,
505 1687 562 1733 et
586 1676 917 1730 frumentum
948 1675 1122 1728 mittat
1164 1674 1216 1726 in
1257 1672 1539 1752 horreum,
1588 1672 1766 1741 paleas
1797 1686 1892 1724 au-

292 1783 399 1825 tem
434 1769 527 1823 det
556 1768 620 1821 ad
647 1766 1065 1820 comburendum
1100 1764 1308 1837 (Matth.
1341 1780 1418 1825 1n,
1450 1764 1537 1833 15)
1575 1780 1587 1814 :
1629 1762 1748 1831 quia
1780 1762 1895 1831 ipse

290 1862 457 1915 habet
486 1859 778 1914 excludere
810 1860 1035 1926 paleam,
1074 1867 1126 1910 et
1168 1871 1448 1924 segregare
1475 1872 1501 1907 a
1527 1856 1811 1920 frumento,
1841 1861 1896 1909 et

293 1967 610 2022 pra-parare
641 1951 891 2003 horreum
927 1949 1124 2013 tritico,
1150 1947 1317 2017 paleis
1342 1948 1538 2015 ignem.
1570 1946 1749 2015 Itaque
1773 1945 1893 2014 quia

292 2044 470 2108 novit,
503 2043 701 2096 tolerat
733 2049 1043 2109 peccatores
1073 2040 1123 2092 in
1155 2038 1259 2093 ﬁne
1290 2037 1634 2107 Separandos.
1657 2037 1757 2091 Per
1781 2051 1896 2089 om-

289 2152 391 2191 nes
421 2147 617 2206 gentes
650 2141 957 2203 peccatores
984 2141 1038 2186 et
1060 2146 1247 2186 omnes
1290 2130 1531 2185 carnales
1575 2129 1725 2182 mixti
1771 2138 1898 2183 sunt

292 2228 693 2299 spiritualibus,
726 2238 776 2281 et
806 2227 1047 2281 serviunt
1074 2225 1154 2280 eis
1188 2243 1201 2278 :
1232 2224 1534 2293 Spirituales
1569 2233 1745 2277 autem
1787 2237 1897 2277 non

292 2324 582 2383 serviunt;
610 2319 733 2389 quia
765 2317 831 2371 de
858 2317 963 2370 illis
993 2315 1293 2385 proﬁciunt,
1323 2330 1445 2369 cum
1486 2314 1585 2383 ipsi
1619 2313 1892 2368 deﬁciunt.

293 2411 599 2477 Attendite,
630 2409 821 2463 fratres
847 2409 984 2473 mei;
1017 2407 1211 2471 dicam,
1242 2407 1286 2461 si
1309 2421 1525 2475 possum
1546 2447 1560 2469 ,
1591 2414 1643 2459 et
1681 2420 1785 2459 non
1828 2405 1896 2458 ti-

293 2518 497 2567 meam,
530 2516 635 2558 non
677 2499 900 2553 tacebo:
928 2512 1122 2568 urgeor
1147 2497 1288 2551 enim
1318 2504 1375 2549 ut
1398 2495 1570 2550 dicam
1598 2514 1609 2549 :
1636 2495 1735 2549 etsi
1767 2494 1897 2549 mihi

298 2595 440 2649 forte
465 2593 621 2661 aliqui
655 2590 1092 2655 succensuerint;
1131 2588 1223 2644 sed
1264 2588 1391 2643 dent
1432 2588 1641 2643 veniam
1666 2628 1681 2654 ,
1737 2588 1897 2641 timeo

300 2687 468 2751 enim,
496 2694 556 2738 ut
585 2685 725 2748 dixi;
769 2683 946 2738 timori
992 2682 1119 2737 dent
1158 2683 1390 2736 veniam.
1441 2681 1685 2736 Christus
1723 2682 1897 2736 nemi-

304 2792 428 2831 nem
451 2775 625 2829 timuit
654 2791 668 2826 :
702 2789 800 2828 nos
828 2781 1004 2828 autem
1033 2772 1301 2827 Christum
1356 2770 1592 2826 timendo
1623 2785 1728 2825 non
1773 2786 1898 2840 par-

299 2870 492 2933 cimus,
520 2883 591 2923 ne
621 2869 796 2931 nobis,
824 2866 950 2920 dum
981 2868 1112 2920 tales
1141 2865 1389 2919 nolumus
1438 2866 1777 2931 contristare,
1811 2864 1899 2919 ille

303 2975 412 3015 non
436 2967 642 3028 parcat.
676 2957 814 3023 Quid
842 2957 999 3011 velim
1025 2957 1208 3011 dicere
1241 2955 1535 3025 dignamini
1579 2955 1799 3022 audire,
1847 2964 1902 3010 et

300 3050 662 3105 intentissime
687 3050 983 3103 advertere.
1014 3049 1350 3117 Acceperunt
1376 3046 1533 3100 ambo
1562 3061 1593 3100 a
1622 3060 1745 3100 rore
1779 3047 1901 3103 caeli

300 3158 355 3204 et
375 3148 445 3201 ab
471 3147 718 3201 ubertate
743 3153 922 3211 terrm,
954 3143 1117 3198 Jaeob
1137 3151 1190 3198 et
1219 3142 1389 3206 Esau;
1429 3141 1587 3196 ambo
1625 3140 1752 3195 illud
1804 3141 1899 3195 ha-

300 3242 429 3296 bent
459 3238 601 3309 quod
616 3238 727 3306 jam
760 3236 1008 3301 diximus,
1038 3233 1177 3304 quod
1206 3233 1469 3298 novimus,
1494 3231 1633 3300 quod
1680 3231 1847 3285 nostis
1885 3248 1898 3285 :

301 3336 395 3391 sed
426 3343 482 3387 ut
507 3332 745 3386 serviant
766 3330 814 3383 ei
834 3336 1041 3400 gentes,
1070 3342 1177 3380 non
1204 3326 1409 3394 accepit
1434 3325 1530 3378 nisi
1559 3324 1750 3387 Jacob;
1780 3323 1902 3393 quia

300 3427 551 3483 carnales
576 3428 629 3478 in
654 3424 889 3477 Ecclesia
923 3437 1016 3492 per
1037 3430 1203 3474 totum
1240 3419 1423 3472 orbem
1482 3427 1742 3471 terrarum
1796 3432 1901 3471 non

303 3518 550 3574 serviunt
575 3517 677 3570 nisi
709 3514 1090 3585 spiritualibus.
1118 3510 1331 3578 Quare?
1358 3509 1489 3576 Quia
1511 3508 1577 3562 de
1605 3508 1707 3562 illis
1736 3509 1899 3578 proﬁ-

302 3612 454 3668 ciunt
473 3609 801 3680 spirituales.
844 3606 976 3661 Nam
1020 3605 1141 3659 ideo
1175 3603 1417 3658 carnales
1458 3602 1703 3655 homines
1761 3601 1902 3656 servi

305 3703 597 3757 dicuntur:
632 3708 686 3754 et
714 3699 757 3751 si
782 3697 925 3768 quod
952 3697 1139 3750 nolunt
1177 3693 1409 3759 faciunt,
1462 3692 1677 3762 prodest
1722 3699 1901 3746 tamen

305 3794 674 3865 Spiritualibus
698 3792 836 3846 mala
870 3789 1204 3844 conversatio
1230 3786 1557 3851 carnalium;
1604 3785 1725 3854 quia
1752 3794 1805 3838 et
1835 3800 1901 3863 ex

307 3887 504 3941 eadem
533 3884 927 3939 conversatione
974 3882 1287 3952 proﬁciunt,
1324 3888 1378 3935 et
1423 3894 1516 3948 per
1567 3878 1899 3933 tolerantiam

307 3989 663 4036 COI’OIIIHIIUI'.

320 4022 609 4147 ivC-i-PUT
650 4068 818 4123 XXX.
846 4098 919 4109 —-
948 4069 1033 4123 535.
1067 4066 1367 4121 Carnutibus
1408 4081 1496 4118 cur
1525 4080 1625 4118 non
1664 4022 1902 4133 subjecta:

306 4172 499 4234 gentes.
536 4160 776 4215 lntendat
800 4158 1062 4213 Sanctitas
1082 4166 1258 4212 vestra
1276 4155 1415 4226 quod
1432 4155 1680 4209 dicimus.
1706 4154 1781 4207 Illi
1807 4170 1902 4208 au-

309 4266 417 4309 tem
433 4255 575 4307 Esau
605 4267 707 4306 non
733 4260 855 4304 sunt
882 4250 1020 4304 datm
1039 4260 1227 4319 gentes
1248 4266 1259 4301 :
1280 4248 1404 4318 quia
1430 4262 1615 4302 omnes
1636 4248 1896 4312 carnales,

308 4349 397 4417 qui
430 4356 557 4401 sunt
599 4346 650 4399 in
688 4344 943 4409 Ecclesia,
976 4352 1066 4397 aut
1104 4342 1259 4397 divisi
1289 4350 1431 4406 sunt,
1460 4351 1550 4394 aut
1575 4342 1757 4396 faciles
1779 4351 1901 4395 sunt

308 4440 373 4492 ad
406 4438 747 4491 divisionem.
790 4435 927 4489 Ecce
952 4449 1073 4503 pars
1102 4434 1293 4487 Donati
1322 4433 1445 4487 inde
1470 4431 1605 4486 facta
1634 4441 1711 4485 est
1732 4473 1745 4496 ,
1778 4431 1901 4487 inde

309 4540 391 4585 est
414 4572 429 4595 ,
454 4529 523 4583 de
566 4527 694 4598 ipsis
720 4527 1020 4581 carnalibus
1046 4525 1331 4580 carnaliter
1360 4524 1728 4579 sentientibus.
1765 4523 1899 4578 Car-

308 4623 460 4676 nales
480 4630 641 4676 erant
675 4619 802 4674 :sed
830 4620 845 4650 ¹
879 4620 1000 4688 quia
1026 4618 1353 4687 quaesierunt
1392 4616 1650 4669 honorem
1708 4630 1861 4669 suum
1883 4658 1897 4682 ,

309 4714 393 4768 vel
420 4712 729 4783 patientiam
762 4710 1124 4781 perdiderunt,
1155 4709 1472 4764 invenerunt
1490 4709 1717 4775 aditum,‘
1744 4717 1799 4763 et
1816 4708 1898 4763 di-

310 4805 408 4859 visi
439 4812 567 4859 sunt
592 4822 604 4856 :
637 4811 947 4858 amaverunt
973 4802 1229 4856 honorem
1252 4816 1435 4867 suum,
1478 4800 1704 4854 multum
1730 4801 1778 4855 ei
1800 4800 1902 4855 tri-

310 4899 566 4962 buerunt,
598 4896 759 4968 typho
782 4895 1043 4963 superbia:
1072 4902 1399 4958 tumuerunt,
1450 4908 1558 4947 non
1603 4892 1902 4948 habuerunt

314 4990 680 5053 tolerantiam,
712 4988 763 5042 id
783 4996 884 5052 est,
928 5002 1033 5041 non
1066 4986 1365 5041 habuerunt
1389 4985 1723 5040 charitatem.
1761 4986 1903 5041 Scri-

312 5091 464 5151 ptum
486 5088 571 5134 est
596 5080 739 5134 enim
774 5078 1040 5133 :Charitas
1073 5078 1242 5131 omnia
1284 5075 1500 5144 tolerat,
1534 5078 1703 5130 omnia
1747 5077 1900 5130 susti-

310 5186 555 5239 net;non
581 5174 880 5240 armulatur,
911 5189 1011 5227 non
1051 5172 1283 5242 inﬂatur,
1330 5188 1431 5225 non
1482 5172 1586 5242 agit
1640 5187 1904 5241 perperam

314 5270 335 5342 (
364 5271 384 5324 I
416 5270 537 5324 Cor.
564 5286 682 5336 xm,
709 5270 764 5336 7,
796 5266 872 5340 4).
896 5268 1077 5336 Itaque
1112 5265 1369 5337 quidquid
1413 5264 1556 5319 aliud
1609 5264 1899 5329 haberent,

314 5365 443 5434 quia
471 5362 602 5417 illud
624 5377 729 5415 non
757 5360 1024 5415 habebant
1063 5374 1156 5428 per
1199 5357 1341 5428 quod
1381 5356 1599 5427 prodest
1646 5355 1900 5426 quidquid

316 5456 565 5522 habetur,
588 5454 885 5509 diviserunt
909 5467 987 5508 se.
1018 5452 1085 5505 Et
1107 5458 1368 5522 quotquot
1387 5448 1621 5505 haereses
1650 5449 1732 5503 vel
1761 5464 1899 5518 pra:-

316 5553 549 5606 cisiones
571 5559 626 5606 et
660 5550 948 5605 schismata
978 5547 1114 5601 facta
1168 5554 1324 5610 sunt,
1371 5560 1467 5615 per
1517 5544 1617 5598 hos
1661 5544 1902 5598 carnales

320 5642 459 5696 facta
480 5651 623 5696 sunt.
654 5643 761 5697 Aut
788 5641 931 5697 enim
978 5639 1261 5695 carnaliter
1290 5644 1606 5703 senserunt,
1657 5645 1711 5691 et
1758 5636 1900 5692 fece-

385 5780 403 5808 ι
430 5774 678 5839 Parumne,
699 5773 802 5835 sed,
831 5781 880 5825 et
899 5787 1000 5839 1m:
1027 5775 1105 5824 hic
1128 5772 1270 5837 paulo
1298 5777 1409 5836 post
1438 5771 1664 5830 occurrit,
1688 5769 1778 5831 vel,
1817 5770 1902 5820 ab-

323 5844 402 5885 est
423 5850 450 5885 a
468 5838 659 5884 duobus
680 5843 785 5885 uss.

1997 480 2120 528 runt
2144 472 2244 530 sibi
2265 473 2523 545 imagines
2542 478 2969 548 phantasmatum
2992 492 3208 535 suorum
3226 519 3241 547 ,
3274 488 3329 536 et
3356 494 3570 538 errave‘

1994 575 2139 634 runt,
2168 574 2222 622 et
2244 568 2695 638 reprehenditeos
2722 572 2853 628 ﬁdes
2879 573 3177 640 catholica;
3215 582 3268 628 et
3313 588 3434 629 cum
3481 591 3569 630 ar-

1994 666 2303 727 guerentur,
2336 662 2533 717 exclusi
2560 671 2681 717 sunt
2710 664 2851 719 foras
2872 665 3107 735 pondere
3151 679 3247 720 suo
3292 682 3307 718 :
3351 672 3443 720 aut
3486 665 3570 720 in-

1994 751 2270 807 venientes
2296 753 2395 808 sibi
2418 754 2537 809 lites
2560 764 2613 809 et
2633 756 2926 813 simultates
2954 772 3073 813 cum
3117 756 3420 814 hominibus
3438 800 3454 827 ,
3493 757 3574 813 di-

1994 848 2235 903 viserunt
2262 864 2336 904 se.
2364 850 2465 916 Qui
2492 866 2549 906 se
2569 866 2695 921 ergo
2724 851 3030 921 diviserunt,
3063 852 3165 908 nisi
3184 852 3251 907 ad
3290 866 3423 923 quos
3443 866 3569 922 per-

2000 943 2128 997 tinet
2146 943 2352 1013 gladius
2372 944 2484 1008 ille,
2510 944 2576 999 de
2600 959 2703 1015 quo
2732 944 2931 999 dictum
2958 955 3057 1013 est,
3086 945 3151 999 In
3178 945 3348 1016 gladio
3376 953 3462 999 tuo
3489 946 3567 998 ei-

1996 1036 2119 1090 ves?
2144 1034 2261 1089 Non
2286 1036 2407 1106 quia
2426 1035 2632 1107 gladius
2662 1051 2769 1091 non
2796 1035 3052 1105 accipitur
3103 1037 3154 1091 in
3192 1038 3333 1091 bono
3384 1054 3397 1090 :
3449 1051 3571 1091 nam

1998 1126 2442 1195 quemadmodum
2464 1127 2602 1182 dicta
2632 1137 2755 1182 sunt
2787 1128 2873 1182 illa
2901 1128 3194 1198 superiora,
3241 1129 3292 1183 id
3323 1136 3405 1184 est
3433 1142 3572 1199 quo-

1998 1219 2157 1273 modo
2185 1220 2440 1289 accipitur
2473 1221 2605 1289 lapis
2644 1221 2763 1289 ille,
2812 1230 2865 1275 et
2916 1220 2983 1275 ad
3026 1220 3324 1275 ﬁrmitatem
3354 1229 3578 1290 propter

1998 1311 2306 1378 Christum,
2351 1322 2403 1367 et
2450 1314 2513 1367 ad
2552 1314 3019 1383 reprehensionem
3071 1323 3287 1383 propter
3324 1313 3574 1377 stultum;

1997 1405 2267 1475 quomodo
2287 1406 2372 1459 leo
2401 1405 2573 1461 dicttts
2602 1416 2683 1460 est
2713 1406 2957 1461 Christus
2982 1415 3198 1477 propter
3223 1404 3386 1471 aliud,
3417 1413 3470 1459 et
3495 1405 3579 1460 leo

2000 1497 2172 1551 dictus
2202 1505 2283 1551 est
2311 1497 2551 1552 diabolus
2579 1507 2795 1569 propter
2824 1498 2965 1552 aliud
2999 1512 3011 1551 :
3053 1498 3130 1552 sic
3160 1497 3417 1566 accipitur
3459 1496 3573 1566 gla-

1999 1588 2117 1643 dius
2145 1589 2425 1659 aliquando
2460 1592 2512 1645 in
2540 1590 2698 1653 bono,
2732 1590 3013 1660 aliquando
3044 1590 3094 1644 in
3130 1590 3289 1645 malo.
3339 1587 3446 1643 Sed
3492 1586 3581 1643 hic

1999 1694 2105 1733 non
2136 1679 2251 1734 sine
2281 1695 2439 1735 causa
2467 1695 2571 1735 non
2598 1681 2753 1734 datus
2799 1689 2881 1736 est
2914 1680 3111 1744 Iacob,
3161 1680 3253 1735 sed
3299 1679 3454 1735 datus
3499 1684 3582 1733 est

2000 1770 2178 1825 Esau:
2210 1772 2310 1825 nisi
2338 1770 2461 1841 quia
2498 1772 2696 1841 aliquid
2728 1772 2965 1842 mysterii
2998 1772 3329 1842 signiﬁcatur
3362 1769 3416 1823 in
3468 1768 3593 1839 gla-r

2000 1864 2132 1919 dio‘.
2162 1865 2439 1932 Quomodo
2463 1873 2517 1918 et
2540 1865 2651 1933 ipsa
2682 1864 2911 1918 servitus
2953 1879 3058 1917 non
3085 1872 3163 1915 est
3190 1862 3360 1916 aliena
3390 1876 3419 1914 a
3461 1874 3581 1929 my-

2002 1956 2201 2021 sterio;
2235 1957 2285 2009 id
2324 1965 2424 2021 eSt,
2469 1956 2608 2025 quod
2638 1955 2837 2009 dictum
2880 1963 2980 2020 est,
3034 1953 3231 2008 Servios
3272 1953 3419 2023 fratri
3458 1960 3583 2005 tuo:

2002 2063 2124 2100 nam
2150 2056 2203 2101 et
2233 2047 2335 2101 hoc
2362 2047 2413 2100 in
2444 2062 2635 2117 magno
2663 2046 2919 2118 mysterio
2947 2047 3145 2099 dictum
3172 2053 3273 2098 est.

2071 2140 2295 2195 CAPUT
2334 2140 2733 2194 XXXl.—54.
2780 2140 2967 2195 Contra
3010 2140 3368 2194 schismaticos.
3420 2137 3583 2207 Ergo,

2001 2230 2228 2296 fratres,
2276 2231 2365 2300 qui
2413 2246 2470 2285 se
2517 2232 2794 2298 dividttnt,
2844 2232 2942 2301 ipsi
2987 2231 3184 2285 habent
3227 2231 3456 2300 gladium
3500 2229 3583 2284 di-

2000 2323 2249 2387 visionis,
2300 2334 2354 2378 et
2403 2325 2457 2378 in
2498 2325 2670 2395 gladio
2710 2341 2807 2379 suo
2849 2326 3166 2389 moriuntur,
3217 2331 3270 2375 ct
3319 2325 3368 2376 in
3410 2322 3586 2393 gladio

2002 2433 2098 2472 suo
2131 2418 2331 2472 vivunt.
2358 2418 2461 2473 Sed
2500 2420 2621 2487 quia
2658 2434 2844 2473 verum
2892 2418 3105 2471 dixerat
3150 2416 3431 2480 Dominus,
3488 2414 3589 2480 Qui

2002 2510 2172 2579 gladio
2222 2511 2471 2580 percutit,
2521 2510 2691 2581 gladio
2738 2509 2977 2562 morietur
3016 2508 3227 2578 (Matth.
3262 2524 3419 2573 xxv1,
3451 2505 3584 2576 52);

2003 2601 2177 2655 videte
2198 2601 2338 2665 illos,
2368 2600 2559 2655 fratres
2590 2601 2715 2667 mei,
2750 2600 2837 2669 qui
2869 2614 2925 2652 se
2969 2600 3035 2653 ab
3080 2598 3281 2652 unitate
3329 2596 3589 2667 praecide-

2002 2703 2149 2759 runt,
2180 2692 2233 2745 in
2256 2700 2383 2761 quot
2404 2691 2574 2745 frusta
2595 2690 2803 2760 przecisi
2830 2697 2971 2743 sunt.
3005 2688 3180 2741 Nostis
3233 2695 3363 2756 quot
3412 2697 3590 2756 partes

2004 2784 2131 2839 fecit
2162 2800 2284 2856 pars
2328 2784 2554 2849 Donati,
2610 2798 2707 2837 nec
2746 2782 2975 2836 arbitror
3026 2782 3187 2835 latere
3243 2781 3589 2836 Sanctitatem

2004 2884 2271 2942 vestram,
2322 2876 2443 2944 quia
2468 2874 2557 2944 qui
2605 2873 2778 2943 gladio
2822 2872 3083 2943 percutit,
3135 2871 3313 2941 gladio
3377 2870 3588 2942 peribit.

2008 2968 2216 3022 Dictum
2246 2976 2329 3021 est
2356 2968 2450 3033 illi,
2483 2965 2551 3019 In
2572 2967 2744 3037 gladio
2776 2974 2859 3019 tuo
2889 2968 3038 3017 vives.
3067 2964 3157 3018 Sic
3182 2973 3235 3018 et
3260 2964 3333 3018 illi
3364 2965 3451 3033 qui
3483 2977 3589 3018 non

2007 3068 2343 3115 recesserunt
2370 3060 2436 3113 ab
2462 3058 2722 3124 Ecclesia,
2745 3066 2798 3111 et
2827 3057 2959 3111 tales
2987 3065 3128 3123 sunt,
3166 3056 3348 3127 quales
3377 3056 3421 3109 si
3464 3054 3593 3110 foris

2007 3160 2204 3207 essent.
2236 3151 2336 3219 Qui
2358 3152 2501 3205 enim
2545 3157 2726 3204 amant
2778 3149 3007 3204 honores
3046 3162 3171 3202 suos
3205 3148 3258 3201 in
3304 3147 3542 3203 Ecclesia
3571 3187 3589 3214 ,

2007 3247 2226 3301 omnino
2272 3245 2402 3298 tales
2438 3253 2599 3310 sunt;
2647 3243 2738 3314 qui
2790 3251 2970 3296 amant
3002 3243 3023 3273 ³
3064 3242 3115 3295 in
3166 3241 3400 3295 Ecclesia
3445 3254 3595 3294 com-

2009 3337 2165 3391 moda
2196 3352 2290 3390 sua
2318 3336 2608 3401 saecularia,
2635 3345 2689 3390 et
2713 3336 2811 3404 ipsi
2858 3335 3007 3405 palea
3046 3343 3201 3398 sunt;
3248 3332 3343 3388 sed
3395 3342 3588 3387 ventus

2008 3428 2179 3496 deest,
2204 3428 2325 3482 ideo
2352 3444 2453 3482 non
2481 3428 2663 3482 volant
2699 3427 2766 3499 de
2817 3442 2938 3481 area
2980 3446 2990 3481 :
3024 3427 3124 3480 hoc
3162 3434 3244 3482 est
3285 3426 3427 3497 quod
3474 3425 3594 3480 dico

2008 3522 2262 3588 breviter,
2293 3523 2512 3575 tentatio
2538 3522 2707 3589 deest,
2738 3537 2861 3575 nam
2889 3522 3130 3575 volarent
3156 3520 3223 3574 de
3245 3535 3388 3574 area.
3425 3520 3589 3574 Deni-

2007 3630 2109 3685 que
2135 3614 2343 3684 quando
2364 3624 2547 3668 contra
2570 3614 2687 3667 illos
2716 3614 2913 3683 aliquid
2937 3614 3104 3683 egerit
3146 3614 3383 3668 Ecclesia
3405 3654 3418 3677 ,
3456 3628 3593 3682 quo-

2009 3708 2168 3762 modo
2190 3707 2343 3761 facile
2370 3723 2426 3761 se
2457 3707 2797 3775 prmcidunt?
2828 3706 3094 3775 quomodo
3121 3706 3274 3761 facile
3300 3715 3447 3759 extra
3477 3706 3592 3759 col-

2007 3802 2195 3872 ligunt,
2230 3802 2490 3855 etnolunt
2517 3800 2785 3854 dimittere
2831 3800 3180 3869 principatum
3220 3799 3406 3852 suum?
3458 3813 3588 3868 quo-

2007 3894 2167 3949 modo
2190 3910 2284 3964 pro
2308 3895 2422 3963 ipso
2447 3894 2745 3963 principatu
2772 3894 2907 3947 mori
2949 3892 3170 3945 volunt?
3208 3891 3476 3961 quomodo
3510 3899 3593 3946 te-

2006 4002 2134 4042 nere
2163 3987 2344 4040 volunt
2371 3986 2470 4039 sub
2501 4001 2558 4040 se
2590 3985 2771 4055 plebes
2798 4027 2812 4052 ,
2859 3993 2913 4039 et
2952 4000 3060 4038 non
3094 3984 3362 4039 dimittere
3407 3983 3593 4053 plebes

2006 4083 2194 4137 unitati
2232 4080 2466 4136 Christi?
2510 4079 2774 4149 quomodo
2821 4078 3002 4133 volunt
3035 4077 3211 4132 facere
3252 4076 3420 4131 oves’
3445 4090 3592 4144 suas,

2006 4192 2138 4247 quas
2163 4192 2260 4229 suo
2288 4174 2545 4242 sanguine
2573 4187 2681 4226 non
2709 4179 2973 4234 emerunt,
3004 4179 3057 4223 et
3082 4170 3202 4224 ideo
3220 4170 3350 4224 viles
3368 4168 3589 4237 habent,

2005 4269 2128 4338 quia
2154 4266 2261 4321 non
2290 4264 2572 4321 emerunt?
2593 4263 2727 4331 Quid
2758 4278 2891 4333 opus
2916 4272 2998 4317 est
3024 4262 3149 4316 hinc
3185 4261 3380 4315 diutius
3406 4260 3590 4330 dispu-

2007 4360 2161 4413 tare?
2204 4357 2474 4413 Attendite
2523 4356 2640 4411 illos
2682 4372 2777 4427 per
2817 4356 3115 4409 universam
3170 4353 3484 4417 Ecclesiam,
3514 4350 3592 4406 vi-

2006 4451 2127 4506 dete
2164 4451 2324 4515 tales,
2356 4457 2419 4511 et,
2434 4463 2527 4502 eos
2555 4448 2643 4517 qui
2677 4448 2817 4501 intus
2839 4455 2993 4512 sunt,
3022 4454 3075 4500 et
3115 4460 3208 4501 eos
3246 4445 3336 4515 qui
3379 4445 3591 4498 inventa

2006 4544 2284 4600 occasione
2312 4543 2377 4596 de
2404 4556 2527 4596 area
2555 4541 2896 4605 volaverunt,
2944 4549 2997 4595 et
3033 4539 3218 4593 volunt
3257 4553 3436 4593 secum
3480 4548 3589 4592 tra-

2008 4639 2134 4692 here
2171 4651 2363 4707 grana;
2409 4635 2502 4690 sed
2557 4648 2719 4705 grana
2747 4648 2873 4687 vera
2915 4642 2970 4687 et
3011 4633 3164 4703 plena
3203 4632 3445 4706 tolerant
3490 4643 3586 4699 pa-

2006 4728 2160 4792 leam,
2190 4735 2244 4782 et
2269 4734 2483 4780 manent
2506 4725 2557 4778 in
2583 4739 2705 4778 area
2759 4737 2926 4792 usque
2972 4723 3023 4776 in
3078 4722 3270 4788 ﬁnem,
3314 4734 3587 4790 quousque

2005 4822 2181 4876 veniat
2204 4819 2420 4875 ultimus
2439 4818 2720 4872 ventilator
2744 4833 2756 4868 :
2785 4816 2921 4870 sicut
2944 4815 3033 4871 ille
3059 4831 3178 4869 cum
3213 4814 3436 4883 pellibus
3476 4812 3587 4867 hat-
3616 4847 3661 4883 L.

2005 4917 2142 4971 diuis
2172 4914 2411 4969 toleravit
2440 4912 2608 4967 aliena
2639 4918 2875 4981 peccata,
2902 4916 2957 4964 et
2980 4908 3173 4963 meruit
3208 4906 3450 4975 accipere
3490 4904 3587 4959 be-

2007 5009 2360 5066 nedictionem
2389 5015 2687 5076 paternam.

2076 5141 2299 5198 CAPUT
2337 5138 2553 5195 XXXII.
2584 5166 2657 5177 —
2679 5137 2768 5192 '55.
2812 5134 3030 5191 Extorto
3074 5132 3367 5187 benedictio.
3406 5131 3586 5199 Quare

2009 5246 2185 5293 autem
2217 5236 2483 5306 sugillatus
2529 5230 2604 5308 (a)
2637 5231 2783 5287 Isaac
2804 5229 3110 5286 benedixit?
3152 5228 3267 5283 Jam
3298 5228 3441 5283 enim
3486 5241 3585 5281 ne-

2007 5333 2275 5399 cessitate,
2295 5330 2403 5400 jam
2432 5336 2648 5383 coactus
2685 5335 2836 5396 pater
2877 5324 2993 5394 ejus
3014 5323 3147 5379 dixit
3188 5322 3295 5390 illi,
3339 5320 3467 5375 Ecce
3520 5319 3585 5373 ab

2072 5500 2087 5529 ί
2112 5496 2184 5546 sic
2195 5495 2290 5546 duo
2310 5500 2418 5543 Mss.
2444 5491 2563 5542 Editi
2584 5502 2721 5550 vero,
2745 5486 2795 5538 in
2814 5485 2958 5537 malo.

2071 5562 2092 5591 ²
2114 5565 2244 5618 Lov.,
2267 5554 2350 5621 qui
2366 5554 2492 5605 enim
2512 5556 2690 5604 mnam.
2756 5557 2813 5599 Μ.

2072 5623 2092 5654 ³
2116 5630 2194 5669 MS.
2220 5620 2394 5682 Regius
2415 5624 2549 5667 caret
2567 5627 2705 5673 voce,
2729 5625 2851 5663 oves.

2070 5705 2141 5768 (a)
2166 5712 2308 5768 Supra
2335 5704 2381 5750 in
2405 5714 2509 5762 cap.
2534 5698 2591 5748 27
2616 5698 2842 5768 habetur,
2864 5695 3234 5768 strW@m_:
3258 5691 3589 5768 qupdmvideti-

2009 5754 2090 5819 cet
2106 5754 2241 5830 a’pud‘
2256 5754 2550 5830 Lxx_grmce
2574 5767 2706 5830 esset
2723 5754 3156 5830 cattr'naghte'nthos,
3172 5754 3291 5830 Gen}
3310 5756 3361 5817 γ.
3386 5754 3465 5816 27,
3486 5766 3590 5815 mp.

2012 5832 2092 5891 59,
2117 5821 2200 5877 tibi
2224 5840 2352 5877 nunc
2373 5821 2553 5887 legitur
2572 5821 3005 5883 catanuchténthos,
3026 5825 3321 5884 emptum.
