4014 6310
432 357 497 415 si
1107 304 1113 307 ⁷
1666 346 1725 405 s.
1764 338 2129 404 mensum
2163 343 2464 405 smscom
3622 372 3689 427 5,

433 472 659 526 ubertate
676 478 827 524 terrae
852 465 1052 522 erittibi
1077 464 1317 520 habitatio
1349 471 1449 517 ειη
1488 476 1604 517 rore
1641 460 1775 517 cati.
1820 459 1891 515 Et
1942 471 2009 513 ne

376 580 383 583 ‘
440 566 561 623 ideo
585 572 639 620 te
657 572 809 635 putes
838 561 1062 626 bonum,
1085 557 1152 613 In
1177 556 1352 629 gladio
1377 564 1464 611 tuo
1492 556 1641 621 vives,
1670 561 1718 609 et
1745 552 1894 626 ﬂatri
1921 559 2007 605 tuo

432 660 634 714 servies.
654 655 760 714 Sed
780 671 846 711 ne
867 655 933 709 de
958 661 1011 708 te
1037 652 1308 722 desperes,
1331 649 1620 722 quiapotes
1641 657 1693 703 te
1718 646 2003 716 corrigere,

434 749 552 806 Erit
574 758 763 815 autem,
786 763 899 801 cum
921 744 1212 814 deposueris
1232 752 1281 797 et
1314 741 1520 797 solveris
1543 742 1731 813 jugum
1772 738 1836 793 de
1877 738 2007 793 collo

437 852 543 897 tuo.
584 842 721 897 Ecce
753 838 821 894 ab
858 837 1099 893 ubertate
1140 844 1297 891 terra:
1323 845 1378 890 et
1413 848 1443 889 a
1472 849 1594 891 rore
1613 834 1733 890 εωῖί
1760 832 2004 903 accipiet;

434 932 531 991 sed
559 932 704 987 Isaac
731 926 1005 1000 sugillatus
1028 926 1241 998 proiicit
1282 927 1353 981 illi
1387 924 1815 981 benedictionem
1836 964 1853 991 ,
1898 937 2005 977 non

434 1023 543 1079 dat.
571 1022 758 1078 Nonne
787 1020 845 1074 lit
871 1018 1031 1074 modo
1057 1019 1110 1073 in
1131 1017 1366 1074 Ecclesia
1393 1016 1547 1071 malis
1575 1015 1893 1082 hominibus,
1916 1014 2007 1084 qui

432 1113 616 1169 volunt
645 1111 959 1181 perturbare
986 1109 1301 1176 Ecclesium,
1325 1116 1382 1163 ut
1407 1107 1704 1164 tolerantur
1727 1106 1795 1161 ad
1822 1120 2009 1162 neces-

430 1207 639 1263 sitatem
669 1205 833 1276 ipsius
857 1204 1026 1275 pacis,
1056 1210 1116 1258 ut
1148 1201 1513 1269 admittuntur,
1562 1208 1623 1256 ut
1654 1198 1884 1255 habeant
1906 1197 2006 1254 Sa-

428 1306 696 1354 cramenta
726 1294 1065 1351 communia?
1093 1294 1157 1349 Et
1183 1293 1470 1364 aliquando
1511 1294 1676 1349 scitur
1716 1293 1839 1364 quia
1881 1294 2006 1348 mali

430 1399 574 1453 sunt,
603 1397 657 1444 et
684 1387 928 1443 convinci
957 1385 1092 1442 forte
1121 1402 1224 1440 non
1244 1392 1467 1456 possunt
1500 1394 1556 1440 ut
1581 1385 1931 1441 emendentur
1952 1392 2007 1440 et

428 1478 822 1550 degradentur;
862 1486 921 1532 ut
940 1477 1310 1545 excludantur,
1351 1485 1414 1532 ut
1458 1477 2002 1546 exeommunicentur,

427 1585 533 1625 non
559 1578 782 1641 possunt
805 1569 1067 1625 convinci.
1103 1569 1161 1624 Si
1189 1569 1439 1624 institerit
1466 1570 1690 1639 aliquis,
1724 1569 2007 1640 aliquando

425 1663 534 1718 itur
558 1664 612 1717 in
641 1662 999 1732 disruptiones
1030 1658 1304 1717 Ecclesiae.
1327 1660 1546 1733 Cogitur
1561 1662 1888 1734 gubernator
1905 1663 2007 1718 Ec-

425 1756 603 1812 clesiae
632 1764 880 1826 tanquam
910 1754 1109 1821 dicere,
1142 1755 1276 1810 Ecce
1323 1755 1389 1809 ab
1427 1755 1657 1810 ubertate
1700 1766 1853 1810 terra
1913 1756 2011 1810 erit

429 1845 539 1913 tibi,
569 1854 616 1900 et
635 1863 796 1900 arare
820 1846 933 1901 caeli
953 1854 1143 1902 :utere
1164 1843 1550 1914 Sacramentis,
1580 1846 1673 1901 tibi
1715 1846 2006 1902 manducas

425 1938 679 2007 judicium
701 1979 716 2005 ,
749 1938 843 1992 tibi
871 1938 1007 1993 bibis
1022 1938 1285 2009 judicium
1315 1954 1328 1992 :
1358 1938 1459 2003 Qui
1477 1939 1608 1993 enim
1635 1932 1908 1993 inanducat
1957 1949 2006 1994 et

426 2027 545 2081 bibit
575 2028 798 2100 indigne,
811 2027 1061 2101 judicimn
1081 2028 1179 2083 sibi
1196 2029 1471 2083 manducet
1486 2037 1537 2084 et
1559 2026 1680 2084 bibit
1708 2029 1761 2100 (I
1782 2029 1899 2085 Cor.
1928 2045 2002 2097 x1,

425 2118 541 2190 29).
579 2119 726 2173 Nosti
748 2120 869 2189 quia
894 2118 1188 2173 admitteris
1218 2135 1281 2174 ex
1308 2121 1625 2176 necessitate
1648 2120 1793 2191 pacis
1821 2120 2006 2177 Eccle-

426 2210 541 2277 siae,
567 2224 674 2264 non
695 2210 860 2265 babes
887 2211 939 2265 in
960 2211 1119 2266 corde
1146 2212 1246 2266 nisi
1286 2211 1713 2282 perturbationes
1758 2224 1813 2268 et
1869 2214 2006 2268 divi-

425 2303 622 2358 siones.
655 2301 777 2359 Ideo
808 2303 863 2358 in
878 2303 1054 2375 gladio
1083 2315 1176 2359 tuo
1202 2304 1382 2360 vives:
1406 2320 1529 2359 nam
1556 2305 1611 2359 in
1634 2319 1700 2360 eo
1736 2305 1879 2377 quod
1910 2308 1997 2361 ac-

424 2395 559 2464 cipis
579 2410 608 2448 a
633 2409 755 2449 rore
779 2396 920 2462 cceli,
940 2403 993 2450 et
1019 2396 1087 2451 ab
1110 2395 1351 2451 ubertate
1378 2405 1555 2463 terrae,
1579 2410 1686 2451 non
1711 2396 1782 2452 ibi
1813 2397 2003 2463 vivcs’;

422 2500 530 2543 non
558 2486 701 2542 enim
725 2486 829 2541 hoc
858 2497 909 2542 te
928 2486 1173 2551 delectat,
1206 2495 1298 2542 aut
1315 2486 1495 2542 suavis
1510 2488 1707 2544 esttibi
1730 2489 2005 2543 Dominus.

424 2576 483 2633 Si
511 2577 654 2633 enim
680 2577 786 2632 hoc
813 2588 863 2633 te
882 2577 1191 2643 delectaret,
1223 2586 1278 2633 et
1302 2579 1479 2634 suavis
1507 2579 1601 2633 tibi
1625 2588 1768 2635 esset
1812 2580 2001 2634 Domi.-

425 2682 565 2735 nus,
607 2667 894 2723 imitareris
934 2667 1286 2723 humilitatem
1349 2668 1601 2737 Domini,
1655 2685 1761 2725 non
1809 2685 2006 2742 super-

422 2758 567 2814 biam
621 2758 835 2814 diaboli.
872 2757 1167 2832 [Quamvis
1215 2774 1343 2831 ergo
1409 2762 1632 2832 accipiat
1692 2764 2006 2835 mysterium

424 2850 741 2906 humilitatis
778 2851 1018 2906 Domini
1082 2865 1112 2906 a
1177 2867 1302 2908 rore
1359 2854 1481 2910 θωιί
1544 2863 1599 2910 et
1645 2856 1713 2912 ab
1763 2857 2005 2915 ubertate

425 2950 621 3012 terrae,
666 2959 772 2999 non
821 2951 1004 2999 tamen
1052 2944 1270 3014 deponit
1307 2948 1608 3016 superbiam
1657 2947 1889 3015 diaboli;
1918 2951 2005 3007 cui

425 3036 561 3091 nihil
614 3034 827 3101 faciam,
881 3037 970 3108 qui
1024 3051 1239 3108 semper
1298 3039 1717 3098 dissensionibus
1757 3052 1811 3099 et
1861 3043 2004 3100 sedi-

423 3128 661 3185 tionibus
683 3130 879 3200 gaudet
894 3129 981 3205 ³.]
1008 3130 1259 3200 Quamvis
1285 3133 1355 3188 sit
1383 3135 1472 3190 tibi
1500 3136 1599 3192 ista
1631 3138 1936 3195 connuunio
1972 3155 2002 3195 a

422 3234 553 3276 rore
575 3223 695 3278 casti
722 3223 861 3279 etab
880 3223 1124 3281 ubertate
1146 3232 1334 3291 terrae;
1372 3235 1549 3283 tamen
1590 3229 1642 3284 in
1690 3231 1865 3301 gladio
1905 3241 2003 3289 tuo

367 3380 376 3391 ἢ
427 3314 588 3383 vivis,
619 3315 971 3373 seditionibus
996 3327 1050 3373 et
1076 3318 1499 3376 dissensionibus
1532 3332 1624 3376 aut
1662 3324 1862 3394 gaudes
1911 3335 2005 3381 aut

425 3408 661 3464 terreris.
682 3406 821 3463 Muta
849 3424 976 3478 ergo
1007 3419 1077 3475 te,
1105 3420 1160 3465 et
1185 3411 1311 3467 tolle
1328 3411 1515 3483 jngum
1541 3428 1570 3467 a
1591 3415 1732 3471 collo
1760 3424 1871 3471 tuo.

493 3517 718 3575 CAPUT
755 3518 994 3575 XXXIII.
1026 3550 1098 3562 —
1122 3519 1209 3578 56.
1243 3518 1512 3595 Epilogus,
1541 3524 1603 3579 de
1631 3544 1800 3598 pugna
1827 3538 2002 3584 contra

423 3610 680 3666 diabolum
750 3611 977 3684 exemplo
1025 3624 1307 3686 martyrum
1344 3616 1682 3687 suscipienda.
1760 3617 2005 3677 Vincentit'

423 3706 664 3775 martyris
711 3703 961 3760 natalitia.
1007 3704 1132 3761 Haec
1176 3707 1346 3774 vobis,
1402 3708 1630 3775 fratres,
1659 3726 1755 3781 pro
1798 3712 2003 3784 magni-

419 3794 610 3850 tudine
634 3796 1009 3867 mysteriorum
1036 3797 1172 3852 forte
1201 3812 1401 3868 pauca;
1442 3816 1537 3870 pro
1559 3808 1799 3872 tempore
1826 3811 2001 3861 tamen

422 3893 476 3940 et
497 3900 592 3955 pro
614 3885 820 3941 viribus
849 3886 1041 3941 nostris
1065 3895 1119 3941 et
1147 3903 1243 3958 pro
1268 3890 1461 3946 vestris
1488 3891 1654 3946 multa
1676 3890 1819 3948 dicta
1843 3902 1999 3952 sunt:

420 3975 537 4032 etsi
558 3975 695 4032 forte
714 3978 1039 4034 enucleatius
1068 3980 1181 4035 haec
1206 3981 1429 4050 qumstio
1456 3979 1693 4039 discussa
1738 3999 1855 4043 non,
1895 3972 1997 4056 est,

419 4069 614 4139 partim
633 4076 806 4123 tamen
821 4084 1006 4140 magna
1024 4071 1416 4142 mysteria,qu:e
1427 4082 1608 4144 postea
1628 4075 1671 4130 si
1688 4083 1999 4146 tractentur,

420 4160 762 4219 inveniuntur
777 4164 818 4219 ³.
838 4163 969 4221 Date
990 4165 1194 4221 veniam
1215 4172 1273 4221 et
1290 4167 1546 4236 angustia:
1569 4168 1840 4239 temporis,
1856 4179 1908 4225 et
1922 4170 2001 4226 vi-

421 4254 566 4313 ribus
592 4255 807 4322 nostris,
836 4256 1181 4325 etcapacitati
1208 4264 1418 4312 vestras.
1440 4256 1609 4312 Vultis
1639 4258 1759 4328 plus
1786 4273 1997 4331 capere,

423 4348 651 4403 crescite
670 4364 684 4401 :
698 4348 858 4402 vultis
873 4360 1134 4411 crescere,
1152 4347 1290 4403 bene
1307 4348 1483 4404 vivite.
1500 4349 1598 4418 Qui
1611 4352 1750 4405 enim
1773 4366 1880 4407 non
1891 4352 2002 4408 vult

418 4440 557 4499 bene
578 4443 776 4508 vivere,
800 4456 903 4496 non
925 4440 1038 4495 vult
1057 4455 1319 4497 crescere.
1336 4442 1441 4497 llas
1462 4442 1613 4497 vobis
1636 4443 1822 4514 epulas
1846 4442 1999 4499 exhi-

416 4537 593 4594 buerit
621 4535 872 4591 Dominus
902 4536 1041 4592 Deus
1057 4547 1239 4593 noster
1266 4551 1362 4606 per
1395 4538 1628 4594 natalitia
1644 4542 1894 4613 martyris
1918 4541 1999 4597 sui

418 4627 703 4684 Vincentii.
733 4625 1041 4683 Vincentius
1061 4643 1254 4684 nomen
1281 4630 1519 4685 victoriae
1549 4640 1650 4685 est.
1685 4633 1873 4687 Amate
1901 4648 1998 4687 au-

420 4731 564 4790 tem,
596 4729 654 4776 ut
681 4722 902 4776 vincatis
935 4736 1077 4777 :non
1107 4722 1246 4776 enim
1278 4722 1428 4777 deest
1449 4724 1783 4794 persecutio;
1811 4724 1997 4780 diabo-

416 4813 502 4869 lus
539 4823 850 4884 persceutor
890 4824 990 4881 est,
1029 4830 1296 4886 nunquam
1336 4813 1463 4871 detit
1497 4817 1707 4873 occasio
1740 4833 1950 4875 coronae
1981 4837 1994 4874 :

417 4913 624 4959 tantum
654 4905 805 4960 miles
826 4903 1023 4959 Christi
1051 4904 1309 4976 intelligat
1335 4918 1586 4976 pugnam,
1612 4914 1666 4962 ct
1685 4906 1817 4962 sciat
1840 4924 1997 4979 quem

418 4994 611 5049 vincat.
643 4994 908 5066 Numquid
929 4995 1049 5065 quia
1070 5011 1173 5051 non
1206 5004 1256 5051 te
1288 5004 1442 5067 urget
1478 4996 1647 5053 hostis
1689 4999 1998 5058 manifestus

419 5087 681 5155 corporis,
711 5101 818 5141 non
845 5095 903 5142 te
922 5095 1074 5157 urget
1110 5096 1418 5156 persecutor
1450 5089 1688 5147 occultus
1733 5090 1999 5149 illecebris

420 5177 640 5232 carnis?
664 5177 871 5245 Quanta
895 5179 1128 5249 suggerit
1146 5179 1283 5233 mala
1301 5181 1325 5230 ἵ
1351 5188 1547 5250 quanta
1588 5197 1683 5252 per
1733 5184 1998 5254 cupidita-

419 5278 526 5325 tem
545 5309 562 5335 ,
596 5279 791 5341 quanta
816 5285 910 5341 per
934 5272 1215 5327 timorem?
1241 5271 1447 5339 Quibus
1470 5272 1734 5330 illecebris
1775 5291 1999 5347 persua-

424 5364 510 5418 det
544 5372 600 5422 ut
627 5378 719 5420 eas
744 5363 812 5419 ad
845 5364 1122 5434 sortilegos
1146 5405 1160 5430 ,
1188 5364 1255 5418 ad
1298 5365 1732 5438 mathematicos,
1784 5370 1997 5441 quando

490 5540 507 5573 ί
533 5536 671 5599 Editl,
693 5548 788 5589 non
807 5535 897 5591 tibi
914 5535 1056 5587 vives.
1082 5535 1248 5589 Melius
1269 5542 1398 5599 Mss,
1419 5535 1507 5590 ibi.

484 5624 503 5652 ³
527 5628 640 5679 Quae
660 5621 844 5671 ansulis
869 5618 1196 5679 includuntur,
1220 5618 1398 5671 desunt
1420 5622 1470 5671 in
1490 5622 1680 5676 duobus
1700 5631 1809 5677 Mss.

483 5707 773 5773 senatus,
798 5704 1233 5773 discussamest,
1256 5706 1367 5757 date
1408 5707 1626 5771 vatim,
1650 5716 1767 5773 δια,
1811 5712 2004 5766 omisi:

418 5769 583 5820 verbis
602 5767 724 5830 istis,
745 5765 926 5833 partim
942 5774 1105 5821 antas
1118 5779 1315 5833 metu.
1336 5776 1431 5823 etc.

2116 458 2479 535 doletcaput?
2512 465 2613 534 Qui
2641 468 2909 527 dimittunt
2937 472 3135 546 Deum,
3179 478 3234 532 et
3276 485 3406 535 eunt
3442 479 3509 535 ad
3554 481 3687 554 liga-

2115 565 2293 610 menta
2331 557 2610 627 diabolica,
2642 561 2764 617 victi
2792 573 2965 620 sunta
2994 564 3227 624 diabolo.
3267 569 3464 625 Contra
3505 571 3552 627 si
3604 587 3686 635 cm

2115 657 2419 717 suggestum
2451 649 2625 721 fuerit,
2655 655 2943 710 secundum
2970 672 3165 729 corpus
3191 658 3415 719 fortasse
3437 662 3650 721 efficere
3667 667 3684 699 ⁸

2115 740 2349 794 remedia
2392 741 2626 811 diaboli,
2682 745 2820 802 unde
2859 748 2994 805 alius
3047 759 3262 808 sanatus
3304 767 3426 811 esse
3470 754 3683 827 dicitur,

2113 833 2236 902 quia
2265 844 2481 903 accepto
2500 836 2567 891 ab
2593 837 2681 892 illo
2718 839 2979 897 sacriﬁcio
3019 857 3150 910 suo,
3193 832 3397 901 deserit
3440 849 3686 920 persequi

2113 937 2327 993 corpus,
2359 925 2481 999 quia
2508 942 2602 983 cor
2625 930 2890 986 obtinuit:
2923 948 3049 1004 ergo
3086 936 3400 1008 cuicumque
3442 949 3686 1012 suggesta

2114 1012 2309 1070 fuerint
2336 1016 2434 1072 ista
2456 1020 2688 1076 remedia
2727 1024 2983 1079 scelerata
3004 1068 3018 1093 ,
3044 1035 3099 1082 et
3116 1027 3339 1098 dixerit,
3366 1030 3560 1087 Moriar
3588 1048 3688 1103 po-

2114 1108 2235 1175 tius,
2267 1126 2424 1181 quam
2456 1114 2646 1170 talibus
2672 1117 2922 1174 remediis
2948 1128 3095 1187 utar;
3132 1120 3178 1176 si
3215 1122 3326 1178 vult
3370 1124 3542 1194 Deus,
3588 1124 3689 1182 fla-

2109 1203 2269 1272 gellat
2295 1214 2349 1260 et
2372 1205 2559 1263 liberat
2584 1224 2702 1276 me;
2734 1210 2777 1266 si
2822 1213 2968 1267 novit
3005 1216 3128 1285 quia
3168 1219 3528 1274 necessarium
3572 1228 3686 1287 est,

2111 1294 2443 1364 lmeretme;
2472 1298 2516 1353 si
2542 1305 2720 1356 autem
2746 1302 3026 1373 scit'quia
3068 1304 3237 1361 debeo
3279 1308 3425 1364 exire
3467 1309 3535 1366 de
3590 1310 3688 1367 hac

2110 1390 2215 1441 vita
2236 1431 2250 1452 ,
2278 1389 2395 1445 sive
2418 1393 2703 1449 contrister
2720 1437 2734 1461 ,
2756 1395 2870 1452 sive
2895 1396 3047 1453 lzetcr
3065 1440 3081 1465 ,
3120 1412 3316 1472 sequar
3357 1401 3684 1460 voluntatem

2110 1479 2341 1537 Domini.
2364 1484 2501 1539 Ecce
2524 1486 2664 1540 enim
2702 1496 2821 1559 post
2862 1504 3078 1558 parvum
3124 1500 3331 1562 tempus
3379 1510 3480 1564 qua
3516 1493 3688 1551 fronte

2110 1571 2345 1629 exiturus
2369 1589 2486 1630 smn
2508 1576 2573 1630 ad
2603 1577 2919 1635 Dominum?
2966 1568 3081 1636 Non
3110 1582 3248 1637 enim
3278 1584 3378 1640 boc
3406 1584 3531 1640 mihi
3561 1602 3687 1656 pra}-

2112 1670 2256 1717 stant
2282 1666 2513 1720 remedia
2543 1665 2759 1736 diaboli,
2772 1670 2913 1740 quod
2933 1680 3151 1740 praestat
3178 1673 3341 1743 Deus,
3358 1675 3518 1731 vitam
3533 1685 3687 1732 aeter-

2112 1768 2254 1809 nam.
2284 1755 2458 1822 Quare
2477 1773 2605 1829 ergo
2640 1758 2835 1816 damno
2868 1763 3061 1818 anima:
3106 1764 3275 1820 meaz’
3325 1780 3446 1822 emo
3487 1781 3686 1838 paucos

2111 1846 2223 1904 dies
2249 1851 2458 1921 corpori
2487 1852 2645 1907 meo?
2669 1853 2769 1923 Qui
2791 1853 2905 1910 bazc
2947 1856 3110 1926 dicit,
3133 1865 3314 1913 etnon
3342 1859 3414 1926 it,
3447 1875 3547 1915 nec
3584 1875 3682 1931 ap-

2110 1941 2270 2011 plicat
2293 1958 2386 1997 cor
2404 1958 2557 1999 suum
2587 1956 2644 2000 ut
2665 1945 2819 2001 faciat
2842 1948 2977 2003 mala
3024 1950 3293 2018 remedia,
3334 1953 3518 2025 utique
3566 1955 3687 2009 vin-

2109 2031 2199 2086 eit.
2228 2030 2399 2087 Unam
2429 2048 2542 2089 rem
2569 2034 2677 2090 dixi
2706 2038 2934 2109 exempli
2958 2040 3161 2111 gratia;
3185 2042 3374 2098 videtis
3394 2052 3540 2099 certe
3573 2043 3686 2115 jam

2110 2133 2303 2194 quanta
2334 2125 2574 2183 diabolus
2600 2131 2849 2201 suggerit.
2884 2132 3044 2189 Vides
3071 2134 3214 2190 illum
3242 2144 3390 2192 certe
3410 2136 3683 2208 languere,

2110 2218 2257 2273 vides
2280 2219 2617 2277 anhelantem
2643 2223 2697 2278 in
2723 2223 2882 2293 lecto,
2909 2225 3056 2283 vides
3080 2228 3168 2283 vix
3196 2237 3500 2285 moventem
3522 2245 3688 2285 mem-

2110 2310 2236 2378 bra,
2276 2313 2362 2367 vix
2393 2308 2694 2372 moventem
2738 2317 3005 2389 linguam,
3052 2321 3223 2378 lassus
3273 2323 3373 2378 iste
3420 2323 3686 2381 diabolum

2109 2403 2292 2457 vincit.
2348 2402 2498 2460 Multi
2558 2409 2795 2464 coronati
2856 2419 2981 2465 sunt
3044 2411 3101 2466 in
3152 2412 3543 2483 amphitheatro
3592 2430 3688 2486 pu-

2109 2502 2332 2564 gnantes
2381 2495 2445 2550 ad
2494 2496 2691 2552 bestias
2738 2515 2752 2552 :
2797 2500 2947 2555 multi
2994 2501 3048 2556 in
3086 2501 3225 2557 lecto
3256 2502 3533 2560 vincentes
3569 2503 3685 2559 dia-

2109 2587 2289 2643 bolum
2335 2600 2656 2647 coronantur
2686 2592 2968 2650 :videntur
3001 2611 3106 2652 non
3132 2611 3191 2652 se
3235 2612 3451 2653 movere
3498 2612 3685 2669 posse,

2111 2688 2164 2736 et
2210 2680 2349 2737 intus
2389 2683 2440 2738 in
2496 2685 2658 2742 corde
2682 2693 2857 2742 tantas
2896 2689 3036 2745 vires
3060 2689 3297 2758 habent,
3339 2699 3537 2746 tantam
3587 2708 3685 2762 pu-

2109 2789 2267 2845 gnam
2298 2785 2569 2834 exercent.
2618 2776 2725 2836 Sed
2755 2780 2842 2836 ubi
2890 2789 2975 2838 est
3013 2783 3219 2841 occulta
3257 2800 3451 2858 pugna,
3480 2785 3555 2841 ibi
3590 2801 3687 2842 oc-

2109 2865 2249 2921 culta
2277 2868 2517 2926 victoria.

2179 2957 2406 3016 CAPUT
2443 2960 2686 3020 XXXIV.
2706 2995 2779 3007 —
2813 2965 2901 3021 '57.
2942 2965 3206 3043 Martyres.
3228 2971 3479 3027 imitandi.
3513 2973 3688 3043 Quare

2108 3049 2209 3107 ista
2243 3048 2503 3123 diximus,
2532 3054 2760 3114 fratres?
2785 3057 2857 3116 Ut
2890 3061 3102 3132 quando
3129 3063 3409 3122 celebratis
3449 3068 3682 3124 natalitia

2108 3152 2421 3216 martyrum,
2442 3146 2723 3205 imitemini
2738 3158 3037 3224 martyres;
3062 3169 3160 3209 nec
3178 3157 3372 3229 putetis
3393 3156 3513 3213 ideo
3533 3158 3685 3215 vobis

2109 3233 2299 3292 deesse
2327 3252 2486 3308 posse
2531 3242 2842 3300 occasiones
2877 3260 3089 3301 corona:
3107 3287 3122 3315 ,
3153 3248 3277 3320 quia
3306 3250 3464 3306 modo
3492 3251 3687 3307 desunt

2108 3327 2241 3384 tales
2266 3334 2683 3400 persecutiones.
2723 3335 2834 3393 Nec
2861 3338 3020 3394 modo
3043 3340 3185 3395 enim
3228 3342 3420 3398 desunt
3448 3340 3686 3417 quotidie

2107 3426 2505 3491 persecutiones
2533 3441 2565 3480 a
2589 3425 2802 3484 diabolo
2819 3468 2836 3496 ,
2863 3429 2975 3486 sive
2999 3445 3097 3502 per
3120 3420 3511 3505 suggestionem
3529 3477 3543 3503 ,
3575 3436 3687 3494 sive

2107 3528 2203 3589 per
2228 3515 2500 3574 molestias
2524 3516 2728 3591 aliquas
2751 3524 3011 3592 corporis.
3038 3522 3114 3579 Tu
3140 3532 3343 3583 tantum
3370 3527 3577 3586 scitote
3599 3530 3678 3589 ha-

2108 3608 2236 3698 bere
2265 3612 2665 3689 Imperatorem,
2695 3620 2783 3694 qui
2804 3621 2913 3692 iam
2946 3627 3218 3694 praecessit
3246 3628 3299 3683 in
3326 3630 3520 3689 omium
3545 3648 3560 3687 :
3590 3630 3687 3689 dc-

2107 3701 2183 3757 dit
2209 3703 2302 3760 tibi
2327 3706 2469 3763 viam
2496 3723 2603 3781 qua
2618 3713 2885 3783 sequaris,
2907 3723 3026 3773 tene
3056 3723 3108 3772 te
3135 3717 3202 3773 ad
3222 3718 3392 3781 illum.
3419 3720 3535 3777 Noli
3559 3736 3681 3778 cum

2106 3795 2319 3866 viceris,
2351 3813 2448 3873 per
2474 3802 2777 3877 superbiam
2806 3805 2899 3861 tibi
2927 3807 3181 3880 tribuere,
3209 3814 3359 3882 quasi
3387 3811 3453 3868 de
3480 3813 3684 3871 viribus

2107 3887 2212 3941 tuis
2232 3886 2460 3945 luctatus
2487 3892 2651 3949 fueris
2682 3914 2695 3950 :
2730 3896 2823 3951 sed
2854 3913 3117 3968 praesume
3141 3900 3209 3957 de
3229 3917 3294 3956 eo
3319 3904 3408 3973 qui
3434 3904 3580 3958 dedit
3601 3905 3686 3960 vi-

2106 3993 2195 4033 res
2213 4021 2227 4045 ,
2251 3990 2309 4035 ut
2334 3982 2572 4039 vinceres
2590 4025 2607 4053 ,
2637 3988 2759 4059 quia
2783 3989 2898 4061 ipse
2923 3992 3049 4047 vicit
3063 3993 3317 4049 saaculum
3348 3992 3527 4067 (Jaan.
3555 4013 3643 4054 xvi
3664 4040 3681 4068 ,

2106 4070 2200 4155 55)
2234 4090 2247 4126 :
2278 4082 2332 4129 et
2362 4088 2575 4146 semper
2601 4081 2872 4135 coronaris
2903 4080 2945 4147 ⁸,
2977 4092 3030 4139 et
3058 4094 3259 4155 martyr
3285 4084 3411 4144 hinc
3434 4088 3604 4158 exies,
3636 4091 3683 4147 si

2108 4181 2293 4223 omnes
2317 4171 2636 4231 tentationes
2656 4172 2847 4229 diaboli
2868 4177 3201 4248 superaveris
3217 4177 3259 4233 '.

2639 4324 2874 4385 SERMO
2906 4328 2954 4386 ν
2990 4332 3014 4357 ί
3050 4330 3151 4404 (a).

2427 4437 2506 4496 De
2522 4439 2793 4497 luctatione
2810 4438 2970 4499 Iacob
2992 4448 3299 4523 cumangelo
3325 4448 3368 4503 ⁸.

2494 4554 2717 4613 Habitus
2742 4558 2894 4630 paulo
2922 4569 3038 4617 ante
3068 4559 3292 4617 Pascha.

2180 4667 2397 4722 LBani
2434 4669 2701 4737 δεδι-ἀί,
2746 4671 2869 4725 m5
2911 4686 3033 4727 sero
3069 4672 3227 4729 donec
3271 4676 3448 4730 suam
3488 4679 3687 4750 judicio

2107 4759 2343 4816 discretio
2383 4763 2495 4833 ﬂat,
2527 4764 2795 4819 tolerandi.
2842 4764 2968 4822 Haec
3021 4768 3254 4823 maxime
3299 4771 3481 4839 regula
3518 4770 3681 4825 disci-

2105 4854 2271 4924 plinae
2293 4857 2594 4911 necessaria
2636 4866 2720 4913 est
2760 4857 2875 4912 viro
2901 4857 3194 4914 christiano
3215 4901 3231 4928 ,
3260 4869 3318 4915 ut
3339 4862 3561 4917 verba.
3590 4864 3681 4919 Dei

2169 5014 2189 5082 ξ
2212 5020 2278 5082 tta
2299 5014 2395 5066 duo
2414 5022 2522 5067 Mss.
2545 5014 2669 5068 Edlti
2686 5027 2825 5082 vero,
2846 5013 3006 5082 eﬂicit.

2168 5077 2190 5109 ¹
2212 5080 2312 5127 Duo
2350 5084 2456 5128 Mss.
2481 5084 2649 5129 carent
2685 5078 2838 5128 verbo
2854 5077 2999 5138 ,"scit.
3037 5084 3137 5129 Non
3158 5077 3315 5141 male,
3335 5082 3378 5131 si
3412 5079 3683 5142 haberent,

2168 5263 2190 5296 ⁸
2212 5269 2312 5314 Duo
2482 5260 2803 5314 coranabetis.

2168 5328 2191 5361 ι
2212 5299 2823 5377 ἔόεἶίῗῶυἶιΐέίέῐιᾜιὲἰι
2841 5340 2853 5375 τ
2873 5326 3111 5388 cantata,
3144 5333 3262 5390 ae,
3279 5327 3373 5378 sed
3404 5328 3513 5380 ιιικ
3545 5329 3689 5381 abest

2106 5401 2133 5439 a
2450 5447 2613 5517 deest,
2638 5463 2748 5500 cum
2768 5449 2954 5517 angelo.
2978 5448 3073 5501 Sed
3093 5453 3142 5517 in
3165 5459 3270 5502 Mss.
3296 5451 3538 5502 nonnullis
3563 5460 3613 5517 et
3637 5455 3685 5502 in

2108 5512 2305 5564 Possidii
2342 5511 2587 5572 lodicula,
2618 5524 2727 5577 cap.
2763 5511 3093 5577 8,'babetur;
3130 5515 3388 5577 ipsumque
3425 5516 3671 5574 capitulm

2106 5579 2325 5638 Genesis,
2350 5589 2448 5638 quo
2468 5576 2626 5649 Jacobi
2651 5576 2779 5649 lucta
2798 5589 2906 5649 cum
2928 5576 3104 5649 angelo
3135 5576 3347 5649 refertur
3362 5612 3379 5635 ,
3400 5584 3687 5649 praelectum

2112 5652 2223 5687 esse
2250 5636 2663 5687 antc‘concionem
2689 5644 2822 5698 patet
2847 5648 2909 5685 ex
2932 5638 3154 5688 sectione
3174 5636 3223 5687 ϐ.

2168 5718 2951 5799 τωωὼωωάωλιτω.

2172 5805 2243 5866 (a)
2269 5802 2409 5866 Alias,
2439 5806 2452 5851 t
2485 5820 2544 5851 ex
2572 5802 2931 5859 siimondianis.
