4014 6310
287 345 360 406 53
1749 340 1976 400 sumre
2010 341 2081 402 ν.
3512 355 3584 414 ιιι.

286 468 502 535 audiat,
530 480 655 523 cum
679 472 763 522 est
788 465 843 521 in
872 462 977 521 hoc
1004 462 1202 520 secqu
1222 504 1237 529 ,
1268 470 1330 518 ut
1356 460 1596 519 attendat
1634 476 1755 517 eum
1785 460 1876 532 qui

285 560 435 616 venit
460 559 716 615 secutum
756 556 967 612 salvere
995 555 1166 626 primo
1204 568 1304 626 per
1328 554 1753 610 misericordiam
1774 594 1788 620 ,
1826 563 1879 609 et

283 663 475 728 postea
499 653 884 722 discetereper
900 650 1157 723 judicium
1182 650 1222 703 ⁸.
1247 649 1314 705 Et
1352 648 1479 705 ideo
1516 648 1770 704 Dominus
1788 661 1880 702 no-

285 756 405 805 ster
430 746 591 803 Jesus
612 745 861 802 Christus
905 743 1222 800 imitandum
1249 756 1309 799 se
1334 741 1490 797 nobis
1516 741 1777 812 praebuit;
1822 746 1878 795 ut

285 840 539 911 quoniam
569 837 842 894 christiani
872 851 1056 893 sumus
1077 879 1093 906 ,
1122 845 1211 892 aut
1242 836 1416 907 ipsum
1446 834 1719 889 imitemur
1738 876 1752 901 ,
1784 841 1877 889 aut

283 931 420 986 alios
439 930 531 1001 qui
557 944 681 985 eum
707 930 896 985 imitati
924 938 1067 985 sunt.
1091 927 1225 984 Sunt
1251 928 1395 983 enim
1444 926 1657 998 quidam
1688 940 1873 981 eorum

285 1024 375 1095 qui
402 1023 681 1080 christiani
709 1032 968 1078 vocantur
995 1031 1052 1079 et
1077 1038 1180 1077 non
1221 1031 1346 1077 sunt
1364 1062 1377 1086 ,
1408 1033 1541 1092 quos
1570 1019 1761 1089 partim
1787 1018 1869 1073 di-

282 1117 453 1188 gessit
477 1116 735 1183 Ecclesia,
759 1123 1011 1185 tanquam
1036 1124 1304 1178 stercora;
1330 1120 1389 1168 ut
1411 1121 1535 1167 sunt
1557 1125 1745 1166 omnes
1767 1109 1877 1165 h.e-

284 1224 470 1274 mea,
505 1216 562 1263 et
588 1209 768 1263 omnia
797 1208 1083 1263 schismata
1106 1249 1119 1271 ,
1160 1221 1280 1278 qum
1308 1205 1467 1263 etiam
1498 1212 1875 1274 comparantur

283 1302 573 1359 sarmentis
602 1301 947 1356 infructuosis
972 1299 1040 1355 de
1061 1300 1167 1354 vite
1194 1299 1451 1369 prmcisls,
1469 1306 1523 1353 et
1552 1296 1717 1368 paleis
1743 1308 1874 1367 quas

278 1403 407 1447 ante
435 1393 843 1447 ventilationem
870 1391 939 1446 de
964 1404 1088 1446 area
1116 1400 1308 1446 ventus
1335 1391 1474 1460 rapit
1504 1408 1518 1445 :
1549 1398 1674 1445 sunt
1694 1396 1871 1442 autem

276 1486 402 1550 alii,
433 1486 524 1555 qui
552 1485 695 1539 intus
721 1484 844 1538 mali
869 1491 1024 1551 sunt,
1056 1492 1109 1539 et
1136 1484 1246 1553 ipsa
1277 1482 1654 1537 communione
1683 1479 1872 1535 catho-

274 1575 377 1631 lica
406 1576 783 1640 continentur;
813 1590 948 1645 quos
975 1589 1193 1631 necesse
1216 1581 1302 1630 est
1326 1573 1520 1629 toleret
1547 1571 1872 1627 christianos

272 1668 457 1725 bonus
484 1684 656 1740 usque
696 1670 749 1724 in
777 1671 937 1725 tine‘m
964 1712 977 1733 ,
1009 1669 1131 1739 quia
1162 1668 1437 1724 ventilatio
1478 1666 1670 1722 messis
1714 1665 1872 1736 hujus

270 1777 415 1816 areas
456 1776 565 1817 non
590 1761 694 1817 erit
736 1762 835 1817 nisi
861 1761 973 1817 dies
996 1761 1201 1833 judicii.
1234 1761 1360 1815 limo
1383 1774 1598 1830 semper
1627 1758 1867 1814 cantavi-

267 1871 393 1912 mus
419 1857 577 1912 vobis
595 1898 608 1921 ,
640 1864 696 1911 et
720 1856 774 1910 in
799 1857 1013 1911 nomine
1040 1854 1236 1910 Christi
1261 1854 1587 1909 arbitramur
1608 1851 1730 1925 quia
1757 1851 1869 1906 hae-

266 1959 391 2005 rent
419 1950 730 2021 pectoribus
759 1950 969 2005 vestris.
1015 1947 1135 2003 Istae
1175 1947 1431 2003 lcetiones
1460 1960 1577 2016 qure
1606 1940 1759 2001 vobis
1788 1942 1867 1998 le-

264 2052 505 2114 guntur,
543 2042 801 2113 numquid
842 2040 1001 2096 modo
1046 2041 1275 2111 primum
1320 2038 1470 2093 vobis
1501 2038 1783 2109 leguntur,
1817 2042 1869 2091 et

263 2150 374 2191 non
408 2134 619 2190 eadem
646 2133 885 2205 quotidie
902 2132 1256 2203 repetuntur?
1281 2129 1431 2188 Sicut
1468 2140 1644 2185 autem
1678 2129 1867 2186 lectio-

263 2242 363 2283 nes
410 2227 511 2282 Dei
541 2227 779 2298 quotidie
820 2242 955 2296 Opus
997 2233 1079 2281 est
1107 2234 1165 2279 ut
1193 2232 1538 2295 repetantur,
1573 2238 1641 2278 ne
1683 2221 1864 2278 szeculi

263 2320 405 2374 mala
438 2328 496 2375 et
523 2320 691 2389 spina:
721 2329 1010 2374 nascantur
1038 2319 1090 2373 in
1120 2317 1371 2374 cordibus
1396 2315 1585 2371 vestris
1606 2358 1621 2383 ,
1655 2325 1708 2371 et
1732 2312 1865 2371 effo-

264 2421 392 2467 cent
408 2427 600 2467 semen
619 2409 760 2482 quod
787 2411 859 2466 ibi
874 2411 1191 2465 seminatum
1220 2420 1301 2465 est
1322 2428 1336 2464 :
1359 2408 1435 2464 sic
1457 2415 1669 2479 oportet
1685 2416 1738 2462 et
1755 2422 1866 2462 ser-

266 2520 490 2560 monem
517 2505 613 2560 Dei
640 2504 793 2559 vobis
820 2518 1030 2574 semper
1058 2503 1261 2575 repeti,
1290 2516 1358 2557 ne
1384 2500 1532 2556 obliti
1558 2500 1745 2556 dicatis
1769 2514 1865 2554 vos

266 2612 375 2652 non
409 2596 626 2651 audisse
645 2638 663 2664 ,
695 2595 838 2667 quod
868 2593 1093 2650 dicimus
1123 2608 1222 2649 nos
1251 2593 1472 2648 dixisse.

338 2709 399 2763 Ξ.
451 2707 632 2763 Debita
671 2709 972 2764 remittenda
1024 2708 1262 2764 inimicis.
1314 2707 1562 2763 Inimicus
1613 2709 1686 2762 sic
1741 2707 1862 2761 dili-

263 2802 500 2874 gendus,
552 2813 608 2858 ut
657 2812 823 2858 tamen
866 2801 1188 2875 corripiatur.
1248 2800 1523 2861 Accedunt
1566 2799 1755 2869 multi,
1811 2808 1866 2856 et

263 2894 431 2950 modo
460 2905 673 2966 tempus
701 2903 787 2951 est
808 2903 865 2950 ιιι
887 2894 940 2949 in
971 2894 1183 2950 nomine
1219 2895 1312 2951 Dei
1342 2893 1593 2950 festinent
1621 2893 1863 2965 accipere

262 2988 491 3058 gratiam
536 2986 793 3058 Baptismi
814 3029 829 3054 ,
861 2987 1137 3042 credentes
1162 2982 1357 3041 dimitti
1390 2985 1488 3041 sibi
1516 2985 1694 3041 omnia
1736 2999 1859 3057 pec-

262 3090 381 3135 cata
408 3096 533 3152 qua:
559 3088 714 3135 antea
740 3080 1144 3147 commiserunt,
1171 3093 1389 3153 prorsus
1409 3078 1615 3146 omnia;
1642 3086 1697 3135 et
1712 3078 1862 3139 exire

261 3171 390 3227 inde
426 3171 561 3225 nihil
603 3170 862 3228 debentes
892 3168 1114 3225 Domino
1149 3190 1160 3226 :
1194 3170 1646 3243 quemadmodum
1674 3186 1861 3229 servus

261 3265 375 3331 ille,
408 3265 502 3337 qui
534 3265 796 3321 rationem
823 3264 1078 3321 reddebat
1103 3264 1322 3321 domino
1350 3279 1469 3335 suo,
1491 3274 1547 3323 et
1572 3266 1771 3321 invenit
1798 3266 1861 3321 il-

260 3358 371 3413 lum
402 3357 606 3415 debere
633 3357 817 3414 decem
848 3357 1012 3412 millia
1046 3358 1367 3415 talentorum
1392 3376 1407 3427 ;
1438 3359 1517 3415 sic
1546 3368 1720 3414 tamen
1769 3374 1858 3415 re-

261 3453 425 3508 cessit
455 3450 585 3507 nihil
615 3450 817 3507 debeas
836 3492 852 3520 ,
886 3466 990 3507 nou
1018 3451 1141 3524 quia
1164 3450 1297 3507 nihil
1324 3452 1436 3524 ipse
1463 3451 1730 3519 debebat,
1764 3450 1859 3506 sed

261 3544 383 3616 quia
410 3544 501 3600 ille
526 3544 835 3601 misericors
859 3553 994 3611 erat,
1016 3542 1218 3601 dimisit
1242 3544 1421 3601 omnia
1440 3586 1456 3613 ,
1488 3554 1539 3600 et
1562 3543 1857 3600 debitorem

260 3636 517 3693 absolvit.
547 3632 617 3691 Et
649 3644 843 3702 tamen,
876 3632 1090 3704 fratres,
1125 3635 1392 3707 quomodo
1424 3652 1519 3691 nos
1548 3635 1733 3692 terruit
1761 3650 1857 3691 ve-

259 3727 545 3785 hementer
569 3726 709 3783 idem
730 3730 844 3799 ipse
866 3730 1085 3785 servus?
1106 3729 1238 3801 Quia
1265 3729 1430 3787 noluit
1446 3729 1712 3785 dimittere
1731 3744 1858 3785 cou-

256 3834 425 3875 servo
442 3835 560 3887 suo,
576 3817 660 3874 vel
683 3802 902 3876 diﬂ‘eri'e
923 3820 1240 3876 solutionem
1262 3830 1473 3877 centum
1492 3820 1856 3888 denariorum,

257 3910 545 3987 replicavit
569 3910 639 3968 illi
667 3910 917 3970 dominus
944 3910 1127 3971 decem
1156 3913 1318 3967 millia
1349 3912 1670 3969 talentorum
1692 3953 1707 3978 ,
1737 3927 1856 3984 qua:

260 4007 339 4062 illi
367 4006 648 4063 dimiserat
682 4006 892 4080 (Matth.
927 4024 1050 4062 xvm
1071 4049 1089 4075 ,
1117 4004 1328 4080 25-54).
1371 4006 1435 4065 lli
1460 4021 1588 4077 ergo
1618 4006 1709 4079 qui
1738 4006 1856 4062 exi--

259 4098 362 4154 turi
387 4108 517 4155 sunt
541 4100 607 4157 de
637 4098 909 4171 Baptismo
939 4100 1070 4157 nihil
1094 4100 1350 4165 debentes
1368 4142 1384 4166 ,
1413 4109 1468 4156 et
1486 4100 1710 4156 absoluti
1733 4116 1853 4156 0m-

260 4192 422 4249 nihus
450 4194 707 4267 peccatis,
728 4204 953 4249 caveant
973 4209 1039 4251 ne
1067 4194 1113 4253 si
1136 4194 1257 4267 quis
1281 4194 1335 4248 in
1366 4193 1489 4251 illos
1512 4194 1852 4264 peccaverit,

262 4296 315 4343 et
339 4286 612 4343 noluerint
653 4286 750 4361 ipsi
782 4286 1081 4353 dimittere,
1117 4303 1225 4343 non
1251 4286 1423 4345 solum
1454 4284 1709 4359 deinceps
1746 4302 1853 4343 non

260 4380 363 4438 illis
388 4379 710 4445 dimittatur,
733 4378 828 4436 sed
855 4377 1016 4437 etiam
1038 4380 1214 4435 omnia
1237 4395 1358 4455 qua:
1382 4378 1602 4437 dimissa
1623 4379 1850 4445 fuerant,

260 4476 605 4548 replicentur.
637 4472 806 4533 Nemo
850 4489 979 4545 ergo
1021 4474 1164 4533 dicat
1195 4491 1207 4527 :
1240 4473 1371 4541 Quis
1399 4473 1538 4531 istud
1565 4472 1730 4538 facit,
1762 4483 1855 4530 aut

260 4569 376 4639 quis
414 4566 559 4624 istud
588 4565 752 4623 fecit?
781 4566 1017 4625 Dicenda
1047 4566 1147 4623 sibi
1175 4564 1314 4623 istud
1343 4566 1587 4625 homines
1616 4566 1851 4625 moriun-

258 4669 360 4717 tur.
395 4659 571 4732 Dilige
615 4659 891 4717 inimicum
923 4668 1109 4729 tuum,
1140 4660 1270 4717 dicit
1315 4660 1572 4717 Dominus
1605 4678 1618 4715 :
1654 4669 1711 4721 et
1756 4668 1809 4717 tu
1833 4702 1849 4729 ,

256 4754 388 4822 Quis
414 4753 559 4810 istud
589 4752 747 4811 facit?
768 4753 903 4823 Quia
928 4753 1042 4827 ipse
1068 4769 1175 4813 non
1208 4753 1350 4825 iecit,
1376 4762 1525 4829 putat
1547 4755 1670 4826 quia
1694 4769 1855 4819 nemo

257 4847 429 4917 potuit
456 4845 658 4903 facere.
683 4845 791 4904 Res
812 4845 869 4902 in
892 4844 1055 4902 corde
1080 4853 1165 4902 est
1194 4862 1209 4898 :
1242 4844 1385 4901 unde
1412 4845 1562 4905 vides
1582 4846 1699 4918 quis
1722 4846 1851 4905 illud

257 4934 426 4997 facit?
453 4920 618 4993 Putas
647 4937 787 4994 enim
818 4936 940 5008 quia
988 4951 1095 4995 non
1133 4934 1335 4991 dimisit
1364 4935 1453 4991 ille
1495 4936 1584 5008 qui
1614 4936 1850 4993 clamat?

255 5026 421 5084 Forte
445 5028 592 5084 enim
637 5027 922 5100 aliquando
961 5026 1155 5085 clamat
1192 5027 1417 5099 aliquis,
1450 5036 1505 5087 et
1527 5026 1679 5097 jubet
1716 5027 1851 5085 caedi

256 5120 556 5188 hominem,
572 5130 627 5176 et
642 5129 799 5193 putas
814 5120 936 5192 quia
952 5136 1060 5176 non
1075 5120 1295 5177 dimisit.
1317 5120 1524 5189 Quare?
1541 5120 1618 5175 Tu
1636 5120 1850 5192 quando

255 5212 421 5269 caedis
461 5212 629 5267 tilium
660 5220 807 5267 tuum
828 5252 844 5280 ,
878 5219 1026 5269 tenes
1054 5211 1234 5267 odium
1264 5211 1317 5269 iu
1356 5208 1520 5269 corde
1551 5211 1679 5266 tuo?
1707 5211 1849 5284 Ergo

256 5320 344 5361 res
390 5305 446 5359 in
469 5303 633 5361 corde
659 5314 743 5361 est
774 5322 787 5357 :
822 5306 968 5360 solus
1011 5305 1151 5363 Deus
1190 5303 1334 5362 videt
1357 5303 1403 5361 si
1431 5304 1710 5361 dimissum
1741 5313 1844 5361 est.

256 5397 560 5470 Aliquando
589 5402 733 5455 enim
772 5411 881 5459 non
925 5397 1083 5454 caedit
1110 5396 1339 5469 aliquis,
1371 5395 1582 5453 videtur
1630 5411 1848 5469 parcere

259 5506 441 5557 manu,
470 5498 527 5547 et
550 5492 699 5546 saevit
728 5490 784 5545 in
811 5488 992 5557 corde,
1021 5497 1077 5545 et
1106 5497 1253 5561 aptat
1278 5489 1421 5549 male
1445 5487 1648 5545 homini
1680 5490 1844 5556 intus,

257 5592 316 5639 et
337 5584 448 5638 vult
473 5599 594 5639 eum
625 5583 804 5639 necari
834 5602 847 5637 :
878 5590 1027 5639 tenet
1053 5590 1238 5639 contra
1264 5582 1415 5639 illum
1438 5580 1637 5637 malam
1655 5580 1846 5638 volun-

263 5689 447 5748 tatem,
463 5682 707 5753 quamvis
724 5679 855 5736 nihil
878 5678 955 5735 illi
970 5679 1320 5749 corporaliter
1338 5677 1563 5734 reddere
1582 5677 1842 5734 videatur.

323 5860 564 5923 'Ias..et
598 5865 763 5924 postea
793 5854 1080 5909 discretione
1118 5868 1205 5921 per
1240 5853 1505 5918 judicium.

1986 457 2034 515 E
2086 465 2269 515 contra
2309 468 2433 515 sum
2455 502 2469 524 .
2501 461 2591 533 qui
2619 462 2971 534 corporaliter
2995 463 3243 522 videntur
3268 466 3419 538 quasi
3445 466 3571 525 red-

1985 550 2141 617 dere;
2166 552 2260 607 sed
2280 552 2577 623 corporalis
2596 555 2683 610 illa
2706 560 2975 628 correptio
2997 558 3147 629 quasi
3172 557 3387 616 dilectio
3416 569 3500 618 est
3516 562 3572 620 ιε

1983 645 2051 701 ad
2081 646 2275 701 bonam
2298 646 2460 701 vitam
2489 647 2600 702 vult
2624 647 2773 704 illum
2802 650 3119 720 pervenire:
3148 661 3203 709 et
3227 662 3373 709 tanto
3400 655 3572 727 magis

1982 742 2095 797 vult
2118 756 2240 798 eum
2255 741 2472 812 corripi,
2496 752 2694 813 quanto
2714 742 2866 799 illum
2893 754 3053 802 amat.
3076 745 3163 803 Sic
3179 754 3237 803 et
3257 746 3399 803 Deus
3413 762 3571 804 num-

1982 834 2112 905 quid
2140 849 2243 889 nou
2274 848 2373 890 nos
2401 834 2605 906 diligit?
2632 848 2739 890 non
2762 836 2827 890 ad
2856 835 2960 892 hoc
2984 850 3083 893 nos
3110 837 3374 907 hortatur,
3406 849 3466 895 ut
3483 839 3571 897 di-

1983 926 2210 997 ligamus
2239 926 2483 983 inimicos
2512 937 2746 993 nostros,
2778 938 2838 982 ut
2864 931 3130 999 quomodo
3158 944 3460 1001 possumus,
3491 931 3570 989 si-

1982 1020 2137 1075 miles
2160 1020 2232 1075 illi
2256 1021 2456 1076 simus?
2476 1020 2606 1076 Nam
2637 1021 2715 1077 sic
2741 1016 2878 1077 dixit
2911 1041 2923 1077 :
2959 1022 3130 1080 Estote
3154 1037 3323 1083 autem
3348 1042 3436 1082 vos
3455 1043 3573 1099 per-

1982 1112 2120 1183 fecti,
2144 1116 2269 1169 sicut
2297 1114 2454 1169 Pater
2476 1126 2634 1169 vester
2656 1116 2744 1186 qui
2768 1116 2821 1170 in
2851 1117 2987 1172 caelis
3010 1128 3111 1184 est;
3130 1121 3215 1189 qui
3239 1122 3396 1176 solem
3421 1137 3570 1177 suum

1981 1207 2105 1260 oriri
2129 1207 2251 1277 facit
2276 1224 2427 1277 super
2450 1207 2605 1262 bonos
2627 1215 2675 1263 et
2700 1207 2862 1263 malos
2887 1252 2898 1271 ,
2930 1218 2978 1264 et
3007 1210 3133 1282 pluit
3152 1227 3305 1281 super
3320 1214 3491 1284 justas
3519 1218 3567 1267 et

1978 1301 2196 1369 injustas
2213 1299 2425 1372 (Matth.
2455 1316 2509 1366 ν,
2532 1300 2621 1366 48,
2640 1301 2756 1372 45).
2775 1302 2980 1370 Quanta
3012 1318 3139 1373 ergo
3167 1303 3380 1359 dilectio
3401 1314 3483 1358 est
3513 1305 3566 1360 in

1980 1392 2230 1459 Domino,
2262 1393 2473 1464 quando
2498 1406 2596 1461 pro
2624 1394 2991 1464 peccatoribus
3014 1404 3067 1451 et
3095 1395 3270 1465 impiis
3292 1394 3565 1451 Christum

1979 1484 2394 1556 crucifigendum
2424 1486 2601 1550 misit,
2636 1492 2691 1541 et
2719 1486 2890 1556 pretio
2918 1486 3190 1555 sanguinis
3214 1486 3329 1556 ejus
3355 1500 3453 1541 nos
3478 1500 3562 1541 re-

1980 1577 2145 1632 demit
2170 1620 2184 1643 ,
2229 1580 2317 1649 qui
2352 1580 2401 1635 ei
2432 1579 2628 1635 inimici
2658 1592 2871 1635 eramus
2898 1622 2913 1648 ,
2945 1579 3174 1635 amando
3202 1595 3262 1635 ea
3294 1596 3411 1651 qua:
3441 1578 3567 1636 fecit

1979 1683 2077 1739 pro
2102 1684 2166 1724 eo
2182 1671 2270 1740 qui
2298 1670 2453 1725 fecit?
2469 1669 2603 1726 Cum
2628 1684 2756 1740 ergo
2783 1671 2883 1726 ista
2911 1670 3225 1736 faceremus,
3250 1671 3383 1725 misit
3400 1666 3560 1737 Deus,

1977 1759 2115 1815 sicut
2138 1759 2424 1830 Apostolus
2447 1760 2607 1830 dicit,
2640 1760 2831 1815 Filium
2860 1776 3005 1816 suum
3039 1760 3233 1831 (Gatat.
3264 1777 3314 1815 tv
3335 1803 3347 1826 ,
3380 1760 3437 1831 4)
3463 1778 3477 1829 ;
3509 1768 3565 1817 et

1977 1865 2098 1908 eum
2127 1867 2222 1923 pro
2243 1852 2399 1908 nobis
2423 1853 2620 1923 impiis,
2648 1854 2715 1907 ab
2740 1854 2858 1908 aliis
2882 1855 3056 1924 impiis
3081 1853 3428 1909 occidendum
3458 1864 3567 1908 tra-

1975 1944 2126 1999 didit.
2147 1945 2276 2000 Etsi
2298 1944 2531 2000 nondum
2550 1946 2795 2001 tidelibus
2818 1954 3019 2000 tantum
3045 1960 3237 2000 munus
3253 1945 3433 2000 datum
3455 1958 3564 2017 est,

1974 2036 2103 2106 quid
2124 2051 2252 2106 ergo
2278 2045 2519 2091 servatur
2544 2036 2833 2092 ﬁdelibus?
2863 2036 3004 2092 Ecce
3029 2036 3295 2107 quomodo
3322 2038 3460 2095 Deus
3484 2039 3566 2095 diu

1972 2126 2087 2197 ligit
2115 2127 2376 2183 homines.
2404 2128 2791 2193 Attendamus,
2822 2127 3050 2194 fratres;
3082 2130 3341 2202 numquid
3365 2145 3469 2186 non
3499 2130 3567 2185 ιιι

1972 2217 2055 2273 los
2080 2218 2346 2288 ﬂagellat?
2376 2219 2630 2291 numquid
2655 2235 2758 2275 non
2787 2220 2906 2274 illos
2927 2220 3190 2294 corripit?
3219 2222 3273 2278 Si
3300 2236 3406 2277 non
3434 2222 3558 2278 illos

1972 2313 2224 2382 corripit,
2256 2313 2394 2368 unde
2418 2312 2622 2369 fames?
2654 2308 2793 2367 unde
2820 2310 3205 2383 aegritudines?
3234 2315 3370 2370 unde
3392 2316 3557 2385 pesti-

1972 2403 2151 2459 lentiae
2182 2414 2233 2459 et
2263 2405 2478 2459 morbi?
2520 2405 2719 2460 Omnes
2751 2406 2895 2463 enim
2928 2408 3044 2462 ista:
3071 2408 3439 2477 correptiones
3470 2402 3562 2462 Dei

1971 2504 2114 2550 sunt.
2135 2496 2281 2551 Sicut
2307 2512 2435 2566 ergo
2464 2496 2550 2551 ille
2572 2496 2742 2567 diligit
2767 2541 2783 2568 ,
2816 2510 2871 2554 et
2900 2508 3077 2555 tamen
3107 2498 3327 2570 corripit
3361 2518 3374 2553 :
3405 2498 3482 2553 sic
3508 2506 3561 2553 et

1972 2597 2027 2641 tu
2047 2627 2061 2650 ,
2091 2588 2135 2641 si
2164 2587 2326 2642 habes
2347 2589 2575 2657 aliquem
2603 2588 2656 2642 in
2683 2599 2980 2659 potestate,
3013 2591 3254 2661 quamvis
3280 2602 3462 2645 serves
3482 2588 3562 2644 af-

1970 2678 2165 2733 fectum
2183 2678 2505 2747 dilectionis,
2526 2682 2632 2736 noli
2657 2690 2834 2736 tamen
2852 2696 3049 2751 negare
3077 2681 3344 2752 ﬂagellum
3384 2692 3562 2736 corre-

1969 2772 2188 2842 ptionis.
2211 2770 2344 2838 Quia
2372 2772 2420 2829 si
2449 2776 2726 2845 negaveris
2745 2815 2759 2840 ,
2792 2789 2896 2829 non
2926 2776 3130 2830 tenebis
3168 2774 3510 2830 dilectionem
3539 2791 3554 2829 :

1967 2862 2091 2933 quia
2116 2861 2210 2920 ille
2224 2866 2449 2920 moritur
2473 2866 2527 2920 in
2546 2867 2796 2935 peccatis,
2820 2866 2909 2935 qui
2932 2863 3070 2921 forte
3094 2875 3372 2937 correptus
3395 2881 3561 2923 care-

1965 2953 2266 3028 linqueret;
2285 2964 2340 3012 et
2360 2957 2526 3027 magis
2547 2957 2638 3011 tibi
2660 2957 2949 3027 imputatur
2962 2970 3151 3012 verum
3174 2956 3376 3013 odium.

2038 3071 2093 3127 3.
2136 3071 2454 3127 Luctandum
2479 3113 2491 3136 ,
2523 3080 2579 3125 ut
2608 3071 2794 3127 Christi
2836 3072 3131 3127 charitatem
3174 3082 3219 3127 et
3262 3073 3559 3142 patientiam

1965 3164 2245 3219 imitatione
2293 3181 2674 3236 prosequamur.
2695 3162 2864 3220 Nemo
2885 3180 3015 3236 ergo
3034 3165 3175 3221 dicat
3208 3184 3219 3217 :
3251 3166 3380 3234 Quis
3414 3163 3556 3221 istud

1967 3257 2179 3327 potest?
2218 3254 2536 3312 Contendite
2581 3255 2683 3312 hoc
2726 3257 2949 3329 implere
2975 3256 3026 3312 in
3073 3256 3555 3325 cordibusvestris;

1966 3356 2144 3402 tenete
2173 3348 2217 3414 ',
2245 3355 2303 3401 ut
2327 3347 2573 3417 diligatis.
2606 3348 2923 3415 Luctamini,
2958 3358 3013 3404 et
3038 3349 3281 3405 vincetis.
3307 3348 3554 3405 Christus

1965 3439 2108 3494 enim
2139 3437 2209 3492 ibi
2235 3436 2419 3492 vincit.
2441 3436 2638 3493 Contra
2665 3439 2792 3510 quid
2820 3440 3126 3495 luctamiui?
3147 3439 3343 3497 Contra
3369 3457 3556 3512 pecca-

1965 3538 2075 3583 tum
2116 3526 2393 3585 luctamlni
2417 3571 2431 3595 ,
2460 3537 2645 3585 contra
2683 3528 2845 3585 verba
2876 3528 3152 3586 hominum
3183 3531 3322 3587 male
3365 3528 3554 3586 dicen-

1962 3619 2097 3674 tium
2122 3637 2135 3674 :
2167 3618 2307 3691 Ergo
2335 3632 2442 3675 non
2474 3630 2524 3675 te
2548 3620 2963 3692 vindicas?ergo
2988 3623 3288 3679 remanebis
3316 3621 3556 3678 indefen-

1963 3725 2080 3777 sus,
2107 3720 2162 3767 et
2190 3726 2295 3765 non
2322 3710 2394 3765 illi
2422 3710 2695 3767 ostendis?
2719 3727 2752 3767 ο
2777 3712 2823 3766 si
2852 3726 3061 3768 mecum
3090 3712 3336 3769 haberet!
3360 3713 3556 3769 Lucta-

1961 3806 2113 3869 mini,
2134 3815 2189 3861 et
2216 3804 2430 3861 vincite.
2450 3806 2507 3861 Si
2536 3806 2678 3861 enim
2696 3806 2858 3862 vellet
2881 3806 3125 3863 Christus
3148 3804 3339 3879 jubere
3368 3818 3549 3877 terrae,

1962 3896 2175 3967 quando
2203 3911 2233 3951 a
2262 3894 2461 3953 Judaais
2491 3906 2634 3952 tanta
2664 3912 2852 3967 passus
2881 3906 2979 3965 est,
3015 3907 3072 3954 ut
3095 3908 3277 3969 aperta
3306 3900 3552 3957 sorberet

1962 3998 2333 4058 persecutores
2361 3990 2507 4059 ejus,
2537 4005 2642 4044 non
2666 3992 2880 4061 posset?
2900 3991 2953 4047 Si
2977 4007 3105 4063 ergo
3131 3996 3220 4063 qui
3248 3992 3434 4049 habuit
3456 4010 3551 4064 po-

1961 4086 2230 4144 testatem,
2257 4080 2334 4135 sic
2360 4092 2457 4136 eos
2482 4082 2719 4150 pertulit,
2750 4094 3026 4154 quousque
3054 4085 3320 4141 levaretur
3346 4084 3399 4141 in
3428 4096 3549 4143 cru-

1960 4185 2078 4227 cem
2102 4212 2118 4238 ,
2147 4180 2203 4228 et
2244 4173 2484 4245 pendens
2510 4173 2563 4228 in
2603 4188 2764 4230 cruce
2806 4176 2915 4241 ait,
2953 4175 3110 4231 Pater
3131 4220 3146 4244 ,
3178 4179 3378 4249 ignosce
3403 4176 3510 4233 illis
3531 4221 3547 4247 ,

1959 4264 2080 4333 quia
2104 4266 2329 4320 nesciunt
2349 4266 2471 4335 quid
2498 4267 2693 4337 faciunt
2725 4265 2871 4338 (Luc.
2903 4280 3034 4322 χχιιι
3055 4310 3070 4335 ,
3102 4268 3238 4341 54);
3270 4279 3324 4324 ιιι
3345 4312 3360 4337 ,
3393 4285 3547 4326 serve

1959 4354 2235 4425 redempte
2260 4356 2518 4426 sanguine
2541 4357 2786 4411 crucifixi
2815 4358 3023 4412 Domini
3046 4358 3142 4426 tui,
3173 4373 3279 4414 non
3305 4359 3549 4416 imitabe-

1958 4446 2035 4501 ris
2056 4444 2386 4503 Salvatorem
2419 4449 2604 4502 tuum?
2632 4448 2769 4516 Quid
2797 4450 2940 4504 enim
2979 4450 3054 4506 illi
3094 4462 3230 4521 opus
3255 4460 3371 4507 erat
3398 4460 3545 4507 tanta

1959 4538 2100 4608 pati,
2132 4540 2218 4595 cui
2242 4540 2437 4596 licebat
2458 4548 2515 4596 et
2531 4554 2638 4597 non
2668 4542 2813 4611 pati?
2840 4542 2973 4597 Nam
3000 4544 3079 4600 sic
3104 4544 3273 4611 dixit,
3308 4543 3547 4601 Potesta-

1959 4639 2061 4685 tem
2087 4630 2245 4687 Iubeo
2274 4632 2492 4703 ponendi
2516 4633 2742 4688 animum
2766 4648 2929 4689 meam
2947 4678 2961 4702 ,
2990 4645 3039 4691 et
3066 4644 3360 4709 potestatem
3388 4638 3548 4694 habeo

1957 4720 2188 4777 sumendi
2211 4736 2324 4778 eam
2343 4738 2361 4779 :
2383 4737 2530 4779 nemo
2556 4725 2687 4779 tollit
2706 4741 2816 4780 eam
2837 4744 2868 4779 a
2895 4738 3006 4792 ine;
3024 4728 3113 4782 sed
3136 4745 3227 4801 ego
3258 4742 3392 4801 pono
3411 4745 3542 4799 eam,

1956 4822 2003 4867 et
2029 4814 2211 4889 uerum
2237 4831 2438 4870 sumam
2465 4831 2576 4870 eam
2605 4815 2780 4889 (loan.
2809 4832 2864 4886 ι,
2896 4820 3007 4890 18).
3037 4820 3106 4875 Ει
3128 4822 3209 4876 sic
3233 4820 3379 4878 fecit.
3405 4822 3547 4891 Quid

1957 4906 2100 4961 enim
2130 4905 2324 4963 factum
2351 4917 2457 4976 est,
2481 4907 2674 4965 fratres
2691 4910 2717 4964 ἲ
2744 4911 3015 4967 Peudebat
3040 4914 3092 4967 in
3114 4927 3291 4980 cruce,
3313 4926 3545 4986 quomo-

1956 4996 2028 5053 do
2048 4996 2125 5071 (a)
2146 4996 2582 5069 Competentibus
2602 5001 2827 5073 legimus
2857 5020 2871 5056 :
2905 5010 2960 5059 at
2986 5004 3071 5059 ubi
3098 5005 3233 5061 vidit
3250 5006 3545 5077 completas

1956 5088 2012 5143 in
2036 5104 2096 5144 se
2119 5104 2308 5145 omnes
2336 5090 2637 5161 Sorlpturas
2655 5134 2669 5159 ,
2699 5101 2759 5148 ut
2788 5094 2861 5149 illi
2888 5094 3079 5151 darent
3101 5096 3262 5151 etiam
3293 5107 3503 5155 acetum
3527 5141 3544 5167 ,

1959 5180 2249 5253 Perfectum
2274 5192 2347 5239 est
2364 5225 2379 5250 ,
2408 5185 2482 5240 ait
2511 5203 2524 5240 :
2556 5195 2611 5241 et
2636 5184 2907 5242 inclinavit
2929 5198 3086 5257 caput
3105 5232 3119 5255 ,
3152 5199 3207 5245 et
3232 5191 3407 5248 emisit
3432 5188 3543 5263 Spi-

1955 5273 2153 5338 ritum;
2182 5275 2332 5345 quasi
2354 5275 2419 5329 ad
2449 5274 2551 5331 hoc
2577 5286 2763 5343 staret,
2792 5287 2848 5331 ut
2873 5277 3184 5348 impleretur
3205 5280 3246 5337 ³.
3274 5276 3407 5338 Cum
3425 5282 3543 5338 vel-

1954 5363 2031 5419 let
2051 5379 2199 5437 ergo,
2226 5367 2457 5422 animam
2487 5382 2637 5423 suam
2662 5369 2854 5439 posuit.
2886 5370 2953 5425 Et
2981 5370 3102 5426 ideo
3130 5373 3221 5429 ille
3241 5374 3380 5430 Deus
3401 5381 3537 5445 erat,

1955 5458 2030 5513 illi
2068 5458 2314 5515 homines
2335 5502 2350 5529 ,
2379 5462 2470 5532 qui
2495 5462 2645 5532 juxta
2675 5462 2823 5518 illum
2849 5472 3004 5520 erant
3031 5465 3293 5523 cruciﬁxi.
3335 5464 3431 5525 ille
3456 5469 3536 5524 ci-

2018 5601 2182 5678 ἱιῑξδει
2206 5602 2291 5677 sed
2312 5601 2399 5678 ίιέςι
2421 5603 2844 5678 saporatis
2864 5607 3118 5678 σρπεεείρι
3136 5608 3331 5678 ditem
3350 5618 3439 5662 εει-

2020 5658 2042 5695 ί
2060 5658 2341 5736 δἰοιὸιδὶιιιιε·
2355 5658 2447 5736 us.-
2459 5667 2652 5736 omittit,
2664 5658 2674 5669 ’
2687 5675 2856 5720 tenete.
2894 5658 3046 5722 Forte
3058 5658 3369 5736 legendum;

1952 5723 2230 5787 Christum;
2251 5736 2307 5778 ut
2330 5729 2473 5781 infra.
2492 5742 2542 5776 ιι.
2568 5729 2616 5776 8.

2018 5789 2039 5861 ξ
2060 5795 2167 5861 Mss.
2192 5790 2391 5847 habent,
2415 5788 2638 5861 guasiud
2660 5789 2749 5845 hoc
2780 5792 3121 5847 adhortaretur
3142 5801 3195 5847 ut
3214 5793 3511 5861 impleretur.

2018 5855 2093 5921 (a)
2116 5864 2277 5922 Forte,
2300 5857 2428 5923 quod
2450 5857 2610 5912 modo.
