4002 6472
468 351 541 408 55

463 464 576 521 tius
605 465 852 537 moritur,
872 469 946 525 illi
975 471 1192 534 tardius.
1217 473 1284 528 Et
1313 487 1432 529 cum
1452 473 1658 546 jussum
1683 487 1828 534 esset
1849 488 1910 535 ut
1931 494 2049 535 cor-

469 571 602 627 pora
624 557 1022 630 deponerentur
1044 562 1112 618 de
1136 578 1292 619 cruce
1319 575 1533 637 propter
1551 568 1849 638 sabbatum,
1875 579 1936 626 ut
1963 587 2047 627 se-

468 651 785 720 peiirentur,
816 655 1132 710 invenerunt
1153 656 1272 712 illos
1295 657 1529 715 latrones
1556 661 1797 718 viventes
1821 704 1836 727 ,
1886 671 1941 718 et
1966 665 2045 720 eis

467 762 622 803 crura
642 745 949 820 fregerunt;
981 749 1262 806 Dominum
1288 760 1464 808 autem
1487 753 1596 822 jam
1617 754 1922 810 defunctum
1943 798 1957 822 ,
1991 763 2054 813 et

463 849 806 914 tamen‘unus
848 841 1084 918 ipsorum
1125 843 1306 900 lancea
1349 848 1607 914 percussit
1637 848 1774 903 latus
1803 849 1917 919 ejus
1943 891 1957 916 ,
1989 859 2044 905 et

459 933 710 1004 proﬂuxit
731 936 942 1006 sanguis
962 943 1017 990 et
1040 950 1176 1008 aqua
1205 935 1380 1009 (Joan.
1408 955 1517 1006 xix,
1537 939 1735 1010 30-54).
1769 941 1907 997 Ecce
1929 956 2044 1011 pre-

459 1028 591 1084 tium
622 1037 788 1083 tuum.
815 1028 950 1094 Quid
976 1030 1116 1082 enim
1142 1029 1392 1100 proﬂuxit
1417 1030 1484 1086 de
1509 1031 1675 1086 latere
1693 1073 1708 1098 ,
1742 1033 1843 1086 nisi
1865 1048 2041 1089 sacra-

461 1128 698 1174 mentum
743 1119 882 1190 quod
924 1120 1188 1190 accipiunt
1217 1122 1442 1178 fideles?
1470 1123 1695 1194 Spiritus
1718 1167 1732 1192 ,
1783 1126 1996 1196 sanguis
2019 1168 2034 1195 ,

457 1218 512 1264 et
530 1226 684 1280 aqua.
713 1210 941 1281 Spiritus
961 1229 1118 1284 quem
1145 1208 1351 1283 emisit,
1372 1224 1426 1270 et
1449 1218 1663 1288 sanguis
1687 1224 1742 1273 et
1764 1233 1898 1290 aqua
1921 1234 2039 1289 quae

454 1301 524 1356 de
551 1303 716 1358 latere
735 1304 1117 1374 profluxerunt.
1140 1308 1216 1362 De
1243 1307 1356 1378 ipso
1371 1310 1625 1380 sanguine
1652 1319 1703 1365 et
1719 1326 1853 1381 aqua
1876 1312 2038 1383 signi-

456 1394 645 1452 ﬁeatur
668 1406 788 1452 nata
807 1399 1060 1454 Ecclesia.
1085 1401 1150 1454 Et
1171 1401 1380 1470 quando
1405 1402 1566 1457 exivit
1590 1405 1802 1473 sanguis
1824 1413 1877 1460 et
1903 1419 2038 1475 aqua

451 1485 521 1541 de
546 1487 745 1542 latere?
766 1489 896 1544 Cum
920 1491 1030 1560 jam
1053 1491 1314 1547 dormiret
1337 1492 1581 1549 Christus
1610 1496 1662 1549 in
1687 1511 1846 1552 cruce
1870 1515 1882 1550 :
1913 1499 2034 1568 quia

453 1578 624 1633 Adam
656 1581 708 1635 in
730 1581 985 1637 Paradiso
1013 1598 1258 1639 somnum
1284 1587 1526 1656 accepit,
1559 1596 1614 1642 et
1637 1589 1715 1644 sic
1742 1589 1816 1644 illi
1846 1590 1914 1646 de
1956 1591 2036 1644 la-

451 1681 567 1728 tere
595 1673 705 1728 Eva
735 1675 990 1744 producta
1017 1685 1118 1732 est.
1146 1677 1286 1734 Ecce
1310 1695 1438 1750 ergo
1463 1683 1690 1751 pretium
1715 1692 1883 1740 tuum.
1914 1686 2036 1742 lmi-

450 1776 566 1822 tare
593 1767 940 1823 humilitatem
968 1778 1022 1825 et
1035 1773 1255 1842 vestigia
1280 1773 1489 1828 Domini
1517 1776 1610 1841 tui,
1629 1786 1684 1834 et
1711 1780 2032 1849 nolidicere,

449 1855 580 1924 Quis
607 1859 745 1914 istud
771 1860 927 1915 facit?
943 1862 1036 1917 Est
1061 1864 1200 1919 circa
1225 1873 1276 1920 te
1296 1865 1429 1922 forte
1454 1877 1508 1922 et
1531 1869 1620 1938 qui
1649 1885 1752 1925 non
1769 1871 1910 1926 facit.
1929 1874 2034 1929 Sed

448 1948 501 2001 in
536 1949 621 2003 illa
650 1952 803 2006 turba
833 1953 877 2007 si
907 1962 960 2007 tu
993 1953 1202 2024 feceris,
1236 1957 1314 2012 sic
1338 1958 1430 2012 tibi
1456 1961 1866 2030 computabitur,
1897 1981 2033 2035 quo-

445 2040 607 2094 modo
633 2042 676 2095 si
705 2043 942 2098 invenias
970 2045 1024 2099 in
1050 2062 1172 2102 area
1196 2062 1361 2103 unum
1389 2064 1633 2118 granum,
1667 2060 1721 2106 et
1746 2053 1928 2123 paleas
1952 2056 2036 2110 in-

443 2130 640 2186 finitas.
673 2133 900 2191 Difficile
926 2137 1132 2192 invenis
1169 2139 1275 2195 duo
1299 2156 1462 2212 grana
1488 2144 1645 2198 simul
1667 2145 1854 2214 juncta
1889 2165 1901 2200 :
1935 2149 2032 2204 sed

444 2221 586 2278 inter
612 2240 774 2295 grana
801 2229 948 2299 palea
970 2231 1255 2286 commixta
1277 2242 1377 2288 est.
1405 2233 1492 2289 Sic
1515 2236 1653 2291 inter
1678 2253 1773 2292 eos
1798 2239 1888 2309 qui
1911 2255 2029 2294 ser-

442 2313 560 2368 vire
585 2315 770 2371 volunt
798 2317 909 2374 Deo
931 2361 947 2387 ,
980 2323 1234 2392 strepitus
1262 2333 1316 2378 et
1339 2311 1620 2380 multitudo
1647 2337 1728 2382 est
1767 2331 2026 2385 malorum

443 2403 720 2462 hominum
746 2410 1082 2467 circumdans
1106 2415 1225 2470 illos
1250 2417 1511 2487 undique;
1540 2420 1659 2489 quia
1692 2436 2029 2492 quocumque

441 2513 502 2552 se
530 2502 806 2570 verterint,
839 2518 945 2558 non
977 2504 1250 2561 inveniunt
1280 2508 1380 2562 nisi
1411 2514 1577 2564 malos
1599 2526 1865 2568 suasores.
1899 2515 2028 2569 Esto

439 2604 568 2662 ergo
588 2602 645 2647 ut
669 2609 894 2664 granum
919 2638 933 2663 ,
967 2607 1020 2652 et
1047 2599 1153 2653 noli
1177 2615 1364 2656 curare
1390 2603 1455 2657 de
1482 2605 1653 2674 palea.
1680 2607 1866 2661 Veniet
1892 2617 2028 2662 tem-

436 2697 538 2752 pus
567 2693 624 2739 ut
653 2697 948 2755 separetur.
981 2689 1106 2744 Ideo
1133 2695 1481 2762 cantavimus,
1515 2696 1701 2751 Judica
1732 2716 1828 2763 me,
1860 2699 2020 2768 Deus,

436 2783 486 2829 et
500 2777 726 2832 discerne
744 2796 948 2834 causam
970 2800 1132 2838 meam
1153 2787 1213 2839 de
1233 2796 1376 2857 gente
1395 2806 1494 2842 non
1511 2801 1682 2844 sancta
1698 2791 1871 2862 (Psal.
1891 2810 2019 2862 XLII,

433 2865 514 2938 1).
539 2868 774 2925 Ecclesia
803 2872 932 2927 illud
952 2874 1080 2929 dicit
1103 2891 1323 2945 gemens
1349 2879 1490 2935 inter
1508 2893 1833 2951 peccatores.
1864 2885 2022 2938 Puta-

432 2958 522 3026 tis,
546 2959 756 3029 fratres,
779 2963 903 3034 quia
923 2965 988 3019 ad
1013 2967 1114 3021 hoc
1133 2968 1242 3022 vult
1261 2960 1319 3024 se
1344 2970 1572 3026 discerni
1596 2974 1850 3040 Ecclesia,
1875 2985 1931 3030 ut
1951 2977 2019 3033 ab

431 3049 727 3108 haeresibus
749 3063 996 3125 tanquam
1009 3060 1293 3113 sarmentis
1315 3063 1549 3130 praecisis
1571 3068 2016 3134 separetur?.lam

429 3143 498 3198 ab
528 3143 657 3213 ipsis
683 3157 926 3216 separata
954 3158 1054 3204 est.
1084 3150 1349 3222 Numquid
1381 3154 1449 3208 ita
1479 3155 1605 3209 dicit
1627 3156 1886 3227 Ecclesia,
1919 3160 2014 3214 Ju-

430 3233 546 3288 dica
574 3251 681 3303 me,
717 3237 876 3305 Deus,
908 3247 963 3293 et
989 3240 1234 3298 discerne
1253 3259 1466 3299 causam
1493 3261 1687 3313 meam,
1721 3257 1776 3302 ut
1804 3266 1832 3302 a
1866 3262 2014 3318 parte

427 3324 654 3393 Donati,
686 3338 777 3382 aut
799 3331 864 3384 ab
887 3332 1099 3388 Arianis
1118 3375 1133 3400 ,
1163 3336 1244 3390 vel
1274 3351 1305 3389 a
1335 3337 1635 3393 Maniclneis
1661 3344 2013 3412 segregetnr?

427 3417 542 3474 Non
583 3436 641 3475 se
667 3430 818 3492 rogat
845 3424 1110 3493 discerni,
1140 3427 1242 3482 nisi
1268 3429 1334 3484 ab
1362 3430 1442 3484 his
1470 3431 1560 3501 qui
1590 3433 1637 3486 ei
1669 3434 1821 3487 mixti
1848 3444 2007 3500 sunt,

425 3526 562 3582 quos
590 3523 799 3583 Oportet
826 3524 882 3570 nt
902 3518 1092 3572 toleret
1117 3535 1281 3590 usque
1308 3522 1362 3575 in
1391 3522 1570 3578 finem.
1596 3525 1701 3580 Sed
1731 3525 1835 3581 hoc
1856 3527 2004 3593 dicit,

422 3602 612 3658 Judica
638 3622 717 3659 me
737 3647 752 3673 ,
786 3607 924 3662 Deus
949 3650 962 3676 ,
995 3619 1041 3664 et
1070 3611 1292 3666 discerne
1318 3630 1520 3668 causam
1558 3633 1719 3671 meam
1746 3636 1764 3672 :
1794 3619 1844 3673 id
1885 3631 1965 3674 est
1988 3662 2004 3689 ,

423 3710 493 3750 ne
509 3711 625 3750 cum
653 3697 781 3766 ipsis
802 3699 1009 3767 judicer
1023 3711 1075 3758 et
1098 3703 1292 3774 perdar
1307 3705 1358 3758 in
1379 3705 1466 3760 die
1487 3705 1690 3775 judicii.
1713 3709 1840 3764 Nam
1866 3728 2006 3767 nunc

420 3784 620 3840 dictum
647 3797 748 3855 est,
780 3788 987 3846 Dimitte
1013 3792 1211 3847 zizania
1237 3811 1454 3849 crescere
1486 3795 1694 3869 (Matth.
1728 3817 1840 3868 xm,
1870 3803 1961 3872 30)
1987 3820 2000 3857 :

419 3886 473 3932 et
504 3880 796 3938 tolerantur
836 3884 995 3939 modo
1039 3886 1161 3940 mali
1190 3904 1222 3940 a
1249 3886 1402 3943 bonis
1425 3930 1440 3956 ,
1473 3889 1528 3943 in
1555 3889 1642 3946 die
1681 3891 1865 3961 judicii
1911 3909 2000 3950 se-
2032 3881 2036 3884 ἢ

416 3971 656 4036 parandi.

484 4085 539 4138 4.
578 4083 738 4140 Jacob
781 4095 829 4141 et
867 4083 1011 4142 Esau
1057 4091 1235 4162 ﬁgurae
1284 4093 1459 4163 pepuli
1506 4094 1782 4152 Christiani
1822 4108 1868 4156 et
1902 4103 2000 4158 Ju-

418 4175 572 4229 daici.
595 4177 665 4232 Et
682 4177 800 4233 ideo
824 4178 990 4234 Jaeob
1019 4181 1107 4236 ille
1130 4223 1145 4248 ,
1173 4184 1264 4252 qui
1294 4185 1451 4240 modo
1481 4187 1646 4244 lectus
1665 4200 1783 4256 est,
1821 4207 1992 4264 p0pu-

417 4266 525 4320 lum
555 4267 816 4337 significat
835 4271 1178 4328 christianum
1197 4294 1210 4330 :
1229 4274 1344 4346 ipse
1364 4286 1447 4332 est
1464 4281 1605 4334 enim
1629 4283 1802 4338 minor
1823 4286 1988 4352 filius;

413 4359 539 4428 quia
566 4361 789 4430 populus
812 4362 1116 4420 Judaaorum
1149 4367 1287 4422 Esau
1333 4380 1434 4424 est.
1478 4371 1554 4427 De
1591 4373 1756 4430 Jacob
1779 4380 1991 4448 quidem
2031 4425 2034 4434 ,

413 4461 535 4507 nata
565 4463 648 4507 est
673 4469 804 4524 gens
841 4455 1176 4527 Judarorum,
1227 4461 1320 4516 sed
1353 4462 1404 4516 in
1435 4463 1599 4534 figura
1644 4469 1809 4538 magis
1851 4471 1991 4528 Esau

413 4546 583 4601 Judaei
627 4547 992 4619 intelliguntur
1021 4569 1033 4604 :
1075 4551 1197 4622 quia
1225 4555 1449 4624 populus
1478 4557 1651 4628 major
1678 4562 1993 4630 reprobatus
2028 4631 2032 4635 ,

409 4649 510 4704 est,
544 4641 769 4711 p0pulus
812 4652 990 4697 autem
1033 4645 1207 4698 minor
1251 4649 1530 4716 primatum
1591 4656 1815 4723 accepit.
1858 4655 1989 4714 Cum

406 4733 565 4788 etiam
595 4735 648 4786 in
692 4742 841 4788 utero
871 4734 1216 4803 luctarentur,
1259 4748 1312 4792 et
1342 4741 1551 4796 taedium
1582 4754 1752 4801 mater
1783 4749 1990 4816 patere-

404 4834 509 4890 tur,
551 4827 672 4897 quia
703 4827 1109 4896 impellebantur
1134 4829 1337 4886 viscera
1365 4833 1499 4902 ejus,
1528 4836 1638 4891 ait:
1687 4838 1823 4903 Quid
1865 4843 1986 4898 mihi

402 4919 513 4974 sic?
543 4919 728 4974 Melius
753 4920 878 4974 mihi
903 4929 1007 4974 erat
1046 4923 1283 4977 sterilitas
1307 4965 1321 4989 ,
1367 4942 1516 4998 quam
1547 4939 1600 4981 ut
1628 4930 1722 4985 hoc
1767 4942 1981 5004 paterer.

405 5009 612 5064 Dictum
643 5021 724 5066 est
753 5013 802 5066 ei
841 5027 871 5065 a
909 5012 1162 5081 Domino,
1191 5015 1332 5086 quod
1376 5018 1481 5074 duo
1511 5023 1686 5092 populi
1734 5025 1787 5078 in
1833 5036 1984 5086 utero

403 5101 522 5170 ejus
549 5101 914 5173 confligerent,
947 5112 1000 5158 et
1027 5103 1146 5159 dua:
1175 5116 1387 5177 gentes,
1419 5119 1473 5165 et
1516 5113 1635 5182 quia
1671 5115 1841 5186 major
1864 5132 1979 5173 ser-

402 5191 512 5246 viet
537 5192 730 5246 minori
773 5192 990 5265 (Galat.
1027 5209 1154 5260 xxv,
1193 5197 1291 5263 22,
1327 5199 1453 5271 25).
1492 5201 1639 5268 Quod
1673 5204 1868 5262 dictum
1900 5219 1982 5266 est

403 5297 523 5336 cum
565 5282 618 5336 in
651 5291 802 5338 utero
825 5295 1022 5353 essent,
1054 5287 1156 5342 hoc
1182 5287 1378 5344 dictum
1407 5303 1488 5347 est
1514 5294 1702 5350 iterum
1732 5299 1784 5352 in
1813 5300 1976 5356 bene-

401 5371 637 5428 dictione
672 5373 835 5440 ISaac,
877 5392 998 5432 cum
1042 5379 1377 5436 benediceret
1419 5384 1711 5454 minorem;
1761 5391 1977 5459 putabat

397 5472 581 5520 autem
603 5478 663 5520 se
688 5463 1001 5523 benedicere
1030 5471 1306 5540 majorem.
1335 5473 1622 5531 Personam
1657 5478 1813 5550 Legis
1840 5484 1977 5539 fere-

399 5556 491 5610 bat
514 5554 678 5610 lsaac.
702 5555 923 5612 Videtur
945 5558 1055 5614 Lex
1084 5561 1204 5616 data
1231 5563 1460 5620 Iudaeis:
1485 5577 1538 5622 et
1557 5569 1728 5638 ipsum
1751 5587 1972 5642 regnum

401 5649 580 5704 datum
623 5658 704 5704 est
742 5647 1075 5705 Christianis.
1121 5655 1390 5713 Attendite
1435 5660 1555 5730 quia
1608 5659 1723 5716 Lex
1765 5664 1973 5722 videtur

397 5756 618 5812 regnum
659 5742 987 5811 promittere.
1020 5745 1218 5804 Judaeis
1251 5751 1461 5820 dicitur,
1505 5753 1780 5826 Propterea
1819 5765 1966 5831 aufe-

393 5842 528 5890 retur
552 5849 585 5887 a
611 5832 747 5888 vobis
771 5849 1002 5907 regnum,
1030 5847 1078 5895 et
1104 5840 1304 5896 dabitur
1327 5845 1462 5914 genti
1487 5847 1692 5916 facienti
1709 5849 1968 5918 justitiam

1691 360 1750 418 S.
1787 359 2151 422 AUGUSTINI
2189 362 2496 422 EPISCOPI

3667 384 3738 442 56

2159 477 2388 548 (Matth.
2417 497 2506 537 χχι
2525 523 2539 549 ,
2571 481 2696 557 45).
2729 485 3014 546 Auferetur
3037 491 3105 549 ab
3133 493 3304 563 Esau,
3329 504 3384 552 et
3407 498 3616 556 dabitur
3640 503 3731 558 Ja-

2157 571 2278 626 cob.
2309 572 2555 630 Hirsutus
2580 583 2735 632 natus
2758 589 2875 635 erat
2901 589 2957 636 et
2984 583 3184 653 pilosus
3210 583 3378 656 Esau,
3416 589 3470 646 id
3505 601 3589 647 est
3622 596 3731 665 ple-

2152 679 2251 720 nus
2279 669 2545 736 peccatis;
2578 669 2854 727 haerebant
2877 674 2933 730 in
2957 676 3047 732 illo
3074 689 3289 749 peccata
3319 700 3334 736 :
3365 683 3451 740 ille
3477 696 3655 744 autem
3676 700 3728 748 ut

2150 757 2418 826 acciperet
2459 761 2762 830 primatum,
2791 768 2995 838 accepit
3023 771 3190 840 pelles
3218 772 3490 832 htedorum
3518 779 3571 833 in
3608 781 3729 838 bra-

2150 845 2314 913 chiis;
2345 859 2400 904 et
2423 851 2502 905 sic
2531 852 2676 908 illum
2722 856 2996 914 benedixit
3031 870 3202 932 pater,
3248 867 3468 936 palpans
3512 871 3729 931 brachia

2149 938 2333 1010 ipsius,
2352 951 2409 998 et
2426 945 2700 1003 inveniens
2719 949 3001 1006 hirsutum.
3017 954 3120 1010 Sed
3136 957 3210 1011 illi
3231 961 3408 1029 capilli
3430 962 3504 1034 (a)
3523 975 3579 1020 et
3603 982 3729 1036 pec-

2149 1039 2265 1085 cata
2294 1035 2642 1103 portabantur
2665 1055 2694 1093 a
2719 1040 2904 1108 Jacob,
2933 1060 3037 1100 non
3065 1047 3332 1105 literebant
3354 1053 3407 1106 in
3435 1035 3618 1112 Jacob.
3641 1056 3731 1117 Sic

2147 1136 2275 1193 ergo
2305 1134 2358 1180 et
2386 1127 2624 1183 Ecclesia
2655 1131 2749 1186 Dei
2775 1134 2948 1190 aliena
2979 1148 3194 1206 peccata
3221 1152 3426 1212 portat,
3467 1161 3571 1201 non
3612 1165 3729 1218 sua,

2149 1216 2388 1274 tolerans
2433 1237 2600 1292 usque
2647 1224 2700 1279 in
2748 1226 2939 1294 finem;
2994 1231 3131 1286 sicut
3175 1244 3230 1289 et
3278 1236 3531 1295 Dominus
3574 1241 3732 1298 Jesus

2146 1305 2389 1390 Christus
2409 1314 2578 1371 aliena
2603 1321 2857 1388 portavit.
2882 1322 2949 1377 Et
2976 1323 3245 1382 benedixit
3270 1331 3529 1388 minorem
3557 1343 3727 1404 pater.

2147 1402 2216 1457 Et
2241 1409 2508 1475 quomodo
2548 1411 2854 1468 benedixit?
2889 1417 3198 1489 Mysteriunt
3231 1435 3503 1494 sanctum,
3543 1402 3732 1500 quales

2143 1492 2303 1549 futuri
2330 1509 2482 1554 erant
2511 1502 2550 1556 ί.
2591 1503 2784 1559 Volunt
2813 1507 2954 1561 enim
2990 1512 3171 1567 oculos
3201 1524 3384 1570 acutos
3414 1518 3730 1589 Scripturce.

2143 1585 2419 1643 Benedixit
2440 1591 2604 1647 lilium
2633 1610 2785 1650 suum
2817 1601 3079 1657 minorem
3121 1623 3132 1658 :
3157 1616 3210 1661 et
3236 1609 3447 1665 videtur
3471 1585 3732 1684 deceptus

2141 1681 2291 1748 quasi
2320 1681 2656 1742 benedixisse
2682 1688 2841 1744 alium
2878 1708 2970 1759 pro
3007 1695 3132 1750 alio.
3172 1697 3327 1754 Venit
3356 1701 3443 1756 ille
3473 1705 3566 1774 qui
3593 1681 3732 1762 ierat

2140 1773 2211 1827 ad
2233 1777 2598 1846 venationem,
2629 1792 2915 1851 apportans
2951 1788 3090 1855 quod
3120 1799 3268 1858 pater
3285 1793 3536 1862 jusserat,
3565 1807 3617 1852 et
3645 1800 3734 1853 di-

2143 1864 2215 1918 cit
2246 1883 2259 1918 :
2295 1863 2470 1933 Pater,
2496 1871 2765 1938 manduca,
2798 1875 2926 1927 sicut
2953 1879 3168 1933 voluisti.
3201 1881 3345 1936 Dixit
3371 1883 3522 1940 Isaac
3549 1905 3568 1941 .'
3600 1889 3732 1954 Quis

2139 1971 2188 2009 es
2219 1957 2308 2010 tu?
2339 1955 2408 2011 Et
2446 1958 2533 2014 ille
2570 1976 2589 2014 :
2628 1961 2742 2034 Ego
2770 1981 2882 2018 sum
2921 1966 3061 2022 Esau
3105 1973 3240 2040 ﬁlius
3280 1984 3396 2030 tuus
3435 1981 3614 2049 major.
3657 1981 3732 2035 Et

2138 2047 2296 2102 dicit:
2327 2049 2466 2122 Ergo
2493 2062 2546 2106 tu
2572 2071 2622 2108 es
2647 2053 2821 2111 Esau?
2850 2058 2974 2126 Quis
2996 2071 3068 2116 est
3103 2073 3267 2119 autem
3283 2068 3399 2136 jam
3435 2047 3520 2140 qui
3551 2075 3729 2127 attulit

2137 2141 2261 2193 mihi
2291 2158 2454 2196 escam
2473 2187 2488 2209 ,
2528 2154 2577 2199 et
2603 2149 2924 2214 manducavi,
2956 2163 3002 2205 et
3030 2153 3263 2210 benedixi
3292 2159 3467 2226 illum,
3497 2172 3543 2216 et
3570 2163 3730 2219 bene-

2135 2230 2298 2286 dictus
2327 2243 2399 2287 est
2435 2233 2600 2307 (Gen.
2632 2253 2802 2304 xxvn,
2831 2241 3071 2317 51-40)?
3099 2245 3143 2300 Ο
3170 2247 3326 2304 irasci
3355 2251 3655 2322 deceptori!
3695 2274 3730 2313 ο

2135 2320 2291 2376 irasci
2319 2322 2524 2380 fallaci!
2559 2327 2671 2382 lmo
2698 2327 2784 2383 dic
2811 2348 2823 2384 :
2855 2331 3030 2398 Quare
3058 2351 3146 2390 me
3175 2337 3418 2409 decepit?
3441 2320 3604 2412 quare
3631 2362 3731 2403 me

2134 2411 2358 2467 fefellit?
2383 2418 2534 2472 tollat
2557 2419 2982 2480 benedictionem
3006 2427 3148 2482 illam
3174 2428 3337 2486 frater
3357 2411 3542 2504 ipsius,
3569 2448 3622 2493 et
3650 2442 3732 2495 sit

2136 2507 2188 2559 in
2220 2509 2394 2562 malis.
2423 2511 2611 2568 Nonne
2636 2515 2829 2571 clamat
2859 2518 2972 2574 haec
3001 2537 3087 2576 res
3117 2523 3170 2577 in
3197 2529 3450 2596 mysterio
3477 2530 3632 2597 facta,
3666 2544 3731 2589 ut

2132 2601 2304 2670 major
2328 2605 2524 2658 serviat
2549 2607 2778 2662 minori?
2806 2611 3010 2681 Accipit
3045 2631 3172 2685 ergo
3203 2618 3359 2674 talem
3391 2630 3443 2675 et
3474 2623 3587 2692 ipse
3619 2627 3728 2680 be-

2135 2691 2516 2749 nedictionem.
2559 2696 2666 2753 Sed
2695 2701 2966 2771 subjunxit
3001 2723 3014 2760 :
3056 2705 3173 2761 Eris
3209 2726 3377 2765 servus
3413 2691 3585 2784 fratris
3619 2722 3726 2776 tui.

2129 2781 2262 2838 Cum
2296 2787 2383 2841 ille
2410 2789 2632 2860 diceret,
2665 2791 2931 2866 Numquid
2968 2798 3125 2866 ﬁnita:
3161 2813 3279 2856 sunt
3316 2781 3714 2866 benedictiones.

2127 2873 2334 2928 benedic
2361 2888 2407 2930 et
2437 2896 2547 2946 me;
2583 2882 2684 2948 ait,
2714 2883 2840 2938 Cum
2869 2887 3014 2940 illum
3046 2890 3195 2945 talem
3224 2895 3337 2964 feci,
3367 2897 3453 2950 tibi
3474 2900 3596 2968 quid
3619 2902 3725 2956 ha-

2124 2965 2216 3021 beo
2243 2968 2406 3023 dare?
2435 2971 2500 3024 Et
2524 2972 2656 3027 dixit
2680 2992 2694 3029 :
2724 2974 2942 3032 Benedic
2973 2990 3019 3033 et
3048 2999 3144 3050 me,
3177 2995 3335 3054 pater.
3368 2987 3436 3042 Et
3463 2965 3718 3065 extorsit,

2125 3068 2182 3114 et
2209 3063 2415 3131 accepit
2440 3063 2865 3123 benedictionem
2896 3087 3059 3142 prope
3087 3075 3334 3147 similem,
3366 3096 3397 3134 a
3430 3098 3551 3138 rore
3586 3063 3722 3145 creti

2124 3159 2181 3205 et
2208 3153 2479 3209 fertilitate
2507 3165 2661 3211 terrm
2692 3175 2904 3214 onmem
2945 3165 3335 3225 abundantiam.
3386 3172 3451 3226 Et
3485 3175 3719 3244 subjecit

2121 3244 2329 3310 statim,
2373 3245 2440 3299 Et
2469 3250 2650 3303 servies
2680 3253 2828 3322 fratri
2857 3265 2960 3307 tuo.
2993 3255 3060 3310 Et
3087 3261 3177 3313 erit
3203 3261 3290 3315 tibi
3314 3264 3416 3333 sic,
3450 3284 3564 3322 cum
3598 3271 3720 3326 sol-

2119 3335 2247 3387 veris
2267 3336 2454 3406 jugum
2481 3340 2589 3408 ejus
2620 3357 2651 3394 a
2677 3345 2862 3397 cervice
2885 3356 2988 3399 tua.
3025 3349 3158 3417 Quid
3183 3364 3263 3407 est
3294 3353 3422 3410 illud
3449 3360 3589 3427 quod
3617 3362 3718 3418 di-

2129 3435 2273 3481 ctum
2292 3439 2391 3495 est,
2416 3430 2478 3483 Et
2506 3434 2597 3486 erit
2622 3433 2710 3488 tibi
2732 3439 2823 3499 sic,
2843 3455 2955 3492 cum
2985 3443 3190 3499 solveris
3206 3448 3388 3518 jugum
3409 3452 3517 3521 ejus
3541 3470 3573 3507 α
3597 3471 3718 3509 cer-

2117 3519 2222 3571 vice
2256 3529 2375 3586 tua;
2402 3521 2503 3576 nisi
2531 3525 2654 3593 quia
2683 3530 2917 3584 ostendit
2949 3531 3089 3599 illos,
3124 3552 3255 3606 quos
3281 3519 3437 3594 Esau
3453 3543 3716 3616 praeﬁgu-

2114 3611 2286 3678 rabat,
2317 3611 2395 3667 sic
2422 3629 2540 3670 esse
2567 3627 2893 3687 peccatores,
2933 3634 2990 3678 ut
3024 3625 3076 3679 in
3109 3637 3366 3695 potestate
3400 3611 3663 3693 haberent
3691 3682 3710 3706 ,

2113 3711 2166 3755 ct
2192 3703 2244 3756 in
2275 3703 2442 3758 libero
2471 3706 2709 3776 arbitrio,
2737 3715 2927 3768 mutari
2961 3725 3013 3770 et
3040 3716 3185 3772 fratri
3217 3721 3463 3794 conjungi
3490 3725 3546 3779 ιι

2183 3794 2235 3848 5.
2269 3794 2458 3866 λωιΨὶ
2504 3797 2907 3858 Christianorum
2951 3809 3098 3889 servi.
3139 3841 3211 3851 —
3266 3813 3536 3872 Altendite
3577 3834 3712 3892 my-

2110 3887 2350 3942 sterium.
2383 3889 2520 3946 Ecce
2545 3892 2762 3950 Judmus
2801 3886 3000 3954 servus.
3022 3910 3105 3956 est
3141 3903 3447 3962 Christiani.
3491 3909 3563 3966 Et
3591 3886 3709 3972 hoc

2107 3977 2447 4033 manifestum
2491 3991 2591 4048 est,
2634 3992 2688 4038 et
2733 3985 2970 4056 implevit
2995 3993 3179 4047 orbem
3229 4006 3510 4066 terrarum,
3555 4005 3709 4062 sicut

2105 4069 2318 4136 videtis,
2341 4071 2522 4127 Jacob.
2550 4074 2617 4128 Et
2638 4084 2696 4129 ut
2720 4080 2973 4135 noveritis
2997 4084 3119 4151 quia
3139 4085 3207 4140 de
3228 4086 3409 4144 futuro
3433 4091 3704 4152 diceban-

2105 4169 2192 4215 tur
2219 4162 2338 4228 ista,
2367 4165 2700 4221 considerate
2732 4169 2901 4237 ipsam
2934 4171 3208 4231 historiam
3229 4220 3244 4244 ,
3282 4189 3336 4235 et
3363 4183 3540 4241 videte
3563 4191 3700 4258 quia

2103 4268 2209 4307 non
2237 4263 2359 4308 sunt
2387 4256 2603 4326 impleta
2635 4259 2684 4311 in
2716 4259 2846 4329 ipsis
2865 4262 3094 4334 duobus,
3115 4267 3288 4341 Major
3307 4276 3484 4331 serviet
3505 4256 3701 4337 minori

2103 4343 2225 4412 (Id.
2278 4361 2406 4412 xxv,
2453 4347 2580 4420 25).
2616 4350 2820 4408 Ditatus
2854 4356 2996 4410 enim
3025 4357 3218 4430 legitur
3256 4364 3397 4421 Esau
3432 4371 3695 4444 multum,

2101 4448 2152 4493 et
2184 4453 2408 4510 regnare
2432 4442 2596 4513 θωρίι
2625 4443 2678 4498 in
2707 4453 2813 4501 tota
2843 4448 3161 4508 abundantia
3191 4455 3317 4525 (1d.
3350 4475 3539 4529 xxxvr,
3582 4466 3612 4518 7
3640 4442 3690 4539 ).

2099 4531 2194 4588 Ille
2215 4532 2290 4605 (b)
2317 4545 2495 4590 autem
2520 4537 2704 4605 Iacob,
2731 4551 2789 4596 ut
2808 4554 3054 4612 pasceret
3079 4563 3206 4605 oves
3232 4551 3451 4609 alienas.
3471 4557 3537 4611 Et
3559 4531 3692 4616 cuin

2098 4629 2349 4698 coepisset
2378 4630 2574 4697 redire,
2601 4642 2655 4688 et
2684 4635 2869 4692 timere
2895 4638 3112 4696 fratrem
3139 4657 3312 4712 suum,
3343 4648 3478 4702 sicut
3519 4655 3692 4710 modo

2097 4718 2389 4790 legebatur,
2415 4723 2577 4778 mittit
2603 4741 2820 4782 munera
2845 4731 3028 4785 nescio
3047 4745 3242 4802 quanta
3266 4752 3536 4808 pecorum,
3557 4745 3692 4801 mit-

2097 4809 2162 4863 tit
2201 4817 2257 4866 et
2289 4826 2500 4866 servum
2529 4815 2617 4883 qui
2647 4815 2806 4883 dicat,
2844 4817 2975 4874 Ecce
3002 4838 3212 4877 munera
3239 4826 3411 4895 fratris
3439 4832 3512 4884 tui
3545 4832 3681 4906 (Id.

2092 4915 2278 4970 xxx",
2316 4903 2423 4975 l8).
2448 4903 2627 4960 Noluit
2652 4923 2772 4961 eum
2799 4909 3004 4978 videre,
3036 4915 3346 4986 priusquam
3366 4903 3686 4982 muneribus

2090 4993 2355 5062 placaret;
2386 5001 2440 5048 et
2471 5004 2650 5065 postea
2670 4998 2815 5052 illum
2850 5004 3083 5074 acceptis
3104 5010 3412 5066 muneribus
3433 5013 3580 5069 vidit.
3606 5017 3686 5074 Et

2089 5098 2208 5139 cum
2237 5086 2304 5140 ad
2330 5101 2452 5141 eum
2479 5086 2642 5144 Iacob
2661 5092 2914 5161 venisset,
2934 5095 3172 5153 adoravit
3189 5116 3308 5155 eum
3332 5117 3365 5158 a
3384 5103 3538 5176 longe
3556 5107 3676 5180 (Id.

2088 5192 2299 5245 xxxm,
2333 5179 2368 5234 ὅ
2484 5179 2761 5247 Quomodo
2808 5200 2964 5257 ergo,
3011 5190 3183 5263 Major
3229 5197 3402 5250 serviet
3447 5178 3630 5254 minori
3654 5245 3674 5268 ,

2086 5270 2298 5341 quando
2342 5272 2517 5326 minor
2555 5273 2759 5330 videtur
2795 5278 3020 5336 adorare
3061 5285 3350 5354 majorem?
3398 5287 3503 5344 Sed
3548 5291 3678 5348 ideo

2087 5362 2188 5417 ista
2215 5363 2267 5417 in
2301 5362 2520 5418 historia
2545 5380 2652 5422 non
2681 5379 2803 5424 sunt
2842 5372 3090 5445 impleta,
3129 5387 3182 5430 ut
3216 5378 3571 5449 intelligantur
3596 5386 3675 5440 de

2086 5452 2266 5509 futuro
2291 5453 2449 5509 dicta.
2481 5457 2650 5513 Minor
2676 5460 2813 5516 filius
2839 5467 3040 5533 accepit
3068 5467 3350 5534 primatum
3369 5514 3382 5536 ,
3414 5484 3466 5527 et
3491 5476 3658 5543 major

2083 5548 2222 5602 ﬁlius
2249 5547 2482 5617 perdidit
2505 5551 2809 5620 primatum.
2835 5555 2973 5612 Ecce
2993 5559 3156 5615 Jacob
3179 5561 3413 5632 implevit
3441 5578 3662 5634 terram,

2147 5641 2162 5670 ι
2187 5645 2312 5703 Mss,
2349 5640 2512 5703 quales
2529 5642 2622 5694 viri
2641 5653 2794 5696 erant.

2087 5760 2098 5772 .
2143 5701 2257 5772 ’.ῥίς
2275 5701 2423 5750 nostri
2439 5718 2610 5756 onmes
2630 5715 2736 5759 Mss.
2763 5716 2819 5759 At
2845 5710 2979 5775 editi,
3002 5721 3187 5768 mutare
3207 5730 3258 5768 se
3297 5725 3343 5770 et
3377 5719 3522 5782 fratri
3542 5733 3650 5772 am-

2066 5775 2229 5826 μέτιθι.

2140 5824 2212 5934 iii
2235 5830 2399 5935 £332:
2415 5826 2528 5940 ἐφ’
