4014 6310
251 332 324 390 57
564 314 572 323 '
1478 293 1480 296 ’
1723 321 1951 379 SERMO
1988 323 2053 380 v.
2277 305 2280 308 ’
3455 335 3523 393 53

249 447 424 505 tenuit
465 452 653 518 gentes
692 451 748 500 et
773 457 958 515 regna.
1002 439 1169 498 Jussit
1213 440 1502 510 imperator
1538 437 1836 505 Romanus,

248 545 359 614 jam
385 538 745 603 Christianus,
774 545 835 590 ut
865 535 932 590 ad
961 534 1128 606 ipsam
1153 531 1447 589 Jerusalem
1482 545 1588 585 non
1619 529 1841 586 accede-

253 641 376 689 rent
404 631 579 687 Judaii
614 629 712 701 (a).
740 629 808 683 Et
833 628 1004 698 sparsi
1031 641 1128 696 per
1153 625 1335 680 orbem
1377 632 1636 679 terrarum
1661 665 1674 687 ,
1718 622 1842 676 facti

253 733 382 780 sunt
426 723 578 794 quasi
616 720 866 777 custodes
893 720 1173 775 Librorum
1204 725 1526 772 nostrorum.
1563 715 1840 782 Quomodo

253 819 417 881 servi,
461 815 676 888 quando
715 822 846 869 eunt
882 814 936 868 in
977 812 1296 868 auditorium
1340 810 1542 864 domini
1582 809 1838 878 ipsorum,

249 918 466 981 portant
498 916 619 978 post
657 906 779 961 illos
805 905 1035 968 codices,
1074 910 1130 957 et
1157 902 1287 956 foris
1314 901 1532 965 sedent;
1572 899 1648 952 sic
1675 897 1842 952 lactus

247 1014 331 1058 est
363 1002 504 1056 ﬁlius
545 1000 714 1069 major
740 997 852 1053 ﬁlio
879 997 1069 1051 minori
1103 996 1202 1065 (b).
1236 995 1366 1048 Nam
1407 992 1688 1064 aliquando
1723 1007 1840 1045 mo-

249 1104 379 1148 vent
405 1094 422 1124 ί
452 1092 627 1160 aliqua
656 1090 708 1144 in
734 1088 1055 1158 Scripturis;
1080 1096 1132 1142 et
1152 1087 1219 1141 de
1239 1085 1543 1141 Judteorum
1572 1083 1842 1137 codicibus

253 1187 396 1242 certi
435 1183 629 1252 aliquid
673 1182 1030 1252 cognoscitur.
1066 1178 1187 1232 Ideo
1216 1193 1342 1248 ergo
1382 1176 1551 1246 sparsi
1589 1183 1747 1238 sunt,
1787 1181 1844 1227 ut

253 1276 415 1331 nobis
453 1274 645 1328 Libros
674 1282 908 1326 servent.
951 1270 1117 1338 Major
1153 1283 1280 1338 ergo
1309 1266 1500 1342 minori
1532 1265 1713 1319 servit.
1748 1263 1843 1317 Vi-

254 1369 380 1423 dete
407 1368 550 1421 enim
579 1381 698 1420 cum
729 1372 924 1434 quanta
951 1361 1205 1432 dignitate
1235 1359 1302 1414 sit
1332 1359 1558 1429 populus
1585 1355 1842 1411 Christia-

254 1478 385 1520 nus.
425 1469 480 1514 et
526 1459 577 1511 in
609 1465 801 1525 quanta
831 1454 1126 1509 delectione
1154 1452 1223 1506 sit
1251 1451 1476 1520 populus
1514 1448 1840 1502 Judacorum.

250 1552 481 1620 Quando
506 1549 644 1604 forte
668 1548 780 1602 ausi
812 1556 936 1601 sunt
961 1545 1044 1600 vel
1071 1543 1338 1599 modicum
1371 1557 1588 1596 movere
1625 1555 1682 1596 se
1711 1554 1843 1596 con-

251 1652 328 1696 tra
357 1642 721 1703 Christianos,
740 1638 975 1708 quasillis
999 1636 1316 1706 contigerint
1343 1632 1564 1687 audistis
1583 1633 1634 1685 in
1657 1646 1844 1686 recen-

250 1734 285 1786 ti
318 1743 589 1803 tempore.
623 1731 762 1800 Ergo
783 1729 942 1783 modo
969 1743 1149 1781 verum
1177 1734 1277 1790 est,
1318 1723 1493 1794 Major
1527 1723 1704 1776 serviet
1750 1722 1846 1774 mi-

248 1825 382 1877 nori.
409 1821 693 1890 Quomodo
736 1835 863 1890 ergo
906 1819 992 1873 illa
1032 1817 1352 1882 benedictio,
1389 1815 1504 1869 Erit
1543 1815 1628 1868 tibi
1666 1833 1698 1868 a
1735 1831 1848 1868 rore

250 1916 360 1968 αειὶ
389 1924 438 1967 et
464 1932 497 1966 a
527 1913 787 1984 fertilitate
811 1911 994 1966 terrae?
1032 1909 1309 1977 Quomodo
1347 1908 1608 1963 minorem
1634 1949 1648 1974 ,
1691 1907 1767 1962 sic
1795 1914 1848 1962 et

249 2007 518 2074 majorem
542 2005 837 2060 benedixit.
862 2003 965 2058 Sed
987 2002 1176 2072 majori
1202 2001 1400 2056 dictum
1421 2009 1522 2066 est,
1539 1999 1604 2053 Et
1625 2001 1722 2054 eris
1743 2017 1849 2054 ser-

248 2113 338 2150 vus
368 2095 553 2166 fratris
579 2096 671 2148 tui.
699 2093 767 2148 Et
805 2095 899 2148 erit
928 2094 1041 2160 hoc,
1084 2109 1199 2146 cum
1227 2092 1431 2146 solveris
1450 2093 1632 2163 jugum
1672 2092 1780 2158 ejus
1817 2108 1849 2145 a

251 2190 441 2243 cervice
465 2198 574 2240 tua.
605 2186 800 2254 Quanti
830 2196 950 2240 sunt
977 2186 1067 2256 qui
1092 2185 1562 2253 solveruntjugum
1583 2199 1614 2237 a
1638 2183 1849 2239 cervice

251 2297 366 2346 sua,
403 2290 457 2336 et
487 2280 614 2334 facti
657 2287 780 2333 sunt
814 2277 1003 2333 fratres
1037 2277 1224 2332 nostri.
1255 2275 1446 2344 Quanti
1475 2275 1644 2330 Judaai
1673 2274 1850 2329 credi-

253 2374 468 2437 derunt,
495 2370 774 2425 attendite.
810 2369 878 2424 Et
905 2369 1082 2434 modo,
1105 2370 1148 2423 si
1179 2384 1335 2438 quem
1363 2368 1603 2422 Judmum
1633 2367 1851 2421 invene-

253 2469 345 2530 ris,
382 2474 439 2520 et
467 2463 918 2534 evangelizaveris
945 2462 1018 2516 illi
1046 2461 1325 2515 Dominum
1351 2460 1531 2515 Jesum
1561 2459 1848 2524 Christum,

257 2569 310 2613 et
341 2557 667 2622 crediderit,
706 2570 884 2609 nonne
926 2554 1082 2608 solvit
1108 2553 1292 2623 jugum
1320 2568 1351 2606 a
1383 2552 1588 2606 cervice
1618 2549 1748 2604 sua?
1788 2550 1855 2605 Et

259 2659 460 2721 quanta
505 2648 607 2702 hoc
647 2647 888 2702 fecerunt
913 2646 1098 2716 primis
1144 2644 1468 2714 temporibus
1501 2642 1622 2697 ﬁdei
1652 2641 1853 2695 millia?

263 2745 496 2798 Omnino
521 2742 615 2813 qui
641 2753 763 2795 tunc
787 2739 1145 2805 crediderunt,
1174 2737 1313 2793 sicut
1335 2737 1580 2807 legimus,
1598 2751 1664 2790 ex
1685 2733 1854 2790 servis

262 2836 388 2891 facti
419 2845 544 2890 sunt
574 2835 767 2890 fratres
792 2843 847 2888 et
869 2831 1198 2888 cohaeredes.

333 2930 387 2984 6.
446 2929 612 2982 Lucta
669 2927 831 2980 Iacob
888 2942 1002 2979 cum
1061 2923 1260 2994 angelo.
1312 2921 1427 2976 Non
1481 2934 1610 2990 ergo
1667 2919 1854 2975 Eccle-

265 3027 342 3080 sia
387 3039 508 3094 quae
549 3023 696 3084 dicit,
732 3021 922 3074 Judica
961 3035 1061 3085 me,
1095 3017 1264 3081 Deus,
1298 3025 1345 3069 et
1384 3014 1608 3068 discerne
1649 3029 1857 3066 causam

265 3133 430 3170 meam
459 3115 524 3169 de
554 3124 698 3186 gente
725 3129 834 3166 non
851 3120 1046 3178 sancta,
1072 3111 1139 3164 ab
1169 3110 1306 3164 Esau
1331 3123 1389 3162 se
1417 3108 1531 3162 vult
1553 3106 1806 3173 discerni,
1825 3121 1856 3160 a

267 3223 370 3277 quo
407 3207 518 3275 jam
559 3205 784 3259 discreta
824 3210 942 3266 est,
982 3201 1076 3256 sed
1119 3216 1148 3254 a
1181 3199 1498 3254 Christianis
1536 3198 1707 3252 malis.
1753 3197 1856 3253 lste

269 3299 411 3354 enim
437 3297 624 3360 Jacob,
653 3296 703 3349 in
729 3311 832 3365 quo
862 3295 1115 3364 liguratur
1141 3293 1366 3362 populus
1390 3289 1742 3355 Christianus,
1763 3305 1848 3343 au-

268 3390 423 3444 distis
453 3386 905 3459 quemadmodum
935 3387 1162 3440 luctatus
1200 3384 1269 3440 sit
1307 3398 1428 3436 cum
1461 3381 1705 3437 Domino.
1748 3381 1858 3436 Do-

273 3482 450 3536 minus
479 3481 626 3535 enim
663 3479 734 3534 illi
761 3477 1023 3548 apparuit,
1049 3475 1101 3530 id
1128 3483 1226 3540 est,
1255 3475 1474 3545 angelus
1496 3482 1710 3543 gestans
1740 3488 1860 3543 per-

273 3589 462 3628 sonam
487 3572 582 3627 Dei
610 3589 624 3625 :
655 3571 882 3625 luctatus
913 3578 994 3624 est
1019 3583 1138 3623 cum
1169 3568 1280 3633 illo,
1305 3575 1359 3622 et
1379 3567 1588 3622 volebat
1611 3566 1759 3619 illum
1780 3573 1862 3622 te-

272 3682 404 3722 nere
429 3675 482 3721 et
510 3663 987 3734 comprehendere.
1031 3661 1350 3716 Luctabatur
1391 3660 1506 3724 ille;
1545 3658 1855 3728 praivaluit,

272 3769 326 3814 et
355 3759 564 3823 tenuit;
591 3773 714 3811 cum
745 3763 970 3819 teneret,
1007 3768 1113 3808 non
1149 3752 1349 3807 dimisit
1387 3751 1489 3806 nisi
1524 3749 1858 3806 benedictus.

275 3852 544 3907 Dominus
571 3851 681 3918 det,
723 3848 935 3916 fratres,
979 3847 1245 3916 explicare
1285 3853 1488 3900 tantum
1528 3844 1858 3915 mysterium.

274 3943 556 4008 Laetatur,
580 3942 866 4012 praevalet;
893 3947 948 3993 et
965 3939 1077 3993 vult
1102 3937 1341 3992 benedici
1370 3937 1437 3991 ab
1463 3951 1529 3992 eo
1555 3937 1638 3991 cui
1663 3951 1864 4005 praeva-

276 4037 396 4092 luit.
425 4035 563 4104 Quid
593 4045 676 4090 est
704 4048 832 4104 ergo
869 4032 1010 4102 quod
1040 4032 1288 4096 luctatur,
1314 4037 1369 4085 et
1391 4029 1502 4084 vult
1530 4028 1750 4084 tenere?
1775 4029 1864 4084 Ait

281 4129 538 4184 Dominus
565 4128 618 4181 in
645 4124 952 4195 Evangelio,
986 4124 1216 4192 Regnum
1258 4121 1493 4176 calorum
1527 4121 1624 4173 vim
1653 4120 1858 4189 patitur,

277 4234 319 4274 et
346 4221 432 4290 qui
456 4222 558 4273 vim
585 4220 792 4289 faciunt,
823 4216 1066 4285 diripiunt
1093 4213 1222 4267 illud
1251 4211 1461 4283 (Matth.
1488 4229 1560 4280 xi,
1589 4211 1659 4267 12
1679 4211 1717 4283 ).
1749 4210 1863 4266 Hoc

278 4320 358 4365 est
386 4309 529 4379 quod
560 4307 869 4362 dicebamus
888 4303 1233 4376 jamdudum:
1277 4302 1503 4356 Luctare
1525 4343 1539 4369 ,
1581 4310 1637 4356 ut
1679 4311 1863 4357 teneas

277 4403 570 4468 Christum,
607 4411 666 4454 ut
699 4399 884 4470 diligas
914 4399 1185 4452 inimicum
1210 4393 1445 4467 (Supra,
1467 4411 1520 4449 η.
1551 4395 1643 4465 5).
1685 4393 1861 4448 Tenes

279 4497 419 4550 enim
439 4494 711 4550 Christum
738 4492 845 4560 hic,
869 4492 915 4548 si
946 4491 1217 4546 inimicum
1248 4488 1516 4545 dilexeris.
1533 4488 1605 4543 Et
1630 4488 1755 4558 quid
1780 4487 1863 4543 di-

279 4589 348 4640 cit
373 4588 490 4656 ipse
516 4585 797 4649 Dominus,
826 4583 880 4637 id
909 4591 1010 4649 est,
1039 4582 1260 4651 angelus
1288 4581 1339 4634 in
1367 4594 1593 4649 persona
1622 4579 1858 4644 Domini,

279 4693 398 4732 cum
430 4675 780 4746 praevaleret,
810 4682 864 4729 et
891 4682 1097 4728 teneret
1125 4671 1286 4727 eum?
1315 4671 1508 4740 Tetigit
1535 4669 1864 4724 latitudinem

279 4768 496 4823 femoris
526 4767 664 4836 ejus,
688 4772 744 4821 et
777 4764 1022 4829 exaruit,
1065 4771 1119 4818 et
1163 4761 1283 4817 ideo
1310 4760 1644 4816 claudicabat
1677 4759 1858 4815 Jacob.

281 4862 417 4919 Dicit
442 4861 528 4916 ei:
551 4859 761 4914 Dimitte
789 4875 886 4921 me,
905 4859 1020 4928 jam
1050 4857 1184 4911 enim
1214 4871 1360 4909 maiae
1385 4864 1478 4908 est.
1503 4855 1569 4908 Et
1594 4853 1711 4908 ille:
1743 4850 1863 4906 Non

341 4957 358 4986 ι
384 4954 526 5012 Editi,
548 4957 732 5001 movent
752 4963 866 5012 nos.
881 4950 1044 5008 Abest,
1068 4960 1172 5006 nos,
1196 4961 1229 5012 a
1240 4955 1354 5012 Mss.

339 5017 413 5080 (a)
433 5009 712 5080 sirmondus
742 5013 834 5080 hoc
855 5011 962 5061 loco
985 5010 1349 5080 putat_ind_icar_i
1381 5009 1736 5080 Constanti-num
1771 5021 1866 5080 uia-

276 5067 446 5141 gninii,
473 5076 578 5140 qui,
602 5082 748 5141 t_este_
765 5067 1095 5137 Chrysostomo
1127 5074 1179 5122 in
1216 5072 1516 5141 5.adve_rsus
1543 5069 1648 5141 Jud.
1674 5067 1863 5141 homil.,

275 5133 638 5201 italicosfquod
675 5133 872 5186 urbem'
888 5147 1026 5201 suam
1059 5134 1568 5201 contraninterdictum
1595 5133 1865 5201 instaurare

276 5193 500 5265 aggressi
527 5193 728 5265 essent,
765 5197 1023 5265 arnputatis
1056 5196 1297 5265 auriculis
1319 5193 1444 5265 male
1471 5194 1701 5265 multatos
1721 5193 1865 5265 ill-di-

278 5255 446 5313 vEFsas
471 5255 922 5324 regiones'sparsit,
947 5265 1001 5306 ut
1017 5259 1618 5324 terroripteterisessent,
1647 5255 1866 5324 ne_idem

277 5327 326 5375 in
349 5318 600 5388 posterum
635 5318 952 5388 conarentur.
992 5320 1086 5369 Sed
1105 5319 1325 5388 profecto
1345 5318 1694 5388 Judwi_severo
1717 5319 1866 5378 impe-

277 5379 418 5450 rante
434 5389 536 5450 jam
553 5393 693 5450 erant
708 5384 861 5450 patrio
883 5381 988 5432 solo
1010 5379 1215 5450 exclusi,
1241 5394 1305 5430 ex
1336 5379 1627 5450 '_l‘_ertulliano
1658 5381 1730 5450 in_
1747 5387 1868 5441 Apo-

277 5446 398 5511 log.,
421 5440 530 5511 (np.
551 5446 629 5506 21,
657 5440 815 5511 θιζιιι).
846 5452 1008 5511 contra
1031 5445 1169 5511 und”
1203 5440 1307 5505 Cap.
1339 5443 1412 5511 1'5:
1433 5449 1529 5490 Iino
1554 5442 1682 5502 ipsos
1718 5440 1865 5502 longe

279 5503 394 5561 anule
411 5503 644 5559 Severum
659 5509 890 5558 Adrianus
910 5507 1219 5568 prohibuerat
1231 5503 1634 5568 Jerosolymorum
1649 5514 1864 5568 accessu,

282 5586 341 5621 ex
369 5573 595 5632 Eusebio,
619 5570 705 5621 lib.
751 5571 782 5618 4
805 5563 998 5629 Histor.,
1022 5581 1127 5631 cap.
1153 5568 1201 5632 ti.
1245 5563 1509 5632 Itaque—hic
1531 5563 1864 5632 non_singula-_

277 5647 385 5684 rem
409 5627 673 5692 hominem,
697 5633 787 5683 sed
813 5645 926 5681 eum
951 5627 1048 5693 pra:
1071 5627 1222 5680 oculis
1257 5627 1406 5693 habet
1451 5629 1753 5693 Augustinus,
1774 5627 1866 5693 qui

573 5689 832 5759 imperium
875 5689 1100 5758 gerebat,
1143 5705 1203 5743 eo
1245 5705 1340 5754 quo
1379 5689 1588 5753 loquitur
1627 5702 1733 5739 sevo
1767 5690 1864 5752 jam

279 5757 581 5808 christianos.

342 5820 417 5882 (ὁ)
437 5821 541 5870 vid.
563 5827 726 5871 man.
750 5819 937 5872 inPsal.
959 5817 1040 5880 to,
1062 5831 1112 5869 ιι.
1137 5817 1217 5880 ιι,
1235 5821 1290 5867 et
1308 5817 1358 5867 in
1377 5814 1495 5866 Psal.
1518 5813 1598 5875 56,
1621 5827 1670 5864 n.
1697 5814 1744 5863 9.

1950 449 1997 494 te
2026 440 2240 507 dimitto,
2286 441 2384 495 nisi
2425 441 2731 497 benedixcris
2779 460 2872 498 me.
2918 443 2986 501 Et
3023 445 3295 504 benedixit
3329 450 3475 506 illum
3506 471 3520 510 :

1945 531 2249 602 quomodo?
2287 531 2536 587 Mutando
2564 535 2637 588 illi
2664 550 2880 590 nomen.
2913 536 3035 592 Non
3061 539 3312 595 vocaberis
3337 541 3519 612 Iacob,

1945 623 2034 678 sed
2068 622 2232 678 Israel
2259 639 2278 678 :
2311 625 2546 696 quoniam
2575 627 2880 696 prtevaluisti
2908 645 3022 683 cum
3051 629 3188 697 Deo,
3231 633 3524 703 praevalebis

1945 725 1992 770 et
2017 733 2130 770 cum
2155 717 2438 772 hominibus
2465 715 2615 788 (Gen.
2648 735 2815 787 xxxn,
2839 723 2995 780 24-28
3013 724 3052 796 ).
3083 726 3185 781 Ista
3221 727 3522 786 benedictio

1946 816 2045 862 est.
2071 807 2258 863 Videte
2279 825 2439 864 unum
2460 809 2733 867 hominem
2755 832 2766 867 :
2797 830 2858 868 ex
2881 825 3029 885 parte
3050 820 3300 890 tangitur,
3320 831 3373 877 et
3401 838 3521 880 are-

1947 900 2072 964 scit;
2098 908 2151 953 et
2167 916 2231 954 ex
2255 910 2406 971 parte
2432 901 2778 958 benedicitur.
2801 905 2917 975 Ipse
2941 925 3072 964 unus
3098 912 3260 967 homo
3285 928 3351 968 ex
3371 923 3524 985 parte

1948 993 2104 1060 aruit,
2147 1001 2200 1047 et
2229 994 2518 1061 claudicat;
2548 1006 2600 1051 et
2634 1013 2698 1051 ex
2729 1008 2877 1067 parte
2902 1002 3248 1072 benedicitur,
3283 1016 3335 1062 et
3361 1009 3522 1079 viget.

2020 1085 2070 1139 7.
2112 1086 2334 1158 Angelus
2379 1091 2533 1144 teneri
2575 1092 2748 1146 nolens
2797 1093 2918 1162 quid
2955 1097 3219 1168 signiﬁcet.
3259 1101 3395 1169 Quid
3441 1112 3528 1159 est

1947 1185 2120 1232 autem
2161 1178 2178 1247 (
2223 1191 2474 1249 quantum
2519 1182 2773 1238 Dominus
2815 1189 3066 1257 suggerit,
3116 1189 3359 1257 dicimus,
3409 1194 3525 1251 sine

1948 1271 2254 1340 praejudicio
2281 1275 2514 1330 melioris
2542 1277 2875 1352 intellectus)
2907 1299 2919 1334 :
2943 1282 3069 1352 quid
3099 1293 3200 1350 est,
3232 1284 3360 1340 Ecce
3380 1304 3526 1343 mane

1937 1362 2052 1431 jam
2079 1365 2228 1431 venit,
2263 1365 2456 1422 dimitte
2497 1370 2616 1422 me?
2646 1369 2756 1425 Hoc
2800 1380 2882 1426 est
2927 1374 3066 1442 quod
3109 1375 3362 1432 Dominus
3403 1380 3530 1436 dicit

1949 1463 2068 1524 post
2101 1458 2404 1527 passionem
2444 1461 2681 1527 mulieri,
2711 1480 2829 1534 quae
2860 1465 3069 1522 volebat
3106 1466 3180 1521 illi
3218 1477 3398 1526 tenere
3428 1488 3527 1542 pe-

1948 1545 2043 1600 des
2071 1563 2084 1599 :
2124 1547 2250 1602 Noli
2290 1566 2368 1604 me
2396 1559 2636 1623 tangere;
2662 1555 2884 1609 nondum
2910 1558 3043 1610 enim
3081 1559 3283 1613 ascendi
3321 1561 3389 1615 ad
3420 1561 3530 1616 Pa-

1950 1645 2075 1691 trem
2106 1638 2278 1710 (Joan.
2315 1658 2412 1709 xx,
2437 1644 2545 1714 l7).
2572 1644 2707 1712 Quid
2729 1655 2812 1702 est
2839 1647 2973 1702 hoc?
3000 1648 3129 1704 Nam
3161 1661 3213 1706 et
3241 1667 3360 1708 cum
3383 1654 3528 1724 lege-

1950 1738 2098 1784 retur
2128 1731 2239 1800 ipsa
2289 1733 2464 1800 lectio,
2503 1739 2720 1792 tractavi
2752 1740 2874 1795 inde
2921 1741 3223 1812 aliquando,
3263 1748 3530 1816 quomodo

1950 1823 2235 1891 diceretur,
2279 1826 2404 1882 Noli
2431 1847 2509 1884 me
2540 1840 2775 1903 tangere;
2818 1834 3041 1888 nondum
3079 1838 3282 1891 ascendi
3322 1841 3388 1892 ad
3416 1839 3528 1894 Pa-

1953 1928 2096 1972 trem.
2139 1920 2348 1987 Quare?
2401 1923 2569 1980 Nemo
2612 1926 2758 1980 illum
2809 1929 2979 1998 tetigit
3025 1934 3395 2001 corporaliter,
3430 1935 3532 1990 nisi

1952 2025 2072 2065 cum
2108 2014 2347 2068 ascendit
2375 2015 2440 2069 ad
2480 2016 2734 2073 Patrem?
2763 2019 2951 2075 Adhuc
2994 2021 3081 2076 hic
3125 2034 3257 2088 erat,
3299 2025 3549 2094 palpavit.

1953 2103 2227 2158 cicatrices
2251 2105 2543 2176 discipulus
2573 2109 2661 2178 qui
2692 2126 2796 2164 non
2825 2111 3093 2167 credebat.
3109 2113 3384 2180 Quomodo
3406 2133 3532 2187 ergo

1953 2197 2170 2253 nolebat
2193 2213 2251 2254 se
2283 2200 2443 2271 tangi,
2488 2202 2588 2258 nisi
2614 2205 2735 2274 quia
2780 2205 2880 2260 hoc
2918 2205 3137 2277 ﬁgurate
3170 2209 3370 2264 dictum
3411 2212 3532 2266 est?

1955 2287 2047 2342 Illa
2078 2290 2271 2345 mulier
2307 2292 2545 2348 Ecclesia
2576 2303 2695 2350 erat
2740 2314 2752 2352 :
2782 2306 2835 2352 et
2863 2297 2965 2353 hoc
2993 2308 3074 2354 est
3093 2341 3106 2364 ,
3154 2299 3283 2355 Noli
3312 2319 3389 2356 me
3418 2313 3534 2358 tan-

1955 2398 2088 2453 gere,
2122 2383 2229 2438 noli
2274 2401 2359 2441 me
2411 2389 2695 2445 carnaliter
2741 2399 2990 2462 tangere;
3041 2394 3133 2449 sed
3175 2397 3344 2466 qualis
3391 2413 3532 2467 sum,

1957 2477 2175 2546 aequalis
2196 2479 2357 2533 Patri.
2383 2480 2509 2536 Noli
2536 2500 2614 2536 me
2641 2493 2842 2554 tangere
2867 2503 2886 2540 :
2912 2487 3033 2557 quia
3054 2504 3159 2543 non
3179 2505 3284 2557 me,
3303 2491 3396 2546 sed
3419 2507 3538 2547 car-

1957 2583 2078 2623 nem
2106 2585 2277 2624 meam
2311 2573 2500 2642 tangis.
2536 2574 2670 2630 Dicit
2696 2577 2835 2631 enim
2870 2577 2923 2631 in
2956 2581 3230 2636 evectione
3263 2583 3531 2651 profectus

1959 2663 2039 2718 sui
2076 2665 2286 2732 Paulus,
2332 2667 2400 2721 Et
2431 2670 2474 2723 si
2501 2687 2794 2724 noveramus
2832 2674 3106 2727 secundum
3150 2692 3350 2730 carnem
3381 2677 3535 2732 Chri-

1959 2764 2110 2822 stum,
2141 2758 2229 2811 sed
2259 2775 2388 2812 nunc
2425 2761 2539 2830 jam
2567 2777 2666 2815 non
2696 2763 2958 2827 novimus;
2996 2773 3069 2833 et,
3121 2765 3300 2821 Vetera
3325 2770 3537 2824 transie-

1959 2856 2094 2914 runt,
2119 2865 2228 2902 ecce
2247 2854 2382 2922 facta
2408 2862 2525 2906 sunt
2550 2869 2677 2928 nova
2692 2870 2711 2918 ;
2733 2856 2902 2908 omnia
2931 2866 3097 2911 autem
3120 2875 3182 2912 ea:
3202 2858 3310 2914 Deo
3332 2860 3392 2932 (ll
3414 2859 3535 2917 Cor.

1962 2957 2013 3008 γ,
2046 2941 2250 3012 16-18).
2284 2943 2419 3010 Quid
2456 2953 2556 3010 est,
2587 2945 2654 2998 Et
2697 2947 2741 3000 si
2769 2963 3065 3004 noveramus
3103 2952 3376 3006 secundum
3419 2970 3534 3007 car-

1960 3051 2074 3088 nem
2127 3035 2411 3104 Christum,
2464 3035 2552 3090 sed
2607 3055 2740 3092 nunc
2783 3040 2901 3109 jam
2955 3058 3056 3095 non
3103 3044 3365 3099 novimus?
3410 3045 3542 3112 Quia

1962 3127 2175 3198 quando
2223 3144 2344 3183 eum
2375 3130 2661 3184 carnaliter
2706 3147 3042 3200 noveramus,
3077 3149 3180 3188 non
3223 3135 3541 3205 putabamus

1961 3221 2062 3275 nisi
2093 3221 2214 3290 quia
2247 3221 2406 3276 homo
2431 3233 2545 3277 erat
2567 3233 2766 3279 tantum
2799 3243 2812 3279 :
2839 3235 2892 3280 at
2917 3242 3043 3282 vero
3068 3237 3346 3299 postquam
3373 3233 3540 3301 gratia

1964 3313 2079 3382 ejus
2108 3313 2281 3368 illuxit
2313 3315 2484 3381 nobis,
2520 3316 2877 3373 intelleximus
2899 3319 3128 3375 Verbum
3151 3324 3354 3392 aequale
3377 3324 3541 3380 Patri.

1963 3404 2202 3461 Tenebat
2229 3422 2376 3478 ergo,
2417 3417 2470 3463 et
2515 3409 2830 3475 luctabatur,
2864 3413 3011 3481 quasi
3060 3428 3180 3468 eum
3211 3417 3408 3471 carnali
3441 3418 3538 3472 ha-

1963 3496 2075 3552 bitu
2095 3500 2110 3529 ¹
2142 3498 2306 3553 Jacob
2331 3501 2579 3569 amplecti
2609 3501 2813 3557 volens.
2857 3502 2946 3558 Ille
2972 3513 3148 3561 autem
3175 3506 3404 3577 dicebat,
3435 3508 3535 3563 Di-

1964 3591 2103 3645 mitte
2131 3609 2238 3655 me;
2269 3592 2554 3646 carnaliter
2583 3611 2596 3645 ε
2638 3595 2756 3663 quia
2785 3610 2896 3648 ecce
2913 3597 3025 3664 jam
3057 3614 3203 3652 mane
3225 3609 3317 3666 est,
3353 3607 3410 3654 ut
3434 3601 3542 3670 spi-

1969 3682 2233 3736 ritualiter
2263 3683 2579 3738 illumineris
2611 3703 2622 3738 :
2656 3684 2706 3738 id
2752 3694 2850 3749 est,
2880 3685 2998 3740 Noli
3038 3703 3124 3743 me
3149 3699 3336 3760 putare
3366 3691 3542 3747 homi-

1967 3789 2087 3828 nem
2111 3776 2150 3826 ’.
2194 3773 2433 3839 Dimitte,
2483 3776 2600 3846 quia
2643 3776 2756 3846 jam
2808 3793 2955 3832 mane
2992 3787 3082 3832 est.
3123 3780 3273 3835 Mane
3320 3782 3371 3836 in
3426 3783 3545 3840 luce

1966 3865 2206 3920 veritatis
2232 3866 2606 3931 intelleximus,
2635 3875 2690 3921 et
2732 3867 3025 3937 sapientiai,
3066 3885 3159 3939 per
3205 3887 3361 3940 quam
3402 3871 3541 3928 facta

1967 3966 2092 4013 sunt
2119 3959 2319 4013 omnia.
2339 3958 2455 4028 ipsa
2484 3957 2791 4028 perfrueris,
2821 3974 2939 4015 cum
2993 3975 3098 4016 nox
3126 3961 3224 4016 ista
3254 3964 3541 4028 transierit,

1967 4050 2068 4106 hoc
2095 4060 2199 4116 est,
2229 4051 2479 4122 iniquitas
2509 4050 2668 4122 hujus
2692 4053 2892 4107 saeculi.
2916 4053 3067 4108 Tunc
3083 4055 3228 4110 enim
3254 4056 3340 4110 ﬁet
3365 4072 3543 4121 mane,

1967 4160 2086 4200 cum
2114 4143 2322 4199 venerit
2351 4143 2624 4210 Dominus,
2652 4152 2710 4199 ut
2737 4144 2808 4200 ita
2832 4161 2862 4201 a
2892 4145 3044 4201 nobis
3063 4147 3325 4213 videatur,
3355 4163 3541 4217 quem‘

1968 4238 2257 4295 admodum
2281 4237 2347 4292 ab
2368 4238 2587 4308 Angelis
2611 4237 2840 4292 videtur.
2866 4237 3000 4305 Quia
3026 4254 3166 4293 nunc
3193 4239 3431 4294 videmus
3451 4254 3550 4309 per

1968 4331 2241 4402 speculum
2279 4331 2332 4384 in
2380 4331 2680 4399 aenigmate,
2714 4339 2838 4384 tunc
2878 4339 3053 4385 autem
3085 4328 3218 4385 facie
3259 4330 3326 4385 ad
3353 4329 3545 4386 faciem

1970 4426 2010 4497 (l
2032 4424 2149 4482 Cor.
2166 4441 2282 4489 xm,
2308 4423 2421 4492 12).
2442 4423 2744 4479 Teneamus
2771 4437 2898 4493 ergo
2912 4421 3035 4490 hoc,
3065 4422 3274 4488 fratres,
3294 4423 3437 4493 quod
3461 4423 3546 4478 di-

1967 4529 2108 4574 ctum
2130 4528 2229 4582 est,
2261 4516 2469 4570 Dimitte
2488 4533 2584 4580 me,
2616 4515 2734 4586 quia
2752 4517 2862 4588 jam
2890 4532 3036 4570 mane
3061 4526 3150 4570 est.
3181 4515 3286 4572 Sed
3315 4516 3404 4570 ille
3419 4514 3543 4585 quid

1968 4613 2135 4676 dixit,
2173 4610 2225 4664 Ν
2230 4628 2294 4665 on
2321 4620 2367 4664 te
2395 4609 2663 4668 dimittam,
2701 4609 2798 4662 nisi
2829 4625 2908 4662 me
2933 4607 3277 4662 benedixeris?
3297 4607 3430 4675 Quia
3455 4623 3550 4676 per

1968 4719 2181 4759 carnem
2215 4716 2312 4756 nos
2363 4701 2507 4771 prius
2535 4699 2801 4756 benedicit
2825 4699 3097 4754 Dominus.
3129 4697 3335 4753 Norunt
3363 4697 3550 4755 fideles

1969 4798 2096 4868 quid
2139 4796 2437 4865 accipiunt;
2487 4794 2609 4864 quia
2655 4807 2750 4862 per
2785 4806 2998 4846 carnem
3037 4789 3451 4852 benedicuntur;
3498 4797 3552 4842 et

1970 4891 2143 4944 sciunt
2185 4889 2308 4958 quia
2351 4901 2456 4941 non
2487 4894 2668 4941 essent
2703 4884 2987 4950 benedicti,
3027 4883 3130 4938 nisi
3159 4895 3284 4937 caro
3305 4880 3394 4935 illa
3420 4896 3546 4936 cru-
3595 4922 3603 4934 .

1969 4983 2122 5038 ciﬁxa
2149 4982 2367 5036 daretur
2393 4995 2490 5050 pro
2516 4977 2697 5034 saeculi
2726 4978 2853 5031 vita.
2883 4974 3161 5043 Quomodo
3183 4981 3360 5028 autem
3387 4973 3554 5028 bene-

1971 5075 2201 5132 dicitur?
2233 5075 2364 5141 Quia
2412 5073 2683 5144 prievaluit
2715 5073 2846 5135 Deo,
2873 5070 2995 5139 quia
3033 5067 3201 5123 tenuit
3237 5065 3464 5131 fortiter,
3498 5074 3553 5121 et

1972 5169 2350 5241 perseveravit,
2377 5177 2432 5224 et
2452 5168 2521 5222 de
2549 5166 2791 5222 manibus
2819 5179 2924 5219 non
2951 5161 3172 5228 dimisit,
3203 5160 3346 5232 quod
3371 5160 3551 5214 amisit

1972 5266 2161 5320 Adam.
2193 5265 2492 5320 Teneamus
2515 5279 2641 5334 ergo
2673 5261 2853 5316 ﬁdeles
2875 5258 3017 5330 quod
3041 5257 3363 5328 amepimus,
3389 5263 3444 5309 ut
3461 5254 3553 5309 beo

1973 5359 2144 5415 nedici
2171 5374 2488 5414 mereamur.

2043 5452 2093 5507 8.
2139 5451 2297 5505 Iacob
2349 5460 2394 5505 et
2445 5448 2728 5504 benedictus
2780 5453 2826 5500 et
2876 5443 3190 5499 claudicans.
3229 5441 3359 5497 Pars
3399 5436 3551 5494 arida

2035 5559 2050 5592 ι
2077 5565 2126 5607 ιιι
2147 5565 2274 5617 Mss.,
2297 5554 2434 5620 quasi
2449 5569 2559 5620 cum
2576 5551 2762 5620 ομνῐιαιί
2783 5548 2964 5620 habi‘“:
3155 5610 3168 5620 -
3411 5604 3439 5620 ι·

2031 5623 2050 5652 ²
2075 5604 2228 5669 ἑῖοίίιι
2240 5604 2479 5669 ﬂagitia
2498 5617 2642 5669 editis
2654 5616 2860 5665 deerant
2881 5612 3048 5663 isthzec
3067 5610 3235 5668 verba,
3254 5604 3514 5669 carrwliter
3531 5645 3545 5659 .

1969 5668 2208 5750 quiaﬂccce
2221 5668 2330 5743 jam
2351 5668 2597 5750 mane-est,
2621 5685 2673 5728 ut
2692 5674 3013 5750 spiritualiter
3037 5670 3320 5750 illumineris
3330 5668 3445 5750 inid
3456 5674 3547 5750 ei],

1967 5733 2072 5799 tiloli
2093 5759 2168 5794 me
2191 5733 2356 5808 putare
2372 5733 2623 5808 hominem.
2643 5733 2965 5808 Iguuium—tn
2975 5745 3048 5808 “8.,
3062 5747 3208 5808 super
3229 5733 3351 5782 hanc
3363 5744 3550 5808 vocem,

1971 5798 2227 5868 nominaui,
2242 5813 2432 5856 notatur
2455 5807 2504 5856 in
2521 5805 2757 5868 margine,
2783 5798 3002 5859 subaudi,
3028 5818 3049 5844 tt
3070 5803 3271 5848 tantum.
3292 5812 3314 5842 υ
3414 5801 3469 5841 Μ.
