4014 6310
189 5763 214 5836 i

224 352 286 407 6|

224 471 362 523 niret
387 461 700 531 iniquitates
725 460 982 530 ipsorum.
1016 455 1072 510 Si
1098 455 1238 510 enim
1267 455 1347 511 sic
1393 454 1528 524 ignis
1555 454 1606 508 in
1651 454 1805 518 rubo,

223 557 495 632 quomodo
519 556 631 610 Lex
661 558 714 608 ln
752 551 982 615 Judteis;
1013 551 1091 605 sic
1129 556 1258 604 sunt-
1281 549 1450 619 spinne
1489 547 1626 612 rubi,
1671 562 1804 616 quo-

218 653 379 712 modo
407 659 628 722 peccata
653 646 958 704 Iudaeorum
991 663 1003 697 :
1033 644 1108 699 sic
1136 643 1276 714 ignis
1303 642 1387 696 hic
1417 657 1528 696 tum
1551 641 1808 697 cremavit

217 748 420 818 spinas,
454 741 731 814 qumodo
750 739 860 794 Lex
885 753 990 792 non
1012 736 1269 791 cremavit
1295 743 1537 803 peccata.

287 839 340 894 ι.
382 835 600 892 Nomen
622 833 736 887 Dei.
769 829 1028 900 Loquitur
1062 836 1240 882 autem
1273 825 1532 882 Dominus
1568 823 1634 879 ad
1660 823 1809 895 Moy-

219 949 311 989 sen
342 931 476 1002 (iam
517 928 614 982 illa
649 925 842 991 nostis,
873 931 927 978 et
953 937 1061 977 non
1087 921 1282 976 diutius
1311 934 1406 974 vos
1436 917 1810 974 tenere:debe-

217 1041 354 1087 mus,
381 1031 613 1094 propter
634 1019 903 1089 angustias
931 1015 1207 1086 temporis)
1233 1032 1245 1067 :
1275 1011 1388 1084 Ego
1408 1029 1520 1066 sunt
1538 1012 1624 1080 qui
1648 1012 1759 1064 sum
1791 1027 1810 1064 :

218 1117 360 1172 Misit
397 1131 480 1167 me
498 1113 586 1182 qui
606 1120 702 1165 est.
729 1110 858 1164 Cum
883 1107 1026 1163 enim
1051 1112 1314 1175 quaereret
1343 1118 1536 1158 nomen
1568 1102 1677 1168 Dei,
1708 1100 1811 1156 hoc

215 1209 424 1264 dictum
454 1211 532 1260 est
555 1222 570 1256 :
604 1201 719 1273 Ego
743 1217 854 1255 sum
872 1200 958 1271 qui
979 1215 1110 1252 sum.
1146 1195 1272 1250 Htec
1292 1196 1434 1249 dices
1451 1194 1572 1264 ﬁliis
1595 1193 1761 1248 Israel
1791 1209 1810 1247 :

217 1301 327 1368 Qui
346 1308 439 1365 est,
467 1297 606 1350 misit
633 1292 798 1348 mead
819 1308 925 1346 vos.
956 1289 1092 1357 Quid
1117 1287 1359 1343 esthoc?
1389 1302 1421 1342 θ
1452 1286 1611 1351 Deus,
1644 1300 1676 1340 ο
1704 1286 1808 1340 Do—

219 1395 364 1451 mine
390 1402 600 1454 noster,
630 1387 758 1459 quid
787 1384 1024 1441 vocaris?
1047 1382 1142 1438 Est
1168 1397 1349 1449 vocer,
1370 1381 1524 1446 dixit,
1546 1380 1681 1448 Quid
1704 1387 1806 1446 est,

215 1484 308 1540 Est
330 1483 534 1538 vocor?
564 1481 696 1548 Quia
722 1492 915 1534 maneo
945 1476 1002 1530 in
1025 1483 1304 1536 aeternum,
1337 1473 1460 1543 quia
1479 1472 1671 1528 mutari
1702 1487 1807 1527 non

214 1590 456 1646 possum.
479 1574 558 1628 Ea
601 1573 741 1627 enim
767 1586 884 1640 qurc
919 1576 1208 1632 mutantur,
1240 1581 1344 1620 non
1381 1572 1524 1630 sunt,
1553 1563 1674 1633 quia
1702 1579 1806 1617 non

212 1674 554 1737 permanent.
579 1663 728 1732 Quod
755 1663 896 1718 enim
921 1669 1022 1726 est,
1047 1666 1243 1713 manet.
1267 1657 1422 1723 Quod.
1437 1667 1610 1712 autem
1639 1663 1810 1710 muta-

213 1771 310 1820 tur,
345 1757 452 1811 fuit
479 1755 702 1826 aliquid,
729 1762 784 1809 et
811 1751 1006 1822 aliquid
1045 1751 1147 1805 erit
1181 1766 1193 1803 :
1224 1763 1327 1803 non
1360 1757 1534 1802 tamen
1560 1754 1662 1809 est,
1685 1745 1807 1815 quia

210 1850 472 1904 mutabile
499 1857 604 1903 est.
627 1848 772 1916 Ergo
793 1842 1298 1899 incommutabilitas
1320 1841 1532 1896 Dciisto
1550 1837 1808 1894 vocabulo

209 1958 262 1997 se
283 1943 506 2012 dignata
525 1948 612 1994 est
637 1939 914 2005 intimare,
937 1934 1048 2006 Ego
1075 1951 1184 1988 sum
1213 1933 1298 2000 qui
1321 1948 1453 2014 sum.

272 2031 512 2087 CAPUT
551 2028 796 2085 lV.——5.
835 2026 988 2081 Aliud
1017 2041 1198 2078 norum
1225 2022 1333 2076 Dei.
1368 2021 1502 2089 Quid
1534 2027 1615 2078 est
1647 2034 1806 2090 ergo,

212 2124 346 2195 quod
378 2132 576 2193 postea
607 2131 800 2176 iterum
829 2117 975 2173 aliud
1002 2131 1194 2171 nomen
1223 2115 1320 2169 sibi
1341 2114 1492 2177 dixit,
1515 2128 1637 2168 cum
1664 2111 1808 2166 dice-

210 2226 354 2270 retur
381 2233 395 2266 :
432 2213 501 2266 Et
529 2213 660 2266 dixit
680 2211 814 2264 Deus
833 2209 899 2262 ad
926 2208 1138 2278 Moysen
1165 2223 1181 2260 :
1215 2205 1323 2275 Ego
1351 2222 1462 2260 sum
1488 2203 1620 2258 Deus
1641 2202 1806 2256 Abra-

213 2306 349 2369 ham,
370 2315 419 2358 et
443 2303 588 2357 Des
609 2300 781 2364 Isaac,
811 2310 856 2353 et
886 2299 1019 2357 Dcite
1041 2297 1238 2360 Iacob;
1265 2297 1358 2350 hoc
1386 2296 1510 2350 mihi
1534 2311 1712 2361 nomen
1737 2303 1806 2348 est

212 2399 261 2451 in
283 2395 693 2467 salapiternum?
718 2390 994 2459 Quomodo
1020 2390 1144 2444 illac
1164 2403 1323 2444 vocor
1351 2387 1452 2442 hoc
1471 2429 1485 2450 ,
1514 2387 1634 2456 quia
1655 2402 1768 2440 sum
1792 2403 1806 2451 ;

215 2495 266 2541 et
286 2502 412 2542 ecce
445 2486 547 2540 hac
579 2483 724 2540 aliud
745 2497 974 2545 nomen,
1007 2479 1117 2550 Ego
1137 2496 1250 2533 sunt
1279 2479 1412 2533 Deus
1441 2479 1726 2540 Abraham,
1761 2487 1807 2532 et

215 2580 347 2634 Deus
373 2577 535 2633 Isaac
559 2619 575 2643 ,
609 2587 660 2632 et
691 2576 838 2633 Deus
873 2574 1068 2629 Iacob?
1097 2573 1232 2641 Quia
1259 2572 1526 2642 quomodo
1553 2580 1635 2626 est
1668 2572 1808 2626 Deus

213 2671 696 2735 incommutabilis,
719 2669 843 2724 fecit
865 2669 1039 2726 omnia
1060 2682 1158 2738 per
1181 2666 1620 2733 misericordiam,
1642 2675 1697 2721 et
1724 2665 1802 2720 di-

214 2777 410 2836 gnatus
449 2772 528 2819 est
568 2763 688 2831 ipse
725 2761 894 2816 Filius
930 2761 1024 2816 Dei
1054 2761 1360 2814 mutabilem
1394 2774 1607 2816 carnem
1643 2759 1809 2813 susci-

213 2857 440 2930 piendo,
467 2869 702 2912 mens
736 2854 792 2908 id
823 2853 966 2923 quod
991 2853 1222 2908 Verbum
1255 2853 1346 2908 Dei
1389 2860 1508 2918 est,
1531 2851 1714 2905 venire
1755 2859 1812 2906 et

214 2949 504 3003 subvenire
539 2946 766 3002 homini.
814 2944 990 3002 Induit
1024 2960 1152 3014 ergo
1179 2960 1238 2999 se
1275 2959 1437 2999 carne
1475 2944 1684 3000 mortali
1724 2943 1810 2998 ille

214 3041 300 3110 qui
325 3048 436 3106 est,
466 3048 528 3094 ut
554 3039 661 3096 diei
704 3047 883 3108 posset
904 3079 919 3104 ,
967 3035 1076 3108 Ego
1109 3054 1220 3092 sum
1256 3036 1395 3091 Deus
1434 3036 1724 3104 Abraham,
1764 3048 1810 3092 et

216 3131 354 3188 Deus
379 3130 568 3197 Isaac,
593 3143 640 3186 et
665 3129 802 3185 Deus
825 3130 986 3184 Jacob
1016 3131 1032 3196 (
1058 3129 1222 3184 Exod.
1250 3145 1328 3194 ιιι,
1355 3130 1464 3200 l5).

280 3225 334 3278 6.
366 3224 541 3293 Signa
577 3222 700 3275 data
734 3220 922 3292 Moysi.
947 3220 1148 3275 Deinde
1186 3221 1334 3291 signa
1371 3221 1478 3290 jam
1519 3220 1808 3287 attendite,

215 3331 330 3385 qua:
360 3316 516 3385 signa
546 3314 695 3368 dedit
731 3313 928 3384 Moysi,
967 3327 1088 3367 cum
1117 3313 1350 3379 diceret,
1396 3313 1458 3369 Si
1481 3314 1606 3368 mihi
1629 3315 1814 3369 dixerit

219 3407 462 3476 populus,
482 3405 606 3460 Non
631 3415 679 3458 te
702 3405 834 3459 misit
858 3405 1027 3459 Deus:
1048 3404 1226 3474 quibus
1241 3406 1398 3476 signis
1418 3407 1674 3461 ostendam
1692 3407 1814 3476 quia

217 3498 394 3550 misisti
420 3497 538 3550 me?
559 3496 768 3550 Dictum
801 3503 906 3561 est,
937 3494 1138 3567 Projice
1168 3495 1382 3565 virgam,
1409 3512 1562 3566 quam
1582 3496 1731 3552 habes
1758 3499 1816 3552 in

219 3604 371 3640 manu
404 3596 493 3640 tua
517 3603 536 3639 :
567 3586 867 3657 proiecitque
897 3587 1088 3656 virgam
1110 3627 1126 3652 ,
1146 3595 1194 3640 et
1228 3590 1394 3656 factus
1415 3596 1486 3640 est
1511 3604 1734 3659 serpens,
1767 3598 1814 3642 et

220 3679 477 3732 exhorruit
519 3678 742 3749 Moyses.
791 3680 879 3734 Ait
916 3680 1106 3734 iterum
1144 3679 1430 3743 Dominus,
1483 3680 1814 3750 Apprehende

221 3771 448 3823 caudam
472 3773 600 3840 eius,
621 3769 976 3840 apprehendit,
1001 3780 1047 3824 et
1082 3774 1219 3841 facta
1245 3781 1316 3824 est
1349 3771 1490 3841 virga
1523 3771 1650 3824 sicut
1683 3781 1810 3824 erat.

221 3863 381 3918 Dedit
401 3873 459 3918 et
483 3863 620 3917 aliud
644 3864 855 3934 signum
881 3881 894 3916 :
917 3863 1063 3918 Mitte
1082 3881 1288 3918 manum
1309 3869 1361 3918 in
1381 3865 1547 3919 sinum
1571 3881 1589 3919 :
1610 3875 1655 3918 et
1680 3865 1812 3920 misit

223 3975 351 4013 eam.
379 3956 593 4011 Produc
609 3973 721 4011 eam
743 3973 762 4012 :
793 3956 1052 4026 produxit,
1083 3966 1130 4010 et
1160 3957 1298 4026 facta
1318 3966 1390 4012 est
1416 3957 1532 4011 alba
1551 3959 1682 4012 sicut
1702 3958 1809 4024 nia,

226 4053 273 4105 id
305 4063 403 4119 est,
450 4053 672 4122 leprosum
697 4051 858 4105 Color
885 4050 1030 4106 cnim-
1065 4051 1216 4105 albus
1247 4050 1298 4104 in
1325 4059 1446 4105 cute
1473 4051 1708 4106 humana-
1733 4052 1812 4104 vi-

227 4146 394 4198 tiosus
418 4153 520 4198 est.
548 4143 600 4196 Μ
606 4145 692 4197 itte
705 4144 848 4198 illam
867 4144 919 4197 in
946 4143 1111 4197 sinum
1136 4143 1316 4196 iterans
1337 4159 1358 4197 :
1386 4143 1540 4209 misit,
1564 4153 1608 4196 et
1628 4145 1813 4211 recepit

228 4239 442 4290 colorem
467 4253 637 4290 suum.
676 4236 828 4292 Dedit
852 4237 901 4290 ei
942 4236 1157 4290 tertium
1181 4237 1388 4306 signum
1416 4253 1428 4288 :
1462 4236 1604 4294 Tolle
1628 4254 1812 4307 aquam

226 4330 284 4382 de
309 4331 542 4398 ﬂumine,
571 4339 618 4382 et
648 4329 799 4398 [unde
818 4329 869 4381 in
890 4328 1132 4399 aequalem
1154 4327 1320 4382 locum
1342 4345 1359 4383 :
1384 4330 1499 4384 tulit
1517 4339 1563 4383 et
1591 4331 1740 4400 fudit,
1761 4339 1812 4385 et

224 4439 462 4476 auersa
495 4432 568 4476 est
598 4423 654 4475 iis
678 4423 988 4493 sanguinem.
1020 4420 1088 4475 In
1111 4421 1189 4476 his
1212 4421 1370 4492 signis
1387 4421 1560 4476 audiet
1578 4432 1626 4476 te
1644 4438 1812 4494 popuv

224 4517 482 4570 lesuiin
517 4515 804 4586 primanos:
831 4514 1460 4580 esaudierit,inseeundn
1488 4524 1654 4570 autem
1685 4525 1733 4569 et
1758 4516 1814 4570 ita

227 4611 364 4662 tertio
384 4610 563 4662 audiet
580 4611 595 4640 ³
623 4607 731 4679 (Id.
755 4623 828 4676 Iv,
859 4608 995 4680 1-9).

291 4701 522 4757 CAPUT
563 4700 630 4755 ν.
663 4731 730 4742 -
757 4702 810 4755 ’1.
849 4700 985 4766 Quid
1037 4701 1286 4773 signiﬁcet
1322 4700 1466 4771 virga
1494 4715 1514 4754 :
1545 4699 1666 4769 quid
1701 4715 1839 4754 sor-'

226 4811 364 4865 pm.
391 4793 505 4848 Nos
533 4808 594 4848 ea
621 4809 740 4862 qum
763 4792 1080 4863 signiﬁcant,
1109 4801 1362 4863 quantum
1394 4791 1536 4846 Deus
1571 4790 1808 4859 adjuvat,

227 4885 508 4941 tendamus
533 4885 768 4940 edicere.
797 4883 952 4954 Virga
981 4899 1204 4954 regnum
1239 4881 1532 4953 signiﬁcat;
1554 4895 1808 4952 serpens,

224 4981 630 5034 mortalitatem.
662 4979 707 5032 A
748 4986 997 5047 serpente
1024 4977 1166 5032 enim
1208 4975 1410 5030 hotnini
1449 4990 1592 5030 mors
1636 4975 1812 5044 propi-

226 5081 344 5125 nata
373 5081 476 5126 est.
507 5071 680 5140 Ipsam
708 5079 936 5125 mortem
977 5069 1232 5124 Dominus
1267 5067 1516 5138 dignatus
1547 5075 1630 5122 est
1657 5081 1812 5123 assu-

225 5178 394 5217 mere.
418 5161 582 5232 Virga
601 5176 730 5231 ergo
748 5161 966 5216 veniens
986 5161 1044 5216 in
1061 5169 1279 5225 terram,
1301 5159 1564 5229 serpentis
1578 5159 1812 5229 speciem

226 5254 444 5317 habuit;
473 5255 593 5324 quia
619 5268 842 5324 regnum
880 5253 1006 5317 Dei,
1043 5250 1186 5321 quod
1222 5259 1304 5306 est
1341 5250 1582 5306 Christus
1622 5251 1810 5318 Jesus,

226 5348 373 5401 venit
397 5346 466 5400 ad
496 5357 713 5400 terram.
741 5341 1298 5398 Mortalitateindutus
1321 5350 1423 5407 est,
1452 5357 1611 5410 quam
1641 5341 1815 5398 infixit

229 5439 280 5492 in
308 5453 490 5492 cruce.
527 5437 679 5490 Novit
719 5445 896 5491 autem
929 5434 1188 5490 Sanctittul
1225 5442 1404 5489 vestra
1441 5435 1564 5504 quia
1603 5433 1818 5504 quando

230 5532 454 5602 populus
476 5530 568 5584 ille
591 5530 644 5584 in
671 5543 854 5584 eremo
883 5528 1178 5582 cervicatus
1205 5535 1259 5582 et
1283 5527 1545 5596 superbus
1574 5541 1814 5582 murmu-

229 5633 400 5678 rasset
441 5621 700 5676 adversus
725 5622 911 5685 Deum,
937 5621 1100 5689 ctepit
1126 5618 1360 5676 morderi
1385 5635 1416 5673 a
1440 5619 1774 5688 serpentibus
1797 5661 1812 5687 ,

233 5725 284 5770 et
314 5715 448 5785 ipsis
475 5714 737 5769 ntersibus
757 5713 968 5769 cadere.
995 5712 1358 5768 Misericordia
1380 5727 1476 5768 sua
1505 5710 1650 5769 dedit
1679 5711 1818 5767 Deus

296 5852 314 5884 ³
338 5856 469 5911 m,
491 5860 544 5899 tn
567 5848 777 5900 sectatdo
797 5854 882 5900 aut
900 5846 951 5900 in
974 5827 1112 5901 tertio
1133 5845 1312 5900 audiet.

1669 330 1907 390 SERMO-
1934 331 2048 392 ΥΠ.

1922 453 2237 523 remedium,
2255 456 2399 528 quod
2420 458 2715 517 remedium
2734 468 3051 533 praesentem
3070 462 3284 536 quidem
3302 469 3505 521 sanita-

1918 554 2024 600 tem
2048 545 2320 616 all‘erebat,
2345 549 2440 605 sed
2469 551 2695 608 futuram
2715 555 3028 624 sapientiam
3058 556 3394 627 praedicabat.
3413 558 3502 611 Att

1919 636 2084 708 Moysi
2125 656 2140 694 :
2180 639 2448 711 Suspende
2468 653 2748 714 serpentem
2779 663 2978 702 cuneum
3000 648 3055 702 in
3081 648 3248 702 media
3268 661 3433 702 eremo
3455 647 3508 700 in

1919 728 2078 801 ligno,
2116 741 2164 786 et
2193 733 2276 787 dic
2296 735 2516 805 populo,
2559 736 2869 809 Quicumque
2904 741 3054 808 fuerit
3082 757 3378 811 percussus,
3405 755 3510 794 ser-

1917 832 2118 892 pentem
2151 826 2304 882 istum
2331 827 2604 882 intueatur.
2638 829 2705 884 Et
2735 835 2955 902 percussi
2984 834 3208 891 homines
3240 834 3507 887 intueban-

1917 923 2001 968 tur
2023 927 2321 987 serpentem,
2350 929 2396 973 et
2424 922 2734 978 scitabantur
2760 923 2778 994 (
2803 922 2963 978 Num.
2992 941 3100 990 ut,
3130 926 3184 993 8,
3213 924 3300 997 9).
3332 926 3397 985 Et
3423 933 3507 980 at-

1918 1013 2146 1064 testatur
2180 1011 2437 1068 Dominus
2470 1012 2525 1067 in
2556 1013 2844 1084 Evangelia
2885 1016 2972 1070 tali
3012 1017 3172 1087 signo.
3221 1017 3349 1072 Nam
3385 1032 3510 1072 cum

1914 1099 2204 1158 Nicodemo
2231 1105 2556 1175 loqueretur,
2582 1107 2692 1162 ait:
2731 1107 2876 1164 Sicut
2915 1108 3118 1179 Moyses
3140 1110 3374 1166 exultavit
3400 1127 3506 1165 ser~

1915 1204 2112 1263 pontem
2138 1196 2192 1248 in
2227 1196 2438 1263 deserto,
2465 1200 2538 1253 ita
2565 1199 2781 1255 exaltari
2815 1211 3003 1272 oportet
3033 1201 3222 1258 Filium
3251 1203 3507 1269 hominis;

1914 1297 1967 1338 ut
1996 1288 2158 1341 cumis
2183 1290 2268 1359 qui
2296 1291 2452 1346 credit
2477 1292 2529 1345 in
2565 1309 2706 1352 eum.
2735 1310 2836 1348 non
2872 1303 3074 1364 pereat,
3113 1294 3199 1348 sed
3225 1293 3400 1348 habeat
3430 1293 3507 1347 vi~

1915 1387 2018 1433 tam
2040 1390 2278 1436 internum
2301 1383 2478 1453 (Joan.
2498 1402 2573 1450 ιιι,
2595 1387 2661 1441 14
2683 1396 2730 1440 et
2751 1389 2857 1458 15).
2881 1388 2987 1444 Sed
3015 1388 3115 1444 hoc
3139 1397 3240 1451 est,
3269 1388 3508 1457 quicum-

1914 1487 2016 1540 que
2045 1488 2330 1542 percussus
2355 1474 2516 1531 fuerit
2541 1493 2570 1532 a
2601 1477 2936 1547 serpentibus
2958 1489 3317 1548 peccatorum,
3343 1478 3501 1532 Chri-

1913 1569 2050 1618 stutn
2083 1564 2368 1631 intueatur,
2405 1574 2460 1623 et
2496 1567 2712 1626 habebit
2738 1570 3019 1626 sanitatem
3050 1571 3106 1625 in
3138 1570 3505 1626 remissionem

1913 1664 2272 1723 peccatorum.

1982 1746 2210 1803 CAPUT
2266 1748 2355 1802 Vl.
2407 1779 2479 1796 .—-
2530 1750 2707 1822 Ergo,
2761 1751 2992 1819 fratres,
3049 1753 3160 1822 ipsa
3222 1760 3306 1808 est
3361 1765 3505 1806 mor-

1912 1837 2108 1905 talitas,
2137 1853 2254 1908 quae
2282 1849 2524 1909 suscepta
2549 1850 2631 1896 est
2656 1857 2688 1898 a
2714 1842 2961 1910 Domino,
2992 1858 3149 1913 quam
3175 1856 3396 1902 necesse
3423 1849 3506 1896 est

1913 1927 2112 1986 habere
2135 1945 2330 2001 corpus
2356 1933 2492 2002 ejus,
2519 1934 2674 2003 cujus
2698 1943 2780 1990 est
2800 1945 2957 2005 caput
2983 1936 3143 1992 homo
3166 1935 3217 1989 in
3239 1934 3398 1990 coelo.
3422 1933 3498 1986 ιω

1921 2020 2162 2077 Ecclesia
2204 2025 2582 2083 mortalitatem
2614 2026 2806 2094 habet,
2845 2028 2987 2098 quod
3026 2028 3216 2082 vulnus
3246 2025 3504 2082 intlictum

1911 2120 1994 2166 est
2030 2127 2124 2181 per
2155 2115 2457 2170 suasionem
2487 2117 2768 2187 serpentis.
2799 2118 3062 2174 Debemus
3094 2117 3235 2174 enim
3272 2123 3500 2172 mortem

1911 2215 2134 2275 peccato
2161 2208 2316 2277 primi
2344 2209 2598 2265 hominis:
2616 2211 2709 2266 sed
2738 2227 2831 2281 per
2848 2227 2966 2268 eam
2991 2211 3062 2268 ad
3085 2211 3244 2267 vitam
3273 2210 3288 2239 ί
3317 2223 3503 2279 perve-

1911 2297 2120 2355 niemus
2139 2310 2394 2356 aeternam
2414 2343 2427 2365 ,
2480 2317 2573 2371 per
2591 2302 2774 2360 Jcsum
2799 2301 3075 2362 Christum
3099 2302 3379 2358 Dominum
3404 2315 3499 2354 no-

1911 2398 2101 2444 strnm.
2147 2391 2251 2447 Sed
2287 2394 2498 2463 quando
2526 2395 2672 2449 venit
2715 2395 2778 2449 ad
2823 2398 2982 2450 vitam
3010 2437 3025 2462 ,
3059 2404 3112 2451 et
3141 2395 3278 2450 redit
3317 2392 3382 2450 ad
3414 2407 3503 2448 re-

1911 2486 2111 2553 gnum?
2153 2486 2210 2540 ln
2242 2485 2348 2543 ﬁne
2389 2489 2588 2544 surculi.
2616 2488 2747 2546 Nam
2776 2489 2894 2546 ideo
2924 2490 3150 2550 caudam
3175 2493 3379 2563 tenuit,
3411 2492 3500 2550 ubi

1912 2579 2034 2636 ﬁnis
2053 2589 2154 2648 est,
2186 2589 2246 2636 ut
2269 2581 2334 2636 ad
2364 2582 2643 2654 pristinum
2672 2592 2967 2640 revocaret.

1983 2672 2035 2727 8.
2081 2671 2216 2738 Quid
2253 2689 2432 2727 manus
2485 2683 2530 2727 et
2580 2675 2719 2728 sinus
2765 2673 2982 2744 Moysi:
3009 2676 3130 2742 quid
3177 2692 3324 2746 aqua.
3367 2675 3502 2743 Quid

1913 2762 2001 2816 illa
2028 2764 2251 2818 manus?
2279 2763 2498 2820 Certum
2537 2771 2621 2820 est
2661 2765 2781 2835 quia
2811 2772 2864 2820 et
2894 2765 2979 2819 illa
3019 2781 3207 2819 manus
3247 2765 3496 2836 populum

1912 2845 2084 2916 ipsum
2116 2847 2399 2917 signiticet.
2433 2848 2592 2904 Sinus
2619 2848 2848 2903 hominis
2869 2848 2992 2922 quid
3016 2850 3132 2902 cst?
3154 2849 3315 2905 Sinus
3338 2849 3502 2919 Moysi

1913 2947 2176 2994 secretum
2204 2939 2318 2994 Dei.
2348 2938 2483 2996 Cum
2509 2947 2653 2995 esset
2694 2939 2854 2994 homo
2886 2941 2936 2995 in
2973 2948 3180 2996 secreto
3210 2940 3325 3006 Dei,
3358 2941 3505 2996 inco-

1912 3025 2072 3083 lumis
2096 3037 2210 3084 erat
2228 3070 2244 3098 ,
2278 3037 2334 3088 et
2357 3029 2500 3086 bono
2526 3031 2726 3086 colore.
2768 3031 2909 3085 Exiit
2933 3046 2962 3084 a
2990 3040 3196 3086 secreto
3224 3030 3339 3095 Dei,
3375 3047 3502 3104 pro-

1913 3135 2126 3190 gressus
2155 3129 2236 3175 est
2261 3120 2428 3176 Adam
2457 3121 2523 3176 de
2555 3121 2798 3192 paradiso
2817 3164 2830 3188 ,
2861 3121 3063 3176 otl‘enso
3092 3121 3230 3188 Deo,
3255 3131 3308 3177 et
3335 3121 3505 3177 factus

1913 3220 1995 3266 est
2020 3213 2264 3269 vitiosus.
2293 3211 2452 3268 Facta
2485 3221 2566 3268 est
2594 3228 2721 3284 ergo
2748 3228 2935 3268 manus
2969 3213 3056 3267 illa
3097 3214 3215 3270 alba
3247 3230 3259 3270 :
3293 3214 3385 3269 sed
3421 3229 3506 3270 re-

1913 3302 2011 3358 diit
2034 3302 2100 3358 ad
2123 3303 2319 3371 sinum,
2348 3320 2444 3374 per
2467 3305 2638 3360 sinum
2671 3305 2877 3358 Domini
2905 3305 3071 3359 nostri
3110 3304 3234 3362 Jcsu
3261 3304 3459 3361 Christi
3486 3346 3501 3370 ,

1915 3405 1971 3452 et
1998 3396 2200 3467 recepit
2240 3397 2494 3452 colorem.
2525 3395 2662 3468 Quid
2692 3405 2874 3451 autem
2907 3397 2992 3452 illa
3024 3397 3195 3470 aqua?
3236 3398 3384 3467 Aqua
3415 3397 3506 3454 illa

1916 3488 2176 3562 significat
2215 3488 2548 3556 sapientiam.
2593 3487 2747 3558 Saepe
2779 3487 2920 3542 enim
2965 3488 3134 3558 posita
3174 3495 3257 3542 est
3287 3503 3420 3560 aqua
3451 3488 3503 3543 in

1915 3579 2313 3635 similitudinem
2341 3581 2613 3650 sapientia:
2636 3597 2647 3632 :
2673 3587 2727 3636 et
2753 3579 2950 3635 dictum
2970 3588 3070 3648 est,
3101 3579 3212 3634 Fiet
3237 3581 3289 3634 in
3316 3597 3371 3634 eo
3392 3584 3508 3652 fons

1915 3687 2059 3742 aqua:
2103 3671 2327 3724 salientis
2370 3671 2421 3724 in
2471 3672 2622 3723 vitam
2657 3681 2892 3724 teternam
2925 3669 3113 3742 (Joan.
3147 3687 3218 3737 IV,
3248 3671 3368 3740 M).
3402 3669 3504 3725 Sed

1915 3776 2051 3831 aqua
2084 3761 2168 3815 illa
2199 3761 2478 3830 sapientia,
2503 3777 2624 3834 quae
2668 3761 2720 3814 in
2750 3770 2888 3814 terra
2932 3762 3148 3832 sanguis
3172 3762 3358 3817 effecta
3387 3773 3502 3831 est,

1915 3866 2020 3906 non
2066 3852 2217 3906 nobis
2251 3851 2480 3906 ostendit
2523 3850 2757 3908 Verbum
2785 3866 2997 3906 carnem
3029 3851 3222 3907 factum
3268 3862 3321 3908 et
3358 3854 3506 3909 habi-

1917 3950 2114 3996 tantem
2149 3942 2199 3996 in
2244 3941 2440 3998 nobis?
2482 3941 2675 4014 Utique
2697 3942 2947 3998 ostendlt.
2977 3941 3163 3998 Omnia
3189 3959 3316 4015 ergo
3346 3943 3505 3999 futuri

1914 4035 2167 4106 populi',
2205 4035 2354 4105 signa
2399 4041 2521 4089 sunt
2559 4043 2613 4090 et
2651 4035 2902 4108 mysteria
2945 4033 3012 4090 de
3057 4035 3280 4090 Domino
3319 4045 3505 4091 nostro

1913 4128 2041 4184 Jesu
2085 4127 2317 4184 Christo.
2351 4128 2418 4183 Et
2442 4130 2486 4184 si
2516 4145 2620 4200 qua
2654 4129 2755 4184 alia
2782 4135 2905 4182 sunt
2942 4129 2993 4182 in
3023 4129 3292 4184 veteribus
3329 4128 3502 4188 Libris

1914 4229 2265 4286 sacramenta,
2297 4222 2409 4276 sive
2434 4220 2521 4275 illa
2545 4221 2930 4291 intelligamus;
2959 4221 3076 4277 sive
3104 4237 3208 4275 non
3237 4221 3502 4291 intelligo-

1915 4328 2056 4380 mus,
2102 4321 2427 4382 qumrentem
2475 4312 2809 4380 desiderant,
2857 4329 2962 4366 non
3001 4311 3499 4383 reprehendentem.

1915 4403 2167 4459 Petamus
2205 4419 2333 4473 ergo
2353 4445 2368 4470 ,
2401 4419 2704 4474 quaeramus
2731 4411 2785 4458 et
2814 4403 3113 4474 pulsentus,
3145 4411 3202 4458 ut
3238 4404 3502 4473 aperiatur

1914 4497 2087 4553 nobis.
2106 4496 2212 4551 lllis
2241 4495 2414 4551 futura
2432 4497 2682 4566 praedicta
2700 4505 2822 4552 sunt
2843 4507 3172 4553 sacramenta
3197 4515 3212 4555 :
3243 4514 3342 4555 nos
3368 4515 3478 4570 prae

1914 4588 2084 4644 sentia
2109 4587 2348 4644 videmus
2375 4587 2428 4643 in
2451 4587 2688 4643 Ecclesia
2700 4587 2740 4642 ⁸.

2447 4722 2677 4781 SERMO
2715 4721 2841 4778 ιιι·
2867 4719 2970 4796 (α).

1913 4841 1993 4898 De
2019 4841 2228 4897 lectione
2262 4839 2449 4908 Exodi,
2478 4839 2542 4894 de
2561 4838 2684 4893 rubo
2715 4837 2770 4892 in
2789 4854 2888 4908 quo
2911 4838 3120 4908 ﬂamma
3148 4844 3252 4892 erat
3275 4844 3324 4891 et
3346 4835 3501 4892 rubus

2395 4950 2502 4988 nou-
2521 4931 2902 4990 comburobatur
2921 4929 3030 5002 (ὁ).

1987 5047 2126 5103 Nunt.
2159 5048 2212 5102 1.
2239 5078 2310 5089 --
2341 5047 2468 5114 Quir
2491 5045 2797 5101 advertenda
2821 5046 2885 5100 de
2905 5041 3226 5115 apparitione
3257 5041 3314 5094 in
3351 5042 3508 5097 rubo-

1981 5184 1999 5254 i
2025 5191 2107 5254 λιε-
2132 5181 2569 5254 ςιδιιιειιὶιιυειιεά
2586 5186 2767 5254 ,ρρδιςιι
2788 5179 2854 5254 αιῖι
2875 5182 3036 5254 me;

1979 5247 2001 5318 ξ
2023 5243 2317 5318 ξὶο-ίιιὶιιιιοι.
2332 5253 2435 5318 itss.
2447 5239 2617 5318 'At_edi
2623 5244 2674 5302 ti,
2696 5239 3044 5318 futurifteettii.

1917 5309 2003 5422 es:
2015 5301 2243 5420 έηΜεδὲίιίδ
2260 5306 2447 5356 add-intr
2467 5320 2481 5356 :
2509 5301 2732 5356 conieci-ii
2754 5305 2820 5356 ad
2838 5303 3112 5364 Dominam.
3133 5308 3250 5363 etc»
3264 5301 3394 5366 συοά
3413 5301 3480 5356 ab

1982 5454 2000 5473 "
2023 5456 2290 5516 Castigatus
2313 5460 2392 5504 est
2411 5450 2626 5504 subsidio
2649 5463 2690 5499 r.
2713 5463 2762 5504 v.
2785 5455 2895 5498 Lov.

2005 5536 2056 5602 ᾳ)
2081 5534 2221 5594 Alias,
2246 5535 2276 5583 6
2301 5550 2364 5585 ex
2386 5535 2648 5602 Carthusiae
2665 5538 2772 5581 Mss.
2788 5530 2982 5602 _editus._

2006 5589 2052 5655 b)
2069 5606 2200 5646 nunc
2211 5589 2498 5647 sermonem
2520 5596 2762 5645 credimus
2787 5595 2837 5642 in
2861 5590 3053 5641 Possidii
3075 5589 3304 5655 mdiculo,
3326 5601 3433 5655 cap.
3451 5589 3503 5648 9,

1920 5651 2136 5710 noiaium
2161 5659 2236 5709 his
2272 5659 2468 5709 verbis:
2503 5677 2524 5703 α
2554 5665 2622 5706 De
2659 5659 2847 5706 ﬂamma
2877 5655 2927 5704 in
2963 5655 3105 5712 rubo,
3142 5654 3192 5702 In
3230 5651 3408 5712 Exodo;
3443 5664 3506 5701 eo

1929 5739 1952 5770 tt
1971 5722 2100 5796 quod
2141 5734 2236 5770 non
2256 5721 2660 5796 .cpmbprebatur.
2693 5719 3122 5796 :Jldemque‘est‘
3139 5729 3269 5796 cuer

1923 5777 2054 5835 edito
2076 5784 2126 5832 in
2147 5791 2264 5833 tom.
2290 5783 2339 5854 εξ,
2370 5790 2478 5832 «οε
2501 5780 2714 5855 ecquod
2733 5777 3067 5854 dictuniesta
3089 5777 3271 5852 Deosd
3293 5785 3505 5891 Mm

1929 5854 2208 5891 (lanosum
2240 5848 2986 5891 ammsOmTracmmsm
3019 5846 3338 5891 Erasmnnaa

1929 5854 2208 5912 «ligatum
2240 5844 2986 5912 quimsQui'l‘ractatusiu
3019 5844 3340 5905 Erasmianaq
