4014 6310
238 322 313 378 ss
1689 309 1919 368 saeuo
1958 311 2067 366 vu.
3440 329 3511 389 ω

237 433 365 487 mini
386 431 576 497 fuisse,
610 443 715 485 non
740 428 1027 492 Christum,
1051 426 1147 483 sed
1174 426 1420 499 angelum
1444 426 1665 482 missum
1691 440 1819 491 ;ne-

235 539 389 580 cesse
413 531 497 579 est
522 531 579 578 ut
603 523 842 592 exigatur
870 521 938 574 ab
965 520 1042 575 eis
1066 519 1224 585 ratio,
1248 534 1410 589 quare
1429 518 1599 575 dictus
1626 518 1694 572 sil.
1714 518 1823 571 Do-

233 620 434 674 minus.
465 616 744 685 Quomodo
773 615 919 670 enim
944 614 1012 670 ab
1050 615 1127 669 eis
1149 614 1238 683 qui
1258 612 1520 667 Christum
1547 610 1709 666 fuisse
1736 610 1820 665 di-

232 720 375 774 cunt,
412 711 644 780 exigitur
669 724 833 779 quare
860 707 1034 762 dictus
1057 706 1127 761 sit
1150 705 1403 776 angelus;
1433 704 1509 759 sic
1528 703 1595 758 ab
1620 703 1699 757 eis
1732 701 1821 772 qui

233 802 482 872 angelum
495 802 701 867 dicunt,
720 799 947 868 exigitur
967 812 1129 866 quare
1145 796 1319 851 dictus
1334 796 1403 849 sit
1420 796 1698 850 Dominus.
1715 793 1820 848 Sed

233 896 304 949 illi
325 892 703 965 quiChristum
723 891 907 946 dicunt
925 889 1107 956 fuisse,
1127 890 1235 958 jam
1256 888 1822 956 commemoravi,quo-

233 986 395 1041 modo
411 984 537 1040 inde
562 993 773 1050 exeant,
806 982 1164 1052 quare’dictus
1180 982 1249 1035 sit
1276 980 1515 1050 angelus,
1548 980 1669 1049 quia
1698 994 1822 1048 pro-

231 1078 394 1149 pheta
420 1086 605 1146 aperte
631 1077 763 1130 dixit
803 1076 1084 1129 Dominum
1110 1072 1378 1129 Christum
1408 1073 1583 1143 magni
1614 1072 1820 1127 consilii

230 1172 517 1243 Angelum.
570 1171 647 1224 llli
694 1184 822 1239 ergo
853 1169 941 1239 qui
969 1168 1150 1222 dicunt
1188 1166 1456 1236 angelum,
1497 1163 1820 1233 respondere

232 1266 431 1320 debent
458 1278 624 1333 quare
653 1262 949 1332 appellatus
976 1260 1044 1314 sit
1086 1259 1365 1313 Dominus.
1402 1256 1743 1327 lleSpondent
1766 1265 1821 1312 et

231 1358 331 1426 ipsi
364 1374 378 1408 :
412 1356 569 1411 Sicut
591 1356 643 1409 in
672 1353 961 1422 Scripturis
991 1352 1245 1423 propheta
1267 1352 1521 1421 loquitur,
1548 1360 1603 1406 et
1628 1350 1820 1405 dicitur

232 1455 349 1521 quia
380 1452 642 1506 Dominus
685 1450 955 1519 loquitur;
987 1462 1093 1501 non
1137 1446 1259 1516 quia
1296 1445 1550 1500 Dominus
1574 1453 1654 1499 est
1698 1459 1820 1514 pro-

232 1546 411 1613 pheta,
445 1544 541 1597 sed
569 1543 691 1613 quia
718 1541 975 1595 Dominus
1002 1549 1083 1593 est
1108 1555 1159 1592 ιιι
1187 1538 1480 1608 propheta;
1512 1538 1588 1592 sic
1617 1546 1670 1592 et
1698 1551 1818 1591 cum

210 1654 320 1707 ,per
344 1637 604 1709 angelum
646 1635 893 1704 dignatur
922 1631 1173 1687 Dominus
1200 1630 1368 1700 loqui,
1414 1630 1680 1699 quomodo
1726 1644 1821 1698 per

206 1729 558 1797 apostolum,
586 1724 855 1795 quomodo
882 1739 976 1794 per
1004 1724 1337 1792 prophetam,
1371 1732 1515 1776 recte
1546 1720 1739 1775 dicitur
1765 1728 1821 1774 et

227 1821 453 1889 angelus
495 1827 714 1888 propter
741 1832 800 1871 se
839 1817 1031 1885 ipsum,
1060 1824 1114 1868 et
1144 1814 1397 1868 Dominus
1424 1822 1637 1883 propter
1666 1812 1817 1866 habi-

228 1922 433 1964 tantem
458 1910 647 1963 Deum.
679 1908 838 1963 Certe
860 1907 997 1962 enim
1022 1906 1215 1960 Paulus
1240 1905 1400 1959 homo
1420 1913 1555 1971 erat,
1580 1912 1635 1959 et
1661 1904 1818 1959 Chri-

227 2012 336 2055 stus
362 2003 513 2055 Deus
538 2018 554 2065 ;
594 2010 646 2055 et
673 2001 747 2054 ait
772 2009 950 2053 tamen
980 1998 1092 2067 ipse
1119 1998 1333 2064 Paulus,
1376 1998 1455 2050 An
1494 1998 1639 2049 vultis
1665 2012 1817 2066 expe-

228 2097 500 2148 rimentum
541 2095 652 2163 ejus
700 2093 945 2161 accipere,
995 2091 1078 2159 qui
1123 2092 1175 2143 in
1220 2107 1298 2144 me
1339 2089 1555 2162 loquitur
1593 2090 1819 2143 Christus

228 2186 307 2255 (ll
336 2186 462 2239 Cor.
492 2200 608 2251 xm,
642 2183 742 2254 '5)?
792 2183 931 2236 Dixit
954 2189 1008 2235 et
1033 2179 1309 2250 propheta,
1345 2180 1561 2233 Audiam
1598 2180 1719 2248 quid
1740 2180 1817 2233 lo-

227 2288 407 2343 quetur
448 2276 502 2329 in
542 2292 621 2328 me
656 2273 906 2326 Dominus
943 2271 1079 2325 Deus
1124 2270 1294 2341 (Psal.
1331 2286 1541 2337 Lxxxtv,
1584 2270 1667 2339 9).
1718 2270 1819 2338 Qui

230 2367 469 2438 loquitur
494 2367 549 2421 in
579 2366 815 2431 homine,
846 2365 1076 2434 loquitur
1104 2364 1155 2417 in
1184 2364 1391 2433 angelo.
1424 2363 1548 2417 Ideo
1577 2363 1819 2432 apparuit

228 2460 395 2529 Moysi
434 2460 656 2529 angelus
700 2455 931 2523 Domini,
983 2463 1039 2510 et
1064 2455 1215 2523 dixit,
1248 2455 1360 2526 Ego
1390 2471 1499 2509 sum
1527 2456 1611 2527 qui
1635 2471 1746 2509 sum
1774 2456 1814 2508 ¹.

228 2556 563 2610 Habitatoris
588 2570 692 2609 vox
716 2562 817 2620 est,
853 2568 956 2607 non
979 2552 1182 2621 templi.

300 2650 356 2703 6.
391 2647 677 2716 Difﬁcultas
705 2646 757 2698 in
798 2662 858 2697 ea
881 2644 1121 2698 sententia
1161 2642 1388 2696 diluitur.
1429 2639 1560 2695 Nam
1610 2641 1655 2695 si
1697 2655 1818 2709 pro-

230 2751 421 2812 pterea
445 2740 687 2794 Christus
735 2746 877 2803 erat,
913 2751 1035 2791 cum
1086 2736 1305 2805 angelus
1335 2734 1505 2788 dictus
1561 2733 1665 2800 sit,
1698 2733 1819 2802 quia

228 2852 368 2890 unus
409 2844 564 2899 erat;
610 2831 737 2902 quid
788 2832 1027 2896 iacimus,
1059 2828 1270 2898 quando
1298 2827 1526 2882 Abrahae
1571 2836 1679 2881 tres
1721 2840 1817 2896 ap-

230 2926 563 2999 paruerunt?
617 2922 743 2993 quid
785 2922 869 2976 hic
920 2919 1184 2975 dicimus?
1242 2919 1373 2974 Tres
1420 2927 1814 2989 apparuerunt,

232 3031 282 3074 et
311 3018 593 3073 Abraham
621 3026 867 3084 tauquam
928 3012 991 3066 ad
1027 3028 1186 3066 unum
1236 3011 1458 3081 loquens
1512 3010 1675 3074 dixit,
1708 3008 1818 3063 Do-

232 3115 383 3165 mine.
428 3110 572 3178 Quid
617 3108 883 3163 dicimus?
912 3122 1074 3177 quare
1116 3106 1261 3160 tres?
1296 3107 1379 3159 An
1429 3106 1541 3174 ipsa
1591 3104 1820 3158 Trinitas

230 3207 379 3262 erat?
410 3206 594 3273 Quare
618 3218 745 3274 ergo
760 3200 1047 3256 Dominus?
1070 3200 1202 3267 Quia
1234 3199 1463 3253 Trinitas
1483 3213 1620 3253 unus
1642 3198 1821 3251 Domi-

230 3314 350 3362 nus,
386 3312 497 3351 non
525 3304 652 3350 sunt
674 3305 781 3350 tres
800 3293 999 3349 domini
1022 3300 1104 3345 :et
1121 3291 1355 3345 Trinitas
1382 3305 1516 3344 unus
1535 3290 1819 3357 Deus,uon

230 3401 338 3445 tres
362 3393 417 3457 ²;
456 3405 560 3444 una
588 3388 898 3451 substantia,
931 3395 1034 3440 tres
1058 3400 1316 3454 personm.
1349 3383 1530 3453 Neque
1555 3382 1694 3437 enim
1718 3381 1821 3435 Pa-

232 3492 309 3537 ter
336 3483 507 3536 Filius
537 3490 641 3547 est,
672 3488 763 3534 aut
806 3477 972 3533 Filius
997 3477 1155 3532 Pater
1181 3485 1284 3544 est,
1313 3484 1404 3530 aut
1426 3475 1651 3545 Spiritus
1693 3490 1821 3530 san-

228 3587 347 3631 ctus
378 3577 465 3630 vel
494 3576 655 3630 Pater
698 3574 779 3628 vel
829 3573 993 3627 Filius
1017 3580 1116 3625 est.
1160 3569 1262 3625 Sed
1292 3570 1449 3624 Pater
1476 3584 1584 3623 non
1613 3576 1695 3623 est
1720 3567 1823 3623 nisi

230 3668 351 3723 Filii
377 3687 393 3734 ;
431 3669 604 3722 Filius
627 3682 731 3721 non
777 3677 858 3720 cst
884 3665 984 3719 nisi
1012 3664 1215 3730 Patris;
1244 3663 1468 3733 Spiritus
1496 3672 1549 3717 et
1570 3662 1741 3717 Patris
1770 3670 1824 3716 et

231 3760 377 3815 Filii.
406 3759 665 3826 Quamvis
689 3759 740 3811 in
771 3758 877 3812 illis
908 3758 1073 3812 tribus
1098 3757 1255 3826 aliqui
1284 3755 1485 3819 dicunt,
1517 3754 1656 3824 quod
1688 3767 1822 3807 unus

231 3855 304 3909 ibi
333 3852 657 3915 excellebat,
690 3867 849 3921 quem
876 3851 1154 3904 Dominum
1194 3847 1494 3918 appellabat
1532 3846 1819 3911 Abraham,

232 3945 454 4015 quando
499 3953 815 4013 apparuerat
851 3957 971 3997 cum
1018 3942 1243 4007 duobus,
1295 3951 1541 4009 tanquam
1576 3938 1823 3993 Christus

236 4053 355 4092 cum
387 4034 608 4106 Angelis
647 4037 776 4090 suis.
820 4034 924 4089 Sed
967 4033 1092 4103 quid
1131 4034 1355 4103 agimus,
1397 4033 1519 4102 quia
1559 4047 1679 4087 cum
1718 4032 1824 4085 duo

237 4132 580 4184 mitterentur
616 4128 682 4181 ad
727 4127 1012 4183 Sodomam
1041 4138 1356 4196 apparentes
1403 4125 1553 4179 fratri
1596 4125 1823 4179 Abrahae

237 4220 355 4285 Lot,
384 4230 442 4276 et
467 4222 586 4290 ipse
611 4220 849 4289 agnoscit
870 4220 923 4273 in
969 4219 1047 4273 eis
1072 4218 1434 4281 divinitatem;
1465 4227 1519 4272 et
1545 4232 1665 4272 cum
1690 4217 1824 4271 duos

238 4314 434 4381 videat,
491 4314 771 4366 Dominum
814 4312 1047 4381 appellat
1075 4310 1232 4382 (Gen.
1268 4327 1421 4379 xvm,
1452 4320 1498 4365 et
1554 4309 1711 4384 XIX)?
1756 4312 1826 4366 Et

238 4406 326 4459 ille
378 4406 433 4459 in
474 4404 649 4458 tribus
705 4403 1008 4469 Dominum,
1054 4412 1109 4458 et
1147 4404 1197 4458 in
1252 4403 1455 4458 duobus
1511 4404 1599 4457 ille
1640 4404 1822 4458 Domi-

239 4512 383 4550 num.
431 4495 510 4549 Ne
551 4509 855 4563 separemus
900 4509 1025 4564 ergo
1055 4494 1367 4549 Trinitatem
1396 4503 1449 4548 et
1475 4495 1725 4548 faciamus
1771 4495 1823 4548 in

242 4588 473 4644 Sodoma
518 4586 847 4651 dualitatem,
877 4593 1004 4655 puto
1045 4585 1184 4656 quod
1214 4586 1401 4640 melius
1442 4585 1781 4655 intelligimus
1804 4625 1820 4652 ,

242 4682 356 4750 quia
384 4690 567 4750 patres
594 4681 763 4734 nostri
789 4680 1068 4734 Dominum
1112 4680 1163 4734 in
1191 4680 1403 4749 Angelis
1429 4680 1785 4749 agnoscebant
1802 4720 1822 4749 ,

243 4773 571 4828 habitantem
600 4774 653 4827 in
686 4772 1006 4828 habitatione
1033 4772 1427 4842 intelligebant;
1458 4787 1561 4826 non
1606 4780 1823 4841 portan-

241 4869 403 4930 tibus,
428 4867 523 4921 sed
554 4866 800 4921 insidenti
825 4866 1045 4936 gloriam
1072 4864 1285 4919 dabant.
1316 4864 1482 4930 Quam
1510 4866 1824 4919 sententiam

242 4958 521 5014 conﬁrmat
556 4972 666 5012 non
706 4959 876 5013 solum
918 4957 1155 5027 Epistola
1194 4972 1312 5026 qua:
1340 4956 1589 5011 scribitur
1628 4956 1695 5010 ad
1725 4956 1829 5011 He-

243 5052 435 5117 braeos,
465 5052 557 5107 ubi
584 5052 794 5119 dicitur,
826 5050 888 5106 Si
916 5051 1048 5104 enim
1084 5050 1169 5121 qui
1195 5067 1285 5121 per
1309 5051 1525 5121 Angelos
1568 5051 1731 5103 dictus
1757 5058 1830 5103 est

243 5164 429 5213 sermo,
455 5149 621 5218 factus
651 5155 723 5200 est
752 5146 929 5215 ﬁrmus
950 5143 1134 5217 (Hebr.
1164 5161 1218 5209 ιι,
1244 5144 1280 5198 2
1307 5142 1664 5217 [loquebatur
1686 5144 1828 5198 enim

246 5240 308 5294 de
332 5238 507 5294 veteri
547 5238 908 5304 Testamento,
939 5237 1330 5293 commendavit
1358 5237 1497 5307 quod
1527 5238 1597 5292 ibi
1646 5237 1829 5307 Angeli

248 5329 631 5401 loquebantur;
673 5328 767 5383 sed
798 5330 937 5383 Deus
964 5329 1015 5383 in
1050 5329 1265 5399 Angelis
1292 5328 1400 5383 suis
1430 5327 1790 5383 honorabatur
1811 5369 1826 5393 ,

249 5431 302 5477 et
333 5439 430 5493 per
459 5423 692 5492 Angelos
732 5421 955 5476 interior
984 5421 1251 5475 habitator
1279 5420 1615 5496 audiebatur]
1637 5420 1654 5491 )
1679 5438 1693 5487 ;
1735 5418 1830 5475 sed

252 5514 409 5568 etiam
440 5513 496 5567 in
534 5513 754 5569 Actibus
780 5512 1157 5583 Apostolorum
1198 5511 1499 5582 Stephanus
1544 5512 1708 5577 dicit,
1741 5527 1827 5566 ar-

316 5651 333 5681 ι
355 5649 477 5699 ωω
493 5663 558 5699 ex
568 5650 885 5717 .carthusiano
909 5660 1008 5713 Ms,
1026 5658 1072 5703 et
1088 5651 1267 5705 dicina-
1285 5649 1347 5713 ei,
1375 5652 1585 5703 Domine.
1621 5658 1677 5704 El
1693 5654 1828 5717 att'il,

918 5784 999 5829 lus.
1019 5779 1219 5841 addunt,
1243 5778 1333 5831 dii.

1934 442 2098 496 guens
2127 436 2181 482 et
2208 429 2485 500 increpans
2509 432 2741 503 Judaeos,
2782 436 2926 492 Dura
2952 440 3156 508 cervice,
3193 451 3238 497 et
3264 460 3365 500 non
3405 448 3505 501 etr-

1929 518 2133 571 cumcisi
2161 519 2312 573 corde
2334 530 2381 575 et
2402 524 2623 578 auribus.
2654 526 2797 582 Dura
2820 532 3025 599 cervice,
3056 533 3221 603 spina)
3259 552 3364 591 non
3393 554 3509 594 cre-

1928 618 2103 663 matae.
2145 609 2239 664 Vos
2266 629 2460 683 semper
2484 616 2709 672 resistitis
2736 618 2951 689 Spiritui
2979 634 3167 679 sancto.
3197 624 3321 682 Ideo
3345 629 3506 685 rubus

1927 716 2034 757 non
2058 708 2408 774 cremabatur,
2441 709 2561 778 quia
2586 708 2812 767 ﬂammae
2841 714 3068 783 Spiritus
3091 719 3157 771 ab
3185 720 3350 789 spinis
3382 736 3508 789 pec-

1927 802 2161 849 calorum
2192 798 2533 853 resistebatur
2556 801 2572 831 ί
2609 818 2621 853 :
2663 800 2762 856 Vos
2798 820 2992 876 semper
3016 809 3245 864 resistitis
3285 811 3503 882 Spiritui

1926 896 2114 940 sancto.
2151 888 2308 953 Quem
2329 892 2685 962 praphetarum
2707 912 2807 949 non
2830 899 3110 954 occiderunt
3135 912 3299 971 patres
3314 906 3464 959 uestri
3478 907 3504 960 ?

1927 974 2016 1050 (Et
2043 978 2184 1034 unde
2210 979 2401 1054 agitur)
2425 984 2508 1055 qui
2528 986 2785 1056 accepistis
2804 986 2989 1057 Legem
3006 992 3058 1044 in
3083 993 3255 1048 edictis
3282 996 3501 1066 Angelo-

1924 1084 2057 1137 rum,
2080 1079 2125 1124 et
2146 1088 2245 1125 non
2263 1074 2548 1129 custodistis
2570 1076 2705 1150 (Act.
2731 1094 2823 1144 vn,
2853 1080 3063 1151 51-55).
3078 1082 3133 1138 Si
3152 1084 3370 1152 diceret,
3393 1087 3503 1141 An-

1924 1161 2048 1231 geli,
2077 1172 2266 1230 etnon,
2291 1166 2631 1239 Angelorum;
2658 1186 2765 1226 non
2786 1172 3004 1229 deerant
3028 1176 3099 1230 illi
3128 1179 3217 1248 qui
3241 1179 3500 1251 dicerent,

1925 1252 2163 1312 Christus
2189 1270 2290 1323 est,
2323 1262 2443 1331 quia
2472 1262 2644 1318 dictus
2672 1274 2753 1320 est
2798 1269 2972 1337 magni
3004 1271 3209 1325 consilii
3245 1274 3498 1344 Angelus.

1924 1346 2157 1417 Angelus
2188 1348 2449 1418 Christus,
2481 1357 2734 1425 numquid
2766 1360 2949 1429 Angeli
2971 1360 3256 1418 Christus?
3288 1364 3421 1419 Dicit
3449 1374 3503 1421 et

1924 1443 2192 1510 apostolus
2220 1444 2432 1512 Paulus,
2477 1450 2724 1518 quoniam
2752 1467 2935 1507 semen
2963 1453 3189 1510 Ahrahze
3228 1457 3501 1527 dispensa-

1925 1541 2034 1587 tum
2067 1546 2146 1589 est
2175 1538 2194 1568 ²
2229 1555 2240 1590 :
2273 1538 2601 1610 Disposilum,
2643 1544 2831 1614 inquit,
2877 1564 2966 1616 per
3009 1548 3224 1620 Angelos
3252 1552 3305 1606 in
3351 1569 3504 1607 manu

1925 1624 2220 1682 Mediatoris
2250 1629 2441 1700 (Galat.
2474 1649 2549 1701 ιιι,
2586 1636 2696 1706 19).

1973 1717 2024 1771 7.
2044 1716 2140 1772 Dei
2160 1738 2336 1775 nomen
2353 1726 2629 1795 proprium.
2652 1727 2767 1782 Jam
2780 1743 2906 1800 ergo
2922 1734 3159 1802 angelus,
3175 1735 3294 1790 etin
3313 1737 3504 1808 angelo

1924 1808 2198 1880 Dominus,
2213 1813 2420 1869 dicebat
2432 1817 2594 1889 Moysi
2607 1824 2860 1889 quaerenti
2876 1839 3067 1879 nomen
3079 1842 3255 1891 suum,
3272 1828 3380 1899 Ego
3391 1847 3503 1884 sum

1922 1901 2009 1970 qui
2022 1918 2153 1955 sum.
2173 1902 2323 1958 Dices
2334 1908 2452 1972 ﬁliis
2466 1906 2627 1964 Israel
2645 1927 2663 1964 :
2680 1910 2780 1976 Qui
2795 1923 2885 1978 est,
2900 1916 3031 1969 misit
3046 1934 3124 1970 me
3140 1918 3208 1971 ad
3223 1934 3325 1975 vos.
3345 1920 3501 1990 Esse,

1923 2007 2119 2048 nomen
2143 2003 2224 2049 est
2244 1996 2802 2058 incommutabilitatis.
2833 2004 3018 2061 Omnia
3049 2010 3190 2063 enim
3230 2027 3347 2080 quae
3384 2029 3503 2067 mu-

1923 2095 2122 2153 tantur,
2141 2089 2390 2146 desinunt
2406 2108 2523 2149 esse
2539 2096 2679 2165 quod
2696 2106 2864 2163 erant,
2884 2108 2937 2154 et
2956 2099 3208 2170 incipiunt
3227 2118 3346 2158 esse
3361 2104 3502 2174 quod

1923 2194 2029 2233 non
2070 2191 2241 2235 erant.
2274 2184 2404 2239 Esse
2440 2201 2642 2253 verum,
2684 2204 2804 2244 esse
2832 2190 3115 2259 sincerum,
3153 2208 3270 2248 esse
3297 2209 3505 2264 germa-

1923 2286 2071 2339 num,
2096 2289 2201 2329 non
2231 2274 2389 2331 habet
2425 2278 2524 2331 nisi
2555 2279 2765 2349 quinon
2791 2291 3043 2339 mutatur.
3067 2284 3159 2341 llle
3187 2286 3343 2341 habet
3384 2303 3504 2343 esse

1922 2365 2005 2417 cui
2024 2365 2235 2431 dicitur,
2255 2366 2309 2420 Μ
2313 2370 2474 2423 utabis
2489 2387 2548 2424 ea
2567 2381 2614 2425 et
2631 2374 2975 2441 mutabuntur;
2995 2385 3047 2428 tu
3067 2386 3229 2431 autem
3245 2378 3375 2431 idem
3399 2379 3505 2448 ipse

1923 2472 1974 2509 es
2001 2456 2166 2527 (Psal.
2190 2473 2258 2523 c1,
2285 2459 2373 2525 27,
2406 2461 2517 2531 28).
2551 2463 2685 2531 Quid
2713 2473 2812 2530 est,
2836 2464 2949 2535 Ego
2971 2483 3080 2520 sum
3107 2470 3192 2537 qui
3216 2485 3345 2534 sum,
3379 2469 3501 2533 nisi,

1922 2546 2173 2604 Eteruus
2202 2552 2362 2604 sum?
2386 2552 2521 2618 Quid
2555 2565 2655 2619 est,
2693 2554 2802 2625 Ego
2831 2559 3045 2626 suntqui
3071 2575 3204 2624 sum,
3232 2560 3353 2625 nisi,
3383 2559 3501 2614 Mu-

1923 2639 2021 2692 tari
2066 2654 2170 2694 non
2213 2644 2462 2710 possum?
2508 2642 2657 2698 Nulla
2686 2654 2945 2713 creatura,
2992 2664 3097 2701 non
3139 2650 3352 2715 ccelum,
3396 2665 3503 2704 non

1925 2743 2085 2801 terra,
2126 2750 2231 2788 non
2256 2736 2505 2805 Angelus,
2538 2753 2645 2790 non
2674 2736 2871 2803 Virtus,
2902 2754 3006 2793 non
3035 2738 3223 2809 Sedes,
3250 2758 3353 2796 non
3396 2742 3501 2796 Do-

1922 2825 2258 2887 minationes.
2289 2843 2393 2880 non
2420 2827 2730 2883 Potestates.
2760 2829 2894 2884 Cum
2919 2846 3045 2901 ergo
3072 2832 3141 2885 sit
3181 2847 3280 2886 noc
3307 2846 3503 2888 nomen

1923 2919 2252 2984 :eternitatis,
2286 2920 2402 2989 plus
2431 2929 2512 2975 est
2539 2922 2678 2991 quod
2708 2922 2953 2992 dignatus
2978 2932 3060 2978 est
3086 2924 3285 2980 habere
3308 2940 3503 2979 nomen

1922 3008 2318 3065 misericordiae.
2342 3010 2454 3082 Ego
2478 3029 2588 3067 sum
2613 3013 2749 3068 Deus
2788 3015 3059 3082 Abraham,
3092 3026 3138 3069 et
3162 3015 3299 3070 Deus
3330 3014 3499 3084 Isaac,

1924 3110 1971 3155 et
2007 3101 2146 3155 Deus
2181 3100 2362 3156 Iacob.
2392 3103 2522 3158 Illud
2552 3105 2604 3158 in
2632 3119 2710 3173 se,
2749 3106 2849 3161 hoc
2888 3105 2954 3160 ad
2996 3121 3114 3162 nos.
3149 3106 3205 3162 Si
3233 3108 3372 3161 enim
3402 3107 3504 3163 hoc

1923 3196 2093 3249 solum
2121 3211 2239 3252 esse
2276 3198 2435 3252 vellet
2473 3199 2614 3268 quod
2642 3206 2723 3253 est
2750 3199 2801 3252 in
2829 3214 2906 3264 se,
2934 3199 3057 3269 quid
3084 3215 3322 3255 essemus
3362 3200 3502 3253 nos?

1926 3286 1981 3343 Si
2011 3288 2287 3353 intellexit,
2329 3290 2436 3344 imo
2461 3290 2582 3359 quia
2623 3291 2882 3346 intellexit
2910 3291 3141 3363 Moyses,
3173 3307 3293 3347 cum
3340 3293 3389 3347 ei
3416 3291 3501 3347 di-

1924 3390 2156 3446 ceretur,
2190 3380 2299 3451 Ego
2326 3399 2435 3434 sum
2464 3382 2548 3453 qui
2569 3399 2700 3449 sum,
2737 3383 2836 3450 Qui
2856 3393 2948 3451 est,
2981 3384 3114 3438 misit
3137 3400 3251 3448 me;
3276 3384 3499 3439 multum

1927 3470 2031 3527 hoc
2057 3472 2280 3527 credidit
2324 3488 2442 3527 esse
2480 3473 2545 3527 ad
2577 3474 2836 3540 homines,
2870 3475 3091 3529 multum
3121 3474 3221 3528 hoc
3246 3474 3377 3528 vidit
3418 3474 3500 3529 di-

1926 3572 2068 3617 stare
2114 3563 2179 3618 ab
2210 3563 2528 3653 hominihus.
2560 3563 2658 3632 Qui
2688 3565 2827 3618 enim
2872 3563 2975 3619 hoc
3009 3565 3150 3634 quod
3176 3573 3258 3619 est
3283 3572 3337 3619 et
3377 3579 3503 3620 vere

1927 3665 2028 3725 est,
2056 3657 2215 3727 digne
2239 3658 2575 3724 intellexerit,
2602 3666 2657 3713 et
2690 3659 3141 3729 qualitercumque
3177 3660 3377 3714 lumine
3406 3676 3501 3716 ve-

1926 3750 2213 3805 racissimm
2242 3752 2505 3817 essentne,
2547 3750 2629 3804 vel
2673 3751 2916 3817 strictim,
2958 3751 3095 3805 sicut
3136 3752 3503 3809 coruscatione

1928 3843 2136 3899 afﬂatus
2164 3843 2351 3909 fuerit;
2386 3845 2539 3913 longe
2568 3859 2625 3899 se
2652 3844 2795 3899 videt
2821 3844 2975 3911 infra,
3006 3845 3160 3915 longe
3205 3845 3502 3901 rem0tissi-

1928 3952 2095 4003 mum,
2127 3936 2281 4006 longe
2304 3935 2714 3991 dissimillimum
2747 3954 2761 3990 :
2789 3936 2924 3990 sicut
2949 3935 3038 3990 ille
3065 3936 3157 4001 ait,
3186 3935 3296 4006 Ego
3319 3936 3499 3991 dixiin

1927 4027 2105 4081 ecstasi
2133 4044 2261 4080 mea.
2289 4028 2569 4095 Assumpta
2609 4026 2752 4081 enim
2778 4035 2954 4081 mente
2981 4026 3109 4079 vidit
3139 4027 3318 4080 nescio
3354 4026 3501 4097 quid,

1927 4118 2066 4189 quod
2098 4120 2212 4188 plus
2242 4118 2308 4172 ad
2349 4118 2493 4171 illum
2523 4127 2654 4172 erat.
2686 4118 2795 4172 Hoc
2821 4128 2935 4173 erat
2975 4118 3115 4187 quod
3145 4133 3325 4173 verum
3366 4126 3499 4174 erat.

1925 4210 2070 4277 Dixi,
2118 4210 2301 4281 inquit,
2335 4211 2387 4263 in
2429 4211 2603 4264 ecstasi
2645 4227 2771 4263 mea.
2815 4210 2989 4276 Quid?
3034 4209 3296 4278 Projectus
3338 4226 3448 4264 sum
3474 4226 3505 4263 a

1928 4305 2057 4375 facie
2095 4304 2577 4356 oculorum/tuorum
2609 4300 2772 4373 (Psal.
2809 4317 2937 4365 xxx,
2968 4300 3081 4371 23).
3129 4302 3257 4356 Cum
3285 4316 3411 4371 ergo
3438 4300 3504 4355 ad

1928 4394 1981 4449 id
2018 4393 2159 4464 quod
2200 4393 2490 4458 dicebatur,
2537 4407 2639 4446 non
2682 4392 2747 4446 ad
2776 4392 2826 4446 id
2853 4392 2992 4462 quod
3021 4393 3316 4459 videbatur,
3348 4393 3505 4464 longe

1929 4502 1988 4543 se
2015 4487 2269 4557 imparem
2297 4486 2498 4541 videret
2535 4486 2740 4556 Moyses
2770 4495 2823 4541 et
2849 4487 2997 4556 quasi
3030 4488 3203 4541 minus
3230 4501 3500 4556 capacem,

1929 4578 2070 4633 unde
2099 4578 2455 4632 inﬂammatus
2499 4577 2614 4647 ipso
2657 4576 2919 4632 desiderio
2947 4578 3157 4633 videndi
3210 4579 3347 4648 quod
3387 4587 3503 4645 est,

1928 4671 2137 4726 dicebat
2160 4672 2268 4725 Deo
2293 4685 2412 4725 cum
2444 4685 2546 4739 quo
2574 4670 2902 4740 loquebatur,
2934 4669 3151 4724 Ostende
3178 4671 3302 4724 milii
3330 4679 3505 4724 temet-
3535 4735 3543 4755 Γ

1929 4762 2095 4833 ipsum
2124 4761 2316 4832 (Exod.
2347 4778 2539 4826 xxxm,
2583 4761 2669 4829 l3,
2702 4761 2790 4832 l8)
2821 4762 3008 4832 :quasi
3044 4776 3170 4831 ergo
3194 4761 3263 4815 ab
3289 4762 3376 4815 illa
3414 4776 3506 4815 ex-
3536 4760 3547 4828 ἱ

1931 4854 2171 4908 cellentia
2210 4854 2453 4909 essentia:
2497 4854 2648 4922 longe
2680 4852 2953 4907 dissimilis
2994 4852 3320 4923 desperaret,
3353 4851 3508 4922 erigit

1931 4945 2320 5015 desperantem,
2349 4946 2595 5014 quoniam
2622 4945 2750 4999 vidit
2778 4946 3050 5000 timentem
3091 4962 3103 4998 :
3140 4952 3386 5012 tanquam
3428 4942 3511 4998 di-

1932 5044 2097 5102 ceret,
2125 5036 2383 5104 Quoniam
2420 5035 2547 5101 dixi,
2578 5035 2686 5106 Ego
2714 5052 2825 5090 sum
2866 5038 2949 5106 qui
2985 5053 3117 5103 sum,
3163 5044 3235 5100 et,
3268 5035 3368 5101 Qui
3393 5043 3509 5103 est,

1934 5126 2065 5181 misit
2101 5142 2219 5191 me;
2250 5126 2557 5180 intellexisti
2595 5127 2719 5197 quid
2760 5127 2830 5181 sit
2867 5142 3004 5192 esse,
3035 5136 3087 5181 et
3123 5126 3417 5196 desperasti
3457 5135 3510 5182 te

1935 5233 2125 5289 capere
2159 5237 2171 5273 :
2203 5221 2348 5290 erige
2395 5235 2563 5289 spem,
2597 5220 2707 5292 Ego
2740 5239 2851 5276 sum
2894 5221 3027 5275 Deus
3052 5221 3326 5289 Abraham,
3360 5220 3510 5276 Isaac

1934 5320 1981 5365 et
2005 5310 2204 5376 Jacob;
2230 5312 2309 5365 sic
2337 5326 2452 5365 sum
2491 5312 2633 5382 quod
2657 5328 2794 5377 sum,
2821 5312 2897 5367 sic
2925 5327 3040 5365 sum
3068 5312 3238 5381 ipsum
3264 5328 3403 5381 esse,
3432 5312 3512 5367 sic

1936 5417 2053 5458 sum
2079 5418 2199 5459 cum
2230 5404 2345 5474 ipso
2374 5419 2511 5471 esse,
2546 5413 2604 5460 ut
2642 5405 2804 5461 nolim
2851 5404 3151 5461 hominibus
3190 5406 3399 5461 deesse.
3452 5403 3510 5461 Si

1937 5533 2017 5645 et;
2042 5531 2159 5582 Ε]άὶιί
2182 5543 2245 5581 ex
2266 5531 2572 5582 Carthuslano
2588 5539 2688 5593 Ms,
2703 5528 2818 5593 quia
3055 5528 3261 5595 ﬂmmme
3282 5542 3312 5579 a
3342 5526 3514 5593 spinis,

1998 5660 2017 5687 ²
2040 5655 2157 5705 Editi
2183 5668 2245 5704 ex
2269 5654 2572 5719 Carthusiano
2595 5663 2696 5713 Ms...
2722 5654 3149 5719 dispensatione“
3183 5668 3215 5704 a
3243 5649 3388 5704 veteri
3428 5660 3512 5719 Te:

1934 5725 2163 5789 ammento
2199 5731 2346 5789 usque
2488 5730 2672 5769 novum.
2686 5709 2754 5770 'Et
2775 5709 3008 5784 quomodo
3045 5717 3367 5782 dispauatum
3395 5719 3465 5765 est
3488 5709 3515 5765 ?

1938 5786 2226 5844 Dispositum
2242 5786 2409 5837 inquit.
2440 5789 2531 5834 etc.
3235 5830 3245 5838 ,
