4002 6454
543 382 613 440 tn
648 344 661 349 ”
1782 376 1842 440 s.
1882 372 2249 440 Ausum
2280 378 2593 441 EPISCOPI
3741 378 3817 438 ss

538 495 2125 570 quomodopoesummnemiuumqumetinvesﬁgare

538 590 907 661 eumquiest,
948 597 1005 647 et
1038 588 1390 662 quidemuon
1430 589 1590 661 longe
1632 588 2126 660 positumabuno-

536 696 750 753 quoque
772 691 1055 740 nostrum:
1086 680 1143 737 iu
1168 681 1261 737 ilio
1288 682 1434 738 enim
1459 682 1708 749 vivimus,
1736 690 1799 738 et
1822 694 2122 749 movemur,

535 784 594 831 et
630 792 815 832 sumus
846 775 978 849 (Act.
1005 791 1137 844 xvu,
1174 775 1272 845 Ξῖ,
1310 775 1405 849 38)
1433 793 1447 831 :
1476 775 1908 847 laudemusergo
1928 773 2122 831 ineun-

519 865 718 925 .biiiter
773 868 892 940 ejus
938 868 1228 925 essentm-
1274 877 1336 929 et
1386 881 1630 924 amemus
1678 867 2122 924 misericordiam.

1071 1032 1416 1092 SERMONIS
1452 1032 1571 1091 γιιι
1585 1036 1627 1100 ⁶,

793 1147 1857 1223 υιὰοωριαθὶηιόοωηρωοερτὶς,

1088 1290 1447 1334 mansuro:
1479 1276 1576 1351 (a).

1034 1389 1162 1443 Alias
1182 1393 1234 1442 in
1251 1392 1553 1458 Fragmentis
1572 1390 1622 1444 2.

606 1500 660 1555 1.
682 1498 837 1555 Prius
860 1498 915 1553 in
952 1496 1297 1553 fundamento
1321 1498 1497 1570 posita
1518 1511 1700 1553 rerum
1722 1503 1996 1567 gestarum
2022 1495 2119 1551 (ir-

533 1590 756 1658 mitate,
787 1588 1194 1661 signiﬁcandam
1220 1588 1481 1645 debemus
1528 1589 1839 1660 inquirere;
1884 1603 1954 1645 ne
1992 1588 2121 1644 sub-

535 1689 704 1736 tracto
730 1680 1072 1736 fundamento
1090 1721 1105 1746 ,
1137 1679 1190 1735 in
1219 1695 1344 1735 aere
1362 1678 1504 1736 velle
1529 1679 1799 1735 aediﬁcare
1820 1678 2116 1735 videamur.

533 1772 642 1830 Sed
667 1773 732 1829 ad
755 1773 936 1844 plagas
967 1772 1157 1828 decem
1184 1788 1292 1829 non
1314 1772 1550 1843 pertinet
1585 1771 1729 1843 quod
1777 1774 2008 1843 primum
2030 1771 2118 1829 fa—

534 1877 681 1923 ctum
704 1876 788 1923 est
816 1866 951 1939 signi
980 1881 1162 1935 causa,
1178 1874 1236 1922 ut
1255 1867 1405 1937 virga
1431 1867 1488 1922 in
1508 1874 1810 1936 serpentem
1839 1872 2122 1922 converte-

534 1968 701 2015 retur.
741 1959 929 2014 Aditus
975 1959 1118 2013 enim
1162 1958 1278 2030 ipse
1324 1966 1445 2014 erat
1489 1958 1559 2013 ad
1597 1957 1968 2025 Pharaonem,
2009 1971 2119 2027 quo

533 2050 1004 2114 commendabatur
1025 2050 1233 2123 Moyses
1255 2048 1548 2105 educturus
1581 2065 1651 2105 ex
1675 2049 1911 2120 Egypt»
1944 2062 2117 2118 popu-

532 2144 644 2201 lum
669 2145 761 2200 Dei
785 2163 798 2199 :
822 2143 1059 2200 nondum
1075 2152 1254 2199 autem
1274 2152 1620 2199 contumaces
1642 2141 1992 2206 feriebantur,
2016 2138 2117 2196 sed

533 2238 713 2294 divino
737 2240 887 2309 signo
909 2238 1020 2309 jam
1048 2237 1400 2293 terrebantur.
1426 2236 1584 2307 Virga
1607 2235 1872 2306 signiﬁcat
1893 2248 2118 2304 regnum

534 2330 632 2389 Dei
662 2348 676 2385 :
709 2331 959 2403 idemque
978 2347 1201 2403 regnum
1235 2331 1330 2386 Dei
1356 2345 1479 2386 esse
1505 2330 1689 2400 utique
1713 2329 1969 2399 populum
2001 2326 2114 2383 Dei.

532 2421 766 2494 Serpens
784 2431 960 2478 autem
987 2430 1198 2493 tempus
1225 2421 1566 2477 mortalitatis
1582 2419 1774 2490 hujus;
1805 2433 1950 2474 mors
1972 2417 2117 2473 cuitu

533 2527 566 2568 a
588 2522 837 2584 serpente
863 2514 1143 2584 propinata
1169 2521 1271 2569 est.
1303 2512 1578 2583 Tanquam
1605 2526 1735 2582 ergo
1764 2510 2018 2565 cadentes
2050 2509 2119 2565 de

534 2621 699 2662 manu
728 2606 938 2661 Domini
965 2607 1019 2660 in
1042 2614 1240 2662 terram
1258 2646 1280 2671 ,
1301 2605 1555 2660 mortales
1573 2602 1751 2660 effecti
1783 2612 1909 2659 sunt
1935 2619 1950 2657 :
1979 2602 2119 2657 unde

530 2699 774 2770 projecta
792 2700 939 2771 virga
966 2716 1033 2757 ex
1061 2715 1223 2755 manu
1246 2713 1470 2769 serpens
1492 2697 1681 2754 eﬂ'eeta
1707 2705 1810 2753 est.
1854 2695 2120 2752 Fecerunt

535 2799 592 2846 et
618 2792 762 2863 magi
786 2792 1083 2847 Pharaonis
1130 2791 1409 2855 similiter;
1453 2790 1616 2861 virgis
1650 2805 1837 2845 eorum
1868 2787 2120 2859 proiectis

537 2891 817 2951 serpentes
847 2884 966 2938 facti
990 2891 1117 2939 sunt
1140 2901 1160 2937 ς
1186 2883 1280 2939 sed
1302 2883 1448 2953 prius
1462 2897 1689 2952 senpeus
1708 2881 1910 2952 Moysi,
1938 2880 1997 2935 id
2014 2888 2113 2946 est,

535 2973 682 3043 virga
739 2973 907 3045 Moysi
960 2973 1237 3029 devoravit
1287 2988 1476 3030 omnes
1522 2982 1801 3043 serpentes
1842 2986 2120 3044 magorum

536 3062 842 3137 (Exod.,vn,
874 3064 1084 3137 10-12).
1103 3065 1255 3121 Tunc
1280 3064 1497 3122 demum
1521 3065 1688 3121 cauda
1709 3065 2116 3136 comprehensa,

533 3157 826 3214 identidem
853 3158 1001 3230 virga
1040 3157 1177 3214 facta
1214 3166 1330 3227 est,
1374 3166 1433 3214 et
1472 3172 1698 3228 regnum
1748 3156 2004 3213 remeavit
2049 3156 2119 3213 ad

532 3264 773 3305 manum.
803 3251 939 3306 Sunt
960 3266 1089 3321 ergo
1110 3250 1273 3322 virgae
1299 3264 1577 3321 magorum
1602 3248 1787 3321 populi
1824 3249 2117 3319 impiorum

533 3342 659 3398 victi
682 3342 880 3398 Christi
922 3344 1166 3410 nomine;
1190 3359 1311 3401 cum
1339 3344 1394 3399 in
1426 3343 1545 3413 eius
1570 3357 1763 3413 corpus
1788 3342 2119 3399 nausiam-

533 3443 640 3501 tur,
680 3445 931 3508 tanquam
969 3452 1003 3492 a
1051 3444 1298 3508 serpente
1344 3436 1514 3507 Moysi
1551 3434 1875 3491 devoratur
1905 3436 2120 3492 :donec

532 3529 717 3585 redeat
742 3545 965 3600 regnum
996 3530 1092 3585 Dei
1116 3530 1185 3584 ad
1212 3544 1429 3584 manum
1469 3528 1594 3594 Dei,
1622 3527 1720 3584 sed
1747 3528 1801 3583 iu
1828 3528 1937 3583 ﬁne
1960 3542 2117 3584 mert-

532 3624 653 3679 talis
681 3624 891 3689 surculi,
938 3622 1082 3694 quod
1121 3621 1387 3692 signiﬁcat
1432 3620 1605 3676 cauda
1645 3620 1951 3691 serpentis,
1998 3636 2116 3677 ma-

530 3730 694 3786 gnum
721 3716 930 3787 signum
957 3715 1069 3770 iiat.
1099 3715 1340 3772 Audistis
1364 3731 1487 3787 qua:
1503 3715 1748 3773 debeatis
1771 3715 2113 3773 desiderare:

529 3807 710 3863 audite
734 3823 854 3878 qua:
876 3805 1118 3863 debeatis
1140 3808 1328 3867 vitare.
1694 3837 1707 3846 -

600 3899 829 3956 CAPUT
851 3899 1135 3956 PRIMUM.
1155 3902 1537 3958 2.—Primum
1560 3910 1887 3974 precepth
1904 3903 1961 3958 in
1976 3901 2117 3973 Lege

528 3991 597 4048 de
625 3990 981 4046 colendoqu
1014 3992 1161 4058 Deo,
1193 3990 1318 4046 Non
1358 4002 1504 4047 aut
1528 4035 1543 4058 ,
1576 3993 1779 4063 inquit,
1819 3994 1909 4048 tibi
1935 3993 2007 4048 dii
2024 3993 2119 4047 etii

530 4089 713 4154 prtem
741 4098 821 4136 me
871 4080 980 4153 (Id.
1022 4098 1121 4149 xx,
1164 4082 1246 4154 3).
1277 4083 1453 4138 Prima
1498 4085 1652 4153 plaga
1701 4083 2114 4156 Egyptiorum,

530 4189 666 4245 aqua
696 4189 957 4231 conversa
1000 4175 1054 4230 in
1085 4176 1393 4246 sanguinem
1423 4174 1537 4249 (id.
1569 4194 1671 4246 vn,
1698 4176 1813 4250 ﬂ).
1850 4177 2118 4248 Compara

529 4266 762 4337 primum
790 4274 1115 4337 praeceptum
1161 4267 1348 4338 primas
1398 4264 1602 4339 plagae;
1652 4270 1817 4325 Deum
1848 4286 2013 4325 unum
2041 4284 2113 4326 ex

529 4374 638 4431 quo
665 4368 790 4416 sunt
816 4360 1032 4428 omnia,
1060 4360 1113 4415 in
1140 4360 1488 4416 simih’tudine
1528 4361 1763 4433 intellige
1808 4377 1997 4433 aquae,
2042 4378 2115 4418 ex

530 4466 637 4522 qua
658 4460 981 4523 generantur
1238 4452 1354 4521 Quo
1372 4460 1553 4509 autem
1596 4455 1830 4524 pertinet
1857 4456 2109 4526 sanguis,

531 4541 636 4597 nisi
673 4542 739 4596 ad
767 4556 983 4596 carnem
1012 4542 1326 4598 mortalem?
1351 4542 1491 4611 Quid
1536 4552 1618 4599 est
1656 4560 1789 4615 ergo
1832 4546 2115 4602 conversio

531 4648 685 4705 aqua:
714 4634 768 4688 iu
790 4635 1103 4705 sanguinem
1120 4676 1141 4702 ,
1168 4634 1271 4691 nisi
1291 4637 1414 4707 quia
1432 4637 1756 4692 obicio-atem
1775 4648 1848 4694 est
1868 4640 2119 4711 summ

529 4742 620 4782 cor
673 4727 889 4782 eorum?
936 4724 1168 4782 Dicente:
1221 4729 1354 4784 enim
1400 4747 1457 4785 se
1502 4748 1612 4786 esse
1658 4734 1930 4803 capientes,
1973 4735 2115 4788 ﬂaui

532 4818 656 4890 fecti
692 4825 809 4874 unt
835 4833 855 4872 :
880 4826 925 4873 et
962 4830 1392 4876 commutava
1434 4823 1651 4894 gloriam
1716 4824 2115 4897 imitantis

528 4907 631 4966 Dei
678 4916 733 4967 in
1214 4913 1452 4984 intaginis
1504 4918 1845 4988 corruptibilis
1898 4920 2116 4976 tum

528 5001 725 5074 (Rom.
769 5019 813 5072 ι,
865 5001 1101 5076 21-25).
1151 5003 1335 5061 Gloria
1370 5007 1790 5081 incorrqtibiiis
1837 5012 1932 5068 Dei
1974 5016 2119 5071 sicut

597 5159 879 5235 'JSermonis
888 5162 1047 5235 potavi
1404 5169 1714 5221 emendatum
1738 5178 1816 5221 est
1837 5173 2120 5235 iuvantibus

531 5217 792 5301 999E“_?;
810 5224 999 5301 28M-
1022 5238 1073 5301 V;
1092 5217 1229 5301 υῖῖιη·
1250 5233 1467 5301 ηξνιιίΐν-
1490 5217 2118 5301 -ῖιῐῖβῖίιτὲἕιὶιὲἷιᾶειῖξῖῆ

1029 5296 1091 5367 ,ξ-
1386 5299 1631 5367 εξνφριςε
1651 5294 1817 5346 dm
1833 5285 2117 5367 υηὶφῖῑπῐ

532 5344 667 5423 @135
683 5344 1001 5423 εἱειειέετίιςε
1017 5362 1100 5423 ειη-
1125 5344 1401 5423 imm.
1430 5354 1554 5423 ξεί,
1577 5344 2117 5420 amantist";—

531 5413 672 5460 venit
717 5406 769 5458 in
806 5406 977 5459 codice
1012 5406 1313 5477 cassinensi;
1348 5406 1404 5463 ii.
1442 5406 1553 5464 η’
1628 5406 1695 5420 7v
1741 5406 1884 5477 ⁷-Ὗί

597 5738 1064 5820 (thnuterjuggpii
1087 5755 1336 5820 excerpta,
1367 5751 1489 5820 etin
1510 5761 1614 5805 Mss.
1638 5757 1786 5820 Regio
1808 5764 1860 5810 et
1880 5759 2116 5813 Victorino

504 5841 511 5847 .
534 5809 803 5876 repertum.
822 5809 985 5876 Amjus
1008 5809 1253 5876 'l‘ractatus
1270 5809 1504 5866 imeminit
1531 5809 1767 5869 Possidius
1797 5821 1847 5871 in
1879 5809 2088 5876 iudiciiin

534 5860 640 5929 cap.
680 5866 745 5930 9;
783 5874 836 5919 et
874 5860 1165 5933 Augustinus
1186 5873 1311 5936 ipse,
1333 5860 1776 5946 stipEé'ﬁiTnT'i-i,
1797 5860 1849 5933 ἰῖ
1874 5860 2115 5934 ETW"

2240 510 2378 567 aqua
2749 494 3004 570 hagiuis
3020 495 3390 570 compitum
3429 494 3664 553 bombis
3682 498 3816 555 item

2232 590 2474 662 sanguis.
2505 590 2574 645 Et
2618 589 2722 645 hoc
2742 588 2962 661 quidem
2986 590 3049 647 ﬁt
3073 592 3127 647 in
3155 591 3321 648 corde
3687 590 3814 646 Nam

2236 678 2382 738 Deus
2424 682 2879 741 incommutabilis
2922 694 3125 743 manet.
3172 684 3360 757 Neque
3412 684 3558 741 enim
3600 685 3724 756 quia
3754 695 3816 741 et

2236 773 2526 845 Apostolus
2564 774 2738 845 dixit,
2769 775 3249 847 ﬂammam,
3300 777 3425 834 ideo
3464 785 3700 834 amemus
3730 787 3816 832 est

2236 867 2401 925 Deus.

2302 983 2535 1042 CAPUT
2563 984 2703 1042 ll.—
2723 985 2777 1042 5.
2820 986 3128 1045 Secundum
3168 996 3493 1062 praeceptum
3514 1032 3531 1058 ,
3576 985 3694 1045 Non
3725 1007 3813 1045 ac-

2232 1075 2388 1147 cipies
2413 1092 2594 1134 nomen
2618 1075 2830 1134 Domini
2848 1077 2947 1134 Dei
2970 1080 3045 1134 tui
3068 1080 3124 1135 in
3162 1096 3348 1135 vanum
3388 1080 3585 1150 (Exod.
3623 1097 3706 1149 xx,
3729 1068 3808 1154 7).

2228 1165 2336 1236 Qui
2359 1169 2502 1224 enim
2527 1169 2720 1241 accipit
2747 1185 2944 1227 nomen
2987 1170 3202 1227 Domini
3250 1170 3347 1228 Dei
3384 1170 3468 1227 sui
3496 1172 3551 1227 in
3588 1185 3808 1240 vanum,

2233 1273 2341 1315 non
2385 1260 2747 1317 mandabitur.
2802 1261 3011 1319 Nomen
3065 1262 3275 1319 Domini
3328 1263 3425 1319 Dei
3472 1264 3642 1319 nostri
3688 1261 3812 1320 Jesu

2228 1349 2430 1408 Christi
2448 1354 2646 1409 veritas
2673 1363 2759 1411 est
2787 1370 2800 1409 :
2831 1354 2947 1427 ipse
2985 1357 3126 1411 enim
3154 1355 3290 1411 dixit
3308 1398 3322 1422 ,
3355 1352 3469 1429 Ego
3505 1372 3617 1411 sum
3640 1357 3811 1412 vetitas

2232 1444 2413 1519 (Joan.
2440 1463 2546 1514 ttv,
2582 1446 2663 1521 6).
2693 1446 2907 1504 Veritas
2944 1464 3073 1521 ergo
3117 1448 3366 1516 mundat,
3400 1449 3610 1505 vanitas
3642 1449 3809 1520 inqui-

2229 1547 2342 1592 nat.
2371 1537 2438 1594 Et
2476 1539 2727 1610 quoniam
2756 1539 2847 1612 qui
2884 1541 3116 1612 loquitur
3154 1542 3467 1607 veritatem,
3501 1539 3568 1597 de
3590 1538 3697 1597 Deo
3730 1541 3811 1596 lo-

2229 1629 2430 1699 quitur,
2457 1631 2547 1701 qui
2571 1631 2714 1686 enim
2738 1632 2976 1702 loquitur
3012 1631 3348 1689 mendacium
3369 1674 3385 1700 ,
3414 1632 3480 1687 de
3510 1648 3607 1687 suo
3648 1632 3814 1702 loqui-

2228 1731 2318 1779 tur
2345 1722 2460 1797 (Id.
2487 1739 2601 1792 VIII,
2624 1724 2717 1798 44)
2749 1742 2764 1780 :
2789 1727 3069 1782 veritatem
3098 1726 3280 1797 loqui,
3322 1733 3406 1781 est
3430 1724 3812 1781 rationabiliter

2227 1812 2410 1886 loqui;
2436 1816 2725 1872 vanitatem
2760 1827 2941 1873 autem
2972 1817 3153 1889 loqui,
3190 1825 3273 1874 est
3316 1826 3559 1889 strepere
3602 1818 3804 1888 potius,

2229 1919 2388 1977 quam
2412 1907 2558 1978 loqui
2582 1925 2596 1961 :
2620 1907 2812 1965 merito
2831 1951 2847 1975 ,
2872 1908 2997 1980 quia
3023 1909 3320 1965 secundum
3363 1917 3685 1980 prteceptum
3727 1916 3812 1964 est

2228 1995 2445 2054 dilectio
2473 1999 2714 2055 veritatis
2733 2043 2749 2069 ,
2779 2000 2865 2057 cui
2891 2000 3157 2057 contraria
3185 2009 3267 2057 est
3294 2001 3509 2057 dilectio
3532 1999 3808 2065 vanitatis;

2226 2089 2462 2162 loquitur
2482 2102 2659 2147 autem
2686 2093 2883 2148 veritas
2900 2134 2916 2161 ,
2942 2093 3230 2164 perstrepit
3251 2093 3460 2148 vanitas
3484 2110 3498 2147 :
3518 2090 3648 2147 huic
3670 2105 3806 2161 pra:-

2227 2191 2383 2253 cepto
2402 2183 2637 2239 secundo
2674 2185 3001 2240 contrariam
3039 2183 3216 2245 videte
3268 2184 3557 2241 secundam
3585 2185 3811 2256 plagam.

2227 2272 2357 2342 Quae
2395 2282 2477 2330 est
2521 2275 2610 2331 illa
2659 2275 2891 2331 secunda
2936 2276 3124 2348 plaga?
3172 2276 3443 2333 Ranarum
3490 2276 3810 2332 abundantia

2228 2363 2422 2439 (Exod.
2442 2382 2555 2434 vm,
2584 2367 2664 2439 6).
2695 2366 2870 2423 Habes
2896 2382 3205 2439 expressam
3235 2367 3582 2438 signiﬁcatam
3605 2366 3781 2422 vanita

2227 2464 2338 2513 tem
2355 2500 2369 2524 ,
2392 2458 2437 2513 si
2458 2458 2701 2515 attendas
2721 2474 2971 2516 ranarum
3015 2460 3413 2531 loquacitatem.
3445 2459 3579 2515 Vide
3602 2469 3802 2515 amato-

2227 2566 2315 2605 res
2341 2552 2608 2618 veritatis,
2630 2567 2735 2606 non
2757 2551 3079 2631 accipientes
3100 2551 3155 2605 in
3177 2566 3369 2606 vanum
3392 2564 3586 2606 nomen
3602 2549 3808 2604 Domini

2227 2640 2324 2695 Dei
2348 2640 2460 2708 sui,
2490 2641 2634 2711 loqui
2669 2642 2985 2712 sapientiam
3029 2640 3171 2697 inter
3210 2640 3473 2713 perfectos
3519 2637 3715 2712 (iCor.
3742 2655 3808 2708 n,

2228 2729 2283 2805 6)
2303 2773 2319 2797 ,
2347 2732 2506 2788 etiam
2525 2732 2663 2789 inter
2689 2733 3030 2805 imperfectos
3056 2735 3097 2787 ¹.
3126 2733 3243 2788 Non
3270 2732 3483 2804 quidem
3504 2732 3651 2803 loqui
3670 2731 3811 2802 quod

2226 2837 2419 2894 capere
2444 2839 2549 2879 non
2578 2834 2837 2895 possunt;
2864 2839 2977 2881 non
3002 2834 3181 2881 tamen
3210 2823 3464 2880 recedere
3490 2837 3520 2879 a
3542 2823 3763 2879 veritate
3780 2863 3796 2888 ,

2228 2923 2284 2971 et
2327 2931 2547 2987 pergere
2591 2917 2644 2971 in
2685 2918 2996 2972 vanitatem.
3022 2916 3281 2985 Quamvis
3321 2915 3465 2972 enim
3516 2913 3809 2985 imperfecti

2223 3021 2335 3063 non
2357 3010 2573 3079 capiunt
2595 3011 2638 3065 si
2666 3010 2794 3080 quid
2823 3011 2981 3080 paulo
3010 3010 3277 3066 excelsius
3300 3008 3463 3065 fuerit
3490 3008 3813 3079 disputatum

2229 3097 2297 3155 de
2329 3100 2506 3156 Verbo
2533 3102 2625 3158 Dei
2670 3102 2782 3158 Deo
2810 3102 2951 3174 apud
2980 3103 3178 3171 Deum,
3210 3118 3307 3173 per
3334 3101 3475 3175 quod
3522 3101 3659 3158 facta
3687 3111 3813 3158 sunt

2230 3194 2407 3248 omnia
2454 3192 2631 3268 (Joan.
2671 3209 2711 3263 ι,
2746 3194 2882 3268 1-5),
2930 3196 3240 3266 possintque
3266 3210 3458 3265 capere
3497 3192 3639 3265 quod
3674 3194 3817 3249 inter

2229 3300 2323 3342 eos
2348 3286 2582 3357 loquitur
2608 3287 2802 3344 Patrius
2828 3297 3083 3359 tanquam
3112 3287 3253 3343 inter
3279 3286 3535 3359 parvulas
3570 3283 3768 3341 Christi
3792 3325 3809 3352 ,

2228 3375 2411 3433 Jesum
2436 3378 2707 3434 Christum
2730 3421 2745 3448 ,
2796 3389 2850 3435 et
2870 3379 3014 3435 hunc
3038 3379 3351 3435 cruciﬁxum
3388 3375 3592 3453 (lCar.
3614 3392 3654 3443 ι,
3680 3375 3812 3450 2'5);

2227 3486 2336 3527 non
2360 3479 2543 3529 tamen
2573 3474 2659 3529 illa
2680 3482 2762 3529 est
2786 3475 2986 3530 veritas
3015 3485 3070 3530 et
3088 3474 3190 3529 ista
3216 3474 3447 3529 vanitas.
3478 3471 3695 3528 Vanitas
3707 3486 3810 3527 au-

2230 3574 2336 3622 tem
2363 3576 2539 3635 esset,
2561 3570 2606 3623 si
2628 3566 2903 3623 Christum
2938 3577 3165 3623 mortem
3199 3582 3306 3622 non
3346 3563 3681 3636 implevisse,
3712 3563 3818 3621 sed

2228 3656 2446 3714 ﬁnxisse
2498 3659 2831 3725 diceremus;
2882 3660 2927 3713 si
2970 3660 3189 3714 vulnera
3217 3659 3305 3713 illa
3352 3660 3404 3712 in
3446 3656 3822 3727 phantasmate

2226 3750 2493 3821 fuisse,si
2534 3758 2847 3824 sanguinem
2897 3768 3003 3807 non
3043 3767 3249 3819 verum,
3281 3751 3376 3807 sed
3418 3749 3718 3805 simulatum
3746 3746 3823 3804 de

2224 3846 2536 3903 vulneribus
2557 3861 2864 3913 emanasse;
2898 3846 2945 3901 si
2988 3844 3152 3901 falsas
3186 3860 3308 3900 eum
3350 3842 3658 3908 cicatrices,
3686 3849 3822 3895 tan-

2229 3952 2385 4009 quam
2436 3948 2555 4009 post
2590 3937 2720 3993 falsa
2765 3939 3006 4005 vulnera,
3053 3938 3468 3993 demonstrasse.
3502 3932 3640 3990 Cum
3678 3948 3827 3989 vero

2224 4028 2329 4085 ista
2360 4030 2541 4085 omnia
2584 4046 2713 4086 vera
2749 4031 3012 4096 dicimus,
3069 4028 3207 4082 facta
3256 4026 3503 4090 dicimus,
3535 4033 3826 4088 certa,ex-

2224 4138 2409 4195 pressa
2432 4164 2446 4190 ,
2485 4124 2698 4193 impleta
2739 4123 3004 4179 credimus
3044 4130 3102 4177 et
3140 4120 3535 4192 prtedicamus;
3574 4118 3830 4189 quamvis

2226 4216 2294 4273 de
2323 4217 2536 4273 sublimi
2566 4218 2709 4273 illius
2755 4228 2809 4274 et
2854 4218 2922 4274 de
2964 4216 3385 4272 incommutabili
3428 4215 3655 4293 veritate
3706 4229 3827 4269 non

2222 4306 2527 4381 loquamur,
2560 4325 2665 4365 non
2696 4318 2871 4366 tamen
2892 4311 3032 4364 imus
3060 4309 3117 4363 in
3145 4308 3451 4362 vanitatem.
3484 4306 3584 4372 Qui
3630 4314 3829 4361 autem

2220 4402 2319 4458 illa
2347 4403 2524 4457 omnia
2552 4402 2605 4457 in
2642 4403 2852 4459 Christo
2876 4403 3007 4457 falsa
3036 4410 3089 4457 et
3130 4399 3378 4456 siniulata
3409 4398 3589 4453 dicunt
3609 4439 3625 4464 ,
3668 4411 3835 4452 rame

2225 4502 2353 4550 sunt
2391 4494 2685 4550 clamantes
2722 4496 2777 4549 in
2827 4492 3057 4565 palude:
3091 4493 3367 4562 strepitum
3415 4489 3561 4544 vocis
3612 4487 3837 4545 habere

2226 4595 2472 4657 possunt,
2497 4584 2796 4640 doctrinam
2822 4587 3097 4655 sapientia:
3122 4584 3391 4639 insinuare
3426 4596 3533 4635 non
3566 4588 3830 4650 possunt.

2226 4678 2465 4749 Denique
2490 4680 2542 4733 in
2562 4678 2803 4733 Ecclesia
2826 4679 3114 4749 loquuntur
3138 4675 3403 4731 hmrentes
3422 4673 3630 4729 veritati
3661 4670 3842 4727 Veri-

2224 4778 2389 4825 tatem
2421 4785 2516 4839 per
2557 4785 2717 4841 quam
2744 4768 2885 4824 facta
2915 4778 3038 4823 sunt
3080 4769 3288 4835 omnia,
3335 4764 3626 4822 Veritatem
3682 4762 3842 4819 Ver-

2223 4862 2353 4920 bum
2379 4878 2593 4919 carnem
2623 4863 2818 4919 factum
2849 4871 2903 4918 et
2930 4863 3257 4918 habitantem
3287 4861 3341 4916 in
3384 4859 3542 4915 nobis
3561 4874 3579 4923 ;
3600 4856 3840 4911 Verita-

2222 4962 2335 5009 tem
2362 4952 2634 5010 Christum
2657 4962 2837 5009 natum
2861 4953 2929 5008 de
2954 4954 3067 5008 Deo
3089 4994 3102 5019 ,
3135 4967 3301 5006 unum
3346 4951 3411 5006 dc
3454 4964 3592 5015 uno,
3621 4947 3842 5018 unige-

2225 5046 2393 5100 nitum
2433 5056 2487 5102 et
2512 5055 2867 5111 comternum;
2899 5042 3189 5099 Veritatem
3218 5052 3434 5114 accepta
3460 5040 3633 5095 forma
3674 5042 3843 5095 servi

2223 5146 2409 5191 natum
2444 5151 2509 5192 ex
2548 5136 2755 5207 virgine
2798 5135 2992 5201 Maria,
3018 5150 3256 5207 passum,
3301 5135 3609 5191 cruciﬁxum
3630 5146 3851 5188 resur-

2225 5239 2438 5302 gentem
2458 5270 2473 5295 ,
2516 5226 2898 5283 ascendentem
2930 5246 2944 5283 :
2970 5226 3170 5298 ubique
3208 5225 3501 5283 Veritatem
3526 5267 3542 5291 ,
3565 5231 3624 5279 et
3651 5238 3851 5294 quam

2227 5320 2445 5394 perfecti
2472 5321 2713 5392 capiant,
2742 5330 2798 5376 et
2824 5335 2984 5392 quam
3027 5318 3280 5390 parvui‘us
3328 5332 3520 5388 capere
3556 5325 3748 5386 potest
3778 5319 3807 5350 ⁸
3831 5337 3852 5386 ;

2226 5413 2623 5478 Veritatem,et
2656 5413 2708 5468 in
2754 5428 2917 5483 pane,
2948 5421 3003 5467 et
3042 5412 3095 5466 in
3126 5413 3292 5493 lacte];
3339 5411 3394 5465 in
3432 5424 3565 5481 pane
3591 5424 3860 5482 magno-

2225 5522 2383 5574 rum,
2425 5506 2485 5562 in
2514 5505 2654 5563 lacte
2699 5505 3065 5578 parvulorum.
3105 5502 3255 5560 idem
3272 5503 3474 5575 quippe
3518 5502 3727 5574 panis,
3784 5512 3854 5559 ut

3642 5711 3843 5825 εἴδεά

2225 5826 2391 5894 vim";
2413 5826 2715 5894 habitantque.
2735 5832 2784 5880 ιι
2798 5841 2943 5894 om
2961 5829 3189 5894 ναῖυιιίω
3208 5826 3381 5894 tarde
3408 5826 3517 5879 καί
3531 5826 3720 5892 νάειν
3757 5835 3839 5884 Ab

2122 5947 2129 5954 ,
2227 5891 2305 5942 est
2328 5891 2575 5954 particula,
2598 5891 2709 5953 non,
2733 5904 2761 5942 a
2783 5891 2931 5955 Regio
