4014 6310
233 307 310 365 εθ
1681 284 2086 351 εειωονιιι
3441 296 3514 366 νο

239 424 324 478 lac
350 418 480 484 ﬁat,
507 431 604 488 per
626 427 844 472 carnem
868 409 1152 482 trajicitur.
1165 406 1274 475 Qui
1301 411 1482 463 autem
1507 402 1633 459 huic
1669 401 1814 460 veri-

234 515 329 572 tati
353 509 751 575 contradicunt,
777 514 836 563 et
853 506 906 561 in
935 518 1028 559 ma
1048 501 1283 557 vanitate
1298 496 1505 568 decepti
1525 495 1816 566 decipiunt,

233 622 378 662 ranae
425 612 555 659 sunt
599 600 815 656 tzdium
863 596 1149 652 inferentes
1188 591 1427 657 auribus,
1485 604 1592 644 non
1639 587 1817 642 cibum

231 697 521 753 mentibus.
570 689 710 747 Audi
751 688 982 757 denique
1020 685 1265 739 homines
1307 679 1691 736 rationabiliter
1740 677 1820 732 lo-

231 795 458 860 quean
491 803 508 839 :
538 781 664 838 Non
706 788 825 836 sunt
859 775 1071 850 loquela
1099 790 1256 846 neque
1293 787 1564 836 cernaenes,
1604 783 1818 841 quorum

233 898 330 934 non
358 878 644 932 «iudicatur
677 889 820 929 voces
867 885 1045 925 eorum
1067 883 1086 924 :
1109 865 1204 922 sed
1253 878 1416 920 voces
1459 878 1566 918 non
1596 862 1814 924 inanes;

229 975 353 1044 quia
379 972 440 1026 in
460 985 661 1024 omn
689 975 875 1021 terram
913 961 1032 1016 exiit
1075 975 1230 1015 manu
1266 972 1440 1012 eorum
1461 996 1475 1020 ,
1503 963 1551 1008 et
1596 953 1651 1007 in
1691 952 1817 1020 ﬁnes

228 1066 364 1120 «bis
390 1074 543 1117 terra
569 1058 716 1116 verba
736 1072 910 1112 eorum
933 1052 1105 1125 (Prol.
1127 1065 1275 1115 xvut,
1306 1047 1424 1118 45).
1459 1045 1514 1101 Si
1545 1052 1723 1099 autem
1761 1049 1817 1096 et

227 1172 393 1213 ranas
415 1155 496 1210 vis
515 1169 548 1209 e
574 1149 845 1208 contrario
866 1145 1177 1216 intelligam,
1200 1141 1349 1197 illum
1379 1153 1589 1195 versum
1615 1132 1817 1191 Psalmi

225 1249 453 1306 recole;
487 1244 633 1299 Vana
679 1243 832 1298 locuti
878 1247 995 1296 sunt
1035 1234 1375 1306 unusquisque
1419 1231 1489 1286 ad
1531 1229 1818 1302 proximum

225 1360 376 1398 attint
406 1339 585 1410 (Ρωλ.
611 1353 688 1406 x1,
720 1337 800 1407 ὅ).

295 1431 530 1490 CAPUT
572 1429 832 1486 ιιι-ι.
877 1425 1115 1481 Tertium
1162 1428 1522 1491 praeceptum,
1563 1414 1817 1470 Memento

227 1528 357 1581 diem
381 1525 586 1580 sabbati
606 1521 926 1589 sanctiﬁcare
947 1534 1060 1571 eum
1084 1513 1280 1588 (Exod.
1303 1529 1396 1577 xx,
1429 1511 1508 1581 8).
1559 1508 1615 1564 In
1661 1508 1818 1563 tertio

227 1618 326 1672 isto
347 1622 631 1688 praecepto
652 1611 948 1665 insinuatur
984 1605 1228 1678 quietiam
1252 1601 1543 1658 vacationis
1565 1599 1810 1664 indictio,

225 1727 337 1785 quae
368 1718 459 1765 est
485 1707 669 1763 cordis
718 1701 1070 1774 tranquillitas
1112 1714 1178 1755 ac
1224 1698 1436 1762 mentis,
1487 1710 1644 1766 quam
1688 1692 1820 1746 facit

225 1784 362 1861 bona
391 1799 745 1858 conscientia.
795 1795 872 1851 lbi
907 1791 1286 1856 sanctificatio,
1319 1789 1445 1860 quia
1482 1786 1554 1842 ibi
1590 1784 1818 1854 Spiritus

224 1898 336 1952 Dei.
370 1895 621 1966 Denique
640 1891 816 1948 videte
850 1885 1220 1949 vacationem,
1259 1884 1361 1938 hoc
1406 1888 1508 1942 est,
1560 1877 1812 1948 quietem.

225 1989 394 2058 Super
418 2000 594 2055 quem,
637 1981 826 2052 inquit,
859 1979 1135 2049 requiescet
1156 1973 1381 2046 Spiritus
1427 1969 1606 2025 meus?
1647 1967 1816 2058 super

228 2057 473 2132 harnilem
523 2084 572 2130 et
607 2074 828 2144 quietum
873 2079 924 2125 et
967 2075 1256 2123 trementem
1305 2063 1453 2118 verba
1497 2078 1607 2115 mea
1665 2057 1814 2132 (Isai.

237 2185 380 2232 un,
411 2166 497 2240 2).
539 2165 766 2238 inquieti
811 2177 938 2233 ergo
966 2160 1209 2216 resiliunt
1249 2157 1316 2212 ab
1354 2155 1555 2226 Spiritu
1599 2161 1813 2219 sancto,

227 2264 471 2318 rixarum
507 2266 809 2321 amatores;
840 2252 1224 2310 calumniarum
1269 2248 1640 2313 seminatores,
1684 2259 1816 2299 con-

232 2355 486 2412 tentionis
507 2367 666 2423 quam
688 2348 928 2404 veritatis
957 2344 1278 2416 cupidiores,
1312 2339 1674 2411 inquietudine
1719 2351 1817 2390 sua

230 2462 335 2502 non
385 2445 456 2499 ad
493 2459 556 2498 se
598 2441 886 2496 admittunt
927 2438 1158 2508 quietem
1208 2433 1413 2488 sabbati
1467 2428 1814 2501 spiritualem.

229 2541 430 2596 Contra
477 2539 699 2591 istorum
742 2531 1164 2604 inquietudinem
1193 2528 1428 2594 dicitur,
1472 2534 1720 2594 tanquam
1763 2529 1820 2574 ut

230 2631 513 2686 sabbatum
546 2627 777 2682 habeant
806 2627 858 2678 in
898 2622 1060 2677 corde
1087 2617 1561 2675 sanetilicationem
1589 2613 1818 2683 Spiritus

229 2723 366 2778 Dei:
399 2721 539 2786 Esto,
567 2719 760 2789 inquit,
781 2723 1071 2770 mansuetus
1095 2711 1162 2765 ad
1184 2709 1490 2764 audiendum
1515 2706 1737 2771 verbum,
1765 2711 1820 2757 ut

228 2817 484 2887 intelligas
546 2813 733 2886 (Eccli.
798 2827 865 2878 v,
918 2810 1028 2880 15).
1082 2807 1218 2874 Quid
1245 2805 1611 2860 intellecturus
1665 2802 1819 2857 sum?

229 2910 396 2964 Deum
429 2909 719 2973 dicentem,
749 2903 910 2960 Cessa
950 2903 1016 2957 ab
1061 2899 1424 2972 inquietudine
1467 2905 1583 2960 tua,
1617 2911 1724 2949 non
1751 2895 1822 2949 sit

233 3003 488 3057 tumultus
519 2999 735 3071 quidam
763 2997 815 3052 in
843 2995 1006 3052 corde
1035 3003 1148 3060 tuo,
1181 3008 1274 3062 per
1306 2989 1700 3059 corruptionem
1727 3001 1821 3040 vo-

231 3094 505 3150 litantibus
540 3087 998 3161 pbantasmatibus
1026 3094 1080 3141 et
1098 3081 1577 3153 compungentibus
1603 3088 1686 3134 te:
1713 3095 1820 3134 non

231 3190 316 3243 sit.
366 3187 448 3241 lta
491 3185 637 3241 enim
669 3185 836 3239 Deum
886 3180 1253 3235 intellecturus
1281 3191 1352 3231 es
1393 3174 1658 3229 dicentem
1692 3171 1816 3238 tibi,

238 3280 450 3344 Vertite,
475 3289 521 3333 et
543 3278 702 3331 videte
727 3276 963 3345 quoniam
1006 3287 1095 3342 ego
1140 3285 1253 3325 sum
1296 3266 1436 3321 Deus
1466 3265 1649 3337 (Psai.
1697 3278 1816 3329 XLV,

231 3371 339 3446 ii).
372 3373 457 3427 Tu
483 3387 582 3442 per
612 3365 1028 3440 inquietudinem
1059 3378 1250 3418 vacare
1299 3375 1403 3416 non
1451 3359 1551 3424 vis,
1596 3363 1820 3412 conten-

231 3467 440 3520 tionum
484 3473 694 3518 tuarum
744 3459 1088 3528 corruptione
1128 3463 1388 3516 caecatos,
1437 3451 1606 3522 exigis
1641 3450 1821 3504 videre

229 3555 368 3626 quod
403 3570 511 3607 non
543 3563 714 3622 potes.
743 3550 973 3606 Attende
1004 3548 1146 3602 enim
1178 3556 1232 3601 et
1257 3545 1578 3601 contrariam
1610 3543 1819 3598 tertiam

229 3646 439 3716 plagam
464 3643 590 3697 huic
611 3650 876 3713 przecepto
905 3640 1081 3694 tertio.
1111 3637 1388 3707 Scinipbes
1430 3644 1569 3690 natae
1599 3642 1722 3688 sunt
1766 3633 1820 3686 in

231 3747 370 3793 terra
406 3735 625 3808 Qypti
657 3735 722 3790 de
769 3736 898 3788 limo
937 3731 1131 3806 (Exod.
1160 3746 1272 3797 vni,
1303 3730 1424 3800 l7):
1453 3742 1649 3782 musca:
1676 3741 1822 3796 quie-

230 3832 354 3886 dam
406 3841 534 3885 sunt
583 3827 974 3892 minutissimas,
1032 3823 1471 3894 inquietissimos,
1523 3818 1822 3874 inordinate

231 3926 542 3991 volitantes,
573 3924 622 3978 in
653 3922 837 3978 oculos
877 3921 1163 3982 irruentes,
1200 3933 1305 3972 non
1329 3916 1697 3987 permittentes
1727 3912 1824 3966 ho—

233 4017 433 4070 minem
479 4015 787 4086 quiescere,
826 4012 957 4067 dum
998 4011 1280 4081 abiguntur
1318 4015 1373 4063 et
1416 4007 1642 4072 irruunt,
1695 4004 1822 4059 dum

236 4109 440 4165 abacta:
488 4124 674 4164 rursus
698 4105 1112 4171 redeunt;sicut
1151 4103 1370 4157 omnino
1413 4116 1549 4155 vana
1600 4099 1822 4170 phanta-

237 4212 406 4258 smata
427 4201 609 4258 cordis
633 4200 1106 4257 contentiosorum.
1128 4195 1330 4252 Tenete
1351 4202 1695 4265 princeptum,
1720 4208 1814 4248 ca-

237 4303 352 4348 vete
383 4294 618 4364 plagam.

304 4385 535 4442 CAPUT
577 4383 739 4440 lV.—
758 4384 811 4440 5.
841 4383 1098 4452 Quartum
1122 4387 1448 4451 praeceptum
1470 4385 1572 4444 est,
1604 4376 1820 4432 Honora

237 4487 433 4548 patrem
455 4490 624 4544 tuum,
645 4486 693 4531 et
717 4487 928 4530 matrem
951 4484 1092 4528 tuam
1131 4472 1241 4548 (Id.
1270 4489 1362 4538 xx,
1398 4469 1509 4546 i9).
1537 4471 1670 4527 Huic
1695 4486 1824 4526 con-

242 4573 396 4626 traria
419 4579 613 4642 quarta
638 4569 1013 4640 Egyptiorum
1033 4568 1181 4638 plaga
1207 4579 1434 4635 κυνομυτιι
1462 4573 1543 4620 est
1562 4563 1674 4633 (Id.
1707 4581 1817 4630 Vin,

239 4662 347 4729 ει).
369 4662 512 4729 Quid
539 4670 623 4717 est
643 4660 903 4729 κυνομυῖαῖ
923 4659 1130 4715 Canina
1155 4673 1340 4714 musca
1361 4676 1380 4713 ς
1406 4672 1638 4728 ςνωευιιι
1665 4671 1823 4711 voca-

242 4756 423 4811 bulum
468 4763 575 4811 est.
621 4752 884 4808 Ciminum
923 4760 1007 4808 est
1052 4761 1303 4822 parentes
1350 4765 1456 4805 non
1511 4761 1819 4819 agnoscere.

239 4847 379 4903 Nihil
407 4858 517 4902 tam
569 4847 840 4913 caninum,
884 4861 1044 4916 quam
1093 4859 1216 4901 cum
1259 4843 1337 4898 illi
1383 4842 1472 4914 qui
1503 4852 1820 4912 genuerunt,

239 4957 341 4996 non
371 4947 760 5012 agnoscuntur.
809 4937 999 4994 Merito
1024 4953 1153 5009 ergo
1183 4945 1237 4992 et
1263 4935 1426 4992 catuli
1465 4950 1659 4990 canum
1694 4935 1823 4988 caeci

241 5041 554 5086 nascuntur.

303 5123 540 5181 CAPUT
581 5123 646 5178 V.
672 5154 745 5164 —
773 5124 826 5179 6.
877 5122 1130 5192 Quintum
1171 5131 1489 5192 praeceptum
1542 5129 1624 5175 est
1648 5161 1660 5183 ,
1703 5117 1825 5172 Non

240 5217 568 5276 miraberis
601 5215 714 5287 (Id.
764 5232 854 5280 xx,
886 5215 999 5285 ii).
1043 5213 1237 5283 Quinta
1288 5214 1435 5284 plaga
1469 5219 1552 5267 est
1595 5225 1740 5265 mors
1770 5210 1825 5264 in

241 5329 438 5387 pecora
476 5309 850 5382 Egyptiorum
893 5308 1009 5381 (Id.
1057 5325 1131 5374 ut,
1179 5307 1254 5378 6).
1296 5306 1678 5376 Comparemus
1709 5322 1722 5357 :
1756 5304 1826 5360 da

243 5408 512 5464 hominem
542 5407 562 5439 ι
590 5402 851 5461 meliori
878 5403 1248 5468 meditantem,
1290 5400 1536 5470 coniugio
1562 5415 1668 5454 non
1691 5413 1825 5453 con-

245 5507 448 5554 tentum
479 5513 621 5556 suo:
651 5496 953 5566 appetitum
999 5496 1281 5565 quemdam
1319 5493 1496 5548 carnis
1540 5493 1594 5547 in
1629 5507 1689 5547 se
1733 5495 1828 5547 do-

243 5605 390 5647 mare
405 5607 514 5646 non
543 5589 695 5659 vult,
723 5589 822 5660 qui
855 5596 942 5643 est
965 5587 1118 5644 nobis
1157 5586 1544 5658 pecoribusque
1590 5600 1828 5641 commu-

307 5722 473 5793 ξῦηω
994 5721 1713 5788 ldomquecodoxinmsrgine
1745 5724 1830 5775 ha-

254 5785 366 5836 bui;
405 5786 554 5848 «νει,
585 5783 971 5837 dum)

1927 402 2031 458 nis.
2059 403 2276 460 Etenim
2299 418 2658 466 eorum
2679 416 2738 466 et
2757 425 3037 483 generare,
3059 414 3223 472 etiam
3246 429 3502 488 pecorum

1925 503 2043 561 est;
2066 497 2402 567 ratiocinari,
2431 500 2747 573 intelligere,
2775 505 3064 562 humanum
3083 518 3184 564 est.
3209 509 3334 566 ideo
3359 515 3500 568 ratio

1925 602 2045 658 qua:
2060 590 2310 671 prasidet
2335 592 2390 646 in
2415 603 2616 662 mente,
2645 606 2824 654 motus
2847 598 3129 655 inferiores
3153 606 3350 668 cumis,
3375 613 3498 661 tan-

1924 695 2084 748 quam
2109 696 2337 751 regnans
2361 694 2414 738 et
2436 685 2718 743 dominans
2746 691 2954 746 frenare
2972 693 3153 761 debet,
3179 710 3287 750 non
3318 697 3504 754 immo-

1925 769 2108 826 derate
2133 781 2186 828 et
2207 774 2388 830 illicito
2411 777 2610 846 passim
2631 796 2865 853 vageque
2889 783 3089 841 laxam.
3120 787 3350 858 Ideoque
3367 789 3500 859 ipsis

1924 865 2203 934 pecoribus
2226 877 2413 924 natura
2436 870 2617 926 datum
2652 885 2756 941 est,
2796 875 3109 934 instituente
3132 879 3404 946 Gnatae,
3437 891 3496 937 ut

1925 970 2032 1011 non
2079 967 2390 1016 moveantur
2430 961 2498 1016 ad
2544 963 2770 1021 feminas
2813 974 2870 1022 et
2893 968 2963 1023 ad
3001 971 3368 1039 concubitum,
3395 973 3501 1028 nisi

1923 1049 2084 1103 certis
2131 1053 2493 1121 temporibus:
2523 1071 2696 1126 neque
2741 1058 2885 1112 enim
2924 1061 3133 1115 ratione
3175 1076 3238 1117 se
3283 1063 3502 1120 cohibet

1922 1140 2031 1196 alio
2051 1151 2290 1214 tempore
2305 1161 2487 1216 pecus,
2513 1149 2607 1205 sed
2631 1151 2848 1206 omnino
2873 1153 2990 1222 ipso
3010 1165 3154 1212 motu
3179 1156 3501 1226 frigesecnte

1925 1238 2194 1306 torpescit.
2226 1238 2397 1295 Homo
2445 1251 2622 1297 autem
2661 1243 2782 1299 ideo
2821 1259 3036 1314 semper
3075 1248 3278 1301 πηνα-ἱ
3301 1257 3496 1317 potest,

1922 1327 2043 1396 quia
2063 1337 2120 1383 et
2138 1330 2408 1387 refrenare
2437 1342 2638 1388 motum
2683 1345 2874 1406 potest.
2925 1337 3046 1392 Tibi
3082 1339 3501 1395 dominationem

1922 1421 2143 1478 rationis
2181 1423 2402 1480 Creator
2439 1426 2628 1491 dedit;
2677 1429 2775 1484 tibi
2824 1439 3089 1500 praecepta
3129 1431 3498 1496 continentiae,

1926 1522 2172 1585 tanquam
2194 1518 2249 1570 in
2279 1518 2476 1574 bestias
2526 1519 2808 1577 inferiores
2836 1523 2965 1586 lora,
3007 1524 3294 1577 concessit.
3325 1523 3503 1578 Tenes

1924 1613 1979 1660 tu
2003 1608 2140 1676 quod
2172 1625 2334 1678 pecus
2355 1627 2459 1664 non
2481 1621 2684 1680 potest;
2711 1622 2766 1667 et
2788 1613 2907 1668 ideo
2929 1629 3117 1683 speras
3147 1623 3202 1668 tu
3232 1614 3373 1683 quod
3401 1629 3497 1682 pc-

1922 1713 2016 1752 cus
2042 1715 2150 1754 non
2179 1710 2372 1770 potest.
2425 1703 2661 1759 Laboras
2691 1707 3015 1776 aliquantum
3043 1709 3097 1762 in
3142 1708 3498 1776 continendo,

1923 1805 2027 1844 non
2051 1792 2256 1846 laborat
2283 1810 2439 1862 pecus
2465 1815 2477 1849 :
2503 1797 2597 1850 sed
2623 1798 2875 1866 gaudebis
2896 1814 3108 1867 semper
3125 1801 3180 1853 in
3201 1801 3504 1856 aeternitate

1921 1881 1988 1934 ad
2016 1897 2174 1951 quam
2205 1899 2308 1938 non
2329 1888 2573 1956 pervenit
2599 1903 2775 1956 pecus.
2806 1888 2862 1943 Si
2891 1905 3024 1959 opus
3051 1891 3264 1961 fatigat,
3291 1905 3500 1946 merces

1923 1974 2226 2029 consoletur
2253 1993 2265 2027 :
2287 1985 2344 2030 et
2371 1977 2484 2046 ipsa
2503 1980 2644 2032 enim
2666 1981 2912 2048 patientia
2939 1991 3021 2034 est
3046 1982 3352 2036 interiorem
3381 1997 3472 2036 mo
3497 2011 3500 2020 -

1925 2073 2031 2119 tum
2059 2065 2373 2136 frenare,et
2399 2069 2540 2139 quod
2570 2071 2733 2126 habes
2774 2086 3057 2127 commune
3099 2088 3221 2127 cum
3269 2089 3498 2144 pecore,

1922 2173 2027 2212 non
2053 2167 2300 2230 tanquam
2332 2177 2492 2231 pecus
2535 2163 2587 2216 in
2631 2165 2812 2218 omnia
2856 2165 3054 2220 laxare.
3083 2165 3237 2233 Quod
3279 2166 3326 2220 si
3369 2181 3501 2222 con-

1925 2250 2204 2319 tempseris
2232 2259 2300 2316 te,
2329 2260 2382 2305 et
2420 2253 2470 2306 in
2503 2261 2554 2307 te
2597 2253 2879 2324 imaginem
2907 2255 3033 2310 Dei‘
3069 2256 3121 2309 in
3149 2271 3252 2325 qua
3277 2255 3400 2310 fecit
3427 2266 3500 2324 te,

1921 2342 2259 2411 neglexeris,
2305 2343 2474 2400 victus
2518 2347 2804 2416 cupiditate
2853 2349 3238 2402 insinuatarnm
3283 2364 3498 2416 nmm,

1925 2443 2171 2502 tanquam
2198 2435 2398 2490 amisso
2442 2437 2656 2493 homine
2697 2440 2803 2493 eris
2833 2455 3029 2510 pecus;
3061 2456 3165 2495 non
3201 2441 3353 2510 quasi
3376 2455 3504 2496 eon-

1924 2540 2114 2581 versns
2143 2527 2194 2581 in
2222 2537 2460 2583 naturam
2494 2533 2727 2600 pecoris,
2751 2533 2846 2587 sed
2874 2534 2929 2587 in
2957 2534 3191 2588 hominis
3219 2533 3386 2588 forma
3411 2535 3506 2589 ba-

1923 2617 2054 2673 bens
2074 2619 2471 2676 similitudinem
2497 2623 2732 2691 pecoris,
2780 2625 2869 2694 qui
2895 2641 3002 2679 non
3031 2626 3184 2679 audis
3205 2626 3466 2681 dicentem
3483 2665 3500 2692 ,

1925 2709 2098 2766 Nolite
2120 2728 2227 2767 esse
2251 2714 2381 2767 sicut
2405 2730 2561 2784 equus
2586 2724 2632 2768 et
2657 2715 2852 2780 mulus,
2883 2732 2986 2770 non
3030 2715 3265 2770 habentes
3297 2715 3502 2770 intelle-

1923 2813 2058 2858 ctum
2089 2803 2259 2878 (Psal.
2291 2823 2436 2870 xxxi,
2461 2807 2540 2876 9).
2565 2806 2671 2863 Sed
2705 2809 2840 2864 forte
2865 2810 3017 2880 eligis
3040 2811 3133 2865 tibi
3162 2826 3281 2866 esse
3303 2825 3498 2879 pecus,

1923 2905 1976 2950 et
2000 2896 2165 2951 libera
2191 2900 2361 2968 vagari
2405 2899 2642 2967 libidine,
2672 2901 2815 2954 nulla
2844 2901 2960 2970 lege
3005 2902 3296 2971 appetitum
3323 2901 3502 2956 carnis

1924 2989 1988 3042 ad
2015 2990 2392 3045 continentiam
2425 2993 2762 3047 refrenando.
2796 2993 3029 3048 Attende
3054 2995 3261 3065 plagam
3286 3014 3299 3049 :
3333 2996 3377 3050 si
3406 3010 3503 3066 pe-

1923 3097 2016 3137 cus
2045 3098 2163 3137 esse
2189 3099 2292 3138 non
2326 3085 2500 3152 times,
2522 3085 2710 3140 saltem
2732 3086 2868 3140 mori
2897 3087 3024 3141 time
3052 3089 3094 3139 ⁸.

1992 3171 2218 3229 CAPUT
2248 3174 2332 3230 Vl.
2356 3205 2425 3215 ——
2447 3178 2498 3229 7.
2537 3176 2755 3231 Sextum
2786 3187 3130 3247 preceptum,
3160 3177 3284 3232 Non
3309 3179 3505 3233 occides

1927 3261 2120 3335 (Exodi
2161 3282 2250 3333 xx,
2273 3267 2385 3337 l3).
2414 3265 2572 3322 Sexta
2617 3268 2766 3338 plaga
2789 3311 2804 3335 ,
2834 3270 3058 3338 pustula:
3103 3269 3156 3322 in
3191 3285 3414 3338 corpore
3449 3278 3505 3324 et

1923 3355 2116 3410 vesica:
2143 3356 2424 3412 bullientes
2455 3368 2510 3412 et
2535 3359 2905 3426 scaturientes,
2946 3367 3000 3415 et
3039 3361 3282 3416 incendia
3319 3362 3506 3416 vulne—

1923 3460 2041 3499 rum
2083 3461 2148 3500 ex
2178 3447 2350 3501 favilla
2377 3448 2605 3504 fornacis
2638 3449 2745 3519 (Id.
2777 3467 2852 3518 ix,
2886 3449 2996 3521 i0).
3031 3451 3186 3508 Tales
3227 3462 3352 3507 sunt
3384 3454 3504 3508 ani-

1925 3553 2026 3591 mae
2057 3537 2428 3604 homicidales;
2455 3540 2644 3595 ardent
2673 3542 2770 3604 ira,
2797 3543 2916 3611 quia
2952 3558 3044 3612 per
3073 3544 3203 3598 iram
3231 3544 3504 3600 homicidii

1923 3628 2226 3685 fraternitas
2268 3632 2512 3701 deperiit.
2555 3633 2761 3688 Ardent
2803 3634 3044 3690 homines
3085 3637 3178 3700 ira,
3223 3637 3413 3692 ardent
3450 3645 3507 3692 et

1923 3723 2091 3792 gratia
2125 3740 2138 3775 :
2170 3723 2264 3777 sed
2291 3723 2426 3777 alius
2452 3732 2533 3778 est
2555 3724 2732 3778 fervor
2759 3725 3017 3792 sanitatis,
3050 3727 3186 3781 alius
3218 3726 3396 3782 fervor
3416 3730 3502 3782 ul-

1923 3817 2082 3870 ceris.
2111 3816 2370 3871 Ardentes
2401 3817 2608 3886 papulae
2650 3833 2743 3886 per
2771 3826 2938 3872 totum
2978 3828 3232 3889 concepta
3272 3819 3504 3876 homici-

1925 3908 2011 3963 dia
2050 3917 2276 3974 scatent,
2306 3918 2361 3964 et
2389 3924 2575 3963 sanum
2617 3924 2721 3964 non
2767 3920 2849 3964 est
2883 3929 2894 3963 :
2928 3909 3119 3978 fervet,
3169 3912 3265 3966 sed
3301 3927 3408 3966 non
3435 3911 3505 3967 de

1925 4000 2126 4071 Spiritu
2151 4001 2264 4056 Dei.
2296 4001 2427 4055 Nam
2453 4009 2507 4056 et
2525 4002 2612 4072 qui
2639 4003 2752 4057 vult
2776 4003 3076 4067 subvenire,
3108 4001 3312 4066 fervet;
3337 4011 3390 4056 et
3413 4003 3502 4072 qui

1923 4095 2035 4150 vult
2065 4094 2333 4161 occidere,
2367 4093 2538 4149 fervet
2569 4113 2581 4149 :
2611 4095 2698 4149 ille
2728 4104 3014 4164 przncepto,
3042 4096 3139 4149 iste
3167 4096 3383 4160 inorbo;
3415 4095 3508 4149 ille

1923 4188 2078 4244 benis
2106 4188 2374 4258 operibts,
2415 4187 2515 4241 iste
2557 4188 2781 4242 saniosis
2820 4187 3106 4242 ulceribus.
3147 4187 3203 4242 Si
3229 4203 3506 4256 possemus

1923 4281 2102 4336 videre
2121 4279 2325 4333 animas
2349 4278 2751 4342 homicidarum,
2781 4278 2898 4346 plus
2927 4279 3316 4348 piangerentus,
3346 4295 3506 4349 quam

1924 4371 2278 4442 putrescentia
2303 4384 2524 4438 corpora
2552 4369 2926 4424 ulceratorum.

1994 4461 2218 4518 CAPUT
2259 4461 2366 4515 Vll.
2385 4461 2524 4516 —8.
2567 4460 2837 4529 Sequitur,
2863 4459 2981 4513 Non
2996 4461 3260 4529 furaberis,
3283 4458 3392 4532 (Id.
3413 4476 3502 4527 xx,

1928 4557 2040 4626 15),
2066 4563 2386 4624 praeceptum
2416 4553 2699 4621 septimum
2732 4569 2745 4606 :
2775 4562 2829 4606 et
2855 4552 3004 4622 plaga
3032 4554 3278 4621 septima,
3304 4552 3508 4621 grando

1926 4650 1980 4705 in
2009 4647 2261 4703 fructibus
2289 4645 2398 4717 (Id.
2423 4662 2495 4710 ix,
2519 4645 2610 4710 25,
2642 4645 2758 4715 ‘25).
2790 4645 2938 4710 Quod
2965 4654 3150 4698 contra
3185 4653 3506 4713 pra-ceptum

1925 4741 2196 4805 subducis,
2228 4740 2295 4794 de
2326 4740 2462 4795 cmlo
2491 4739 2689 4808 perdis.
2713 4738 2878 4793 Nemo
2897 4738 3039 4793 enim
3066 4738 3222 4793 habet
3251 4739 3506 4806 injustam

1927 4834 2132 4889 lucrum
2164 4832 2278 4886 sine
2311 4833 2455 4900 justo
2482 4830 2696 4885 damno.
2733 4828 2892 4883 Verbi
2931 4830 3119 4899 gratia,
3153 4829 3240 4899 qui
3277 4828 3505 4895 furatur,

1927 4928 2152 4997 acquirit
2191 4934 2427 4992 vestem;
2468 4924 2563 4979 sed
2605 4923 2808 4979 caelesti
2838 4923 3042 4992 judicio
3088 4923 3280 4976 amittit
3322 4921 3503 4978 ﬁdem.

1929 5017 2028 5074 Ubi
2060 5019 2285 5083 lucrum,
2319 5016 2390 5070 ibi
2429 5015 2716 5080 damnum;
2764 5013 3039 5069 visibiliter
3065 5014 3288 5080 lucrum,
3319 5013 3508 5070 invisi-

1929 5110 2106 5166 biliter
2124 5111 2376 5164 damnum
2406 5125 2418 5162 :
2449 5108 2652 5172 lucrum
2681 5107 2749 5162 de
2771 5123 2864 5161 sua
2886 5107 3140 5170 caecitate,
3167 5105 3414 5160 damnum
3441 5107 3510 5163 de

1930 5203 2140 5259 Domini
2182 5202 2340 5256 nube.
2382 5200 2563 5269 Neque
2599 5200 2740 5255 enim
2783 5197 2978 5268 aliquid
3008 5198 3120 5250 sine
3156 5198 3508 5266 providentia,

1931 5295 2250 5354 charissimi.
2277 5295 2381 5348 Aut
2406 5283 2531 5349 vere
2554 5293 2791 5363 putatis“,
2814 5307 2875 5346 ea
2895 5307 3013 5360 qum
3041 5291 3309 5360 patiuntur
3334 5292 3508 5347 homi-

1932 5405 2048 5454 nes,
2080 5387 2378 5443 dormiente
2409 5387 2516 5440 Deo
2546 5386 2694 5455 pati?
2722 5384 2924 5438 Pass'nn
2952 5381 3197 5438 videntur
3227 5383 3342 5438 fieri
3369 5383 3510 5440 haec.

1934 5483 2103 5538 nubes
2141 5481 2338 5551 colligi,
2381 5479 2579 5535 imbres
2609 5476 2828 5540 infundi,
2864 5476 3175 5548 grandinem
3209 5476 3333 5546 jaci,
3365 5484 3510 5532 tom-

1999 5598 2026 5669 ﬂ
2039 5597 2114 5648 Sic
2127 5597 2224 5648 duo
2245 5602 2351 5646 Mss.
2376 5601 2432 5646 At
2455 5596 2590 5654 editi,
2614 5591 2950 5658 contempseris
2972 5597 3016 5643 te
3038 5590 3088 5642 in
3111 5598 3172 5651 te,
3194 5598 3238 5642 et
3259 5586 3516 5655 anagnia:

1935 5667 2176 5789 Defﬁditi:
2201 5720 2250 5772 si
2272 5733 2416 5785 pecus
2437 5732 2505 5789 es,
2529 5729 2623 5789 non
2644 5715 2818 5789 tum;
2838 5717 3008 5769 mitem
3027 5713 3331 5770 malitiam.

2003 5786 2024 5816 ⁸
2048 5783 2182 5835 Editi:
2211 5783 2299 5832 aut
2319 5783 2505 5833 evenire
2527 5783 2715 5844 putatio.
