4002 6482
502 367 562 422 1|
1708 350 1768 408 S.
1807 346 2178 408 AUGUSTINI
2215 349 2519 409 EPISCOPI
3697 348 3759 404 72

501 491 639 537 truts
679 487 876 534 terram
919 470 1151 539 concuti,
1203 464 1573 524 coruscatione
1620 462 1844 529 terreri;
1884 461 2084 532 passim

505 559 758 646 putantu'r
789 567 922 631 ﬁeri,
951 575 1006 622 et
1033 562 1186 636 quasi
1211 560 1276 616 ad
1302 559 1533 614 divinam
1562 555 1949 628 providentiam
1978 569 2086 609 non

506 665 795 738 pertinere.
835 660 1030 715 Contra
1059 656 1196 711 tales
1236 652 1586 722 cogitationes
1614 649 1796 717 vigilat
1825 649 1914 702 ille
1947 646 2088 717 psal-

507 775 626 814 mus
656 753 925 812 :Laudate
957 749 1232 805 Dominum
1270 745 1334 800 de
1370 754 1503 799 terra
1542 743 1685 812 (cum
1726 741 1909 796 laudes
1934 740 2090 795 dicta:

506 859 688 909 essent
740 849 809 905 de
859 844 1043 917 ccelo),
1093 843 1333 897 dracones
1379 847 1427 892 et
1465 854 1636 892 omnes
1691 835 1879 907 abyssi,
1934 833 2086 904 ignis,

508 943 726 1018 grando,
769 941 877 1005 nix,
919 936 1124 1009 glacies,
1169 932 1376 1003 spiritus
1405 929 1726 997 tempestatis,
1756 941 1869 997 qua:
1894 925 2090 995 faciunt

509 1015 711 1092 uerbum
735 1034 843 1105 ejus
875 1028 1042 1102 (Psal.
1075 1041 1290 1090 cxcvm,
1323 1025 1353 1076 7
1380 1031 1426 1077 et
1449 1021 1526 1091 8).
1547 1021 1686 1091 Ergo
1709 1019 1795 1089 qui
1825 1033 1922 1073 suo
1953 1015 2092 1071 malo

513 1126 778 1185 desiderio
811 1123 1113 1178 forinsecus
1155 1117 1414 1177 furantur,
1453 1113 1598 1183 justo
1649 1111 1743 1165 Dei
1767 1108 1968 1179 judicio
2008 1107 2092 1161 in-

512 1221 774 1276 trinsecus
798 1213 1198 1286 grandinantur.
1230 1207 1274 1261 0
1298 1207 1344 1260 si
1371 1211 1590 1274 possent
1616 1201 1880 1270 inspicere
1908 1213 2092 1269 agrum

513 1310 690 1367 cordis
719 1307 820 1371 sui,
849 1304 1087 1374 profecto
1114 1300 1378 1370 lugerent,
1405 1295 1531 1350 dum
1559 1294 1631 1348 ibi
1660 1308 1766 1348 non
1795 1291 2098 1347 invenirent

515 1401 732 1474 quodin
757 1413 819 1454 os
840 1396 1030 1452 mentis
1058 1395 1361 1455 mitterent;
1389 1389 1489 1444 etsi
1515 1389 1566 1441 in
1598 1385 1740 1440 furto
1769 1400 1866 1439 suo
1890 1382 2097 1438 inveni-

516 1504 636 1554 rent
663 1492 804 1566 quod
843 1491 895 1545 in
929 1487 1234 1544 aviditatem
1269 1483 1472 1538 ventris
1499 1481 1788 1546 mitterent,
1811 1476 1988 1558 major
2016 1475 2096 1529 fa-

517 1605 632 1646 mes
657 1593 799 1642 esset
818 1581 1047 1636 hominis
1077 1576 1366 1640 interioris,
1398 1573 1567 1642 major
1593 1570 1778 1636 fames,
1810 1577 1864 1624 et
1889 1568 2099 1638 perieu-

519 1682 684 1737 losior
713 1677 882 1748 plaga,
901 1683 954 1728 et
973 1671 1191 1743 gravior
1211 1683 1373 1723 mors.
1405 1665 1556 1721 Multi
1584 1663 1777 1718 mortui
1806 1661 2098 1725 ambulant,

519 1785 574 1832 et
603 1772 753 1828 multi
774 1767 1055 1823 facinerosi
1081 1763 1147 1818 de
1164 1761 1314 1816 vanis
1335 1758 1530 1814 divitiis
1550 1757 1839 1812 exsultant.
1866 1753 2104 1822 Denique

520 1880 731 1922 servum
763 1862 855 1917 Dei
888 1859 1159 1928 Scriptura
1205 1855 1348 1909 intus
1401 1849 1719 1920 locupletem
1767 1846 1896 1901 dicit
1930 1863 1942 1896 ε
1977 1845 2106 1898 Abs-

522 1957 773 2018 conditus,
802 1951 988 2022 inquit,
1033 1947 1198 2002 cordis
1223 1943 1371 1998 vestri
1398 1944 1565 2006 homo,
1595 1939 1681 2006 qui
1701 1948 1772 1993 est
1799 1946 1914 1990 ante
1941 1935 2106 1989 Deum

523 2051 657 2104 diues
700 2048 742 2120 (l
770 2045 910 2100 Petr.
944 2059 1022 2109 ut,
1054 2037 1146 2112 4)?
1191 2037 1307 2092 Non
1345 2045 1469 2089 ante
1513 2033 1758 2088 homines
1797 2029 1966 2095 dives,
2012 2027 2107 2120 sed

523 2154 641 2199 ante
668 2119 829 2195 Deum
860 2137 1030 2200 dives;
1065 2143 1121 2188 et
1159 2131 1250 2186 ubi
1290 2130 1432 2185 Deus
1461 2127 1628 2193 videt,
1675 2125 1748 2180 ibi
1778 2124 1943 2178 dives.
1971 2119 2109 2189 Quid

523 2251 651 2307 ergo
681 2233 772 2288 tibi
801 2229 1039 2302 prodest,
1075 2226 1121 2282 si
1150 2224 1240 2280 ubi
1277 2222 1440 2278 homo
1464 2236 1574 2276 non
1610 2218 1774 2285 videt,
1801 2215 2027 2280 iuraris;
2057 2223 2111 2269 et

525 2329 616 2386 ubi
642 2329 782 2383 Deus
810 2325 973 2389 videt,
1005 2317 1378 2392 grandinaris?

595 2418 820 2478 CAPUT
855 2417 986 2471 Vlll.
1013 2443 1085 2454 —
1108 2413 1161 2468 9.
1203 2412 1460 2466 Octavum
1499 2414 1854 2478 praeceptum,
1899 2399 2113 2455 Falsum

529 2511 864 2570 testimonium
901 2525 1001 2562 non
1044 2506 1178 2559 dices
1207 2501 1405 2574 (Exod.
1442 2515 1540 2565 xx,
1577 2497 1686 2569 16).
1716 2495 1912 2551 Octava
1942 2492 2108 2562 plaga,

528 2608 732 2664 locusta
763 2602 874 2675 (Id.
904 2617 959 2667 ι,
989 2596 1103 2670 15),
1149 2587 1344 2650 animal
1373 2593 1533 2648 dente
1568 2590 1806 2644 noxium.
1847 2585 1984 2654 Quid
2015 2599 2113 2638 au-

530 2711 639 2758 tem
673 2698 787 2754 vult
811 2695 976 2750 falsus
1007 2691 1184 2754 testis,
1213 2689 1316 2742 nisi
1347 2699 1542 2739 nocere
1563 2679 1874 2743 mordendo,
1906 2687 1958 2732 et
1983 2691 2115 2731 con-

530 2806 742 2850 sumere
772 2783 1113 2844 mentiendo?
1142 2781 1380 2848 Denique
1419 2777 1713 2831 admonens
1743 2771 1987 2826 homines
2024 2770 2116 2824 Dei

531 2883 843 2955 Apostolus,
887 2893 953 2932 ne
983 2892 1040 2931 se
1069 2874 1218 2928 falsis
1245 2867 1707 2926 criminationibus
1741 2872 1992 2934 appetant
2019 2881 2032 2916 :
2058 2861 2118 2916 Si

531 2973 790 3037 mordetis,
829 2969 1020 3039 inquit,
1053 2975 1096 3020 et
1127 2964 1385 3018 comeditis
1415 2961 1647 3026 invicem,
1676 2957 1835 3011 videte
1866 2971 1927 3010 ne
1951 2955 2013 3008 ab
2033 2955 2116 3008 in-

532 3067 688 3121 vicem
708 3059 1072 3118 consumamini
1098 3055 1290 3128 (Galat.
1322 3068 1378 3118 ν,
1408 3051 1516 3123 15).

605 3154 829 3214 CAPUT
870 3148 1163 3207 [IL—10.
1204 3146 1413 3201 Nonum
1445 3151 1792 3214 praeceptum,
1835 3139 1956 3194 Non
1996 3155 2120 3192 con—

532 3253 757 3322 cupisces
802 3260 1007 3300 uxorem
1048 3239 1266 3312 proximi
1315 3237 1387 3291 tui
1431 3233 1628 3301 (Exod.
1677 3249 1769 3299 xx,
1819 3231 1931 3303 l7).
1971 3230 2122 3285 Nona

535 3344 709 3415 plaga,
737 3339 916 3395 densae
958 3333 1188 3390 tenebrae
1230 3327 1343 3401 (Id.
1372 3343 1429 3395 x,
1459 3326 1576 3396 22).
1609 3325 1819 3380 Etenim
1849 3333 1932 3378 est
1971 3338 2122 3392 qua:-

537 3437 659 3492 dam
697 3432 948 3497 muachia,
1004 3436 1189 3482 contra
1235 3438 1392 3494 quam
1437 3436 1597 3490 supra
1649 3428 1969 3489 praeceptum
2018 3425 2120 3483 cst,

539 3528 700 3584 etiam
731 3527 783 3580 in
809 3537 916 3578 non
945 3515 1240 3590 appetenda
1265 3514 1506 3569 castitate
1528 3509 1706 3564 uxoris
1730 3509 1915 3562 aliena:
1934 3507 1972 3558 ί.
2003 3506 2126 3562 Μω-

539 3620 672 3677 chus
694 3626 776 3673 est
803 3615 945 3670 enim
975 3611 1063 3681 qui
1095 3624 1201 3663 non
1233 3607 1272 3660 it
1296 3605 1363 3659 ad
1393 3617 1614 3658 uxorem
1641 3601 1890 3665 alienam,
1921 3607 2123 3652 tantum

539 3715 662 3786 quia
692 3727 797 3766 non
823 3713 1107 3764 contentus
1132 3712 1216 3757 est
1255 3715 1369 3754 sua.
1400 3697 1646 3753 Jamvero
1677 3709 1784 3748 non
1811 3692 1980 3746 solum
2008 3698 2128 3760 post

540 3820 692 3861 suam
737 3814 981 3873 peccare,
1034 3794 1130 3851 sed
1185 3793 1347 3847 etiam
1395 3789 1621 3842 alienam
1666 3791 1948 3850 attentare,
2002 3796 2128 3836 vere

541 3872 877 3954 densatisunt
915 3887 1168 3944 tenebrre.
1221 3881 1362 3937 Nihil
1399 3880 1542 3935 enim
1589 3878 1667 3932 sic
1704 3875 1848 3930 dolet
1878 3875 1929 3927 in
1967 3872 2129 3926 corde

541 3985 823 4063 patientis;
852 3992 906 4037 et
930 3980 1020 4050 qui
1049 3977 1150 4031 hoc
1178 3973 1305 4028 facit
1342 3972 1516 4036 alteri,
1549 3969 1681 4023 nihil
1722 3969 1802 4022 sic
1825 3966 1968 4021 volet
1997 3963 2125 4034 pati.

545 4062 625 4140 Ad
648 4083 876 4136 alienam
908 4073 1142 4146 paratior
1172 4080 1253 4124 est
1279 4067 1452 4122 omnis
1480 4067 1639 4118 homo
1667 4081 1678 4116 :
1707 4062 1808 4116 hoc
1832 4070 2008 4114 autem
2039 4074 2130 4112 ne-

546 4177 658 4234 scio
680 4183 928 4228 utrumne
967 4163 1161 4233 estqui
1204 4158 1548 4214 tolerabiliter
1579 4155 1730 4209 ferat.
1762 4151 1806 4207 Ο
1834 4152 2027 4206 densas
2054 4159 2132 4204 te-

547 4268 742 4325 nebras
782 4265 880 4317 ista
907 4257 1230 4316 facientium,
1272 4252 1392 4305 talia
1434 4245 1960 4316 concupiscentium!
1994 4241 2131 4297 Vere
2167 4265 2175 4268 ·

549 4367 881 4419 excaecantur
927 4355 1105 4408 lurore
1149 4345 1409 4402 horribili.
1459 4342 1631 4397 Furor
1666 4341 1807 4396 enim
1845 4339 2132 4394 indomitus

551 4465 654 4522 est,
679 4447 1025 4508 conculcare'l
1054 4443 1150 4497 viri
1182 4453 1421 4495 uxorem.

621 4544 843 4602 CAPUT
879 4541 947 4596 Χ.
974 4568 1046 4579 ——
1071 4537 1154 4592 11.
1200 4535 1470 4588 Decimum
1501 4535 1844 4600 prmeeptum,
1873 4523 1993 4580 Non
2015 4541 2134 4579 con-

551 4643 774 4713 cupisces
802 4637 960 4690 ullam
987 4649 1093 4686 rem
1115 4627 1331 4697 proximi
1356 4625 1463 4691 tui;
1490 4641 1589 4677 non
1613 4639 1782 4693 pecus,
1813 4637 1913 4673 non
1941 4635 2135 4688 posses-

552 4711 761 4794 sionem,
794 4746 893 4783 non
939 4720 1278 4794 subjugium’,
1321 4736 1419 4772 non
1461 4715 1650 4786 aliquid
1681 4713 1882 4766 omnino
1919 4711 2136 4782 proximi

554 4828 626 4883 tui
655 4821 976 4890 concupisces
1007 4813 1198 4888 (Exod.
1224 4828 1324 4877 xx,
1356 4811 1464 4880 17).
1500 4808 1631 4862 Huic
1667 4807 1805 4859 malo
1835 4805 1982 4874 plaga
2008 4819 2137 4858 con-

556 4921 715 4976 traria
742 4925 824 4971 est
844 4911 1071 4974 decima,
1097 4920 1240 4960 mors
1270 4899 1736 4973 primogenitorum
1765 4895 1876 4966 (Id.
1901 4911 1996 4960 xu,
2018 4891 2134 4967 29).

557 5010 614 5065 In
641 5023 744 5079 qua
783 5006 936 5076 plaga
966 5015 1086 5056 cum
1132 4993 1583 5064 comparationem
1623 4988 1906 5059 quamdam
1933 5002 2135 5056 quaero,

555 5102 690 5156 nihil
714 5099 840 5154 mihi
869 5093 1083 5150 interim
1109 5088 1340 5144 occurrit
1366 5103 1379 5138 :
1409 5082 1651 5139 fortassis
1679 5089 1926 5136 occurrat
1950 5079 2138 5133 melius

558 5193 968 5262 diligentiusque
998 5182 1416 5254 inquirentibus:
1443 5176 1542 5230 nisi
1574 5175 1661 5244 qui
1685 5188 1870 5227 omnes
1899 5187 1986 5226 res
2007 5185 2140 5241 quas

560 5285 721 5341 habet
756 5280 1056 5334 hmredibus
1098 5283 1290 5338 servat,
1349 5267 1774 5338 reprehenditur.
1828 5264 1921 5317 Hic
1963 5273 2138 5316 autem

559 5375 775 5438 clamat,
806 5371 897 5441 qui
928 5383 1040 5424 rem
1070 5364 1295 5436 proximi
1323 5360 1670 5428 concupiscit,
1694 5367 1745 5409 et
1768 5357 1855 5426 qui
1881 5355 2023 5409 furto
2047 5371 2140 5409 au-

560 5470 683 5536 fert,
722 5475 777 5523 ct
802 5464 893 5536 qui
928 5461 1130 5518 furatur
1158 5455 1356 5529 aliquid
1394 5453 1642 5524 proximi,
1688 5467 1792 5504 non
1823 5457 1997 5520 potest
2039 5448 2140 5502 nisi

625 5608 641 5640 ι
669 5603 848 5669 Regius
875 5608 979 5662 Ms.,
1017 5595 1162 5649 etiam
1203 5598 1356 5647 mente
1378 5603 1473 5642 non
1500 5585 1822 5654 appetendam
1859 5583 2142 5648 castitatem,

563 5678 659 5725 etc.

625 5719 645 5766 ί
668 5738 770 5780 Duo
792 5736 920 5788 Mss,
945 5719 1309 5788 conmaculare.

563 5775 1117 5920 “ﬁliaiam.
1155 5792 1289 5846 Lov.,
1321 5779 1592 5846 subjugum.
1626 5775 1793 5828 Melius
1815 5782 1915 5826 Par.
1940 5779 1992 5826 et
2011 5780 2142 5837 Mss,

672 5867 851 5920 ιιςιωη.

672 5867 851 5921 ιιςηιηι.

2196 455 2309 518 rem
2339 463 2567 533 proximi
2604 461 2787 518 furari.
2817 462 2924 520 Sed
2951 464 3018 520 de
3054 463 3196 520 furto
3236 465 3480 536 superius
3501 465 3606 536 jam
3634 482 3758 536 prai-

2196 565 2407 625 ceptum
2439 563 2549 621 est;
2584 556 2671 612 ubi
2701 557 2964 628 intelligas
3005 565 3061 612 et
3098 558 3360 627 rapinam.
3400 556 3516 613 Non
3543 559 3676 613 enim
3700 556 3760 614 de

2197 643 2340 701 furto
2368 648 2696 718 praeciperet,
2732 660 2786 704 et
2811 649 2878 706 de
2903 650 3085 720 rapina
3118 659 3318 705 taceret
3344 649 3634 720 Scriptura,
3673 651 3762 705 nisi

2197 749 2253 794 te
2287 741 2582 814 intelligere
2609 743 2887 807 voluisset,
2917 745 3040 815 quia
3081 744 3126 798 si
3168 743 3382 815 ptenale
3420 754 3502 799 est
3541 744 3766 799 clanculo

2199 831 2428 900 auferre,
2468 835 2639 890 multo
2667 836 2884 906 majoris
2927 851 3101 906 pinnae
3134 845 3216 890 est
3257 836 3516 890 violenter
3553 835 3764 904 eripere.

2201 925 2428 981 Auferre
2447 941 2574 997 ergo
2588 927 2788 982 nolenti
2808 927 2884 998 (a)
2903 927 3013 982 sive
3031 927 3258 995 occulte,
3275 927 3388 982 sive
3410 927 3603 998 palam,
3626 927 3772 982 habet

2204 1027 2529 1088 praeceptum
2567 1035 2744 1074 suum.
2774 1019 3166 1090 Concupiscere
3192 1030 3366 1074 autem
3395 1035 3506 1074 rem
3540 1019 3769 1089 proximi,

2202 1109 2344 1179 quod
2376 1119 2523 1166 notat
2555 1111 2692 1166 Deus
2713 1113 2765 1165 in
2791 1111 2973 1177 corde,
3012 1111 3220 1166 etiamsi
3245 1111 3444 1180 justam
3471 1111 3543 1166 ibi
3572 1126 3772 1165 succes-

2205 1203 2409 1258 sionem
2452 1219 2680 1274 qumras,
2722 1219 2830 1259 non
2871 1205 3016 1260 licet.
3061 1205 3299 1274 Denique
3343 1205 3432 1273 qui
3478 1204 3655 1257 volunt
3693 1218 3776 1258 res

2205 1295 2405 1350 alienas
2432 1303 2680 1366 tanquam
2699 1295 2841 1365 juste
2867 1295 3163 1366 possidere,
3196 1295 3435 1352 haeredes
3465 1309 3523 1350 se
3549 1302 3780 1365 qurerunt

2207 1389 2322 1444 tieri
2353 1404 2383 1443 a
2423 1389 2800 1444 morientibus.
2841 1389 2977 1457 Quid
3005 1390 3146 1445 enim
3182 1397 3290 1442 tam
3328 1389 3527 1460 justum
3563 1387 3778 1456 videtur,

2208 1497 2366 1551 quam
2390 1497 2503 1536 rem
2521 1483 2621 1537 sibi
2645 1482 2953 1537 derelictam
2975 1483 3268 1552 possidere,
3294 1481 3618 1552 haberejure
3637 1496 3778 1536 com-

2208 1575 2391 1628 muni?
2421 1575 2558 1643 Quid
2590 1576 2727 1645 apud
2757 1584 2806 1631 te
2833 1577 2958 1630 facit
2978 1576 3171 1630 homo?
3200 1576 3486 1630 Dimissum
3515 1587 3594 1631 est
3619 1575 3739 1630 mihi
3767 1593 3779 1628 :

2210 1665 2521 1722 htercditate
2550 1677 2868 1724 consecutus
2891 1685 3037 1735 sum;
3084 1679 3454 1724 testamentum
3491 1670 3626 1739 lego.
3651 1669 3786 1724 Nihil

2212 1759 2420 1814 videtur
2453 1759 2649 1830 justius
2695 1765 2795 1816 ista
2831 1777 2962 1816 voce
3005 1764 3257 1817 avaritiae.
3302 1762 3382 1818 Tu
3422 1763 3601 1817 laudas
3643 1763 3787 1832 quasi

2208 1848 2326 1919 jure
2348 1851 2708 1921 possidentem
2737 1871 2749 1905 :
2780 1853 2920 1908 Deus
2948 1854 3165 1908 damnat
3195 1855 3388 1926 injuste
3413 1857 3787 1926 concupiscen-

2214 1950 2341 1996 tem.
2393 1941 2522 1997 Vide
2567 1945 2738 2014 qualis
2781 1961 2860 2011 es,
2909 1947 2999 2017 qui
3045 1955 3198 2016 optas
3247 1956 3299 2002 te
3345 1948 3412 2002 ab
3463 1948 3637 2018 aliquo
3680 1947 3792 2003 hae-

2216 2031 2399 2087 rcdem
2441 2034 2576 2088 fieri.
2609 2034 2724 2089 Non
2755 2036 2834 2090 vis
2863 2047 2918 2090 ut
2957 2037 3150 2092 habeat
3180 2038 3437 2093 hacredes.
3471 2037 3530 2092 In
3569 2039 3793 2093 incredi-

2219 2123 2317 2180 bus
2339 2136 2514 2180 autem
2543 2128 2675 2182 nihil
2702 2129 2915 2184 charius
2945 2131 3318 2202 primogenito.
3351 2131 3580 2188 Proinde
3610 2133 3659 2186 in
3684 2134 3795 2204 pri-

2217 2219 2498 2290 mogenitis
2517 2221 2620 2275 tuis
2640 2222 2899 2290 punieris,
2921 2223 3010 2292 qui
3031 2225 3459 2294 concupiscendo
3475 2241 3561 2280 res
3576 2226 3794 2291 alienas,

2219 2310 2272 2365 id
2310 2310 2450 2381 quod
2481 2313 2574 2366 tibi
2603 2312 2724 2383 jure
2757 2329 2860 2368 non
2882 2313 3192 2381 debebatur,
3235 2318 3383 2386 quasi
3409 2316 3544 2386 juris
3574 2318 3754 2372 umbra
3779 2319 3796 2348 ⁸

2219 2404 2502 2475 perquiris.
2558 2407 2623 2460 Et
2657 2404 2810 2460 facile
2831 2416 2913 2461 est
2937 2407 3172 2476 quidem,
3212 2407 3420 2472 fratres,
3456 2409 3802 2478 corporaliter

2219 2499 2462 2553 amittere
2481 2499 2881 2570 primogenitos.
2912 2500 3206 2554 Moriuntur
3227 2502 3371 2556 enim
3400 2501 3662 2567 homines,
3691 2502 3804 2557 sive

2221 2601 2343 2645 ante
2369 2600 2619 2659 parentes
2645 2605 2792 2659 suos,
2825 2591 2935 2646 sive
2962 2601 3081 2660 post
3112 2604 3360 2661 parentes
3388 2607 3535 2659 suos,
3564 2592 3806 2646 morituri

2222 2685 2521 2738 moriuntur
2553 2701 2566 2737 :
2597 2684 2727 2738 illud
2774 2686 3055 2739 molestum
3092 2693 3193 2751 est,
3241 2699 3308 2740 ne
3342 2700 3438 2756 per
3469 2685 3605 2739 hanc
3627 2685 3808 2739 occul-

2224 2784 2330 2830 tam
2363 2786 2415 2831 et
2453 2777 2699 2846 injustam
2726 2776 3207 2846 concupiscentiam
3233 2776 3584 2847 primogenita
3627 2775 3808 2831 cordis

2225 2868 2299 2921 tui
2348 2867 2558 2937 perdas.
2607 2867 3000 2938 Primogenitus
3042 2869 3184 2924 enim
3229 2867 3284 2922 in
3335 2867 3486 2923 nobis
3527 2867 3812 2937 imaginem

2225 2957 2386 3013 habet
2437 2959 2619 3030 gratia:
2673 2959 2791 3026 Dei,
2833 2975 3000 3014 novus
3042 2970 3219 3025 natus,
3261 2961 3404 3030 prior
3447 2967 3621 3027 natus,
3671 2958 3814 3012 inter

2226 3065 2414 3106 omnes
2443 3061 2694 3122 tanquam
2716 3062 2868 3106 natos
2897 3052 3074 3107 cordis
3103 3053 3271 3107 nostri
3301 3052 3650 3122 primogenita
3677 3049 3815 3106 ﬁdes

2227 3154 2327 3200 est.
2356 3145 2524 3200 Nemo
2549 3146 2688 3200 enim
2721 3146 2858 3201 bene
2901 3157 3172 3216 operatur,
3219 3146 3319 3200 nisi
3357 3145 3490 3200 fides
3521 3158 3816 3215 praecesse-

2227 3239 2315 3293 rit.
2357 3237 2546 3293 Omnia
2577 3246 2866 3308 opera'tua
2905 3239 3044 3292 bona
3078 3238 3172 3292 lilii
3202 3239 3276 3292 tui
3321 3245 3444 3292 sunt
3483 3235 3813 3307 spiritualcs,

2230 3330 2324 3385 sed
2353 3331 2490 3385 inter
2515 3329 2613 3385 hos
2640 3330 2733 3384 tibi
2767 3332 3115 3401 primogenita
3137 3343 3217 3386 est
3243 3330 3393 3384 fides.
3417 3329 3662 3402 Quisquis
3695 3343 3820 3383 rem

2230 3422 2457 3475 alienam
2505 3422 2718 3477 occulte
2763 3425 3114 3492 concupiscis,
3150 3424 3368 3478 interius
3411 3422 3572 3478 fidem
3611 3421 3819 3492 perdis.

2230 3515 2349 3568 Eris
2370 3515 2512 3568 enim
2542 3516 2711 3586 primo
2732 3516 2845 3570 sine
2874 3515 3035 3570 dubio
3057 3517 3353 3584 simulator,
3385 3516 3684 3586 obsequens
3706 3530 3824 3570 non

2231 3607 2512 3674 charitate,
2543 3607 2636 3661 sed
2669 3607 2882 3670 fraude;
2911 3608 3069 3662 veluti
3102 3624 3286 3663 amans
3312 3625 3432 3665 eum
3455 3625 3484 3663 a
3512 3623 3617 3678 quo
3638 3615 3692 3662 te
3718 3622 3826 3675 cu-

2233 3701 2313 3770 pis
2339 3702 2451 3755 fieri
2474 3699 2762 3766 hzzercdem,
2777 3700 3004 3754 amando
3017 3716 3140 3754 eum
3159 3703 3292 3756 mori
3308 3701 3520 3772 quaeris,
3539 3710 3593 3756 et
3610 3709 3666 3756 ut
3683 3701 3734 3755 in
3760 3717 3829 3756 re

2236 3795 2352 3864 ejus
2383 3803 2436 3849 te
2463 3794 2643 3848 videas
2665 3807 3058 3864 possessorem,
3083 3794 3156 3848 illi
3179 3795 3380 3849 invides
3411 3809 3806 3849 successorem.

2307 3886 2531 3942 CAPUT
2571 3885 2758 3941 XL—
2789 3886 2876 3942 12.
2922 3887 3036 3954 Eia,
3087 3887 3299 3954 fratres,
3345 3887 3584 3942 decursis
3629 3887 3833 3942 decem

2233 3981 2515 4050 praeceptis
2545 3990 2599 4036 et
2628 3981 2812 4036 decem
2849 3982 3036 4052 plagis,
3080 3990 3452 4050 comparantes
3480 3991 3832 4050 contempto-

2237 4089 2324 4128 res
2373 4082 2760 4143 prxeceptorum
2805 4075 3153 4128 contumaciae
3181 4071 3582 4144 Egyptiorum,
3634 4082 3837 4129 cautos

2237 4180 2332 4219 vos
2356 4163 2600 4230 fecimus,
2631 4175 2692 4220 ut
2722 4165 2958 4220 habeatis
2984 4165 3159 4219 securi
3197 4181 3284 4220 res
3309 4175 3515 4220 vestras
3541 4166 3591 4219 in
3622 4181 3838 4234 pmice-

2237 4257 2340 4326 ptis
2373 4257 2502 4321 Dei;
2542 4273 2628 4311 res
2657 4267 2884 4323 vestras,
2920 4257 3152 4325 inquam,
3195 4272 3282 4312 res
3310 4265 3513 4311 vestras
3553 4257 3844 4314 interioris

2238 4363 2377 4402 arcae
2421 4358 2632 4413 vestrm,
2679 4348 2946 4402 interioris
2980 4348 3212 4402 thesauri
3242 4349 3438 4414 vestri;
3482 4364 3569 4403 res
3596 4357 3842 4416 vestras,

2239 4454 2370 4509 quas
2400 4439 2550 4493 vobis
2571 4455 2670 4494 nec
2697 4438 2798 4503 fur,
2831 4455 2928 4493 nec
2950 4439 3106 4506 latro,
3136 4454 3234 4494 nec
3260 4440 3462 4494 vicinus
3492 4451 3680 4508 potens
3707 4455 3846 4509 pos—

2240 4533 2308 4586 sit
2337 4530 2584 4596 auferre;
2618 4532 2705 4586 ubi
2736 4546 2835 4586 nec
2865 4531 3024 4597 tinea,
3050 4546 3149 4586 nec
3179 4531 3366 4601 rubigo
3393 4532 3674 4586 metuenda
3703 4540 3796 4586 est
3826 4551 3848 4588 :

2242 4640 2360 4678 cum
2393 4623 2584 4693 quibus
2607 4623 2756 4677 dives
2783 4623 2898 4677 exit
2927 4632 2981 4676 et
3022 4623 3324 4692 naufragus.
3369 4623 3458 4678 Sic
3499 4623 3641 4678 enim
3675 4623 3849 4680 eritis

2239 4714 2467 4784 populus
2483 4713 2573 4767 Dei
2600 4713 2739 4768 inter
2761 4713 2969 4782 iniquos
2991 4713 3291 4782 Egyptios,
3322 4714 3424 4768 illis
3453 4713 3566 4768 haec
3587 4714 3639 4768 in
3666 4714 3852 4770 corde

2244 4807 2586 4876 patientibus,
2628 4805 2780 4860 vobis
2817 4815 2992 4859 autem
3033 4805 3388 4860 incolumibus
3431 4805 3482 4860 in
3529 4805 3656 4874 ipsis
3686 4806 3845 4860 inte-

2246 4897 2475 4952 rioribus
2517 4896 2818 4950 hominibus
2847 4895 3057 4958 vestris,
3089 4893 3261 4950 donec
3309 4895 3566 4950 educatur
3601 4895 3854 4966 populus

2244 4991 2312 5046 de
2334 4991 2562 5063 .‘Egypto
2597 4991 2824 5061 quodam
2854 4990 3026 5045 exodo
3058 5005 3182 5054 suo;
3215 4990 3355 5060 quod
3386 5000 3440 5045 et
3484 4991 3544 5045 fit
3567 5008 3579 5044 :
3606 5007 3735 5046 nam
3779 4992 3864 5047 il-

2244 5084 2335 5140 lud
2369 5085 2530 5139 semel
2559 5084 2751 5139 factum
2789 5092 2890 5148 cst,
2919 5082 3021 5136 hoc
3049 5097 3152 5136 non
3184 5092 3358 5137 cessat
3383 5082 3517 5137 ﬁeri.

2322 5180 2407 5235 15.
2452 5177 2807 5234 Sanctificatio
2843 5177 2988 5231 nulla
3029 5177 3206 5232 divina
3239 5185 3294 5232 et
3326 5193 3445 5231 vera
3474 5186 3574 5242 est,
3618 5178 3726 5232 nisi
3776 5179 3864 5234 ab

2249 5273 2450 5345 Spiritu
2489 5280 2690 5326 sancto.
2734 5269 2850 5325 Non
2893 5271 3037 5326 enim
3067 5273 3257 5326 frustra
3289 5271 3462 5324 dictus
3492 5279 3574 5324 est
3620 5270 3868 5339 proprie

2249 5365 2478 5436 Spiritus
2517 5372 2768 5428 sanctus;
2815 5377 2937 5417 cum
2983 5364 3053 5417 sit
3079 5372 3132 5417 et
3170 5363 3326 5416 Pater
3351 5370 3564 5416 sanctus
3589 5369 3642 5416 et
3667 5360 3873 5418 Filius

2249 5467 2486 5526 sanctus,
2521 5473 2714 5512 nomen
2755 5466 2934 5512 tamen
2979 5456 3252 5526 preprium
3294 5456 3395 5510 hoc
3420 5454 3650 5526 Spiritus
3682 5469 3878 5511 acce-

2249 5553 2346 5622 pit,
2378 5561 2435 5606 ut
2465 5551 2615 5606 tertia
2647 5551 2699 5604 in
2729 5549 2989 5604 Trinitate
3013 5563 3240 5618 persona
3260 5546 3490 5617 Spiritus
3515 5556 3739 5603 sanctus
3770 5547 3881 5603 di-

2251 5653 2482 5699 ceretur.
2527 5642 2645 5713 Ipse
2682 5641 2967 5712 requiescit
2999 5655 3161 5711 super
3205 5639 3462 5698 humilem
3503 5650 3557 5698 et
3596 5640 3884 5712 quietum

2315 5775 2332 5806 ί
2358 5775 2429 5823 sic
2457 5786 2553 5823 ouo
2582 5779 2689 5836 Mss.
2715 5778 2769 5822 At
2791 5771 2928 5836 editi,
2951 5769 3187 5824 umbram.

2313 5836 2387 5900 (a)
2409 5843 2566 5900 Forte,
2594 5833 2769 5888 uolens.
