4014 6310
734 306 770 325 τι

245 336 315 398 73
736 331 745 341 ’
1696 348 1922 411 SERMO
1961 350 2095 412 VIII.

246 457 393 528 (Isai.
426 475 569 522 uvi,
602 456 684 531 2),
716 467 964 532 tanquam
1005 461 1056 517 iu
1088 461 1312 520 sabbato
1340 478 1455 521 suo.
1487 465 1565 521 Ad
1597 466 1698 523 hoc
1738 486 1826 526 se-

243 552 516 619 ptenarius
558 568 810 608 numerus
850 554 1007 610 etiam
1048 564 1232 610 sancto
1276 556 1491 626 Spiritui
1523 559 1821 629 deputatur,

242 646 338 699 hoc
366 645 662 716 Scriptura:
685 657 881 702 nostra:
909 650 1038 703 satis
1061 649 1311 705 indicant.
1339 651 1577 707 Viderint
1607 653 1824 708 meliora

237 738 508 801 meliores,
558 748 611 792 et
654 740 856 809 majora
891 740 1155 810 majores;
1200 750 1253 797 et
1290 741 1357 797 de
1394 743 1495 797 isto
1524 745 1823 812 septenario

238 845 459 884 numero
484 830 728 885 subtilius
761 831 959 901 aliquid
990 841 1042 885 et
1079 832 1306 887 divinius
1332 833 1527 904 aliquid
1554 834 1731 890 dicant
1769 843 1824 889 et

234 922 503 989 explicent
530 940 543 976 :
574 937 675 993 ego
699 932 897 988 tamen,
930 924 1069 993 quod
1100 925 1152 978 in
1181 927 1426 994 prtesenti
1452 935 1534 980 sat
1560 935 1662 992 est,
1693 928 1821 981 illud

236 1014 409 1077 \ltlt‘“,
451 1014 582 1067 illud
617 1028 710 1068 vos
746 1015 812 1068 ad
839 1015 1121 1069 videndum
1157 1030 1535 1082 commemoro,
1568 1026 1816 1087 septena-

232 1104 359 1157 riam
394 1105 553 1157 istam
598 1106 862 1161 rationem
892 1106 1114 1161 inveniri
1152 1110 1365 1178 proprie
1390 1116 1573 1164 sancto
1601 1108 1818 1179 Spiritui

229 1196 572 1265 deputatam;
603 1200 725 1267 quia
767 1200 994 1268 septimo
1030 1199 1118 1253 die
1161 1210 1314 1254 sonat
1348 1201 1715 1255 sanctiﬁcatio.
1753 1202 1818 1256 Et

228 1289 363 1342 unde
396 1291 691 1360 probamus
719 1301 904 1346 sancto
930 1290 1147 1359 Spiritui
1183 1292 1423 1362 deputari
1462 1294 1813 1361 septenariam

228 1383 432 1435 numeri
457 1382 761 1437 rationem?
786 1382 919 1436 Dicit
939 1381 1100 1437 Isaias
1128 1382 1380 1452 Spiritum
1412 1383 1504 1437 Dei
1530 1385 1712 1438 venire
1734 1400 1816 1439 su-

228 1492 315 1544 per
354 1475 595 1539 ﬁdelem,
630 1489 790 1544 super
818 1475 1186 1541 christianum,
1221 1491 1381 1545 super
1409 1474 1607 1530 Christi
1648 1492 1816 1531 mem-

224 1566 399 1631 brum,
425 1566 706 1634 sapientiae
727 1575 781 1620 et
811 1565 1129 1631 intellectus,
1153 1566 1359 1619 consilii
1387 1576 1441 1620 et
1465 1566 1809 1635 fortitudinis,

223 1660 459 1713 scientim
475 1668 531 1713 et
551 1658 781 1727 pietatis,
807 1657 1063 1727 Spiritum
1086 1657 1291 1712 timoris
1308 1658 1399 1712 Dei
1427 1656 1533 1727 (Id.
1557 1675 1630 1723 xi,
1652 1658 1707 1725 2,
1732 1660 1808 1729 '5).

220 1751 268 1805 Si
285 1751 455 1804 secuti
474 1752 631 1814 estis,
647 1759 846 1819 septem
866 1765 952 1804 res
964 1750 1287 1820 percucurri,
1318 1760 1560 1819 tanquam
1583 1751 1811 1806 descen-

220 1845 430 1897 dentem
460 1843 530 1896 ad
558 1858 655 1895 nos
685 1841 943 1911 Spiritum
976 1841 1068 1896 Dei
1110 1857 1140 1896 a
1168 1841 1422 1910 sapientia
1450 1857 1614 1912 usque
1650 1842 1713 1896 ad
1745 1842 1809 1896 ti-

220 1950 447 1998 morem,
479 1942 541 1986 ut
568 1948 667 1986 nos
704 1932 1054 1987 ascendamus
1078 1947 1106 1985 a
1138 1932 1327 1986 timore
1358 1932 1420 1985 ad
1452 1933 1762 2001 sapientiam
1792 1949 1805 1986 :

220 2025 430 2079 Initium
456 2025 725 2094 sapientia:
760 2025 909 2077 timor
936 2021 1033 2075 Dei
1057 2021 1235 2096 (Prov.
1279 2038 1318 2089 ι,
1351 2024 1428 2093 7).
1467 2023 1541 2077 Ita
1568 2039 1695 2095 ergo
1725 2038 1807 2078 se-

220 2120 492 2190 ptenarius
523 2118 754 2188 Spiritus
784 2125 839 2171 et
876 2131 1011 2170 unus
1036 2115 1286 2185 Spiritus,
1338 2116 1635 2185 septenaria
1677 2130 1806 2185 ope-

217 2216 418 2268 ratione
448 2229 608 2265 unus.
655 2214 732 2265 An
761 2210 960 2280 aliquid
1002 2210 1297 2265 evidentius
1323 2211 1517 2264 vultis?
1545 2211 1774 2266 Penteco
1794 2240 1807 2245 <

218 2318 327 2359 Sten
357 2305 507 2357 diem
541 2304 730 2357 festum
759 2302 1030 2371 Scriptura
1062 2310 1242 2356 sancta
1281 2301 1347 2355 de
1388 2302 1698 2371 septimanis
1725 2302 1805 2356 fa-

217 2407 354 2452 ctum
385 2404 799 2450 commemorat.
834 2394 1047 2449 Habetis
1094 2396 1143 2447 in
1184 2396 1444 2464 scriptura
1482 2396 1685 2461 Tobiae,
1718 2398 1805 2452 ubi

217 2492 492 2545 evidenter
534 2490 727 2543 dicitur
774 2489 931 2543 istum
972 2488 1114 2543 diem
1159 2487 1352 2543 factum
1391 2488 1457 2543 de
1496 2490 1803 2560 septimanis

217 2584 359 2652 (Tob.
392 2600 453 2649 ιι,
486 2585 541 2648 1,
573 2582 779 2637 secund.
814 2581 1001 2652 LXX).
1030 2582 1237 2652 Septies
1254 2584 1393 2637 enim
1416 2594 1639 2654 septem,
1668 2600 1801 2655 qua-

214 2676 452 2745 draginta
483 2682 679 2729 novem
710 2676 763 2729 in
810 2689 1015 2729 summa
1060 2674 1304 2731 redeunt.
1340 2676 1444 2731 Sed
1474 2688 1717 2747 tanquam
1746 2688 1802 2746 ut

213 2768 459 2821 redmtur
484 2765 555 2820 ad
585 2774 745 2834 caput
772 2784 785 2820 :
818 2765 1014 2835 Spiritu
1055 2767 1196 2821 enim
1227 2775 1410 2821 sancto
1443 2767 1507 2821 ad
1544 2768 1799 2823 unitatem

211 2859 535 2927 eolligimur,
570 2872 677 2910 non
698 2856 765 2911 ab
790 2857 990 2911 unitate
1018 2858 1372 2927 dispergimur
1402 2875 1415 2912 :
1440 2858 1559 2913 ideo
1582 2858 1646 2912 ad
1673 2875 1803 2929 qna-

212 2950 449 3019 draginta
480 2964 674 3003 novem
701 2947 910 3002 additur
934 2963 1097 3003 unum
1140 2949 1373 3015 unitatis,
1412 2960 1465 3004 et
1491 2950 1621 3005 ﬁunt
1650 2952 1802 3021 quin-

211 3042 477 3111 quaginta.
510 3040 628 3094 Non
655 3054 782 3111 ergo
801 3039 910 3109 jam
933 3041 1046 3094 sine
1075 3055 1231 3094 causa
1259 3041 1693 3110 quinquagesimo
1712 3041 1800 3097 die

212 3144 324 3204 post
349 3134 723 3188 ascensionem
742 3133 757 3163 ¹
789 3132 996 3186 Domini
1017 3133 1161 3185 venit
1181 3132 1408 3203 Spiritus
1435 3142 1664 3187 sanctus.
1694 3134 1800 3187 Re-

211 3228 442 3281 surrexit
471 3226 748 3287 Dominus,
774 3224 1014 3278 ascendit
1032 3224 1099 3278 ab
1128 3223 1329 3284 inferis,
1355 3222 1587 3277 nondum
1612 3223 1664 3277 in
1685 3238 1797 3279 cte-

211 3320 313 3373 lum
341 3338 357 3373 :
388 3318 460 3371 ab
500 3318 589 3370 illa
632 3318 1041 3381 resurrectione,
1076 3314 1143 3367 ab
1168 3315 1256 3369 illa
1283 3315 1348 3368 ab
1377 3314 1560 3369 inferis
1588 3329 1798 3369 assum-

212 3411 388 3479 ptione
422 3416 772 3463 numerantur
799 3407 1176 3477 quinquaginta
1209 3405 1342 3467 dies,
1377 3416 1431 3460 et
1460 3407 1607 3461 venit
1634 3407 1801 3476 Spiri-

211 3513 290 3556 tus
344 3510 604 3563 sanctus,
664 3500 714 3552 in
769 3498 1219 3568 quinquagenario
1272 3512 1494 3552 numero
1546 3506 1798 3569 tanquam

209 3594 439 3647 natalem
460 3592 563 3644 sibi
595 3590 733 3659 apud
761 3605 857 3643 nos
888 3588 1103 3643 faciens.
1128 3588 1482 3659 Quadraginta
1513 3590 1653 3643 enim
1680 3590 1797 3646 die-

208 3686 301 3739 bus
332 3686 424 3738 hic
450 3692 797 3738 conversatus
822 3691 903 3736 est
938 3682 1188 3735 Dominus
1213 3696 1332 3735 cum
1364 3681 1636 3751 discipulis
1664 3683 1794 3749 suis,

209 3778 616 3848 quadragesimo
647 3775 731 3828 die
760 3774 1001 3829 ascendit
1030 3776 1079 3827 in
1113 3773 1329 3839 ctelum,
1371 3782 1425 3828 et
1467 3777 1693 3844 peractis
1723 3776 1797 3830 ibi

208 3871 389 3923 decem
418 3868 628 3930 diebus,
675 3876 923 3935 tanquam
949 3865 1156 3920 decimo
1200 3875 1580 3935 praeceptorum
1622 3868 1793 3938 signo,

209 3962 349 4015 venit
386 3961 621 4030 Spiritus
656 3968 901 4023 sanctus;
931 3958 1049 4027 quia
1089 3974 1245 4011 nemo
1283 3958 1469 4027 implet
1499 3959 1665 4029 legem
1694 3959 1795 4014 nisi

212 4069 298 4120 per
323 4054 552 4119 gratiam
581 4050 809 4120 Spiritus
850 4052 1035 4103 sancti.
1080 4046 1278 4119 Itaque,
1316 4049 1529 4118 fratres,
1576 4053 1795 4107 manife-

209 4154 341 4198 stum
382 4155 466 4197 est
516 4143 874 4211 septenarinm
917 4143 1073 4196 istum
1114 4159 1391 4197 numerum
1432 4144 1499 4198 ad
1542 4143 1793 4214 Spiritum

210 4247 446 4289 sanetum
477 4236 765 4303 pertinere.
798 4234 1048 4303 Quisquis
1071 4244 1246 4289 autem
1277 4252 1378 4289 non
1410 4237 1642 4291 coliteret
1671 4239 1792 4292 uni-

212 4329 295 4380 tati
320 4328 542 4391 Christi,
572 4336 623 4378 et
656 4326 881 4379 oblatrat
902 4325 1154 4378 adversus
1184 4327 1440 4381 unitatem
1470 4327 1683 4394 Christi,
1714 4329 1795 4383 in-

211 4418 523 4487 telligendtts
564 4426 646 4470 est
688 4433 791 4469 non
827 4417 1021 4470 habere
1065 4418 1317 4485 Spiritntn
1361 4430 1621 4473 sanctum.
1653 4421 1794 4475 (lon-

212 4515 469 4563 tnntiones
498 4511 642 4563 enim
682 4518 733 4563 et
773 4509 1131 4564 dissensiones
1178 4526 1281 4563 non
1326 4511 1652 4577 facinntnisi
1681 4517 1793 4569 ani-

207 4603 386 4663 males,
408 4601 477 4655 de
499 4602 692 4669 quibus
709 4601 993 4668 Apostolus
1014 4600 1161 4667 dicit,
1183 4602 1429 4655 Animalia
1455 4615 1619 4658 autent
1644 4606 1792 4660 homo

208 4710 297 4746 non
345 4693 565 4764 percipit
613 4709 724 4762 qua:
761 4704 877 4747 sunt
924 4694 1149 4763 Spiritus
1203 4692 1300 4747 Dei
1338 4695 1378 4767 (l
1412 4693 1529 4751 Cor.
1573 4713 1631 4764 II,
1679 4700 1787 4769 14).

207 4788 402 4841 Deinde
433 4789 692 4857 scriptum
722 4796 877 4841 estet
916 4787 967 4840 in
1002 4787 1233 4855 Iipistola
1261 4786 1409 4841 Juda:
1440 4790 1683 4857 apostoli,
1720 4790 1793 4844 Hi

204 4890 309 4931 mn
333 4881 425 4948 qni
447 4887 709 4947 segregant
736 4879 1025 4945 sentetipsos
1051 4894 1069 4931 :
1102 4877 1499 4946 reprehendens
1534 4879 1787 4949 loqueba-

201 4980 281 5023 tur
306 4989 319 5022 :
358 4969 434 5023 Hi
463 4970 686 5039 suntqui
711 4978 972 5039 segregant
992 4970 1302 5036 semetipsos,
1331 4969 1597 5037 animales,
1621 4970 1790 5041 Spiri-

197 5070 295 5113 tum
324 5077 433 5113 non
453 5060 690 5113 habentes
722 5058 894 5127 (Judw
915 5074 954 5126 ι,
974 5060 1082 5129 19).
1100 5060 1235 5128 Quid
1274 5060 1641 5115 manifestius?
1666 5062 1787 5132 quid

205 5155 536 5209 evidentius?
562 5154 749 5209 Merito
773 5156 1007 5220 veniant,
1038 5154 1135 5209 etsi
1164 5154 1350 5208 eadem
1374 5155 1653 5209 credentes
1671 5173 1789 5225 qua:

196 5264 309 5313 nos,
340 5260 522 5301 tamen
546 5250 811 5317 accepturi
843 5247 1096 5316 Spiritum
1124 5259 1387 5313 sanctum,
1411 5264 1565 5317 quem
1595 5249 1790 5306 habere

196 5355 296 5393 non
327 5348 579 5410 possunt,
611 5339 861 5408 quamdiu
899 5348 1024 5393 sunt
1061 5336 1243 5393 hostes
1283 5338 1517 5394 unitatis.
1555 5339 1663 5395 Hos
1691 5356 1788 5396 au-

254 5526 270 5555 ¹
298 5530 556 5587 mensa,
583 5528 686 5586 post
731 5522 1147 5587 rectarectionem.
1197 5521 1282 5571 Alii
1323 5536 1432 5571 cum
1473 5522 1632 5587 editis,
1678 5530 1781 5587 post

193 5586 536 5636 accusatum.
572 5595 667 5648 non
706 5586 853 5648 male,
886 5588 1026 5635 sicuti
1050 5601 1110 5633 ex
1140 5586 1214 5648 bis
1238 5586 1598 5648 posteaverbis
1636 5586 1785 5648 patet,

193 5650 404 5697 modum
428 5648 478 5697 in
502 5647 692 5707 (telum,
717 5647 778 5695 ab
802 5646 886 5697 illa
910 5645 1273 5707 reatu-rectiones,
1299 5649 1359 5696 ab
1381 5645 1466 5696 illa
1488 5647 1549 5696 ab
1583 5645 1747 5711 inferis
1768 5645 1785 5709 ξ

194 5724 299 5772 (με
320 5712 527 5773 quidem
554 5712 698 5759 verba
725 5712 768 5757 in
795 5712 928 5772 prius
962 5710 1104 5759 editis
1137 5711 1330 5770 omissa,
1355 5710 1675 5759 restituuntur
1711 5711 1787 5762 hic

194 5784 253 5821 ex
276 5774 631 5833 mattea-iptis.

478 5898 702 5967 Sanc'r.
751 5900 1030 5963 Accus'r-
1066 5897 1144 5961 V.

3446 371 3516 432 74

1937 478 2045 526 tem
2075 483 2345 545 comparat
2374 475 2412 529 Α
2424 477 2654 545 pestolus
2695 482 2859 552 magis
2888 481 3177 541 Pharaonis
3202 484 3504 560 (Habentes,

1934 562 2123 633 inquit,
2157 570 2373 636 formam
2407 568 2620 637 pietatis,
2665 572 2751 625 sed
2787 574 3014 629 virtutem
3047 578 3153 647 ejus
3187 580 3513 655 abnegantes)

1934 653 2000 725 (II
2032 654 2251 709 Timoth.
2276 673 2349 722 III,
2384 656 2461 730 5),
2485 659 2581 729 qui
2601 661 2652 715 in
2682 664 2831 733 signo
2862 668 3015 723 tertio
3038 669 3366 728 defecerunt.

2004 747 2089 801 11.
2129 746 2245 802 Jam
2280 748 2453 804 videte
2493 766 2656 820 quare
2693 753 2746 808 in
2788 758 2944 812 tertio
2984 760 3135 830 signo
3174 762 3505 822 defecerunt.

1930 834 2254 893 Mementote
2282 854 2378 894 eos
2403 841 2492 911 qui
2531 842 2877 901 adversantur
2911 850 3129 919 unitati,
3167 869 3271 909 non
3313 857 3512 914 habere

1928 924 2183 995 Spiritum
2211 940 2473 985 sanctum.
2504 932 2624 988 Tria
2654 950 2780 989 vero
2822 937 2908 991 illa
2950 953 3207 1012 prmeepta
3244 948 3407 1015 prima
3453 950 3509 1003 in

1925 1014 2190 1087 Dccalogo
2217 1018 2282 1073 ad
2312 1020 2405 1075 Dei
2439 1022 2774 1079 dilectionem
2815 1030 3080 1096 pertinere
3119 1014 3505 1107 intelliguntur,

1925 1114 1983 1159 ut
2008 1116 2210 1177 septem
2234 1120 2426 1166 caetera
2455 1114 2814 1184 intelligantur
2832 1117 2897 1171 ad
2918 1118 3254 1179 dilectionem
3278 1131 3504 1196 proximi

1923 1198 2215 1265 pertinere;
2236 1209 2293 1255 ut
2316 1201 2521 1257 duabus
2543 1206 2731 1260 tabulis
2750 1207 2906 1278 Legis
2926 1219 2981 1265 et
2999 1218 3180 1271 decem
3203 1222 3501 1289 prmceptis,

1921 1289 2027 1344 duo
2056 1291 2143 1345 illa
2175 1302 2420 1364 tanquam
2452 1300 2739 1354 summaria
2764 1312 3026 1373 praecepta
3056 1314 3333 1365 teneantur
3359 1330 3372 1364 :
3403 1312 3502 1366 Di-

1921 1382 2045 1453 liges
2067 1384 2340 1440 Dominum
2360 1388 2523 1443 Deum
2547 1399 2688 1444 tuum
2712 1410 2774 1447 ea:
2796 1402 2898 1449 toto
2926 1398 3077 1452 corde
3102 1409 3206 1465 tuo,
3238 1412 3285 1456 et
3311 1422 3375 1457 ea:
3400 1416 3502 1458 tota

1919 1475 2089 1528 anima
2116 1485 2221 1542 tua,
2248 1488 2296 1531 et
2325 1496 2386 1533 ea;
2414 1489 2516 1533 tota
2552 1483 2732 1537 virtute
2771 1496 2894 1550 tua;
2922 1498 2970 1541 et
2998 1490 3177 1561 diliges
3216 1498 3501 1563 proximum

1918 1574 2057 1619 tuum
2104 1577 2341 1639 tanquam
2382 1580 2429 1623 te
2465 1572 2629 1643 ipsum
2651 1590 2669 1627 :
2694 1575 2745 1629 in
2774 1578 2851 1631 his
2878 1578 3069 1634 duobus
3097 1586 3357 1652 pra'ceptis
3397 1597 3501 1641 tota

1917 1653 2026 1709 Lex
2054 1658 2235 1726 pendet
2260 1669 2305 1712 et
2328 1658 2599 1729 Prop/aeta:
2618 1663 2639 1733 (
2660 1663 2845 1719 Matth.
2873 1682 3003 1732 χιιι,
3030 1671 3191 1725 57-40
3212 1675 3253 1741 ).
3277 1673 3494 1728 Refera-

1916 1762 2037 1803 mus
2082 1765 2209 1820 ergo
2250 1753 2368 1814 tria.
2396 1755 2562 1822 prima
2603 1768 2866 1827 praacepta
2901 1762 2965 1815 ad
3002 1763 3335 1821 dilectionem
3381 1769 3495 1823 Dei.

1916 1840 2045 1906 Quae
2076 1842 2174 1895 tria
2204 1846 2409 1912 prima?
2439 1847 2692 1913 Primum,
2724 1849 2844 1905 Non
2874 1864 3018 1906 erunt
3044 1856 3131 1909 tibi
3152 1857 3223 1910 dii
3246 1860 3337 1912 alii
3360 1877 3496 1930 pra:-

1916 1940 1991 1986 ter
2015 1951 2093 1987 me
2117 1950 2134 1988 :
2158 1937 2242 1989 cui
2270 1940 2534 1994 contraria
2564 1943 2710 2012 plaga
2739 1953 2840 2010 est,
2864 1961 2997 2015 aqua
3018 1964 3273 2006 conversa
3300 1954 3351 2008 in
3374 1970 3498 2010 san-

1913 2026 2149 2094 guinem,
2178 2040 2393 2099 propter
2421 2033 2561 2101 quod
2591 2035 2606 2065 ²
2636 2051 2896 2091 summum
2930 2041 3243 2112 principium
3274 2045 3494 2103 Creato-

1914 2118 1988 2171 ris
2047 2119 2113 2173 ad
2171 2121 2541 2179 similationem
2589 2128 2609 2158 ³
2659 2127 2902 2185 humana:
2958 2136 3133 2190 carnis
3183 2139 3491 2197 adductum.

1912 2207 2215 2266 Secundum
2244 2226 2583 2284 prteceptum,
2609 2218 2692 2273 Ne
2719 2223 2939 2291 accipias
2969 2242 3147 2281 nomen
3172 2228 3374 2285 Domini
3392 2232 3494 2288 Dei

1913 2300 1986 2352 tui
2014 2300 2065 2353 in
2095 2316 2297 2369 vanum,
2330 2307 2582 2373 pertinet,
2613 2319 2864 2379 quantum
2895 2315 3143 2382 arbitror,
3174 2320 3237 2373 ad
3270 2336 3494 2393 regnum

1911 2390 2041 2457 Dei,
2079 2393 2218 2462 quod
2267 2404 2349 2448 est
2392 2396 2555 2451 Filius
2585 2399 2697 2454 Dei.
2725 2401 2870 2457 Unus
2910 2407 3050 2460 enim
3081 2408 3221 2465 Deus
3261 2420 3315 2466 et
3337 2390 3490 2469 unus

1908 2481 2163 2539 Dominus
2219 2496 2402 2542 noster
2452 2488 2605 2545 Jesus
2648 2492 2891 2550 Christus
2941 2515 3033 2567 per
3082 2517 3238 2569 quem
3288 2506 3486 2561 omnia.

1907 2572 2105 2629 Contra
2143 2578 2383 2645 verbum,
2421 2596 2563 2637 ranae
2588 2600 2601 2637 :
2630 2584 2805 2639 videte
2830 2599 3011 2641 contra
3042 2594 3261 2648 verbum
3306 2611 3484 2662 ranas,

1907 2676 2092 2721 contra
2131 2670 2387 2724 rationem
2432 2674 2736 2740 strepitum,
2767 2688 2949 2731 contra
2980 2682 3253 2737 veritatem
3281 2688 3487 2741 vanita-

1907 2766 2034 2813 tem.
2078 2760 2311 2816 'I'ertium
2362 2776 2681 2835 prteeeptum
2725 2768 2792 2823 de
2834 2770 3071 2837 sabbato,
3105 2778 3374 2843 pertinens
3417 2781 3486 2837 ad

1906 2848 2159 2919 Spiritum
2184 2863 2421 2908 sanctum
2442 2865 2659 2925 prepter
2674 2860 3160 2931 sanctilicationem,
3181 2884 3299 2937 qnze
3316 2872 3486 2937 prima

1907 2944 1961 2999 in
2005 2945 2225 2999 sabbato
2270 2948 2481 3013 sonuit,
2514 2950 2652 3019 quod
2684 2952 2833 3006 vobis
2860 2956 3016 3024 paulo
3044 2967 3167 3013 ante
3194 2961 3485 3017 vehemen-

1906 3044 2007 3101 ter,
2034 3046 2285 3107 qnantmn
2318 3042 2601 3108 potuimus,
2631 3046 3137 3103 commendavimus.
3176 3051 3309 3107 Iluic
3344 3070 3485 3125 prte-

1905 3138 2062 3198 cepto
2091 3132 2354 3185 contraria
2404 3134 2710 3203 inquietudo
2742 3138 2791 3190 in
2826 3141 3019 3194 muscis
3048 3141 3115 3195 de
3142 3146 3484 3216 corruptione

1905 3222 2267 3289 nascentibus,
2302 3223 2352 3276 in
2382 3225 2565 3280 oculos
2594 3226 2934 3286 irruentibus.
2964 3233 3086 3288 Ideo
3116 3235 3166 3289 in
3198 3236 3299 3293 hoc
3329 3242 3485 3295 tertio

1905 3310 2057 3379 signo
2085 3311 2422 3380 defecerunt,
2456 3316 2545 3385 qui
2575 3319 2789 3373 unitatis
2828 3322 3025 3378 inimici
3063 3325 3317 3395 Spiritum
3358 3346 3485 3387 san-

1905 3408 2045 3454 ctum
2075 3417 2180 3456 non
2211 3403 2506 3459 habuerunt
2532 3425 2544 3461 :
2572 3407 2697 3463 facit
2722 3411 2860 3465 enim
2892 3413 2990 3469 hoc
3017 3415 3246 3486 Spiritus
3271 3432 3486 3479 sanctus

1906 3508 2083 3562 paena.
2129 3495 2281 3550 Aliud
2327 3500 2467 3552 enim
2517 3499 2642 3554 facit
2686 3504 2882 3571 gratia,
2925 3507 3065 3562 aliud
3115 3526 3303 3579 poma:
3341 3515 3484 3572 aliud

1906 3587 2048 3641 enim
2094 3586 2216 3641 facit
2260 3589 2545 3658 implendo,
2588 3592 2730 3647 aliud
2778 3595 3091 3653 deserendo.
3144 3602 3379 3675 Denique
3428 3617 3485 3662 ut

1899 3677 2010 3747 jam
2057 3678 2332 3733 evidenter
2379 3680 2507 3749 ipsis
2552 3685 2927 3740 confitentibus
2974 3689 3263 3747 Pharaonis
3316 3698 3484 3767 magis

1904 3785 2194 3839 agnoscere
2215 3771 2504 3837 valeamus,
2530 3776 2795 3843 quomodo
2815 3779 3108 3847 appellatus
3129 3794 3209 3837 est
3236 3784 3289 3837 in
3312 3786 3483 3841 Evan—

1902 3861 2040 3931 gelio
2077 3860 2301 3929 Spiritus
2347 3863 2460 3930 Dei,
2502 3864 2796 3934 videamus,
2839 3870 2977 3938 quod
3020 3888 3211 3927 nomen
3255 3880 3478 3948 accepit.

1902 3954 2226 4025 Objicientes
2254 3957 2478 4012 Domino
2504 3961 2802 4016 convicium
2829 3963 3027 4032 Judtei,
3055 3983 3172 4022 cum
3200 3970 3480 4039 dixissent,

1908 4045 2008 4099 Hic
2060 4064 2160 4100 non
2212 4048 2345 4117 ejicit
2388 4050 2659 4117 dwntonia,
2699 4054 2795 4107 nisi
2844 4055 2897 4107 in
2939 4055 3211 4113 Beelzebub
3259 4063 3486 4133 principe

1902 4137 2299 4205 dannoniorum;
2347 4142 2620 4211 respondit
2665 4144 2784 4209 ille,
2831 4144 2890 4199 Si
2932 4164 3021 4217 ego
3064 4150 3117 4203 in
3153 4151 3349 4220 Spiritu
3386 4152 3484 4207 Dei

1901 4230 2049 4299 ejicio
2098 4230 2368 4295 dwmonia,
2411 4241 2542 4285 certe
2583 4236 2864 4301 supervenit
2908 4238 2961 4290 in
3007 4255 3092 4292 vos
3136 4257 3342 4312 regnum
3387 4243 3485 4298 Dei

1904 4321 2013 4392 (Id.
2036 4337 2126 4385 χιι,
2156 4322 2244 4386 24,
2275 4324 2365 4393 28)
2405 4342 2416 4376 :
2447 4325 2587 4394 quod
2617 4328 2752 4381 alius
2782 4331 3103 4399 evangelista
3139 4335 3215 4388 sic
3243 4347 3479 4403 enarrat,

1903 4413 1964 4467 Si
1991 4431 2081 4484 ego
2110 4415 2162 4466 in
2190 4414 2345 4484 digito
2376 4414 2467 4469 Dei
2495 4418 2641 4487 ejicio
2664 4419 3074 4491 dwmonia(Luc.
3098 4442 3172 4491 XI,
3197 4426 3307 4496 20).
3328 4431 3481 4497 Quod

1898 4506 2033 4561 alius
2060 4507 2382 4575 evangelista
2408 4507 2561 4576 dixit,
2587 4510 2813 4579 Spiritus
2841 4513 2968 4578 Dei;
2997 4516 3131 4570 alius
3160 4518 3311 4586 dixit,
3340 4521 3478 4592 digi-

1902 4608 1986 4653 tus
2016 4600 2131 4653 Dei.
2159 4600 2300 4669 Ergo
2329 4600 2522 4671 digitus
2552 4602 2666 4667 Dei,
2691 4603 2918 4672 Spiritus
2942 4607 3055 4663 Dei.
3083 4609 3203 4664 Ideo
3224 4611 3331 4667 Lex
3358 4614 3479 4669 data

1900 4690 2095 4758 scripta
2127 4689 2292 4759 digito
2322 4690 2436 4753 Dei,
2476 4707 2593 4761 quae
2630 4692 2742 4747 Lex
2776 4695 2897 4749 data
2937 4708 3017 4751 est
3054 4699 3106 4752 in
3150 4711 3329 4757 monte
3353 4704 3479 4759 Sina

1899 4781 2338 4851 quinquagesimo
2387 4782 2474 4838 die
2522 4792 2642 4852 post
2684 4787 3002 4842 occisionem
3050 4794 3165 4846 ovis
3211 4795 3479 4851 celebrato

1900 4873 2102 4929 Pascha
2132 4891 2160 4927 a
2190 4876 2384 4944 popqu
2420 4875 2739 4932 Judmorum.
2776 4879 3062 4951 Implentur
3100 4888 3477 4959 quinquaginta

1896 4964 2013 5019 dies
2043 4973 2161 5034 post
2187 4966 2504 5021 occisionem
2531 4969 2666 5035 ovis,
2690 4979 2744 5025 et
2769 4972 2925 5027 datur
2955 4975 3061 5029 Lex
3090 4978 3283 5047 scripta
3310 4980 3479 5051 digito

1898 5056 1991 5110 Dei
2030 5075 2043 5112 :
2085 5057 2368 5127 implentur
2412 5060 2789 5131 quinquaginta
2836 5064 2950 5119 dies
2994 5078 3109 5135 post
3154 5070 3477 5128 occisionem

1896 5147 2126 5213 Christi,
2170 5159 2222 5203 et
2263 5150 2406 5204 venit
2445 5150 2672 5219 Spiritus
2719 5164 2950 5209 sanctus.
2990 5155 3195 5213 Gratias
3228 5160 3473 5232 Domino,

1894 5240 2182 5294 occultanti
2210 5241 2571 5310 providenter,
2597 5244 2855 5313 aperienti
2885 5248 3134 5302 suaviter.
3160 5250 3275 5305 Jam
3301 5255 3478 5311 videte

1895 5330 1998 5385 hoc
2044 5333 2225 5398 etiam,
2270 5330 2483 5397 fratres,
2527 5333 2817 5389 Pharaonis
2857 5351 3040 5407 magos
3081 5341 3478 5401 evidentissime

1895 5423 2156 5477 conﬁteri.
2188 5424 2503 5479 Deﬁcientes
2535 5425 2584 5479 in
2618 5426 2773 5480 tertio
2797 5428 2949 5495 signo
2974 5428 3242 5501 dixerunt,
3273 5433 3477 5505 Digitus

1898 5513 1987 5566 Dei
2012 5524 2083 5567 est
2113 5515 2212 5579 hic,
2239 5524 2342 5568 etc.
2373 5514 2569 5584 (Exod.
2592 5531 2702 5580 vm,
2729 5516 2838 5586 19).

1958 5627 1973 5700 :
1999 5627 2109 5700 ρῳ.
2124 5627 2249 5700 κεῖ-ν
2271 5628 2468 5700 praeter
2492 5634 2761 5700 δῖηηηςτξνῑιε
2785 5628 3129 5700 Praemisso
3143 5631 3287 5700 quasi.

1956 5685 1975 5714 ³
1999 5684 2129 5751 mliti,
2156 5684 2219 5751 ad
2238 5684 2681 5751 simulationem-st
2704 5684 2807 5751 aiss'.
2833 5687 3029 5751 aliquot,
3043 5684 3475 5746 ad'st'ntilatt'onem.

1893 5751 1945 5794 Et
1968 5746 2160 5812 quidam
2182 5745 2379 5808 habent,
2407 5747 2471 5795 ad
2487 5743 2867 5799 similitudinem.

2909 5909 3192 5993 (Troia)
