4002 6478
525 438 618 546 ἐξ
763 552 766 556 ,
895 551 899 554 η
1212 547 1215 550 _
1775 479 1832 534 s.
1873 473 2129 534 AUGUS’l

2271 460 2577 534 EPISCOPI
3747 478 3808 538 26

1113 547 1336 650 suane
1367 593 1436 649 Ix
1458 596 1474 614 α
1495 591 1593 664 (α).

1024 709 1104 765 De
1127 711 1296 774 decem
1319 710 1534 765 Chardi;
1559 706 1654 779 (ὁ).

624 825 852 882 CAPUT
909 822 1192 879 PRIMUM.
1222 853 1294 865 -—
1328 825 1376 877 Ι.
1407 823 1660 876 Dominus
1686 829 1738 875 et
1785 821 1923 875 Deus
1951 827 2127 873 noster

555 921 860 978 misericors
885 926 938 973 et
964 918 1261 980 miserator,
1297 916 1613 986 longanimi‘s
1639 923 1691 969 et
1715 915 1937 970 multum
1965 911 2128 967 mise-

554 1013 752 1076 ricors,
787 1018 842 1065 ct
868 1021 1057 1073 verax;
1091 1021 1246 1078 quam
1283 1007 1498 1078 largiter
1529 1011 1790 1076 pl't‘cl'Ogtli.
1822 1004 2127 1058 misericor-

552 1102 692 1161 diam
725 1101 774 1158 in
808 1099 1053 1169 prmscnti
1083 1099 1297 1164 stcculo;
1342 1107 1448 1152 tam
1491 1107 1679 1151 severe
1715 1094 1948 1149 minatur
1984 1093 2128 1163 judi-

555 1193 693 1247 cium
725 1193 774 1254 in
809 1190 987 1246 futuro
1013 1184 1227 1244 smenlo.
1255 1188 1427 1244 Verba
1457 1190 1575 1258 qua-
1605 1187 1712 1242 dhi
1747 1186 1940 1256 scripta
1976 1183 2124 1249 sunt,

552 1295 605 1340 et
652 1285 847 1342 divinis
887 1283 1283 1338 auctoritatibus
1326 1281 1725 1345 Icontinentur;
1754 1278 1894 1349 quia,
1926 1275 2128 1331 Miseri-

551 1393 667 1431 cors
695 1387 742 1430 et
767 1377 1026 1431 adseratur
1047 1374 1312 1438 Dominus;
1344 1373 1643 1443 longanimis
1666 1379 1712 1426 et
1741 1371 1953 1424 multum
1983 1370 2131 1422 mise-

551 1471 732 1535 ricors,
761 1477 809 1522 et
833 1477 984 1523 verax
1012 1467 1030 1540 (
1061 1467 1204 1522 Psai:
1235 1475 1306 1529 cl,
1330 1467 1384 1534 8;
1411 1475 1458 1520 et
1485 1477 1663 1531 cxur,
1689 1465 1764 1534 8).
1789 1455 2006 1518 Multum
2033 1463 2129 1515 de-

554 1563 718 1618 iectat
763 1571 948 1618 omnes
994 1571 1297 1631 peceatores
1339 1565 1391 1613 et
1433 1563 1696 1612 amatores
1737 1555 1914 1610 smculi
1952 1555 2128 1623 hujus,

551 1655 678 1725 quia
707 1655 988 1708 misericors
1015 1653 1058 1707 et
1084 1653 1346 1707 miseratur
1373 1649 1642 1714 Dominus,
1675 1650 1794 1718 quia
1831 1645 2132 1732 longaninu's

499 1751 514 1759 '
553 1754 603 1799 et
631 1745 843 1798 multum
871 1745 1169 1797 misericors.
1199 1735 1374 1796 Sed-si
1401 1745 1546 1793 amas
1576 1747 1682 1792 tam
1724 1737 1888 1792 multa
1919 1736 2060 1790 mitia
2085 1737 2128 1801 ³,

555 1836 684 1890 time
729 1835 797 1888 ibi
842 1843 894 1888 et
933 1833 1173 1887 ultimum
1203 1832 1340 1901 quod
1380 1831 1473 1897 ait,
1505 1830 1569 1883 Et
1598 1837 1750 1883 verum
1782 1828 1874 1900 (c).
1900 1828 1954 1883 Si
1990 1829 2130 1882 enim

553 1923 686 1978 nihil
715 1923 852 1978 aliud
883 1923 1105 1987 diceret,
1136 1922 1256 1988 nisi,
1291 1920 1578 1974 Misericors
1606 1929 1652 1973 et
1677 1920 1935 1972 miseratur
1960 1917 2133 1970 Domi”-

553 2031 668 2078 ηαδ,
704 2012 1005 2083 longanimis
1035 2023 1081 2065 et
1111 2013 1321 2066 multum
1353 2012 1663 2075 misericors;
1691 2010 1840 2078 quasi
1866 2011 1974 2079 jam
2001 2017 2133 2064 con-

554 2113 792 2159 verteres
821 2114 870 2158 te
899 2104 964 2158 ad
996 2104 1334 2158 securitatem
1377 2113 1429 2157 et
1470 2103 1855 2171 impunitatem,
1890 2110 1944 2156 et
1972 2102 2036 2156 ad
2066 2103 2132 2157 lio

557 2198 784 2253 centiam
830 2207 1207 2268 peccatorum;
1256 2193 1456 2252 faceres
1501 2197 1640 2267 quod
1685 2197 1866 2262 velles,
1911 2197 2134 2251 titereris

547 2290 770 2351 'szcculo,
809 2289 892 2344 vel
919 2297 1170 2359 quantum
1204 2289 1294 2342 tibi
1326 2283 1736 2358 permitteretur,
1765 2289 1848 2342 vel
1879 2289 2134 2357 quantum

557 2377 652 2433 tibi
682 2378 846 2433 libido
879 2379 1124 2447 jussissct
1149 2397 1159 2432 :
1185 2389 1239 2432 et
1283 2379 1326 2432 si
1368 2379 1486 2448 quis
1529 2388 1580 2433 te
1621 2379 1756 2434 bene
1799 2378 2134 2433 admonendo

556 2469 864 2539 obiurgaret
899 2477 1056 2538 atque
1098 2463 1349 2531 terreret,
1381 2477 1438 2522 ut
1465 2462 1740 2524 cohiberes
1767 2478 1816 2523 te
1847 2471 1913 2523 ab
1939 2469 2130 2523 immo-

555 2559 745 2616 derato
773 2559 916 2614 ﬂuxu
945 2559 1120 2614 eundo
1154 2569 1273 2628 post
1309 2559 1765 2629 concupiscentiae
1792 2568 1929 2625 tuas,
1957 2563 2010 2616 ct
2036 2561 2132 2616 de;

557 2652 788 2714 serendo
818 2654 979 2707 Deum
1012 2663 1192 2717 tuum;
1224 2653 1363 2707 inter
1395 2651 1781 2707 incdiasvoces
1809 2652 2134 2722 olijur‘gantis

557 2743 866 2809 obsisteres,
894 2743 1186 2813 impudenti
1214 2743 1426 2812 quidem
1459 2745 1646 2806 fronte,
1671 2743 1829 2796 veluti
1855 2743 2030 2796 audita
2053 2743 2134 2796 dii

554 2833 676 2888 vina
714 2835 1030 2888 auctoritate
1051 2875 1065 2899 ,
1094 2843 1149 2888 et
1176 2836 1380 2904 legeres
1409 2835 1475 2889 de
1506 2835 1640 2888 libro
1667 2835 1934 2890 dominico
1961 2855 1971 2889 :
1999 2831 2135 2902 Quid

557 2941 644 2981 me
672 2934 840 2980 terres
867 2926 935 2980 de
965 2927 1073 2980 Deo
1098 2924 1314 2980 nostro?
1342 2926 1432 2981 Ilio
1451 2927 1740 2980 “auset-icore
1769 2935 1878 2992 est,
1911 2937 1957 2980 et
1981 2928 2134 2981 mise-

556 3027 696 3072 rator
721 3027 768 3072 et
795 3001 1007 3072 multum
1033 3019 1333 3073 misericors.
1357 3017 1432 3073 Ns
1459 3019 1578 3073 talia
1610 3019 1849 3074 homines
1875 3020 2130 3085 dicerent,

557 3123 722 3164 unum
753 3112 974 3163 Verbum
1005 3108 1208 3162 addidit
1235 3109 1288 3162 in
1321 3108 1446 3173 ﬁne,
1477 3110 1616 3179 quod
1647 3111 1739 3177 ait,
1771 3110 1838 3164 Et
1866 3121 2053 3176 verum;
2081 3111 2136 3166 et

556 3201 790 3256 excussit
831 3201 1062 3256 laetitiam
1095 3203 1234 3256 male
1262 3205 1713 3272 prmsumentimn,
1744 3211 1798 3258 et
1834 3204 2037 3258 induxit
2067 3205 2133 3258 tl-'

554 3306 759 3348 morem
789 3292 1106 3348 dolentium.
1130 3290 1464 3349 Gaudeamus
1490 3291 1556 3348 ad
1587 3295 2000 3350 misericordiam
2032 3297 2135 3351 Do-

554 3385 682 3438 mini
705 3402 719 3450 ;
747 3385 840 3439 sed
865 3387 1145 3440 timeamus
1167 3387 1230 3440 ad
1256 3388 1508 3457 judicium
1535 3389 1762 3443 Domini.
1789 3390 1981 3456 Parcit,
2006 3390 2131 3444 dum

557 3484 694 3531 tacet
719 3476 757 3529 ³.
783 3477 967 3542 Tacet,
991 3478 1082 3532 scd
1113 3493 1216 3532 non
1238 3476 1450 3548 semper
1473 3479 1664 3533 tacebit
1684 3478 1833 3550 (Iani.
1861 3485 1991 3546 itm,
2017 3479 2129 3550 id);

557 3566 695 3620 Audi
738 3567 861 3620 dum
899 3574 1003 3621 non
1051 3577 1190 3622 tacet
1225 3567 1276 3621 in
1307 3565 1489 3631 verba,
1516 3584 1583 3622 ne
1613 3579 1716 3623 non
1747 3571 1836 3624 tibi
1862 3579 2011 3624 vacet
2041 3583 2134 3625 au-

557 3657 671 3718 dire
698 3659 822 3732 dum
851 3673 956 3713 non
984 3660 1176 3714 tacebit
1202 3662 1251 3712 in
1276 3661 1494 3728 judicio.

626 3748 849 3804 CAPUT
873 3749 936 3804 ll.
963 3781 1031 3789 --
1053 3750 1107 3803 Si.
1126 3751 1281 3804 Modo
1301 3751 1441 3805 enim
1469 3752 1590 3806 licet
1618 3751 1707 3806 tibi
1735 3760 1946 3806 causam
1988 3762 2134 3808 tuam

556 3857 900 3912 componere.
924 3844 1062 3896 Ante
1091 3842 1334 3898 ultimum
1371 3842 1624 3912 judicium
1653 3844 1742 3898 Dei
1775 3846 1844 3898 tui
1873 3851 2132 3915 ‘eotnpone

559 3948 772 3990 causam
805 3943 967 3988 tuam.
997 3934 1109 3988 Non
1134 3945 1217 3989 est
1245 3936 1382 3989 unde
1415 3943 1730 4004 priusmna‘s;
1763 3947 1880 3992 cum
1922 3939 2008 3994 ille
2037 3947 2130 3995 ve—

556 4027 716 4090 nerit,
745 4039 843 4082 nec
872 4026 1033 4082 falsos
1062 4029 1223 4083 testds
1253 4029 1502 4092 adduces,
1543 4025 1730 4099 quibus
1773 4030 1862 4084 ille
1899 4031 2126 4097 fallatur,

555 4131 658 4175 nec
688 4129 964 4189 patronum
1007 4119 1353 4174 fraudulentus
1380 4121 1916 4178 circumirentionibus
1943 4131 1994 4178 et
2027 4125 2130 4179 ηιμ

555 4212 736 4281 gunsis
760 4211 963 4265 artibus
989 4209 1284 4276 adhibebis,
1307 4225 1406 4266 nec
1435 4206 1638 4268 ambies
1666 4215 1842 4283 aliquo
1867 4215 2044 4280 modo,
2073 4217 2132 4270 hi

551 4303 783 4371 judicem
809 4303 980 4371 possis
998 4302 1359 4371 corrumpere.
1377 4303 1514 4368 Quid
1535 4311 1661 4373 ergo
1673 4305 1791 4374 agis
1812 4306 1948 4374 apud
1971 4307 2131 4362 talem

551 4393 782 4462 judicent
804 4433 818 4458 ,
855 4408 1009 4462 quem
1038 4405 1135 4447 nec
1165 4392 1366 4458 fallere,
1393 4405 1492 4448 nec
1525 4399 1865 4464 currtuﬁpere
1894 4397 2130 4466 puteris?

561 4487 626 4540 Et
665 4494 839 4538 tamen
875 4495 957 4539 est
998 4485 1138 4554 quod
1177 4501 1321 4554 agas.
1347 4485 1496 4541 'i‘unc
1523 4481 1665 4541 enim
1706 4481 1816 4557 ipSe
1841 4490 2127 4558 ci‘i‘tjudct

555 4589 734 4633 causa:
761 4587 885 4640 tua»,
902 4577 988 4646 qui
1012 4577 1169 4631 modo
1187 4578 1338 4632 testis
1362 4588 1444 4633 est
1465 4579 1585 4632 vita)
1603 4587 1726 4633 tum.
1747 4579 2122 4648 Clamavimus;

556 4678 610 4722 et
659 4667 986 4722 Laudavimus
1019 4685 1030 4720 :
1063 4667 1440 4736 componamus
1485 4675 1698 4724 causam
1741 4664 1997 4725 nostram.
2027 4671 2128 4739 Qui

558 4758 705 4815 testis
733 4767 816 4811 est
845 4773 1062 4825 operum
1104 4765 1402 4812 nostrorum
1425 4757 1463 4825 δι,
1492 4760 1611 4830 ipse
1641 4745 1808 4816 testis.
1828 4769 1909 4817 est
1941 4770 2128 4817 vocum

560 4859 778 4911 istm-inn
810 4865 822 4899 :
855 4859 957 4900 non
995 4849 1099 4901 sint
1137 4849 1340 4915 inanes,
1370 4847 1745 4907 enumerantur
1765 4854 1828 4907 ad
1851 4856 2124 4926 gemitum.

554 4939 789 5008 Tempus
811 4947 887 4994 est
911 4939 1262 4994 concordandi
1280 4956 1397 4996 cum
1411 4941 1719 4998 adversario
1744 4953 1833 5000 tuo
1852 4947 1975 5001 cito.
1997 4947 2127 5000 Tam

616 5127 631 5157 ³
659 5127 874 5176 Nonnulli
894 5134 1020 5183 Mss,
1045 5127 1332 5178 auctoribus.

616 5189 635 5217 ί
663 5195 825 5254 riui-cs
848 5196 971 5254 Mss,
998 5189 1318 5254 tantumita";
1345 5189 1746 5254 misericordiam.
1783 5195 1980 5252 quidam
2017 5211 2129 5254 cum

555 5257 674 5324 ait},
699 5249 795 5297 tum
826 5245 974 5324 iitum
999 5249 1150 5324 initia.
1176 5245 1337 5324 alorci,
1366 5245 1602 5324 ﬂentem.
1628 5247 1782 5324 critic.
1798 5245 1979 5322 ‘pagg.
2010 5245 2122 5324 itif:

552 5309 658 5374 189,
673 5318 844 5374 censet
865 5309 1144 5374 legendum,
1168 5319 1264 5362 (mn
1279 5309 1433 5366 mea
1455 5313 1605 5365 initia.
1669 5322 1725 5364 tu.

550 5371 881 5481 “figlizgique
914 5371 1015 5423 ᾖδε.
1045 5382 1096 5424 et
1125 5384 1261 5428 Ann:
1289 5374 1469 5439 Parcit,
1495 5375 1582 5430 sed
1602 5390 1698 5432 non
1732 5385 1872 5440 tacet.
1896 5382 2124 5447 subaudi,

639 5444 647 5462 ‘
691 5447 734 5481 Ἰ
770 5470 778 5480 .

621 5444 675 5481 re
679 5444 762 5481 l'DO
770 5470 778 5480 .

612 5493 635 5556 ’ὲ
659 5493 846 5556 Aliquot
865 5503 990 5553 Nam,
1014 5500 1294 5546 sesumam.

613 5555 629 5572 ‘
644 5555 958 5632 .Colla‘tushest
976 5571 1084 5632 eum
1106 5559 1348 5609 codicibus
1366 5559 1448 5609 bd.
1472 5572 1515 5610 c.
1533 5573 1602 5612 cs.
1625 5561 1689 5613 cl.
1715 5575 1762 5614 ο.
1793 5563 1844 5614 ﬂ.
1867 5579 1920 5630 ε.
1953 5581 2030 5632 gr.
2055 5584 2120 5624 in.

549 5629 596 5665 τ.
632 5625 732 5665 Διὶ).
759 5625 829 5665 ΕΓ.
857 5625 955 5666 Par.
982 5624 1089 5667 [ΑΝ.

633 5700 683 5766 ᾳ)
701 5697 838 5766 Aliis,
857 5701 993 5766 9.6.68
1016 5697 1269 5766 Tempore
1395 5763 1398 5766 .

587 5763 695 5848 L59.
709 5763 1486 5848 ἐιῗὲἓῗὶίέἷέξ,3¹ῗέ⁸ἓξίὶ¹ἐίέε.ἓὲΐ1¹¹⁰
1510 5775 1587 5821 θεῖ
1618 5769 1668 5821 ¹¹¹
1693 5763 1920 5840 mmedio,
1941 5791 2046 5843 ωρ·
2069 5769 2122 5848 8,

550 5829 696 5885 atque
718 5825 780 5885 ab
799 5825 1006 5885 Eugypio
1030 5832 1080 5874 ct
1102 5825 1234 5885 ljlm‘o
1256 5827 1444 5879 citatus.

667 5836 696 5870 e
718 5829 779 5870 ab
799 5829 1006 5885 Eugypio
1030 5832 1080 5874 ct
1102 5829 1234 5874 li‘lm‘o
1256 5829 1397 5877 citatu

579 5829 680 5946 Ἵὲ)
707 5884 804 5933 vid.
827 5879 1179 5936 Tractatum?»
1199 5889 1250 5938 in
1264 5895 1397 5940 toan.

2235 588 2552 658 longanimis
2578 600 2661 646 est
2689 592 2826 648 Deus
2853 592 3078 648 videndo
3104 594 3280 664 iniqua
3306 604 3361 651 et
3391 610 3496 650 non
3520 595 3804 666 puniendo,

2238 691 2289 734 ut
2320 691 2497 736 tamen
2526 683 2632 737 cito
2662 684 2731 738 sit
2759 683 2989 739 futurum
3013 685 3290 755 judicium.
3320 686 3463 760 More
3488 688 3681 758 quippe
3706 689 3808 744 hu-

2236 788 2404 826 mana:
2440 773 2560 827 vita‘.
2599 774 2860 844 prolixum
2891 785 2991 842 est,
3016 775 3154 845 quod
3185 777 3293 830 Deo
3319 776 3478 831 breve
3503 787 3601 832 cst.
3627 777 3730 833 Sed
3757 787 3810 834 ct

2234 863 2332 932 ipsi
2378 865 2573 918 smeulo
2612 872 2665 919 et
2708 864 2939 920 humano
2980 863 3158 935 generi
3201 867 3342 936 quod
3384 867 3538 939 longe
3578 867 3808 937 videtur,

2235 954 2359 1024 quid
2403 955 2746 1030 consolatur?
2771 956 3031 1030 Numquid
3080 959 3123 1013 si
3168 959 3328 1014 totius
3358 961 3567 1030 generis
3595 960 3813 1018 humani

2236 1045 2452 1100 ultimus
2493 1046 2804 1128 dics‘longc
2842 1033 2942 1114 est,
2989 1049 3399 1119 uniuscujusque
3441 1050 3556 1105 dies
3599 1052 3813 1107 ultimus

2237 1136 2389 1208 longe
2437 1140 2549 1194 est?
2587 1140 2698 1196 lloc
2728 1140 2870 1216 dico,
2921 1157 2987 1196 ex
3034 1141 3202 1196 Adam
3248 1143 3395 1206 multi
3441 1143 3566 1196 anni
3616 1143 3816 1198 evoluti

2235 1238 2392 1297 sunt,
2433 1230 2585 1284 multi
2632 1231 2755 1285 anni
2801 1231 3085 1299 ﬂuxerunt,
3115 1241 3170 1287 et
3196 1232 3446 1304 deinceps
3474 1232 3678 1300 ﬂuent;
3709 1249 3815 1288 non

2236 1319 2447 1388 quidem
2480 1329 2584 1374 tam
2617 1321 2798 1388 multi,
2827 1321 2920 1376 sed
2957 1330 3130 1376 tamen
3160 1337 3325 1392 usque
3355 1324 3406 1377 in
3436 1323 3594 1380 linem
3635 1325 3816 1379 saeculi

2238 1412 2536 1467 transibunt
2563 1415 2706 1479 anni,
2737 1414 2872 1469 sicut
2905 1424 2960 1468 et
2990 1415 3063 1468 illi
3100 1417 3423 1470 transierunt
3451 1434 3464 1469 :
3491 1415 3708 1488 longam
3735 1419 3818 1474 ri-

2231 1502 2393 1576 detur
2417 1504 2557 1576 quod
2596 1513 2763 1559 restat
2791 1505 3111 1576 (quanquam
3142 1522 3245 1562 non
3274 1509 3374 1561 erit
3399 1517 3618 1576 tantum,
3644 1526 3818 1580 quan-

2240 1605 2348 1649 tum
2379 1606 2697 1652 transactum
2726 1597 2852 1670 est),
2875 1607 2929 1653 et
2954 1609 3129 1654 tamen
3155 1615 3222 1655 ex
3257 1609 3519 1676 transacto
3543 1605 3821 1674 praeterito

2241 1697 2506 1758 tempore,
2548 1691 2844 1760 sperandus
2881 1703 2964 1747 est
3001 1693 3188 1764 reliqui
3234 1696 3485 1768 temporis
3528 1677 3668 1750 ﬂuis.
3697 1698 3823 1754 Fuit

2242 1790 2362 1854 tunc
2390 1781 2603 1852 quidam
2643 1781 2756 1838 dies
2799 1783 2889 1852 qui
2936 1782 3200 1838 diceretur
3244 1783 3563 1866 hodiernus,
3614 1803 3679 1841 ex
3728 1788 3822 1844 illo

2241 1889 2407 1942 usque
2435 1872 2500 1927 ad
2534 1873 2673 1928 hunc
2701 1874 3048 1940 hodiernum;
3086 1892 3260 1940 nonne
3293 1877 3546 1948 quidquid
3582 1879 3820 1936 futurum

2237 1950 2357 2032 fuit,
2379 1967 2702 2036 praeteritum
2737 1967 2926 2022 factum
2957 1967 3074 2022 est?
3111 1968 3237 2022 Talc
3267 1969 3508 2035 habetur,
3540 1986 3603 2026 ac
3635 1973 3677 2026 si
3709 1988 3820 2028 non

2240 2056 2416 2110 fuerit.
2445 2057 2532 2112 Sic
2569 2059 2669 2112 erit
2707 2059 2956 2130 quidquid
2987 2069 3151 2116 restat
3186 2069 3502 2116 extremum.
3536 2063 3640 2118 Sed
3667 2065 3735 2120 sit
3766 2073 3825 2120 et

2243 2147 2342 2200 hoc
2368 2147 2596 2218 longum,
2627 2149 2696 2203 sit
2729 2150 3014 2219 prolixum,
3043 2160 3294 2224 quantum
3323 2155 3610 2224 putaveris,
3643 2173 3824 2228 quan-

2245 2248 2351 2291 tum
2393 2238 2609 2305 dixeris,
2651 2249 2902 2309 quantum
2931 2243 3266 2311 cogitaveris,
3289 2255 3541 2314 quantum
3574 2246 3667 2301 tibi
3708 2263 3827 2304 non

2239 2332 2430 2400 iormat
2477 2332 2765 2400 Scriptura,
2807 2333 2899 2388 sed
2941 2333 3091 2406 tingit
3134 2337 3401 2405 cogitatio,
3442 2351 3694 2408 quantum
3737 2343 3828 2397 vis

2239 2422 2380 2476 diem
2406 2423 2588 2493 judicii
2611 2425 2862 2495 prolonga
2887 2441 2902 2491 ;
2935 2427 3188 2496 numquid
3219 2429 3458 2484 ultimum
3482 2431 3620 2486 diem
3645 2439 3824 2502 tuum,

2242 2511 2293 2565 id
2320 2503 2420 2578 est,
2445 2514 2566 2567 vitzc
2595 2523 2718 2582 tute,
2740 2531 2844 2586 quo
2866 2516 3102 2571 exiturus
3132 2532 3189 2572 es
3215 2519 3280 2573 de
3310 2533 3533 2589 corpore
3552 2521 3670 2588 hoc,
3691 2537 3828 2594 pro—

2241 2599 2496 2659 ducturus
2535 2619 2592 2659 es
2633 2605 2684 2658 in
2731 2605 2979 2676 longum?
3019 2606 3099 2660 Sit
3143 2608 3234 2661 tibi
3281 2620 3532 2666 senectus
3575 2623 3740 2679 certa,
3769 2614 3828 2668 si

2243 2691 2416 2764 potest
2441 2711 2453 2746 :
2477 2691 2560 2749 cui
2591 2688 2764 2752 autem
2791 2698 3000 2767 potest?
3019 2697 3205 2770 Nonne
3234 2687 3298 2754 ex
3327 2716 3430 2770 quo
3457 2702 3637 2772 incipit
3656 2703 3830 2760 homo

2241 2784 2445 2852 vivere,
2492 2784 2600 2855 jam
2646 2796 2819 2857 potest
2857 2799 2910 2844 et
2953 2790 3122 2844 mori?
3169 2779 3579 2855 Possibilitatem
3631 2796 3831 2854 mortis

2239 2873 2446 2959 initium
2476 2880 2595 2934 vita:
2630 2879 2774 2935 facit.
2801 2881 2857 2936 ln
2887 2881 2984 2937 hac
3013 2891 3151 2938 terra
3185 2875 3325 2939 etin
3361 2900 3556 2956 genere
3588 2887 3831 2944 buuiauo

2243 2967 2332 3025 ille
2383 2961 2528 3028 solus
2576 2973 2711 3026 mori
2755 2973 2986 3028 nondum
3033 2983 3228 3045 potest,
3267 2976 3356 3046 qui
3394 2962 3625 3032 nondum
3657 2981 3834 3050 coepit

2243 3062 2438 3116 vivere.
2467 3059 2705 3140 Incertus
2737 3079 2864 3134 ergo
2892 3065 3007 3120 dies
3038 3074 3287 3138 tanquam
3325 3051 3658 3138 quotidianus
3695 3086 3834 3142 spe-

2241 3156 2438 3210 randus
2478 3165 2576 3210 cst.
2609 3157 2663 3212 Si
2703 3167 2877 3212 autem
2927 3168 3175 3229 tanquam
3218 3159 3558 3232 'quOtidianus
3594 3176 3834 3236 Speran-

2240 3249 2338 3305 dns
2381 3258 2462 3304 est
2511 3249 2743 3305 incertus
2787 3249 2935 3316 dies,
2981 3261 3328 3322 componatur
3386 3269 3505 3309 cum
3565 3254 3834 3312 adversa-

2241 3345 2350 3410 rio,
2395 3344 2519 3398 dum
2569 3353 2652 3399 est
2700 3353 2871 3400 tecum
2919 3347 2971 3400 in
3015 3347 3117 3400 via.
3147 3347 3242 3404 Via
3273 3349 3412 3404 enim
3445 3361 3661 3405 vocatur
3699 3351 3835 3408 lucc

2240 3439 2363 3506 rita,
2391 3453 2486 3509 per
2512 3453 2672 3508 quam
2697 3454 2884 3495 omnes
2914 3449 3224 3510 transeunt;
3255 3452 3309 3498 et
3338 3459 3443 3498 non
3475 3444 3670 3500 recedit
3712 3445 3835 3504 iste

2239 3531 2592 3608 adrersarius.

2245 3685 2250 3688 _
2308 3617 2532 3676 CAPUT
2572 3621 2658 3676 lli.
2691 3652 2760 3661 —
2783 3622 2836 3676 3.
2866 3622 2995 3690 Quis
3015 3632 3098 3677 est
3122 3633 3294 3678 autem
3317 3625 3415 3680 iste
3443 3626 3833 3683 adversarius?

2241 3713 2588 3768 Adversarius
2618 3713 2716 3767 iste
2762 3728 2866 3768 non
2897 3723 2979 3768 est
3019 3713 3292 3768 diabolus:
3325 3732 3442 3769 nam
3467 3733 3732 3786 nunquam
3761 3728 3835 3776 te

2241 3787 2539 3870 hortaretur
2583 3805 2884 3874 Scriptura,
2930 3814 2986 3859 ut
3030 3820 3149 3860 cum
3195 3806 3406 3861 diabolo
3435 3809 3829 3870 concordarcs.

2239 3881 2331 3954 list
2356 3913 2481 3967 ergo
2510 3896 2644 3950 alius
2675 3897 3037 3960 adversarius,
3065 3912 3223 3966 quem
3251 3899 3350 3952 sibi
3377 3898 3536 3954 homo
3563 3898 3690 3955 facit
3713 3901 3833 3957 ad-

2236 3985 2528 4046 versarium
2559 4007 2571 4042 :
2605 4004 2725 4043 nam
2761 3989 2846 4043 ille
2883 3989 2926 4043 si
2965 3988 3297 4043 adversarius
3327 3999 3498 4057 esset,
3545 4001 3716 4048 tecum
3749 3994 3836 4071 in

2236 4084 2318 4151 yia
2349 4098 2452 4136 non
2479 4090 2639 4138 esset.
2671 4083 2740 4136 At
2770 4082 2855 4137 hic
2882 4092 2962 4137 cst
2990 4083 3005 4111 ί
3039 4091 3206 4136 tecum
3236 4083 3286 4136 in
3314 4083 3416 4151 ria,
3446 4093 3503 4138 ut
3527 4086 3836 4144 concordet

2240 4183 2429 4228 tecum.
2459 4172 2569 4228 Scit
2598 4173 2738 4227 enim
2764 4173 2884 4246 quia
2916 4173 3014 4227 nisi
3042 4173 3092 4226 in
3122 4174 3202 4226 via
3239 4188 3418 4230 secum
3445 4175 3832 4231 concordare-

2236 4268 2328 4332 ris,
2356 4267 2465 4336 jam
2498 4266 2669 4321 tradet
2698 4276 2748 4324 te
2772 4266 2936 4336 judici
2957 4307 2972 4334 ,
2999 4266 3160 4337 judex
3197 4277 3374 4322 autem
3401 4269 3676 4334 ministro,
3705 4271 3830 4325 mi-

2235 4361 2398 4414 nister
2425 4360 2476 4414 in
2505 4375 2772 4415 carcerem
2813 4359 3018 4432 (Matth.
3049 4375 3099 4425 ν,
3126 4358 3240 4432 25).
3273 4361 3490 4430 Eloquiu
3520 4362 3618 4417 ista
3643 4377 3830 4418 cran-

2233 4453 2399 4521 gclica
2429 4462 2570 4517 sunt,
2598 4451 2944 4507 recordantur
2969 4452 3241 4507 nobiscum
3259 4494 3274 4525 ,
3309 4454 3389 4508 vel
3418 4454 3506 4524 qui
3536 4455 3826 4528 legerunt,

2235 4544 2316 4598 rcl
2347 4545 2433 4613 qui
2464 4543 2762 4598 audierunt.
2793 4545 2931 4613 Ergo
2959 4543 3074 4613 quis
3110 4552 3192 4598 est
3225 4544 3595 4600 adversarius?
3623 4546 3832 4606 Seruio

2240 4635 2349 4690 lici.
2381 4637 2570 4691 Sermo
2602 4636 2692 4690 Dei
2723 4635 3058 4690 adversarius
3085 4645 3202 4692 tuus
3228 4647 3328 4692 est.
3361 4638 3533 4705 Quare
3558 4639 3828 4696 adversa-

2235 4726 2347 4780 rius
2386 4729 2499 4782 cst?
2529 4712 2658 4793 Quia
2687 4728 2950 4782 contraria
2974 4727 3153 4797 jubet,
3195 4745 3353 4799 quam
3400 4737 3452 4782 tu
3493 4728 3642 4784 facis.
3679 4733 3832 4790 Dicit

2238 4817 2350 4883 tibi,
2379 4817 2523 4872 Unus
2546 4827 2617 4873 est
2649 4818 2787 4872 Deus
2813 4828 2933 4898 tuus
2949 4835 2970 4882 ;
2999 4836 3153 4894 unum
3181 4819 3340 4873 Deum
3369 4821 3495 4876 colo.
3527 4819 3601 4876 Tn
3630 4822 3706 4876 vis
3733 4824 3830 4878 di-

2236 4912 2397 4966 misso
2430 4927 2532 4966 uno
2562 4912 2672 4967 Deo
2703 4920 2949 4980 tanquam
2975 4912 3214 4984 legitimo
3243 4913 3358 4967 viro
3386 4915 3576 4968 aniqu
3596 4956 3610 4980 ,
3642 4913 3826 4970 furni-

2235 5001 2341 5056 cari
2385 5018 2480 5071 per
2520 5003 2685 5058 multa
2725 5003 3025 5058 daemonia:
3059 5011 3112 5060 et
3140 5004 3280 5074 quod
3321 5013 3404 5058 est
3427 5006 3667 5073 gravius,
3705 5022 3826 5062 non

2235 5093 2384 5168 quasi
2426 5102 2610 5166 aperte
2650 5094 2903 5149 deserens
2941 5103 2996 5150 et
3037 5095 3352 5170 repudians,
3391 5097 3527 5150 sicut
3555 5107 3852 5165 apostatag.

2236 5185 2462 5254 faciunt;
2485 5185 2580 5242 sed
2601 5195 2848 5256 tanquam
2867 5202 3090 5244 manens
3111 5187 3163 5242 in
3184 5187 3344 5243 domo
3364 5188 3462 5242 viri
3486 5188 3556 5242 tui
3575 5188 3830 5246 admittis

2233 5279 2538 5344 adulteros:
2579 5279 2630 5334 id
2660 5288 2771 5345 est,
2814 5289 3064 5352 tanquam
3105 5281 3424 5350 christianus
3451 5297 3555 5334 non
3585 5279 3828 5338 dimittis

2233 5371 2548 5440 Ecclesium,
2579 5372 2813 5428 consulis
2839 5373 3262 5442 mathematicos,
3289 5384 3377 5428 aut
3396 5373 3687 5446 aruSpiccs,
3719 5384 3830 5431 aut

2231 5479 2497 5534 augures,
2540 5474 2632 5520 aut
2660 5468 2960 5534 maleﬁcos;
2996 5468 3142 5538 quasi
3173 5467 3238 5521 de
3265 5468 3360 5521 viri
3391 5468 3549 5522 dumo
3581 5484 3683 5540 non
3721 5485 3824 5524 re-

2231 5559 2426 5614 cedens
2461 5559 2700 5616 adultera
2739 5561 2944 5626 anima,
2975 5569 3030 5616 et
3069 5575 3291 5615 manens
3318 5561 3369 5614 in
3397 5560 3513 5631 qius
3560 5560 3824 5630 contingit)

2230 5651 2526 5706 l'ornicaris.
2568 5651 2768 5706 Dicitur
2797 5651 2920 5718 tibi,
2956 5651 3036 5704 No
3073 5651 3291 5724 accipias
3329 5653 3380 5705 in
3419 5660 3602 5706 vanum
3627 5665 3825 5707 nomen

2231 5744 2328 5800 Dei
2356 5744 2446 5799 tui.
2478 5743 2555 5801 Ne
2578 5743 2848 5803 existimes
2873 5753 3170 5800 creaturam
3205 5761 3322 5801 esse
3346 5743 3647 5810 Christum,
3680 5743 3825 5816 quia

2294 5907 2313 5938 ι
2336 5911 2438 5954 Am.
2465 5910 2519 5955 et
2538 5905 2709 5968 plures
2730 5911 2859 5968 Μελ,
2875 5903 2941 5959 ad
2962 5901 3052 5955 hoc
3074 5907 3144 5954 est
3185 5901 3422 5967 Vonnulli,
3449 5889 3608 5953 adhuc
3630 5907 3720 5953 est.
