4014 6310
275 294 339 359 π
1740 276 1855 336 SER

1962 294 1966 323 ι
2003 278 2094 337 lx.
3481 300 3553 362 73

275 416 367 490 pro
394 428 444 473 te
472 411 705 480 suscepit
735 416 1030 465 creaturam
1062 420 1074 456 :
1107 409 1162 457 et
1204 409 1259 455 tu
1285 394 1583 454 contemnis
1611 408 1732 450 eum
1762 394 1854 464 qui

268 514 484 586 mqualis
519 520 602 566 est
629 504 772 561 Patri
794 547 806 569 ,
840 512 893 557 et
920 517 1081 555 unutn
1112 512 1230 552 cum
1261 497 1417 550 Patre
1446 494 1484 546 ί.
1528 491 1730 547 Dicitur
1760 489 1854 586 tibi

266 580 719 677 αι’δρίισὶῑιιῂϋιει-
770 594 1021 649 obSer‘ves
1069 589 1392 645 sabbatum:
1436 596 1541 639 non
1582 580 1854 677 quomodo

267 673 431 754 διιὼέὶ
465 694 763 749 observant
788 684 1063 742 sabbatum
1093 679 1291 736 carnali
1318 679 1465 745 etio;
1496 689 1685 730 vacare
1712 673 1852 729 enim

266 793 448 848 volunt
491 788 558 842 ad
608 790 775 856 nugas
813 791 973 851 atque
1024 776 1259 832 luxurias
1304 787 1447 829 suas.
1483 771 1669 828 Melius
1713 771 1855 859 enim

266 886 466 940 faceret
505 880 722 937 Judagus
765 877 821 930 in
866 888 993 942 agro
1016 886 1120 927 suo
1159 866 1353 938 aliquid
1396 867 1554 931 utile,
1605 880 1760 935 quam
1800 862 1854 917 in

266 981 473 1037 theatro
496 975 781 1031 seditiosus
811 970 1063 1025 existeret
1089 982 1101 1019 :
1132 972 1185 1019 et
1214 964 1404 1016 melius
1430 959 1639 1015 femina:
1670 971 1853 1011 eorum

265 1074 345 1127 die
378 1066 587 1123 sabbati
614 1060 790 1119 lanam
819 1059 1088 1123 facerent,
1121 1068 1276 1125 quam
1300 1059 1412 1105 toto
1436 1050 1518 1105 die
1549 1050 1602 1102 in
1629 1047 1851 1101 maenia-

264 1167 342 1217 nis
368 1165 387 1193 ¹
418 1162 534 1216 suis
578 1152 847 1226 impudice
888 1151 1157 1205 saltarent.
1199 1144 1317 1199 Tibi
1348 1152 1521 1196 autem
1558 1139 1756 1195 dicitur
1798 1132 1857 1191 ut

264 1258 522 1310 observes
543 1242 893 1320 spiritualilcr
912 1240 1209 1303 ‘sabbatmu,
1240 1237 1290 1290 in
1315 1248 1409 1304 Spe
1430 1234 1616 1288 luturm
1638 1231 1850 1301 quietis,

264 1363 415 1418 quam
445 1344 544 1398 tibi
578 1337 841 1411 promittit
876 1333 1150 1388 Dominus.
1176 1328 1428 1397 Quisquis
1468 1324 1607 1380 enim
1641 1322 1855 1418 propter

263 1416 401 1495 illam
431 1437 669 1506 quietem
708 1432 937 1486 futuram
966 1428 1073 1496 agit
1097 1421 1353 1495 quidquid
1384 1428 1587 1491 potest,
1617 1416 1856 1491 quamvis

262 1533 589 1587 laboriosum
620 1522 864 1581 videatur
907 1520 1045 1591 quod
1096 1517 1229 1589 agit;
1282 1512 1457 1571 tamen
1496 1510 1542 1565 si
1589 1506 1652 1563 ad
1696 1509 1854 1563 fidem

262 1626 543 1697 promissae
568 1620 763 1692 quietis
784 1615 836 1672 id
859 1615 1041 1679 refert,
1075 1608 1309 1667 nondmn
1334 1607 1547 1679 quidem
1578 1604 1854 1697 sabbatum

261 1696 417 1774 habet
447 1719 503 1772 in
534 1732 627 1780 re,
670 1708 765 1775 sed
798 1709 955 1775 habet
995 1707 1045 1760 in
1078 1706 1188 1773 spe.
1220 1702 1297 1757 Tu
1340 1709 1516 1754 antem
1557 1698 1621 1752 ad
1653 1697 1752 1751 hoc
1779 1696 1855 1751 vis

262 1812 627 1882 requiescere,
658 1815 715 1859 ut
739 1804 977 1865 labores;
1010 1813 1128 1854 cum
1156 1796 1220 1850 ad
1246 1797 1347 1848 hoc
1367 1793 1561 1848 debeas
1592 1792 1853 1857 laborare,

262 1918 317 1959 ut
346 1894 679 1972 requiescas.
727 1886 928 1950 Dicitur
970 1890 1092 1953 tibi,
1146 1886 1356 1942 Honora
1398 1896 1589 1955 patrem
1632 1892 1771 1971 luunt
1812 1889 1857 1935 et

263 2010 472 2053 natarent
506 2006 667 2048 (nam.
701 1988 745 2044 Τ
752 2007 781 2042 u
819 1994 992 2042 autem
1019 1982 1391 2039 Contumeliam
1426 1980 1628 2049 irrogas
1661 1992 1855 2046 parcn-

263 2091 423 2155 tibus,
453 2101 617 2157 quam
645 2098 751 2138 non
780 2078 857 2133 vis
884 2077 991 2150 pati
1018 2093 1043 2127 a
1073 2074 1193 2128 liliis
1216 2072 1335 2126 tnis.
1363 2071 1559 2124 Dicitur
1587 2069 1698 2133 tibi,
1734 2066 1855 2121 Non

264 2181 479 2235 occides.
529 2178 611 2233 Tu
657 2174 835 2229 autem
864 2168 1117 2227 ‘occidere
1162 2166 1240 2220 vis
1283 2162 1552 2218 inimicum
1587 2170 1770 2215 tuum:
1804 2168 1857 2215 et

263 2274 381 2329 ideo
414 2274 557 2326 forte
587 2266 690 2324 non
740 2266 898 2330 facis,
933 2265 1049 2332 quia
1084 2261 1237 2314 times
1272 2256 1501 2328 judicent
1545 2255 1851 2320 hominem,

264 2385 365 2423 nou
394 2366 521 2438 quia
547 2361 751 2433 cogitas
778 2346 962 2413 licunt.
994 2354 1209 2425 Ignoras
1233 2350 1351 2422 quia
1370 2350 1470 2404 ille
1494 2347 1641 2403 testis
1666 2356 1746 2401 est
1766 2362 1855 2400 co-

264 2454 616 2533 gitationum?
647 2453 742 2509 illo
782 2452 900 2505 vivo
936 2464 1092 2519 quem
1128 2448 1207 2500 vis
1250 2442 1384 2498 mori
1408 2484 1421 2507 ,
1457 2453 1506 2496 te
1537 2439 1853 2495 hemicidam

267 2528 408 2609 ienet
445 2553 499 2605 in
534 2548 720 2604 corde.
752 2543 953 2599 Dicitur
983 2541 1070 2595 tibi
1091 2583 1104 2604 ,
1152 2532 1272 2592 Non
1303 2534 1625 2590 mwchubcris
1657 2528 1849 2605 (Exod.

264 2646 364 2707 ιχ,
396 2630 550 2711 t-is)
578 2661 591 2694 :
627 2640 677 2696 id
709 2649 789 2693 est
811 2682 825 2704 ,
860 2653 963 2690 non
999 2635 1096 2688 ibis
1126 2632 1188 2685 ad
1217 2630 1442 2701 aliquam
1481 2627 1635 2681 aliam
1664 2637 1855 2695 praeter

267 2752 487 2791 uxorem
524 2744 688 2789 tuam.
722 2730 799 2785 Tu
827 2736 1004 2783 autent
1034 2724 1198 2794 exigis
1238 2723 1339 2776 hoc
1365 2721 1431 2774 ab
1454 2737 1639 2781 uxore,
1672 2727 1722 2771 et
1750 2734 1853 2771 non

265 2826 344 2883 vis
372 2829 471 2885 hoc
502 2820 729 2881 reddere
756 2820 906 2875 uxori
936 2838 946 2873 :
982 2828 1033 2872 et
1058 2834 1175 2873 cum
1199 2808 1393 2869 debeas
1421 2814 1469 2865 in
1503 2813 1695 2865 virtute
1722 2828 1855 2880 prte-

267 2922 458 2977 cedere
484 2933 731 2983 uxorem,
776 2915 1024 2986 quoniam
1070 2909 1287 2965 castitas
1316 2908 1483 2961 virtus
1513 2915 1624 2971 est;
1661 2915 1713 2960 tu
1752 2904 1855 2971 sub

268 3010 375 3069 uno
398 3015 602 3083 impetu
632 3006 866 3064 libidinis
890 3005 1053 3071 cadis,
1087 2998 1139 3057 et
1160 3004 1236 3056 vis
1261 3016 1476 3055 uxorein
1502 3010 1641 3052 tuam
1667 2997 1854 3051 victri‘

267 3127 384 3165 cem
415 3124 557 3171 esse,
588 3104 835 3159 tuvietus
851 3101 1068 3170 jacens:
1104 3106 1294 3151 etcum
1318 3105 1370 3148 tn
1396 3103 1551 3163 caput
1579 3101 1651 3148 sis
1677 3106 1856 3146 uxoris

268 3192 403 3267 tux,
436 3198 689 3270 przecedit
728 3205 779 3250 te
811 3195 830 3225 ³
866 3193 931 3248 ad
960 3193 1146 3249 Deum.
1177 3190 1326 3258 cujus
1353 3194 1509 3257 caput
1537 3201 1613 3241 es.
1646 3185 1733 3238 Vis
1760 3183 1856 3238 do-

268 3311 413 3352 mum
440 3302 585 3346 tuam
614 3290 784 3359 capite
809 3288 1058 3342 deorsum
1088 3282 1355 3355 pendere?
1384 3282 1547 3351 Caput
1574 3279 1713 3335 enitn
1740 3295 1855 3333 tnu-

268 3392 415 3445 lieris
454 3397 539 3443 est
564 3387 681 3441 vir:
719 3384 806 3439 ubi
849 3390 1025 3439 autem
1072 3377 1263 3433 melius
1307 3376 1432 3429 vivit
1476 3375 1666 3429 mulier
1695 3389 1855 3444 quam

266 3482 366 3546 vir,
410 3481 588 3551 capite
619 3479 866 3533 deorsum
905 3472 1098 3545 pendet
1126 3470 1334 3524 domus.
1365 3468 1421 3523 Si
1450 3476 1607 3536 caput
1631 3477 1711 3521 est
1743 3467 1853 3535 vir,

268 3575 461 3630 melius
487 3572 647 3626 debet
674 3571 849 3624 vivere
870 3566 970 3633 vir,
998 3574 1052 3620 et
1077 3563 1380 3634 praecedere
1406 3562 1459 3616 in
1490 3558 1735 3615 omnibus
1764 3560 1855 3614 bo~

267 3668 349 3721 nis
388 3665 543 3719 factis
588 3677 808 3717 uxorem
848 3674 1033 3723 suam;
1068 3667 1124 3711 ut
1166 3656 1252 3711 illa
1294 3653 1527 3709 imitetur
1557 3652 1760 3718 virum,
1804 3660 1858 3708 et

270 3768 525 3828 sequatur
548 3765 703 3823 caput
730 3767 903 3807 suum.
933 3748 1211 3817 Quomodo
1240 3754 1396 3816 caput
1426 3746 1675 3801 Ecclesia:
1704 3744 1859 3800 Chri-

270 3860 383 3915 stus
422 3860 537 3911 est,
569 3856 623 3902 et
652 3846 753 3901 hoc
777 3845 993 3915 jubetur
1024 3841 1277 3916 Ecclesiae
1322 3848 1378 3893 ut
1421 3847 1671 3910 sequatur
1700 3846 1859 3909 caput

270 3914 459 4009 Suum,
506 3951 560 3995 et
596 3948 656 3993 ut
700 3914 793 4008 per
835 3936 1053 4006 vcstigia
1102 3914 1337 3989 ambulet
1374 3933 1561 4003 capitis
1602 3933 1683 3989 sui
1722 3950 1736 3986 :
1779 3932 1857 3989 sic

270 4036 689 4105 uniuscujusque
719 4032 909 4087 domus
939 4030 1096 4085 habet
1119 4039 1275 4100 caput
1304 4029 1496 4094 virum,
1526 4036 1579 4083 ct
1607 4037 1856 4098 tanquam

271 4142 464 4198 corpus
492 4126 513 4156 ⁸
558 4126 808 4180 feminam
841 4121 1068 4195 (Ep/ica.
1097 4137 1153 4186 v,
1182 4120 1310 4192 25).
1343 4121 1457 4188 Quo
1489 4130 1645 4191 caput
1676 4120 1853 4188 ducit,

272 4219 395 4275 illuc
420 4217 582 4273 debet
623 4230 818 4285 corpus
852 4213 1021 4283 sequi.
1052 4212 1225 4280 Quare
1253 4227 1378 4283 ergo
1406 4212 1514 4265 vult
1540 4221 1698 4281 caput
1734 4211 1851 4280 ire,

271 4326 373 4381 quo
403 4326 511 4364 non
543 4308 657 4362 vult
686 4317 740 4361 ut
767 4320 959 4376 corpus
988 4305 1276 4374 sequatur?
1305 4306 1479 4370 Quare
1506 4304 1617 4359 vult
1649 4301 1727 4360 ire
1752 4305 1853 4372 vir,

270 4421 375 4482 quo
409 4421 517 4459 non
548 4404 662 4457 vult
702 4411 757 4455 ut
794 4416 927 4455 uxor
954 4398 1242 4469 sequatur?
1274 4398 1398 4453 lltec
1416 4398 1652 4468 jubendo
1678 4414 1856 4457 sermo

269 4493 361 4552 Dei
390 4495 728 4551 adversarius
747 4503 847 4547 est.
871 4491 1066 4547 Nolunt
1089 4492 1229 4545 enim
1259 4490 1499 4544 homines
1523 4489 1698 4547 facere
1715 4491 1856 4561 quod

269 4592 381 4646 Vult
408 4606 590 4647 sermo
620 4589 727 4643 Dei.
760 4588 829 4640 Et
870 4586 994 4656 quid
1025 4585 1197 4640 dicam
1221 4625 1237 4651 ,
1262 4585 1386 4654 quia
1414 4584 1750 4641 adversarius
1772 4593 1857 4641 est

267 4698 447 4739 sermo
472 4682 590 4743 Dei,
617 4680 865 4752 quoniam
883 4677 1068 4749 jubet?
1100 4677 1285 4733 Timeo
1310 4692 1377 4731 ne
1400 4691 1498 4746 ego
1522 4678 1637 4746 ipse
1662 4677 1853 4734 adver-

266 4782 443 4836 sarius
470 4778 573 4833 sim
604 4775 941 4845 quibusdam,
967 4774 1088 4843 quia
1121 4771 1235 4826 haec
1266 4772 1473 4841 loquor.
1502 4771 1637 4838 Quid
1666 4773 1733 4827 ad
1770 4787 1857 4828 me

265 4871 537 4945 pertinet?
580 4869 793 4925 Fortem
826 4883 909 4927 me
953 4867 1108 4923 faciat
1147 4866 1235 4936 qui
1279 4872 1443 4921 terret
1482 4874 1538 4921 ut
1564 4866 1766 4935 loquar,
1802 4875 1858 4925 ut

266 4978 373 5024 non
400 4967 620 5019 timeam
650 4961 897 5033 querelas
923 4961 1217 5015 hominum.
1246 4959 1377 5015 Nam
1419 4960 1508 5030 qui
1548 4960 1734 5017 nolunt
1763 4977 1855 5016 cae

264 5059 503 5115 nitatem
536 5071 751 5111 servare
789 5054 1041 5109 uxoribus
1070 5052 1180 5108 suis
1223 5053 1313 5121 (et
1346 5051 1616 5107 abundant
1658 5052 1854 5123 tales),

326 5170 345 5199 ι
373 5168 451 5217 sic
468 5166 690 5215 melioris
709 5172 838 5215 notae
862 5173 966 5215 Mss.
992 5164 1078 5215 Alii
1095 5176 1213 5214 vero
1226 5174 1337 5215 cum
1359 5162 1521 5224 editis,
1544 5169 1588 5214 et
1610 5175 1732 5215 unus
1750 5164 1859 5215 cum

267 5236 518 5351 Νξῒέίιὶιὶ,
539 5287 591 5342 in
623 5289 903 5342 Nemneniis.
930 5291 1101 5339 Verius
1127 5286 1469 5355 a_liquot_ltlss.,
1504 5286 1553 5338 in
1588 5289 1855 5355 ma’nianis.

265 5354 336 5403 sic
359 5366 498 5403 enttn
522 5355 570 5403 in
593 5360 726 5403 Joan.
752 5360 951 5415 Evang.,
978 5357 1114 5401 tract.
1137 5352 1187 5410 5,
1214 5351 1274 5399 ⁷η.
1302 5351 1361 5399 19
1382 5362 1398 5415 γε
1434 5370 1454 5398 α
1474 5356 1655 5409 Quamo
1686 5354 1861 5405 melius

270 5432 293 5460 ι
317 5415 517 5481 femina:
540 5429 712 5481 eorum
734 5414 899 5481 lanam
916 5416 1148 5481 iacerent,
1175 5427 1318 5481 quam
1341 5414 1423 5463 illo
1444 5414 1589 5481 dicit]
1615 5419 1861 5481 mandantis

270 5495 296 5525 ι
312 5477 593 5539 saltarent?
611 5496 631 5535 ξ
656 5486 724 5539 De
740 5479 927 5539 sabbati
943 5491 1059 5527 vero
1073 5472 1411 5539 observatione
1423 5472 1594 5537 similia
1616 5480 1856 5539 reperies,

455 5532 560 5601 2lh
593 5534 830 5591 Psalmttin
860 5532 943 5601 32,
980 5540 1125 5589 serm.
1168 5532 1224 5599 l,
1262 5548 1311 5587 n.
1349 5539 1408 5601 6;
1460 5534 1509 5588 et
1545 5539 1592 5586 in
1630 5532 1861 5591 l’SLlittltll‘ti

262 5599 355 5735 9.?
374 5600 575 5735 gicgtim.
598 5670 650 5735 et
670 5666 779 5735 uss.
808 5660 862 5735 at
878 5671 958 5735 gr.
983 5670 1035 5715 et
1054 5670 1185 5735 pou,
1212 5662 1451 5735 pt'azrcdtt
1470 5670 1537 5735 te.
1636 5726 1639 5727 ν
1714 5732 1717 5733 ν

296 5725 451 5842 ἑξῆς
471 5726 571 5777 Am.
597 5732 648 5777 et
671 5722 856 5792 aliquot
877 5722 969 5779 MSS
1020 5722 1072 5776 at
1095 5722 1181 5776 Er.‘
1199 5722 1247 5777 et
1281 5732 1409 5787 l.0\'.,
1433 5732 1477 5777 ct
1501 5726 1725 5790 tan/[naui
1758 5745 1862 5781 rar-

1964 394 2151 449 nolunt
2194 396 2280 450 me
2326 397 2426 453 ista
2474 398 2670 456 dicere.
2719 400 2823 459 Sed
2861 406 3023 461 velint
3068 406 3264 474 nolint,
3310 409 3549 471 dicturus

1960 500 2099 541 smn.
2127 486 2183 542 Si
2222 488 2362 543 enim
2396 504 2493 544 vos
2535 509 2639 548 non
2679 496 2934 551 exhortor
2973 509 3033 553 ut
3073 515 3195 555 cum
3236 502 3547 563 adversario

1956 579 2320 645 ‘concordetis,
2351 596 2448 653 ego
2469 598 2589 637 cum
2614 585 2704 640 illo
2730 588 2781 641 in
2808 588 2901 643 lite
2929 593 3237 647 remanebo.
3266 596 3366 661 Qui
3396 598 3548 657 vobis

1959 671 2108 742 jubet
2140 682 2195 727 ut
2212 674 2439 741 faciatis,
2470 676 2584 746 ipse
2602 679 2754 735 nobis
2777 682 2923 751 jubet
2951 693 3009 738 ut
3032 672 3330 756 loquamur.
3354 688 3412 743 6i
3434 690 3547 746 non

1957 762 2202 820 faciendo
2229 766 2366 836 qttod
2395 767 2545 837 jubet
2568 777 2626 824 ut
2644 770 2847 827 faciatis
2867 816 2880 838 ,
2913 775 3201 832 adversarii
3239 780 3354 850 ejus
3380 781 3548 855 estis;

1957 872 2064 911 non
2091 857 2317 913 dicendo
2346 860 2488 931 quod
2527 861 2680 933 jubet
2711 868 2768 919 ut
2796 865 3069 938 dicamus,
3102 871 3390 929 adversarii
3424 875 3546 946 ejus

1958 953 2373 1008 remanebimus.

2031 1063 2257 1120 CAPUT
2297 1052 2384 1121 iV.
2413 1098 2482 1106 —
2510 1067 2563 1122 4.
2592 1066 2857 1139 Numquid
2890 1071 2941 1125 iri
2974 1070 3200 1140 eteteris',
3230 1072 3346 1145 quc'e
3377 1088 3540 1147 snpra

1956 1152 2090 1220 dixi,
2122 1156 2303 1211 multis
2331 1158 2641 1214 immoratus
2669 1161 2824 1214 sum?
2862 1152 2972 1217 iioc
3003 1164 3141 1218 enim
3175 1168 3540 1234 prazsumimus

1960 1246 2027 1301 de
2067 1248 2332 1304 (maritale
2376 1254 2586 1316 vestra,
2632 1253 2754 1323 quia
2799 1254 2960 1309 tinam
3003 1255 3165 1310 Demn
3213 1258 3403 1312 colitis.
3432 1259 3545 1316 lloc

1962 1340 2329 1409 prassumimus
2356 1341 2420 1397 de
2450 1336 2552 1399 lide
2576 1345 2853 1411 catholica,
2888 1362 3005 1417 qua:
3036 1347 3085 1401 in
3113 1348 3261 1402 vobis
3290 1356 3390 1414 est,
3421 1352 3543 1421 quia

1960 1424 2151 1493 Filium
2186 1430 2276 1489 Dei
2304 1436 2560 1506 aequalem
2582 1436 2798 1495 creditis
2823 1440 2966 1494 Patri
2986 1460 3011 1519 ιε
3044 1458 3140 1497 nec
3163 1442 3215 1496 in
3239 1456 3427 1495 vanum
3454 1457 3546 1498 ac-

1959 1526 2133 1596 cipitis
2165 1544 2357 1585 nomen
2389 1531 2595 1586 Domini
2620 1526 2710 1587 Dei
2736 1534 2915 1597 vestri,
2948 1545 2999 1588 ιιι
3024 1535 3220 1607 putetis
3245 1540 3544 1592 creaturam

1961 1634 2077 1672 esse
2110 1618 2300 1675 Filium
2348 1622 2460 1676 Dei.
2509 1624 2768 1690 Quoniam
2819 1627 2992 1683 omnis
3041 1635 3279 1683 creatura
3328 1628 3548 1683 vanitati

1962 1709 2197 1781 subjecta
2230 1723 2310 1767 est
2338 1712 2512 1784 (Itoni.
2541 1733 2654 1785 vni,
2685 1716 2799 1792 20).
2834 1718 2938 1775 Sed
2968 1716 3185 1775 creditis
3209 1737 3331 1777 eum
3363 1737 3544 1792 :equa-

1961 1802 2064 1858 lem
2091 1804 2231 1859 Patri
2263 1823 2410 1875 esse,
2445 1800 2609 1865 Deum
2641 1810 2705 1866 de
2734 1812 2874 1880 Deo,
2907 1810 3137 1869 Verbum
3166 1815 3304 1887 apud
3336 1806 3499 1871 Deum
3522 1856 3543 1885 ,

1962 1895 2408 1965 Vcrbuchum,
2441 1916 2535 1971 per
2560 1902 2701 1972 quod
2728 1902 2863 1957 facta
2894 1914 3018 1960 sunt
3042 1906 3239 1974 omnia,
3272 1900 3452 1979 lumen
3478 1906 3549 1963 de

1962 1984 2179 2057 lumine,
2211 2002 2536 2048 comtcrnnm
2566 1995 2637 2048 illi
2668 1996 2754 2066 qui
2783 2000 2984 2068 genuit,
3010 2017 3171 2053 unum
3198 2016 3317 2075 cum
3345 1992 3435 2055 illo
3455 2000 3547 2071 qui

1960 2082 2175 2151 genuit;
2209 2093 2261 2137 et
2293 2085 2391 2139 hoc
2420 2084 2652 2141 Verbum
2692 2088 2908 2143 creditis
2953 2090 3302 2162 assumpsisse
3332 2101 3545 2148 creatu-

1958 2192 2103 2243 ram,
2135 2174 2199 2231 de
2225 2177 2427 2248 virgine
2464 2177 2624 2234 Maria
2656 2181 3009 2252 assumpsisse
3049 2184 3421 2239 mortalitatem
3444 2227 3459 2252 ,
3492 2194 3547 2241 et

1966 2281 2178 2335 passum
2212 2267 2373 2323 fuisse
2416 2284 2510 2339 pro
2549 2272 2738 2325 nobis:
2772 2289 2833 2329 ca
2864 2273 3120 2344 legimus,
3153 2285 3207 2331 et
3243 2276 3543 2343 credimus,

1960 2350 2016 2412 ut
2042 2360 2326 2414 salvemur.
2361 2360 2471 2417 Nec
2501 2362 2551 2417 in
2579 2379 2643 2418 eo
2673 2360 2983 2421 immoratus
3012 2384 3163 2434 sum,
3197 2379 3251 2422 ut
3290 2368 3549 2440 quidquid

1960 2436 2161 2531 laeitis,
2196 2469 2291 2522 pro
2333 2469 2429 2525 spe
2474 2448 2647 2510 futura
2697 2440 2917 2512 faciatis.
2958 2458 3090 2514 Novi
3138 2459 3278 2515 enim
3307 2460 3545 2515 omnium

1958 2543 2381 2601 Christianorum
2414 2560 2623 2604 mentes
2648 2550 2714 2605 de
2741 2553 2935 2608 saeculo
2964 2544 3139 2609 futuro
3168 2554 3418 2624 cogitare.
3443 2553 3547 2620 Qui

1959 2638 2099 2690 enim
2146 2654 2247 2692 non
2296 2639 2359 2691 dt-
2392 2638 2568 2693 l‘uturo
2612 2634 2809 2696 Saeculo
2857 2645 3079 2712 cogitat,
3123 2652 3221 2699 nec
3266 2653 3547 2714 prOptcrca

1959 2720 2279 2785 christianos
2305 2741 2405 2796 est,
2439 2741 2497 2785 ut
2518 2732 2566 2786 id
2591 2734 2730 2804 quod
2763 2735 2811 2788 in
2844 2720 2945 2790 line
2973 2736 3113 2792 Deus
3142 2737 3417 2807 promittit,
3451 2752 3545 2793 ac-

1960 2820 2139 2896 cipiat,
2171 2822 2402 2875 nondum
2435 2824 2756 2879 christianus
2780 2834 2880 2880 est.
2913 2825 3096 2896 Neque
3122 2828 3173 2881 in
3199 2843 3262 2882 eo
3295 2829 3547 2883 immora-

1962 2894 2046 2964 lus
2072 2926 2210 2978 smn,
2243 2912 2327 2967 ubi
2358 2912 2484 2967 dicit
2506 2930 2681 2971 sermo
2709 2916 2818 2980 Dei,
2869 2916 3082 2971 Honora
3112 2929 3305 2988 patrem
3332 2930 3468 2975 tuum
3499 2930 3547 2976 et

1960 3012 2169 3075 matrem
2200 3012 2355 3057 tuam.
2386 3004 2531 3059 Multi
2567 3007 2707 3061 enim
2737 3008 3003 3063 honorant
3026 3020 3304 3081 parentes,
3336 3022 3389 3067 et
3424 3028 3546 3068 raro

1961 3095 2263 3153 invenimus
2318 3109 2567 3169 parentes
2623 3094 3013 3171 conquerentes
3074 3104 3141 3160 de
3208 3105 3546 3175 improbitate

1960 3186 2191 3249 ﬁliorum
2215 3204 2230 3254 ;
2263 3191 2503 3258 quamvis
2532 3207 2636 3247 non
2664 3192 2839 3247 desint
2868 3212 2880 3247 :
2917 3195 3011 3249 sed
3039 3204 3214 3250 tamen
3243 3212 3397 3267 quam
3422 3212 3545 3253 raro

1960 3280 2048 3345 lit,
2084 3288 2186 3333 tam
2232 3280 2464 3337 breviter
2506 3284 2831 3339 mouendum
2862 3284 2979 3341 fuit.
3024 3287 3133 3343 Nec
3163 3288 3216 3342 in
3242 3303 3306 3342 eo
3348 3288 3431 3342 ubi
3461 3288 3546 3343 di-

1960 3382 2103 3426 ctum
2136 3381 2245 3439 est,
2281 3374 2403 3429 Non
2442 3377 2665 3442 occides,
2711 3379 2981 3433 immorari
3026 3382 3167 3435 volui
3202 3400 3214 3435 :
3256 3398 3363 3437 non
3402 3383 3545 3437 enim

1961 3465 2121 3520 credo
2149 3482 2266 3522 esse
2305 3467 2393 3521 hic
2431 3469 2639 3525 turbam
2674 3471 3079 3527 homicidarum.
3119 3472 3249 3527 lllud
3276 3489 3403 3529 vero
3430 3490 3545 3533 tua-

1960 3544 2070 3611 lum
2100 3556 2206 3612 late
2237 3574 2458 3629 serpens
2503 3562 2619 3630 plus
2649 3562 2953 3633 occupavit,
2989 3574 3042 3619 et
3082 3564 3133 3619 in
3163 3581 3226 3620 eo
3256 3566 3546 3620 vehemen-

1960 3639 2066 3703 iius
2094 3648 2331 3704 irritatur
2356 3650 2695 3708 adversarius
2720 3654 2807 3709 ille
2828 3696 2843 3721 ,
2876 3655 2965 3725 qni
2992 3655 3110 3710 ideo
3140 3657 3362 3723 clamat,
3392 3666 3449 3711 ut
3475 3657 3550 3713 sit

1961 3742 2242 3813 aliquando
2279 3746 2500 3799 amicus.
2541 3746 2783 3813 Querela:
2821 3750 3143 3817 quotidiana:
3188 3760 3339 3817 sunt,
3373 3767 3546 3821 quan-

1960 3850 2117 3907 quam
2150 3836 2278 3906 ipsae
2309 3836 2518 3891 feminae
2538 3837 2647 3908 jam
2686 3854 2785 3895 nec
2818 3840 3017 3896 audent
3044 3843 3295 3911 conqueri
3323 3843 3390 3901 de
3419 3844 3550 3899 viris

1962 3928 2091 3982 suis.
2125 3926 2197 3981 ita
2226 3927 2480 3983 invadens
2513 3930 2691 3985 omnia
2721 3933 3048 3988 consuetudo
3072 3949 3171 4005 pro
3199 3934 3316 4005 lege
3358 3935 3546 3991 obser-

1962 4030 2133 4089 vatur,
2166 4030 2222 4079 ut
2252 4022 2365 4092 jam
2393 4031 2446 4077 et
2486 4024 2796 4080 mulieribus
2830 4024 2968 4081 forte
3002 4042 3311 4096 persuasum
3341 4028 3444 4093 sit,
3479 4027 3545 4083 li-

1961 4126 2082 4166 cere
2122 4110 2223 4166 hoc
2259 4112 2419 4179 viris,
2466 4128 2572 4168 non
2612 4115 2773 4171 licere
2808 4116 3138 4173 mulieribus.
3184 4117 3370 4175 Solent
3402 4119 3544 4174 enim

1964 4204 2148 4259 audire
2178 4205 2433 4261 adductas
2462 4207 2714 4263 mulieres
2743 4223 2862 4265 esse
2897 4209 2965 4264 ad
3007 4209 3213 4276 forum,
3256 4226 3377 4281 qua:
3411 4212 3551 4269 forte

1963 4312 2081 4351 cum
2110 4298 2281 4353 servis
2306 4298 2533 4353 inventa:
2555 4312 2680 4355 sunt
2706 4318 2718 4352 :
2750 4300 3035 4357 adductum
3060 4302 3233 4357 virum
3258 4303 3322 4357 ad
3348 4304 3545 4373 forum,

1961 4389 2083 4459 quia
2114 4389 2357 4445 inventus
2395 4400 2478 4447 est
2518 4407 2637 4445 cum
2666 4392 2859 4447 ancilla
2889 4409 3015 4461 sua,
3049 4411 3314 4465 nunquam
3356 4396 3548 4453 audie-

1965 4490 2118 4549 runt;
2175 4496 2293 4537 cum
2341 4482 2412 4537 sit
2456 4498 2549 4552 par
2594 4493 2892 4553 peccatum.
2937 4486 2993 4540 In
3044 4497 3262 4561 peccato
3310 4490 3422 4559 pari
3467 4490 3547 4544 in-

1961 4576 2326 4643 nocentiorem
2390 4573 2515 4629 facit
2564 4575 2732 4631 videri
2777 4578 2981 4643 virum,
3039 4594 3143 4635 non
3191 4580 3366 4637 divina
3410 4581 3549 4636 veri-

1964 4674 2064 4732 tas,
2098 4666 2191 4721 sed
2222 4666 2451 4722 liumana
2489 4669 2828 4737 perversitas.
2861 4670 2927 4724 Et
2964 4670 3007 4723 si
3036 4669 3172 4726 forte
3197 4671 3353 4726 hodie
3378 4674 3550 4727 aerio-

1963 4774 2074 4811 rem
2103 4758 2379 4828 quisquam
2407 4774 2595 4829 passus
2623 4759 2779 4815 fuerit
2805 4776 3023 4817 uxorem
3049 4776 3222 4832 suam,
3254 4772 3305 4817 et
3334 4764 3549 4818 liberius

1964 4862 2412 4918 murmur-antem,
2454 4853 2538 4907 cui
2578 4852 2685 4923 jam
2731 4854 3009 4909 videbatur
3036 4856 3155 4925 quia
3187 4856 3379 4921 licebat
3408 4856 3548 4929 viro,

1964 4954 2016 5005 et
2042 4932 2241 4998 audivit
2267 4945 2319 4998 in
2348 4945 2585 5001 Ecclesia
2606 4946 2727 5016 quia
2753 4963 2856 5001 non
2879 4948 3004 5004 licet
3025 4949 3137 5002 viro
3167 4966 3180 5000 :
3210 4948 3255 5003 si
3275 4963 3403 5018 ergo
3420 4962 3548 5018 pou»

1965 5024 2473 5093 susluerituxorem
2496 5040 2877 5097 suamliberius
2894 5040 3025 5113 jam,
3059 5050 3113 5095 ut
3141 5040 3268 5103 dixi,
3304 5057 3551 5107 murmun

1964 5140 2189 5197 rantem,
2222 5141 2275 5185 et
2300 5131 2561 5186 dicentem
2586 5133 2707 5199 sibi,
2739 5133 2855 5188 Non
2881 5134 3003 5205 licet
3030 5132 3169 5202 quod
3197 5133 3357 5199 facis;
3392 5132 3550 5199 simul

1964 5223 2279 5286 audivimus,
2309 5222 2581 5277 christiani
2604 5238 2808 5289 sumus,
2831 5223 2969 5294 quod
2994 5239 3025 5278 a
3052 5239 3137 5279 me
3163 5225 3349 5297 exigis,
3384 5224 3550 5280 redde

1967 5304 2094 5368 mihi
2128 5332 2141 5369 :
2174 5314 2330 5368 ﬁdem
2380 5314 2472 5368 tibi
2518 5316 2720 5380 debeo,
2770 5314 2924 5369 ﬁdem
2970 5314 3099 5369 mihi
3147 5316 3343 5382 debes,
3388 5317 3549 5372 ﬁdem

1966 5404 2178 5463 Christo
2198 5406 2354 5462 ambo
2377 5406 2665 5473 debemus;
2695 5418 2747 5463 et
2772 5404 2815 5463 si
2843 5424 2926 5463 me
2950 5408 3105 5476 fallis,
3130 5402 3233 5467 neu
3262 5402 3400 5468 l'allis
3425 5427 3549 5469 cum

1968 5504 2118 5572 cujus
2168 5519 2385 5570 sumus,
2439 5514 2543 5557 non
2599 5502 2733 5556 l‘a'llis
2778 5504 2899 5557 eum
2944 5503 3030 5574 qui
3074 5504 3175 5561 nos
3224 5504 3371 5583 emit.
3427 5500 3553 5561 Haec

1967 5607 2123 5669 atque
2149 5595 2454 5667 hujusmodi
2496 5595 2715 5650 audiens
2758 5595 2877 5662 ille,
2910 5612 3027 5667 qua:
3069 5614 3171 5653 non
3211 5598 3379 5662 solet,
3423 5597 3554 5653 dum

1971 5702 2074 5744 non
2113 5689 2224 5742 vult
2252 5690 2302 5742 in
2332 5700 2389 5742 se
2420 5686 2528 5741 ﬁeri
2572 5702 2761 5753 sanus,
2792 5688 2843 5742 in‘
2880 5696 2961 5743 me
2986 5690 3040 5742 ﬁt
3072 5687 3317 5756 inSands,
3366 5687 3552 5745 irasci-

1972 5768 2074 5849 inr,
2120 5778 2385 5835 maledicit
2420 5797 2431 5831 :
2464 5778 2706 5836 fortassis
2750 5776 2906 5840 etiam
2944 5780 3111 5847 dicat,
3153 5770 3430 5851 Quomodo
3475 5780 3554 5843 fa-
