4002 6478
454 410 526 476 τε,
810 464 811 467 γ
1292 350 1295 351 7
1475 454 1482 461 .
1591 402 1728 471 ,ε
1771 382 2464 471 ΑυειιετιΝιΕιιιεεοιιι
2727 368 2765 477 ί
3468 438 3495 457 ~
3647 425 3719 485 so

454 548 599 595 ctum
624 543 706 592 est
733 542 791 590 ιιι
829 533 933 590 huc
975 531 1062 588 ille
1092 527 1293 587 veniret
1325 524 1430 599 (a),
1471 532 1564 580 aut
1603 539 1737 581 uxor
1765 540 1880 580 mea
1911 523 2027 594 ipso

453 629 543 685 die
574 630 629 685 in
658 626 935 683 ecclesiam
980 618 1332 694 procederet?
1360 618 1429 674 Et
1453 616 1557 673 hoc
1577 616 1759 686 credo
1792 616 1933 691 quod
1974 616 2029 672 in

452 720 772 793 cogitatione
796 733 890 774 sua
909 716 1083 772 dicat:
1110 729 1233 770 nam
1259 713 1424 768 libere
1450 726 1731 781 erumpere
1755 715 1812 766 in
1842 724 2027 766 vocem

453 828 560 870 non
586 812 774 880 audet,
814 826 915 866 nec
937 817 1063 865 ante
1096 808 1274 877 solam
1303 820 1524 862 uxorem
1562 818 1732 859 suam.
1764 802 2029 858 Fortassis

452 905 595 963 enim
616 904 661 960 si
680 901 933 973 eruperit,
954 909 1008 957 et
1026 900 1127 957 hoc
1144 898 1357 963 dixerit,
1376 905 1552 967 potest
1570 895 1657 951 illa
1680 893 2022 964 respondere,

449 1006 503 1053 et
532 996 711 1052 dicere
737 1012 751 1049 :
784 994 957 1063 Quare
982 991 1285 1057 maledicis,
1306 990 1390 1045 cui
1429 989 1589 1061 paulo
1613 997 1735 1043 ante
1756 988 2024 1043 acclama-

448 1089 576 1144 bas?
600 1087 760 1144 Certe
798 1086 1052 1157 conjuges
1088 1099 1309 1139 sumus:
1340 1098 1459 1138 cum
1505 1082 1682 1152 lingua
1710 1091 1799 1136 tua
1822 1080 2026 1135 discor-

446 1181 559 1246 das,
584 1195 791 1236 mecum
812 1166 1147 1234 concorditer
1162 1174 1428 1247 quomodo
1445 1174 1622 1229 vivere
1641 1172 1874 1243 poteris?
1893 1171 2021 1241 Nos,

448 1270 657 1336 fratres.
688 1269 918 1340 pericula
943 1276 1119 1324 vestra
1146 1267 1436 1333 intuemur,
1463 1280 1572 1321 non
1608 1264 1906 1319 voluntates
1932 1278 2026 1317 vc-

442 1371 582 1417 stras
609 1361 928 1417 attendimus
952 1378 965 1415 :
998 1376 1119 1415 nam
1147 1370 1200 1413 et
1227 1358 1463 1413 medicus
1484 1357 1528 1411 si
1549 1356 1873 1412 voluntatem
1896 1354 2023 1425 aegri

436 1432 701 1519 attendat,
734 1467 1001 1522 nunquam
1026 1451 1173 1505 illum
1199 1460 1369 1505 curat.
1400 1447 1549 1517 Quod
1580 1463 1683 1503 non
1715 1457 1797 1503 est
1824 1447 2023 1502 facien-

445 1542 603 1609 dum,
649 1559 754 1598 non
787 1543 912 1598 ﬁat:
940 1542 1081 1613 quod
1118 1541 1363 1613 prohibet
1403 1540 1574 1603 Deus,
1616 1555 1722 1594 non
1768 1540 1877 1594 fiat.
1922 1539 2020 1607 Qui

383 1680 389 1685 .
434 1633 555 1704 Deo
574 1635 763 1698 credit,
792 1635 860 1689 ab
886 1635 1000 1704 ipso
1027 1634 1171 1688 audit
1199 1631 1341 1704 quod
1369 1630 1614 1686 dicimus.
1644 1630 1801 1686 Certe
1831 1630 2022 1685 melius

434 1700 557 1781 ierat
584 1700 922 1797 quibusdam
948 1700 1246 1781 nolentibus
1274 1724 1501 1793 corrigi,
1555 1732 1613 1778 ut
1647 1723 1730 1777 vel
1774 1722 1878 1777 huc
1914 1738 2019 1776 non

432 1801 761 1883 veniremus,
789 1816 835 1872 si
858 1817 956 1871 ista
987 1816 1176 1872 dicturi
1201 1831 1447 1883 eramus;
1477 1815 1559 1870 vel
1587 1814 1706 1885 quia
1729 1814 1838 1885 jam
1865 1814 2019 1869 veni-

436 1910 580 1973 mus,
613 1922 718 1961 non
743 1922 805 1962 ea
829 1905 1148 1961 diceremus.

430 1982 440 2059 ξ
510 2001 565 2056 5.
593 1978 1028 2055 Nudiustertiano
1050 1999 1138 2054 die
1168 1999 1381 2054 memini
1407 2012 1494 2053 me
1514 1996 1713 2052 dixisse
1741 1995 2020 2053 Sanctitati

440 2078 652 2160 vestrm,
684 2096 806 2166 quia
828 2095 870 2150 si
899 2093 1179 2151 citharoedi
1205 2107 1464 2153 essemus.
1490 2100 1582 2148 aut
1600 2090 1898 2162 hujusmodi
1925 2090 2020 2145 ali-

438 2187 566 2258 quid
615 2187 939 2258 populariter
974 2186 1285 2241 exhibentes
1334 2200 1428 2255 pro
1473 2185 1660 2240 studiis
1705 2184 2019 2255 nugacitatis

438 2289 650 2346 vestrae,
678 2295 795 2350 quae
814 2279 922 2348 jam
947 2292 1252 2351 quaesumus
1275 2284 1332 2330 ut
1355 2276 1685 2346 relinquatis,
1716 2273 2020 2329 tenuissetis

436 2384 563 2430 nos.
595 2378 653 2423 ut
686 2369 934 2424 daremus
958 2369 1107 2423 vobis
1134 2368 1311 2435 diem,
1339 2377 1393 2422 et
1422 2368 1645 2437 quisque
1681 2380 1777 2435 pro
1806 2364 2019 2420 modulo

438 2473 534 2514 suo
557 2459 822 2515 conferret
856 2458 1007 2515 nobis
1046 2457 1579 2537 mercedemaQuare
1623 2457 2018 2511 ambularemus

429 2534 683 2604 delectati
712 2550 863 2604 vanis
888 2549 1110 2604 canticis
1128 2549 1256 2603 nulli
1286 2548 1361 2603 rei
1380 2534 1694 2618 profuturis,
1720 2550 1785 2602 ad
1813 2558 2019 2634 tempus

437 2639 698 2707 dulcibus,
731 2640 783 2695 in
814 2648 1085 2710 posterum
1116 2639 1353 2694 amaris?
1379 2637 1594 2693 Talibus
1619 2639 1816 2693 etenim
1847 2638 2018 2707 turpi-

437 2729 707 2785 tudinibus
731 2732 1036 2785 cantionum
1057 2730 1220 2785 animi
1242 2729 1455 2784 humani
1486 2730 1646 2786 illecti
1675 2739 2013 2795 enervantur,

426 2820 492 2874 et
519 2820 769 2875 decidunt
791 2835 822 2874 a
847 2820 1047 2875 virtute
1067 2861 1081 2885 ,
1120 2820 1415 2875 deﬂuentes
1445 2821 1498 2875 in
1525 2821 1934 2890 turpitudinem;
1964 2830 2019 2877 ει

438 2921 657 2979 propter
684 2912 825 2980 ipsas
850 2911 1203 2980 turpitudines
1233 2920 1414 2979 postea
1442 2912 1677 2965 sentiunt
1697 2912 1930 2975 dolores,
1961 2921 2018 2968 et

436 3014 556 3054 cum
588 3014 776 3070 magna
797 3000 1147 3055 amaritudine
1172 3001 1416 3070 digerunt
1432 3001 1571 3071 quod
1593 3017 1711 3056 cum
1739 3002 2017 3058 dulcedine

435 3091 716 3159 temporali
764 3091 1030 3145 biberunt.
1080 3091 1267 3146 Melius
1315 3107 1441 3160 ergo
1487 3106 1586 3145 nos
1633 3106 1811 3146 amara
1866 3093 2016 3148 vobis

436 3190 711 3236 cantamus
736 3181 802 3235 ad
835 3190 1058 3251 tempus,
1090 3198 1206 3252 quae
1235 3190 1412 3250 postea
1439 3182 1746 3238 dulcescant
1770 3184 1822 3237 in
1844 3184 2014 3240 vobis.

436 3269 545 3325 Nec
568 3270 870 3325 mercedem
893 3265 1122 3341 aliquam
1150 3272 1439 3341 exigimus,
1469 3272 1570 3326 nisi
1597 3282 1650 3326 ιιι
1672 3272 1879 3329 faciatis
1898 3289 2017 3344 quas

438 3361 702 3416 dicimus:
727 3362 836 3416 imo
863 3378 966 3417 non
1008 3362 1212 3418 faciatis
1233 3406 1247 3429 ,
1278 3364 1322 3418 si
1352 3379 1451 3419 nos
1478 3364 1740 3421 dicimus:
1764 3366 1810 3422 si
1838 3376 2014 3422 autem

437 3453 683 3509 omnibus
712 3454 803 3508 ille
827 3454 989 3521 dicit,
1022 3456 1108 3525 qui
1139 3457 1406 3512 neminem
1450 3458 1630 3525 timet,
1657 3469 1709 3513 et
1740 3475 1834 3531 per
1857 3476 2013 3531 quem

433 3544 496 3597 tit
520 3543 572 3598 in
615 3545 830 3600 nomine
859 3546 1026 3615 ipsius
1050 3556 1104 3601 et
1130 3547 1180 3601 in
1219 3547 1382 3617 gloria
1422 3549 1798 3604 misericordias
1827 3551 2011 3622 ipsius,

431 3643 493 3689 ut
541 3643 595 3688 et
642 3649 738 3690 nos
784 3637 1047 3692 neminem
1095 3638 1408 3704 timeamus;
1454 3655 1639 3695 omnes
1682 3642 2010 3712 audivimus,

428 3718 626 3781 omnes
652 3725 927 3795 faciamus,
957 3744 1145 3785 omnes
1172 3745 1294 3785 cum
1334 3742 1516 3788 nostro
1558 3733 1861 3790 adversario
1886 3752 2015 3794 eon-

431 3815 730 3873 cordemus.

419 3930 427 3938 σ
509 3909 563 3963 6.
604 3908 793 3965 Putate
824 3924 911 3964 me
949 3910 1300 3968 citharmdum
1328 3928 1445 3970 esse
1472 3915 1513 3980 ¹;
1544 3916 1669 3986 quid
1694 3917 1841 3974 vobis
1888 3934 2013 3989 pos-

436 4014 554 4053 sum
581 4000 807 4067 amplius
847 4002 1073 4055 canere?
1120 4003 1256 4057 Ecce
1298 4004 1605 4071 psalterium
1659 4005 1793 4073 fero,
1826 4009 2009 4065 decem

439 4089 667 4146 chordas
692 4090 853 4146 habet
885 4109 899 4145 :
928 4091 1030 4148 hoc
1054 4108 1147 4148 vos
1185 4096 1343 4165 paulo
1392 4105 1517 4152 ante
1546 4099 1817 4167 cantastis,
1853 4109 2008 4156 ante-

433 4195 592 4250 quam
650 4181 938 4251 inciperem
992 4183 1166 4253 loqui;
1216 4184 1410 4239 chorus
1455 4202 1606 4243 meus
1656 4205 1750 4243 vos
1812 4190 2004 4248 fuistis.

506 4272 730 4328 CAPUT
754 4272 1077 4329 V.—Noune
1105 4291 1198 4329 vos
1216 4276 1376 4345 paulo
1399 4286 1523 4333 ante
1554 4282 1823 4347 cantastis,
1845 4281 2004 4353 Deus,

432 4364 681 4418 canticum
708 4365 1112 4419 novum'cantabo
1133 4366 1254 4432 tibi,
1274 4368 1326 4420 in
1347 4369 1581 4439 psalteiio
1606 4371 1774 4426 decem
1793 4373 2007 4428 chorda-

429 4446 541 4510 rum
558 4457 772 4528 psallam
785 4457 873 4512 tibi
897 4457 1264 4528 (Psal.cx1.m,
1283 4460 1369 4529 9)?
1398 4461 1544 4530 ipsas
1567 4463 1750 4519 decem
1781 4465 2008 4524 chordas

362 4568 370 4573 ·
430 4548 592 4603 modo
608 4550 861 4618 percutio.
881 4548 1053 4617 Quare
1066 4566 1246 4607 amara
1258 4562 1339 4607 est
1356 4569 1454 4607 vox
1471 4555 1705 4624 psalterii
1717 4557 1837 4613 Dei?
1853 4558 2007 4614 Psal-

431 4648 536 4697 lam
563 4640 651 4694 tibi
676 4643 728 4694 in
757 4643 998 4714 psalterio
1018 4643 1190 4698 decem
1212 4646 1535 4701 chordarum.
1572 4649 1686 4705 Non
1711 4653 1859 4707 vobis
1905 4654 2006 4712 hoe

417 4742 608 4798 "canto,
634 4733 772 4803 quod
813 4748 908 4788 vos
932 4750 1037 4789 non
1085 4735 1304 4791 faciatis.
1346 4737 1637 4811 Decalogus
1681 4744 1820 4798 enim
1850 4744 2005 4817 Legis

433 4828 615 4883 decem
674 4837 944 4901 praecepta
994 4832 1150 4887 habet
1185 4851 1338 4903 :quae
1387 4835 1569 4894 decem
1625 4853 1883 4913 praecepta
1925 4846 2004 4903 sic

431 4928 557 4974 sunt
573 4919 874 4988 distributa,
903 4931 964 4977 ut
986 4924 1083 4978 tria
1109 4926 1411 4995 pertineant
1447 4929 1512 4984 ad
1559 4931 1744 5001 Deum,
1798 4945 1999 5007 septem

432 5013 737 5083 pertineant
760 5016 828 5070 ad
854 5015 1116 5072 homines.
1146 5018 1266 5073 Tria
1283 5021 1348 5075 ad
1374 5021 1554 5089 Deum,
1585 5040 1702 5095 qua:
1724 5028 1834 5097 jam
1861 5029 1995 5085 dixi:

430 5105 578 5161 Unus
605 5117 687 5163 est
710 5108 849 5164 Deus
872 5118 1073 5175 noster.
1087 5111 1135 5166 ei
1163 5114 1357 5169 nullam
1384 5116 1777 5175 similitudinem
1800 5123 1820 5153 ³
1840 5121 2000 5179 debe-

429 5212 551 5253 mus
576 5198 785 5268 facere,
836 5212 890 5258 ει
922 5218 1026 5258 non
1080 5204 1325 5260 fornicari
1369 5217 1485 5277 post
1515 5209 1702 5279 Deum,
1729 5214 1817 5283 qui
1862 5231 1999 5272 unus

429 5298 513 5345 est
541 5292 699 5360 :quia
729 5292 869 5348 Deus
889 5293 910 5325 ³
940 5304 995 5350 ει
1021 5295 1264 5352 Christus
1284 5297 1446 5352 Filius
1465 5301 1557 5357 Dei
1588 5318 1745 5358 unum
1774 5315 1854 5362 est
1875 5324 1995 5364 cum

485 5403 503 5435 ⁸
526 5410 628 5454 Duo
649 5413 754 5456 Mss.
778 5420 791 5456 :
818 5414 985 5460 Putate
1005 5422 1081 5461 me
1102 5409 1233 5462 diem
1249 5411 1457 5474 dedisse,
1481 5422 1644 5480 putate
1664 5431 1739 5470 me
1770 5420 1995 5474 eiurari:-

418 5464 538 5515 dttm
557 5478 677 5515 esse.
702 5476 799 5515 etc.

455 5477 538 5514 ιιπι
557 5478 677 5519 esse.
702 5476 799 5519 etc.

412 5502 896 5591 ."iiiér'iéuﬁiss,
918 5536 966 5581 et
984 5531 1168 5584 nullam

486 5588 1137 5659 f§i¢FS&_&!iti'Yero,_,md
1162 5588 1341 5649 om:
1802 5646 1805 5649 .

482 5649 865 5729 taitjiucfacile
902 5649 1157 5729 intelligas
1179 5673 1454 5729 sermonem
1484 5665 1546 5729 ab
1576 5671 1836 5729 Augustino
1857 5670 1993 5723 habi-

419 5719 521 5795 tum
556 5726 690 5795 esse;
702 5715 752 5764 in
790 5714 958 5795 aliena
984 5714 1213 5795 ecclesia,
1241 5722 1373 5795 forte
1401 5728 1533 5795 apud
1559 5714 1988 5795 m‘tiigiﬁéisé':

419 5775 1154 5860 °§£t53§9id323e£3§lmare?
1175 5775 1299 5852 tedis
1546 5775 1992 5860 ct'iiéiiiéuli'ifi

420 5837 596 5907 quibus
615 5840 792 5902 passim
811 5837 1007 5894 revocat
1027 5843 1163 5895 intra.

2141 524 2320 584 Patre.
2344 529 2409 584 Et
2439 531 2560 587 ideo
2583 546 2689 589 non
2734 532 2892 592 debet
2929 549 2960 592 a
2990 537 3145 595 nobis
3198 537 3364 612 accipi
3406 541 3460 598 in
3496 557 3713 615 vanum,

2136 627 2192 673 ut
2216 630 2464 690 putemus
2492 638 2613 681 eum
2660 625 2877 697 factum,
2905 629 2959 685 id
2999 640 3420 698 est,creaturam
3459 636 3712 710 aliquam,

2132 724 2229 778 per
2271 728 2429 783 quem
2460 714 2594 771 facta
2639 728 2765 773 sunt
2810 721 2985 776 omnia
3018 741 3032 777 :
3063 724 3183 794 quia
3223 724 3337 797 ipse
3386 743 3522 784 unus
3548 730 3709 799 Deus,

2131 800 2290 859 Pater
2312 816 2393 861 est
2417 816 2471 862 et
2491 808 2653 865 Filius
2691 821 2746 867 et
2771 812 3002 882 Spiritus
3021 826 3253 873 sanctus.
3280 818 3336 873 In
3368 818 3569 889 Spiritu
3597 837 3714 879 sau-

2132 902 2239 961 cto,
2263 894 2364 952 hoc
2388 907 2501 966 est,
2535 900 2590 955 in
2619 901 2761 958 dono
2800 904 2916 971 Dei,
2948 906 3160 976 requies
3206 909 3359 965 nobis
3387 913 3710 984 sempiterna

2129 987 2475 1053 promittitur.
2513 991 2639 1048 Inde
2687 994 2847 1052 modo
2875 997 3064 1068 pignus
3093 1002 3415 1070 accepimus.
3439 1003 3527 1058 Sic
3564 1006 3707 1061 enim

2128 1076 2257 1132 dicit
2303 1081 2588 1149 Apostolus
2622 1085 2762 1153 :Qui
2821 1088 2957 1142 dedit
3000 1091 3143 1145 nobis
3186 1092 3368 1163 pignus
3416 1094 3707 1167 Spiritum‘

2128 1169 2197 1238 (ll
2223 1170 2520 1249 Cor.1,29.).
2553 1176 2609 1231 Si
2637 1178 2827 1250 pignus
2862 1182 3183 1254 accepimus,
3216 1194 3273 1240 ut
3311 1186 3624 1257 incipiamus
3653 1191 3707 1247 in

2128 1262 2353 1320 Domino
2379 1276 2433 1323 et
2462 1269 2513 1323 in
2539 1271 2650 1326 Deo
2681 1282 2865 1330 nostro
2893 1277 3163 1348 tranquilli
3192 1294 3333 1346 esse,
3364 1290 3421 1336 ut
3456 1284 3624 1360 simus
3653 1285 3706 1341 in

2130 1353 2243 1409 Dco
2262 1367 2443 1413 nostro
2455 1361 2632 1428 mites,
2653 1364 2818 1419 simus
2832 1365 2886 1420 in
2907 1366 3014 1422 Deo
3028 1369 3307 1439 patientes;
3323 1374 3521 1431 erimus
3547 1353 3707 1431 etiam

2127 1444 2177 1499 in
2194 1446 2283 1501 illo
2301 1448 2439 1504 unde
2458 1450 2644 1521 pignus
2660 1456 2981 1525 accepimus,
2996 1458 3051 1513 in
3067 1469 3324 1517 aeternum
3352 1465 3534 1535 quieti;
3565 1468 3706 1538 quod

2124 1538 2226 1593 erit
2263 1539 2538 1597 sabbatum
2592 1546 2952 1615 sabbatorum,
2997 1562 3214 1621 propter
3253 1554 3422 1624 ipsam
3466 1558 3705 1626 requiem

2124 1628 2476 1698 pertinentem
2498 1634 2563 1688 ad
2591 1634 2787 1698 donum
2817 1637 3045 1709 Spiritus
3089 1645 3282 1699 sancti.
3314 1645 3552 1704 Tertium
3600 1650 3705 1705 ita-

2123 1734 2227 1811 que
2247 1734 2567 1793 prmceptum
2589 1726 2656 1783 de
2675 1730 2916 1796 sabbato,
2940 1734 3082 1803 quod
3120 1735 3371 1804 diximus,
3402 1741 3545 1811 quod
3582 1758 3704 1799 car-

2123 1810 2316 1866 naliter
2339 1812 2505 1870 Judaei
2531 1818 2824 1885 celebrant,
2849 1837 2947 1877 nos
2968 1824 3319 1894 spiritualiter
3330 1810 3700 1900 agnoscamus.

2122 1899 2254 1956 Nam
2302 1906 2422 1974 quia
2465 1907 2694 1976 Spiritus
2731 1923 2944 1970 sanctus
2988 1916 3188 1973 dicitur
3206 1921 3248 1987 ³,
3295 1899 3578 1992 propterea
3617 1941 3705 1979 se-

2124 1992 2347 2062 ptimum
2383 1996 2523 2053 diem
2552 2001 2897 2059 sanctiﬁcavit
2927 2005 3085 2074 Deus,
3115 2009 3329 2080 quando
3366 2011 3489 2069 fecit
3525 2015 3704 2072 omnia

2123 2098 2283 2154 opera
2305 2101 2421 2152 sua,
2450 2089 2586 2144 sicut
2629 2092 2680 2145 in
2708 2091 2898 2149 Genesi
2942 2098 3196 2167 scriptum
3219 2096 3461 2172 legimus.
3488 2103 3603 2159 Non
3631 2105 3704 2162 ibi

2124 2171 2289 2228 habes
2330 2178 2654 2234 nominatam
2705 2184 3199 2256 sanctiﬁcationem,
3227 2171 3328 2245 nisi
3368 2191 3459 2247 illo
3503 2194 3588 2250 die
3612 2196 3705 2252 ubi

2122 2261 2331 2331 dicitur,
2395 2267 2657 2338 Requievit
2698 2271 2832 2328 Deus
2873 2277 2936 2330 ab
2978 2278 3212 2348 operibus
3240 2282 3364 2337 suis.
3400 2283 3517 2339 Non
3558 2287 3702 2343 enim

2124 2353 2375 2426 fatigatus
2402 2366 2519 2413 erat
2556 2360 2719 2430 Deus,
2758 2374 2817 2419 ut
2856 2365 3144 2437 diceretur,
3176 2371 3435 2444 Requievit
3459 2375 3600 2432 Deus
3638 2380 3704 2434 ab

2121 2449 2355 2517 operibus
2381 2453 2487 2507 suis
2519 2453 2684 2525 (Gen.
2715 2474 2771 2524 ιι,
2805 2458 2880 2532 5)
2914 2480 2928 2515 :
2962 2462 3056 2518 sed
3083 2464 3135 2519 in
3172 2466 3265 2520 illo
3290 2468 3454 2525 verbo
3489 2470 3583 2527 tibi
3623 2472 3703 2527 la-

2120 2539 2327 2597 boranti
2366 2546 2601 2615 requiem
2649 2552 2921 2619 promisit;
2953 2564 3010 2609 ut
3036 2556 3160 2626 quia
3181 2557 3307 2614 fecit
3345 2562 3522 2617 omnia
3558 2563 3701 2621 bona

2123 2632 2293 2700 valde,
2323 2635 2473 2707 etsic
2492 2635 2701 2703 dicitur,
2733 2639 2992 2712 Requievit
3034 2643 3193 2713 Deus,
3235 2649 3501 2722 intelligas
3538 2655 3699 2710 etiam

2122 2731 2174 2780 te
2197 2736 2319 2797 post
2341 2727 2479 2783 bona
2507 2746 2663 2801 opera
2687 2735 3068 2806 requieturum,
3097 2748 3150 2794 et
3169 2742 3285 2798 sine
3302 2743 3406 2801 ‘ine
3426 2748 3700 2817 requietu-

2120 2829 2259 2869 rum.
2290 2816 2422 2884 Nam
2453 2821 2629 2876 omnia
2655 2825 2927 2893 superiora
2973 2843 3089 2897 quae
3115 2829 3254 2885 dicta
3307 2846 3451 2902 sunt,
3476 2816 3553 2891 .id
3592 2847 3698 2910 est,

2120 2903 2233 2959 dies
2260 2907 2562 2977 superiores
2592 2911 2788 2967 habent
2814 2930 3089 2985 vesperam
3118 2938 3132 2973 :
3161 2922 3418 2991 septimus
3445 2925 3547 2980 iste
3581 2903 3700 2984 dies

2121 3010 2226 3050 non
2256 2996 2417 3053 habet
2435 3016 2731 3073 veSperam,
2767 3006 2854 3061 ubi
2881 3008 3021 3066 Deus
3049 3014 3402 3073 sanctificavit
3431 3022 3693 3091 requiem.

2122 3087 2324 3144 Dicitur
2353 3091 2445 3157 ibi,
2478 3092 2697 3148 Factum
2725 3108 2810 3152 est
2831 3114 3007 3166 mane,
3041 3113 3098 3157 ut
3128 3104 3385 3176 inciperet
3416 3087 3528 3180 ipse
3557 3111 3695 3191 dicis.

2120 3178 2235 3235 Non
2261 3181 2457 3236 dictum
2485 3193 2585 3252 est,
2611 3184 2829 3242 Factum
2851 3199 2933 3244 est
2953 3207 3194 3263 vespere,
3220 3208 3275 3252 ut
3292 3178 3694 3262 tinireturdies:

2120 3269 2212 3325 sed
2244 3269 2443 3327 dictum
2469 3281 2572 3340 est,
2606 3274 2822 3330 Factum
2845 3288 2928 3334 est
2950 3296 3127 3350 mane,
3155 3295 3211 3341 ut
3251 3288 3401 3345 ﬁeret
3443 3292 3558 3348 sine
3590 3293 3698 3351 line

2119 3361 2253 3418 dies.
2283 3363 2371 3419 Sic
2401 3365 2585 3437 incipit
2628 3382 2757 3438 ergo
2802 3373 3014 3440 requies
3050 3386 3252 3441 nostra.
3298 3382 3446 3450 quasi
3490 3400 3645 3441 mane
3678 3403 3693 3441 :

2119 3454 2213 3510 sed
2238 3471 2344 3510 non
2370 3456 2567 3525 finitur,
2621 3459 2744 3528 quia
2774 3460 2826 3515 in
2853 3472 3112 3521 aeternum
3156 3468 3413 3527 vivemus.
3443 3474 3523 3528 Ad
3558 3474 3698 3534 hanc

2118 3562 2267 3617 spem
2296 3548 2547 3619 quidquid
2589 3551 2811 3607 facimus
2835 3539 2878 3608 si
2921 3555 3163 3628 facimus,
3203 3563 3481 3621 sabbatum
3510 3570 3697 3626 obser-

2116 3653 2324 3694 vamus.
2348 3640 2462 3710 ipsa
2491 3651 2572 3696 cst
2594 3643 2747 3697 tertia
2777 3643 2974 3701 chorda
3008 3649 3163 3720 hujus
3190 3653 3449 3728 decalogi,
3500 3661 3552 3716 id
3573 3671 3691 3732 est,

2116 3732 2352 3801 psalterii
2409 3732 2729 3789 decacbordi
2761 3752 2775 3788 :
2806 3735 2859 3792 in
2909 3741 3077 3796 tribus
3143 3745 3285 3800 enim
3352 3751 3568 3809 chordis
3623 3755 3692 3812 ad

2118 3823 2284 3878 Deum
2306 3826 2572 3894 pertinent
2599 3838 2881 3900 praecepta.

2114 3904 2121 3937 ⁵
2185 3914 2409 3972 CAPUT
2439 3917 2527 3971 Vl.
2552 3949 2625 3959 —
2652 3920 2703 3973 7.
2744 3918 2800 3975 Si
2838 3921 3105 3981 diceretur
3135 3928 3309 3998 nobis,
3336 3930 3531 4005 Diliges
3576 3933 3691 3991 Do-

2112 4008 2307 4063 minum
2332 4007 2496 4063 Deum
2516 4019 2656 4065 tuum
2684 4029 2746 4068 ea:
2773 4022 2876 4070 toto
2901 4019 3052 4073 corde
3080 4029 3181 4087 tuo,
3213 4032 3260 4076 et
3285 4039 3348 4077 ea:
3391 4034 3494 4080 tota
3517 4027 3691 4085 anima

2112 4107 2218 4166 tua,
2253 4108 2383 4155 etea:
2410 4109 2514 4155 tota
2549 4113 2712 4158 mente
2745 4117 2852 4174 tua,
2882 4118 2935 4164 et
2960 4109 3025 4166 de
3051 4116 3293 4183 proximo
3330 4126 3514 4173 nostro
3557 4119 3689 4176 nihil

2110 4190 2397 4259 diceretur,
2424 4209 2529 4248 non
2568 4210 2713 4255 esset
2755 4198 3163 4270 decacbordum,
3192 4205 3285 4260 sed
3336 4208 3686 4267 trichordum.

2116 4280 2249 4349 Quia
2296 4298 2426 4339 vero
2476 4286 2678 4343 addidit
2726 4289 3002 4358 Dominus,
3058 4291 3127 4347 Et
3183 4295 3359 4368 diliges
3400 4301 3689 4370 proximum

2115 4380 2258 4426 tuum
2300 4382 2535 4445 tanquam
2564 4386 2611 4431 te
2635 4380 2840 4451 ipsum;
2886 4391 2941 4436 et
2973 4387 3483 4457 contexuitdicens,’
3507 4389 3576 4446 In
3605 4393 3688 4449 his

2111 4463 2309 4519 duobus
2328 4469 2588 4539 praeceptis
2609 4479 2713 4524 tota
2735 4471 2844 4527 Lex
2865 4474 3044 4543 pendet
3069 4485 3114 4530 et
3138 4475 3406 4549 Propheta:
3442 4484 3461 4554 (
3495 4483 3683 4542 Matth.

2115 4569 2247 4623 xxu,
2279 4556 2465 4628 3740)
2490 4576 2502 4611 :
2529 4569 2634 4614 tota
2674 4561 2784 4617 Lex
2825 4564 2878 4617 in
2921 4564 3126 4620 duobus
3171 4573 3449 4641 praeceptis
3484 4585 3583 4642 est,
3629 4577 3685 4634 in

2109 4643 2392 4703 dilectione
2420 4648 2515 4704 Dei
2557 4660 2612 4705 et
2653 4651 2934 4709 dilectione
2972 4657 3227 4724 proximi;
3257 4660 3323 4715 ad
3361 4662 3467 4719 duo
3508 4666 3685 4738 itaque

2111 4747 2397 4808 praecepta,
2431 4740 2482 4793 id
2507 4751 2609 4807 est,
2639 4743 2704 4797 ad
2730 4742 3067 4799 dilectionem
3113 4747 3205 4802 Dei
3236 4759 3289 4804 et
3303 4755 3529 4820 proximi
3558 4773 3684 4827 per-

2108 4830 2243 4884 tinet
2264 4831 2572 4903 decalogus.
2603 4834 2683 4890 Ad
2709 4839 2939 4908 primum
2976 4849 3298 4910 praeceptum
3321 4852 3429 4902 tres
3467 4848 3685 4909 chordae

2106 4922 2390 4990 pertinent,
2417 4925 2538 4993 quia
2575 4925 2715 4981 Deus
2753 4938 2837 4983 est
2880 4930 3128 4988 Trinitas.
3167 4935 3247 4991 Ad
3289 4938 3513 4995 alterum
3555 4958 3685 5000 vero

2108 5023 2451 5084 praeceptum,
2485 5013 2539 5068 id
2582 5027 2685 5082 est,
2710 5017 2776 5073 ad
2807 5019 3144 5080 dilectionem
3180 5029 3434 5097 proximi,
3474 5042 3680 5102 septem

2103 5105 2317 5162 chorda:
2346 5124 2360 5163 :
2388 5108 2656 5178 quomodo
2696 5110 2903 5167 vivatur
2924 5112 3064 5171 inter
3103 5116 3362 5176 homines.
3394 5122 3525 5178 Nam
3567 5126 3684 5195 ipse

2105 5215 2358 5255 numerus
2389 5203 2740 5271 septenarius,
2778 5215 3031 5280 tanquam
3080 5222 3282 5282 septem
3335 5214 3678 5287 chordarum,

2102 5289 2289 5369 incipit
2314 5290 2382 5345 ab
2408 5289 2613 5347 honore
2635 5304 2913 5364 parentum
2944 5320 2959 5353 :
2986 5299 3198 5355 Honora
3232 5312 3426 5372 patrem
3458 5316 3597 5382 tuum
3634 5318 3683 5365 et

2102 5366 2312 5435 matrem
2342 5391 2481 5436 tuam
2502 5381 2522 5456 (
2542 5382 2707 5440 Exod.
2736 5404 2826 5453 xx,
2857 5390 2964 5460 12).
2996 5391 3075 5447 Ad
3104 5366 3355 5462 parentes
3383 5379 3525 5453 enim
3551 5415 3682 5458 suos

2161 5492 2179 5563 ξ
2203 5494 2579 5563 raucioresntss.
2608 5511 2621 5548 :
2956 5562 2962 5563 ί
3458 5502 3465 5511 ’

2159 5555 2828 5638 Ὲίιέέέρίῐίψψιὶιεευξ.
2842 5562 3130 5638 sertth
3162 5564 3358 5638 άέεξειινο
3396 5574 3683 5638 mw“-

2095 5616 2502 5697 f‘omtis,.abes't__a
2524 5625 2857 5697 manuscriptis
2894 5616 2948 5675 ει
2964 5616 3159 5678 ἰιὺεεεε
3180 5616 3682 5697 ᾀειιειίᾳιιξιιιῖὶῦηῆἶε

2095 5679 2238 5760 docet
2278 5683 2581 5760 Augustinum“
2606 5679 2816 5760 tertium.
2837 5696 3131 5760 praereptum
3167 5691 3232 5760 de
3268 5679 3681 5760 mtiliti—“requie

2095 5742 2669 5821 pe‘r‘tinere’ad‘s‘pijritum
2691 5742 3091 5821 sanctum,_atque
3102 5754 3365 5821 septimum
3385 5742 3680 5821 aiant,“de

2095 5802 2345 5887 sabbﬁtuni
2371 5811 2463 5887 est,
2684 5802 3026 5862 sanctiﬁcatum
3050 5802 3249 5865 tuissea
3267 5802 3679 5887 unia'sp—ig

2096 5873 2176 5918 ωδ
2196 5863 2370 5917 dicitur
2390 5873 2599 5918 sanctus.
