4014 6310
268 336 336 395 81
858 279 872 288 .
1749 321 1854 381 SEI

1960 320 1982 378 )
2013 321 2112 380 1X.

270 453 438 509 homo
472 451 644 525 aperit
673 451 877 517 oculos,
929 458 984 506 et
1009 447 1124 505 hzec
1162 447 1270 504 vita
1309 445 1376 501 ah
1402 458 1588 501 eorum
1628 440 1862 496 amicitia

267 547 432 601 sumit
455 545 757 600 exordium.
786 543 1037 614 Quisquis
1056 553 1234 598 autem
1265 541 1376 596 suis
1408 528 1715 611 parentibus
1755 552 1862 592 non

267 637 445 694 defert
473 637 753 702 honorem,
787 637 979 708 quibus
1021 652 1206 706 parere
1228 636 1244 666 ³
1276 632 1510 706 poterit?
1534 631 1746 686 Honora
1778 646 1860 698 pa-

265 744 390 788 trem
415 743 560 786 tuum
596 742 644 786 et
675 741 881 786 matrem
930 743 1088 785 tuam.
1123 729 1187 784 Et
1213 729 1340 784 dicit
1387 727 1671 798 Apostolus
1703 745 1714 781 :
1753 723 1861 778 Ilo-

265 842 390 878 nora
425 835 625 896 patrem
657 835 798 877 tuum
830 833 873 877 et
919 833 1129 876 matrem
1157 833 1314 887 tuam,
1364 820 1499 893 quod
1525 828 1598 874 est
1646 817 1860 872 manda-

264 925 368 968 tum
439 917 659 986 primum
709 914 951 985 (Ephes.
1012 931 1083 979 Vl,
1115 913 1149 968 2
1269 911 1549 979 Quomodo
1614 911 1853 980 primum,

261 1008 480 1077 quando
505 1020 752 1079 quartum
799 1019 881 1062 est
933 1007 1260 1070 mandatum,
1293 1005 1394 1060 nisi
1438 1006 1559 1076 quia
1600 1005 1651 1058 itt
1683 1012 1859 1072 septe-

261 1101 414 1155 nario
442 1115 670 1162 numero
713 1100 1086 1169 estprimum?
1131 1098 1211 1153 Ad
1255 1097 1595 1153 dilectionem
1630 1095 1857 1166 proximi

261 1194 498 1262 primum
530 1203 612 1248 est
639 1193 692 1247 in
721 1194 885 1247 altera
925 1193 1123 1247 tabula.
1163 1190 1294 1246 Nam
1327 1191 1445 1246 ideo
1495 1189 1614 1243 dua:
1663 1187 1856 1243 tabulae

260 1283 416 1354 Legis
455 1284 596 1338 datae
647 1295 790 1340 sunt.
845 1285 986 1339 Deus
1028 1285 1169 1339 enim
1224 1283 1423 1338 famulo
1461 1298 1560 1336 suo
1599 1281 1763 1352 Moysi
1803 1282 1855 1336 in

259 1386 446 1431 monte
469 1377 603 1432 duas
632 1377 836 1431 tabulas
864 1377 1025 1442 dedit,
1077 1377 1127 1433 in
1170 1377 1359 1446 quibus
1408 1375 1614 1430 duabus
1661 1374 1856 1429 tabulis

259 1467 488 1536 lapideis
540 1471 840 1540 conscripta
901 1479 1054 1524 erant
1125 1469 1308 1524 decem
1362 1476 1625 1538 przecepta
1702 1467 1855 1536 chis

258 1559 458 1631 (Exod.
488 1579 633 1627 xxxi,
663 1563 750 1632 18)
786 1562 944 1634 (quod
969 1571 1051 1618 est
1077 1563 1385 1632 psalterium
1413 1562 1597 1617 decem
1623 1560 1855 1615 chorda-

257 1656 439 1725 rum);
478 1657 575 1710 tria
617 1658 667 1710 in
715 1673 814 1711 una
853 1657 1029 1712 tabula
1076 1657 1141 1712 ad
1190 1658 1354 1711 Deum
1387 1655 1722 1726 pertinentia,
1769 1668 1855 1708 se-

259 1758 402 1817 ptem
432 1749 489 1803 in
527 1750 692 1804 altera
724 1751 896 1805 tabula
918 1750 985 1805 ad
1011 1750 1334 1821 proximum.
1359 1748 1412 1803 ln
1444 1749 1608 1804 altera
1631 1762 1757 1817 ergo
1775 1754 1856 1800 ta-

255 1837 378 1893 bula
421 1841 655 1911 primum
711 1851 812 1910 est,
864 1841 1070 1896 Honora
1115 1852 1306 1913 patrem
1343 1850 1485 1895 tuum
1541 1823 1604 1894 et.
1643 1848 1853 1893 matrem

256 1940 417 1984 tuam.
469 1931 795 1997 Secundum,
859 1931 981 1987 Non
1033 1933 1382 1987 mwchaberis.
1422 1931 1680 1998 Tertium,
1730 1929 1854 1984 Non

256 2021 473 2076 occides.
507 2023 785 2090 Quartum,
820 2021 941 2076 Non
987 2025 1252 2095 furaberis.
1277 2022 1551 2090 Quintum,
1587 2019 1707 2075 Non
1749 2020 1851 2091 fal-

254 2127 366 2165 sum
427 2113 768 2167 testimonium
831 2114 983 2168 dices.
1030 2114 1281 2174 Sextum.
1356 2112 1476 2166 Non
1530 2113 1852 2181 concupisces

254 2198 468 2236 uxorem
488 2186 706 2252 proximi
747 2185 838 2239 tui.
875 2185 1192 2254 Septimum,
1241 2183 1363 2238 Non
1389 2185 1708 2254 concupisces
1747 2199 1852 2236 rem

256 2277 483 2343 proximi
508 2278 600 2329 tui.
634 2277 756 2331 llzec
779 2277 1063 2347 jungamus
1086 2277 1190 2332 illis
1221 2277 1390 2332 tribus
1417 2275 1484 2331 ad
1513 2275 1848 2331 dilectionem

255 2366 351 2422 Dei
381 2368 775 2437 pertinentibus
797 2367 908 2439 (Id.
928 2384 1023 2434 xx,
1049 2369 1228 2439 1-17),
1257 2369 1373 2422 siin
1399 2366 1649 2438 psalterio
1665 2365 1851 2420 decem

256 2460 588 2514 chordarum
615 2461 860 2514 volumus
883 2471 1103 2516 cantare
1127 2460 1391 2515 canticum
1423 2473 1638 2514 novum.

326 2551 560 2608 CAPUT
593 2553 835 2608 Vll.—-8.
859 2554 1111 2607 Attendat
1141 2551 1280 2606 enim
1307 2550 1552 2606 Charitas
1571 2558 1768 2614 vestra,
1796 2557 1853 2602 ut

259 2642 434 2698 dieatn
465 2643 608 2714 quod
642 2645 897 2699 Dominus
927 2644 1181 2714 suggerit.
1210 2643 1432 2712 Accepit
1459 2642 1653 2711 Legem
1683 2654 1853 2710 popu-

258 2736 342 2790 lus
381 2736 694 2791 Judzeorum
740 2738 895 2792 istam
940 2737 993 2791 in
1047 2736 1306 2806 decalogo
1337 2753 1351 2789 :
1385 2750 1489 2790 non
1528 2733 1847 2788 observavit.

259 2828 324 2882 Et
350 2830 680 2899 quicumque
711 2829 1170 2900 obtemperabant,
1203 2827 1395 2882 timore
1414 2825 1854 2895 obtemperabant

257 2937 454 2991 petite,
508 2939 617 2977 non
662 2938 846 2977 amore
879 2923 1100 2992 justitia:
1129 2939 1141 2974 :
1172 2919 1457 2991 portabant
1517 2918 1848 2988 psalterium,

258 3031 362 3069 non
416 3016 726 3071 cantabant.
757 3015 1002 3070 Cantanti
1029 3016 1170 3070 enim
1210 3015 1453 3084 voluptas
1494 3023 1596 3079 est,
1645 3011 1850 3067 timenti

257 3124 395 3165 onus
420 3121 526 3166 est.
559 3109 684 3165 Ideo
713 3120 865 3165 vetus
913 3109 1074 3164 homo
1112 3118 1204 3165 aut
1226 3123 1333 3164 non
1361 3106 1505 3172 facit,
1537 3114 1626 3161 aut
1663 3107 1852 3160 timore

257 3201 384 3257 facit
403 3220 417 3265 ;
439 3219 544 3256 non
569 3218 753 3257 amore
775 3202 1090 3263 sanctitatis,
1121 3217 1226 3256 non
1253 3200 1609 3255 delectatione
1635 3197 1851 3251 castita-

258 3296 325 3348 tis
353 3296 404 3365 ’,κ
434 3294 824 3364 tcmpcrantim,
856 3292 1150 3356 charitatis,
1175 3290 1268 3346 sed
1287 3290 1496 3345 timore.
1517 3289 1683 3344 Vetus
1708 3289 1850 3342 enim

258 3386 423 3442 homo
468 3397 585 3451 est;
642 3396 696 3442 ει
719 3397 869 3441 vetns
907 3387 1067 3440 homo
1117 3385 1384 3440 canticum
1439 3391 1592 3438 vetus
1635 3391 1852 3438 cantare

257 3491 456 3551 potest,
502 3497 609 3535 non
650 3495 864 3534 novum.
897 3479 966 3534 Ut
1015 3489 1190 3533 autem
1220 3485 1396 3531 cantet
1442 3476 1706 3531 canticum
1755 3487 1851 3528 no-

255 3590 403 3642 vum,
435 3575 508 3630 sit
556 3589 724 3629 novus
765 3574 943 3627 homo.
975 3571 1254 3640 Quomodo
1297 3579 1472 3624 autem
1522 3567 1687 3638 possit
1731 3580 1852 3620 esse

256 3681 429 3722 novus
463 3667 646 3731 homo,
679 3665 824 3729 audi,
851 3681 953 3720 non
980 3681 1086 3731 me,
1110 3662 1203 3718 sed
1227 3661 1536 3732 Apostolum
1563 3659 1847 3722 dicentem,

255 3757 472 3823 Enim,
502 3775 610 3824 vos,
638 3768 854 3811 veterem
875 3757 1146 3822 hominem,
1175 3764 1220 3810 et
1250 3754 1440 3808 induite
1466 3768 1664 3806 norum.
1696 3752 1759 3804 Et
1784 3764 1851 3804 ne

256 3854 378 3924 quis
403 3860 637 3922 putaret,
669 3866 790 3906 cum
829 3849 981 3912 dixit,
1010 3848 1214 3912 Exaite,
1270 3862 1375 3912 vos,
1427 3854 1636 3899 veterem
1681 3842 1847 3895 homi-

260 3962 394 4007 nem,
421 3952 468 3997 et
496 3943 693 3996 induite
717 3957 937 4004 novum;
981 3939 1177 4010 aliquid
1227 3937 1600 4008 deponendum
1651 3948 1770 3988 esse
1798 3941 1852 3987 et

258 4035 462 4106 aliquid
492 4034 885 4104 accipiendum,
909 4049 1030 4087 cum
1052 4031 1392 4087 demutando
1415 4029 1724 4100 praeciperet
1750 4025 1849 4079 ho-

260 4128 424 4192 mine,
455 4127 684 4195 subjecit
712 4135 767 4180 et
799 4126 890 4190 ait,
937 4124 1254 4194 Quapmpter
1297 4121 1598 4191 deponentes
1644 4115 1853 4170 utenda-

261 4221 416 4285 cium,
452 4219 718 4288 loquimini
747 4218 1001 4271 veritatem
1034 4197 1248 4287 (Ep/tes.
1275 4229 1347 4278 tv,
1394 4209 1609 4281 22—25).
1641 4209 1749 4262 Hoc
1770 4216 1852 4263 est

262 4313 401 4384 quod
431 4315 529 4377 ait,
562 4310 747 4366 Exuite
771 4320 980 4363 veterem
1008 4307 1276 4370 hominem,
1316 4313 1361 4358 et
1383 4303 1578 4357 induite
1624 4317 1806 4354 novum
1835 4315 1854 4352 :

262 4399 368 4454 hoc
431 4399 587 4463 dixit,
670 4397 865 4452 Mutato
945 4411 1140 4450 mores.
1204 4393 1468 4450 Steculum
1529 4390 1846 4459 diligebatis,

265 4493 434 4549 Deum
463 4492 706 4561 diligite:
741 4491 1016 4563 nugatoria
1057 4488 1371 4559 iniquitatis,
1417 4486 1738 4554 temporales
1764 4498 1856 4536 vo-

264 4587 496 4658 luptates
521 4586 858 4655 diligebatis;
896 4584 1194 4653 proximum
1227 4581 1446 4648 diligite.
1484 4579 1538 4633 Si
1568 4577 1856 4632 dilectione

264 4663 462 4746 facitis,
491 4679 758 4734 canticum
791 4692 986 4731 novum
1027 4675 1250 4729 cantatis
1285 4691 1298 4727 :
1328 4673 1371 4726 si
1425 4671 1615 4725 timore
1660 4667 1853 4735 facitis,

266 4773 439 4828 facitis
473 4781 681 4836 tamen;
724 4769 948 4840 portatis
976 4767 1188 4838 quidem
1220 4763 1549 4836 psalterium,
1584 4761 1678 4817 sed
1721 4777 1857 4815 non-

266 4865 390 4920 dum
431 4863 661 4918 cantatis
696 4863 779 4917 :si
830 4870 1005 4914 autem
1051 4875 1149 4914 nec
1201 4859 1302 4912 hoc
1354 4855 1546 4920 facitis,
1599 4853 1859 4926 projicitis

269 4956 442 5026 ipsum
475 4955 807 5025 psalterium.
838 4953 1026 5007 Melius
1051 4959 1132 5007 εει
1160 4949 1241 5004 vel
1271 4959 1504 5020 portare,
1536 4962 1692 5018 quam
1724 4961 1853 5016 pro-

265 5049 430 5119 jicere
459 5065 473 5101 :
502 5046 598 5103 sed
645 5061 852 5109 rursus,
899 5044 1088 5100 melius
1127 5058 1247 5098 cum
1296 5042 1565 5112 voluptate
1620 5047 1857 5104 cantare,

272 5157 431 5212 quam
460 5157 582 5196 cum
607 5157 773 5195 onere
800 5149 1033 5210 portare.
1067 5137 1174 5192 Nec
1205 5135 1445 5207 pervenit
1499 5132 1562 5187 ad
1591 5131 1860 5187 canticum

274 5251 507 5302 novum,
538 5235 640 5292 nisi
683 5234 796 5305 jam
842 5248 963 5288 cum
986 5231 1255 5302 voluptate
1295 5236 1533 5283 cantans.
1591 5224 1722 5279 Nam
1772 5221 1862 5291 qui

274 5338 449 5399 portat
472 5343 593 5384 cum
617 5329 828 5392 timore,
858 5325 1033 5381 adhuc
1061 5324 1113 5378 in
1167 5329 1430 5378 vetustate
1469 5315 1615 5374 est'.
1648 5315 1714 5369 Et
1737 5313 1864 5385 quid

275 5433 355 5478 est
399 5421 542 5494 quod
584 5421 721 5486 dico,
771 5420 980 5483 fratres,
1029 5415 1304 5474 attendite.
1355 5412 1472 5468 Non
1516 5407 1864 5465 concordavit

338 5562 353 5592 ¹
381 5568 484 5609 Am.
512 5566 586 5608 Er.
610 5566 664 5609 et
686 5567 809 5615 Mss,
843 5567 1059 5615 parcere.
1085 5554 1158 5604 sic
1181 5554 1328 5615 etiam
1357 5549 1612 5613 Eugypius.

337 5624 358 5654 θ
381 5622 608 5684 Plerique
633 5629 760 5684 ayss,
785 5613 1036 5684 dilectione
1075 5613 1320 5666 castitatis.
1348 5618 1588 5684 Moxﬂtres
1606 5615 1750 5684 _Mss_.,

277 5669 594 5746 tcnrperaniia
616 5669 883 5746 maritalis.
908 5687 1040 5740 Lov.,
1074 5692 1169 5731 non
1190 5671 1536 5742 temperantior,
1572 5680 1665 5724 etc.
1698 5669 1867 5735 Sequi-

279 5743 385 5798 mur
415 5757 517 5796 Αιῠ.
541 5752 614 5794 Er.
643 5752 695 5794 et
719 5743 884 5805 plures
908 5750 1012 5792 Mss.

343 5811 365 5842 ⁸
389 5815 519 5872 κει,
542 5805 704 5859 adhuc
720 5806 773 5860 in
794 5810 950 5859 vetere
971 5810 1060 5857 est.

2919 389 2954 408 ρ
3485 334 3559 398 82

1967 460 2091 500 cum
2113 444 2418 501 adversario
2443 461 2562 515 suo,
2593 446 2683 518 qui
2703 463 2824 503 eam
2857 446 3049 506 timore
3072 447 3246 507 adlmc
3279 449 3406 508 facit
3434 472 3447 508 :
3479 455 3556 511 ti-

1970 547 2077 591 met
2107 539 2247 593 enim
2271 554 2336 593 ne
2363 539 2540 593 veniat
2569 541 2726 607 Deus,
2753 551 2804 596 et
2825 541 3044 598 damnet
3069 543 3236 598 illum.
3261 545 3390 600 Nam
3418 563 3552 603 non-

1967 630 2093 685 dum
2120 631 2349 687 delectat
2375 635 2612 698 castitas,
2633 635 2864 690 nondum
2893 636 3039 692 illum
3065 638 3296 694 delectat
3318 639 3547 710 justitia;

1965 728 2058 784 sed
2083 729 2338 798 judicium
2376 730 2466 784 Dei
2508 729 2812 798 formidans,
2844 749 2871 786 a
2906 732 3054 786 factis
3102 744 3400 803 temperat:
3444 752 3548 790 non

1964 823 2442 892 concupiscentiam
2465 823 2628 892 ipsam
2643 823 2917 886 damnans,
2937 842 3054 895 qnze
3074 827 3222 880 saevit
3239 827 3289 879 in
3308 843 3391 882 eo.
3410 827 3551 882 Non-

1964 914 2088 968 dum
2113 915 2258 968 illum
2281 913 2507 969 delectat
2528 915 2666 986 quod
2682 915 2875 969 bonum
2895 927 2976 970 est
2999 934 3010 968 :
3036 918 3266 971 nondum
3293 919 3361 972 ibi
3388 919 3544 974 habet

1963 1008 2300 1072 suavitatem,
2322 1015 2564 1062 utcantet
2579 1008 2840 1061 canticum
2857 1024 3068 1072 novum;
3092 1010 3184 1063 sed
3205 1010 3268 1063 de
3287 1017 3549 1065 vetustate

1965 1115 2148 1170 pcenas
2197 1099 2346 1153 timet
2375 1117 2388 1153 :
2421 1098 2653 1153 nondum
2696 1098 3038 1152 concordavit
3067 1116 3186 1153 cum
3214 1102 3542 1156 adversario.

2033 1188 2259 1246 CAPUT
2283 1189 2414 1244 VIII.
2433 1217 2503 1229 ——
2527 1189 2580 1242 9.
2605 1189 2762 1244 Tales
2788 1189 2928 1243 enim
2949 1188 3209 1255 homines,
3234 1192 3548 1260 plerumque

1961 1284 2365 1354 supplantantur
2391 1283 2482 1336 tali
2510 1282 2850 1352 cogitatione.
2885 1289 2941 1334 ut
2971 1280 3150 1335 dicant
3175 1283 3276 1335 sibt
3307 1301 3318 1335 :
3345 1282 3401 1337 Si
3425 1283 3542 1338 ﬁeri

1961 1386 2160 1446 posset,
2211 1392 2318 1431 non
2373 1374 2527 1430 nobis
2568 1375 2862 1428 minaretur
2906 1375 3064 1439 Deus,
3127 1389 3228 1426 non
3283 1375 3404 1429 talia
3451 1390 3548 1443 per

1961 1469 2254 1538 Prophetas
2277 1483 2400 1522 suos
2427 1466 2648 1530 diceret,
2669 1482 2787 1535 quae
2819 1465 3059 1520 homines
3075 1465 3430 1527 deterrerent;
3451 1467 3546 1521 sed

1959 1573 2239 1633 antequam
2272 1562 2288 1592 ¹
2345 1562 2588 1625 veniret,‘
2639 1559 2790 1612 daret
2845 1557 3092 1611 onmibus
3141 1557 3543 1627 indulgentiam,

1960 1658 2256 1728 ignosceret
2285 1652 2550 1716 omnibus,
2577 1659 2758 1720 postea
2803 1650 3022 1712 γρειίιιει,
3050 1649 3321 1702 neminem
3364 1649 3546 1702 mitte-

1958 1747 2119 1803 retin
2146 1745 2440 1818 gcltennas.
2471 1742 2586 1797 Jam
2615 1741 2734 1812 quia
2775 1742 2985 1810 iniquus
3026 1749 3128 1806 est,
3163 1740 3395 1809 iniquum
3433 1739 3548 1793 vult

1962 1842 2148 1896 Deum.
2185 1839 2298 1892 Vult
2329 1847 2378 1891 te
2403 1837 2541 1891 Deus
2569 1835 2740 1888 tacere
2767 1833 2991 1886 similem
3017 1831 3120 1897 sui,
3160 1842 3212 1885 et
3249 1832 3459 1885 conaris
3490 1839 3546 1885 tu

1958 1935 2126 1989 Deum
2152 1933 2324 1985 facere
2352 1928 2578 1983 similem
2613 1927 2707 1980 tui.
2737 1925 2949 1978 Ριειεεςιι
2969 1923 3059 1977 tibi
3092 1938 3220 1990 ergo
3249 1922 3387 1976 Deus
3416 1938 3548 1990 qua-

1909 2052 1912 2056 ·
1957 2027 2023 2082 Ιίε
2050 2034 2150 2091 εει,
2206 2038 2309 2076 non
2355 2021 2564 2091 qualem
2599 2019 2742 2072 illutn
2776 2032 2894 2070 esse
2933 2017 3035 2070 vis.
3068 2015 3358 2069 Perversus
3399 2014 3543 2068 enim

1958 2136 2034 2185 es,
2069 2128 2123 2174 et
2152 2117 2309 2172 talem
2367 2115 2448 2168 vis
2495 2115 2658 2168 Demn
2690 2109 2861 2181 qualis
2884 2125 2962 2176 es,
2999 2125 3103 2162 non
3151 2107 3324 2177 qualis
3359 2115 3459 2160 est.
3487 2106 3547 2160 Si

1958 2223 2133 2268 autem
2154 2212 2356 2281 placeat
2379 2207 2471 2262 tibi
2508 2205 2677 2276 qualis
2698 2212 2798 2269 est,
2827 2201 3131 2271 corrigeris,
3169 2210 3223 2254 et
3266 2199 3461 2268 diriges
3485 2199 3538 2252 in

1957 2320 2074 2376 eam
2099 2303 2332 2373 regulam
2373 2315 2466 2354 cor
2497 2309 2660 2360 tuum,
2685 2312 2714 2349 a
2743 2310 2844 2365 qua
2873 2310 3014 2348 nunc
3050 2292 3256 2346 alienus
3285 2290 3544 2345 distortus

1957 2412 2036 2452 es.
2068 2396 2278 2450 Placeat
2307 2393 2397 2447 tibi
2431 2391 2568 2444 Deus
2593 2388 2762 2458 qualis
2785 2395 2888 2451 est,
2921 2400 3039 2437 ama
3069 2385 3238 2453 qualis
3276 2393 3357 2436 est
3388 2398 3400 2432 :
3436 2397 3544 2436 non

1959 2497 2010 2543 te
2037 2489 2151 2557 ipse
2178 2493 2321 2539 amat
2348 2481 2516 2552 qualis
2534 2495 2612 2544 es,
2647 2477 2742 2532 sed
2773 2477 2884 2529 odit
2911 2486 2960 2528 te
2987 2476 3158 2545 qualis
3187 2488 3264 2526 es.
3304 2472 3429 2527 ldco
3470 2473 3547 2526 tui

1957 2581 2258 2642 miseretur,
2290 2575 2410 2645 quia
2443 2573 2556 2627 odit
2580 2583 2630 2626 te
2669 2569 2840 2640 qualis
2890 2584 2968 2631 es,
3001 2577 3059 2620 ut
3094 2567 3248 2620 faciat
3275 2577 3325 2620 te
3371 2565 3548 2636 qualis

1957 2669 2195 2726 nondum
2244 2683 2322 2722 es.
2389 2664 2565 2718 Faciat
2620 2671 2706 2726 te,
2752 2658 2901 2724 dixi,
2957 2658 3126 2725 qualis
3177 2655 3411 2709 nondnnt
3461 2669 3540 2708 es.

1956 2763 2089 2818 Nam
2118 2759 2248 2814 illttd
2304 2757 2395 2812 tibi
2455 2769 2559 2808 non
2614 2750 2892 2823 promittit,
2931 2749 3054 2818 quia
3108 2746 3262 2800 faciet
3309 2752 3361 2799 te
3405 2759 3544 2814 qua-

1957 2856 2022 2910 lis
2072 2860 2173 2908 est.
2240 2849 2370 2904 Nam
2436 2846 2544 2900 eris
2593 2842 2762 2913 qualis
2817 2849 2918 2903 est,
2981 2837 3073 2893 sed
3149 2835 3214 2890 ad
3262 2835 3546 2904 quemdam

1957 2946 2208 3009 modum;
2269 2941 2322 2997 id
2369 2947 2470 3002 est,
2537 2935 2770 2990 imitator
2827 2931 2918 2985 Dei
2978 2929 3120 2982 velut
3187 2928 3380 2996 imago,
3447 2925 3547 2980 sed

1957 3057 2062 3096 non
2081 3036 2250 3108 qualis
2277 3035 2452 3102 imago
2495 3037 2578 3084 est
2604 3026 2792 3082 Filius.
2842 3021 2972 3076 Nam
3019 3020 3180 3075 etiam
3214 3017 3471 3088 imagines
3492 3017 3547 3072 in

1957 3131 2262 3190 hominibus
2284 3127 2510 3182 diversa:
2534 3128 2676 3175 sunt.
2710 3117 2880 3173 Filius
2912 3113 3143 3168 hominis
3165 3111 3324 3166 habet
3355 3110 3539 3178 imagi-

1957 3241 2078 3282 nem
2109 3223 2272 3293 patris
2293 3218 2393 3283 sui,
2427 3214 2596 3270 ethoc
2621 3218 2706 3267 est
2729 3207 2869 3280 quod
2889 3216 3037 3276 pater
3064 3204 3200 3272 ejus,
3234 3203 3356 3272 quia
3385 3203 3542 3255 homo

1957 3326 2039 3374 est
2067 3317 2204 3370 sicut
2227 3321 2375 3382 pater
2399 3308 2534 3378 ejus.
2561 3305 2616 3358 ln
2647 3301 2862 3373 speculo
2890 3308 3066 3354 autem
3096 3297 3268 3364 imago
3316 3303 3402 3348 tua
3431 3307 3537 3348 non

1958 3410 2060 3464 hoc
2085 3415 2168 3462 est
2193 3401 2334 3474 quod
2366 3410 2442 3453 tu.
2469 3397 2636 3452 Aliter
2668 3401 2751 3447 est
2789 3390 2929 3446 enim
2961 3391 3134 3456 imago
3186 3395 3270 3439 tua
3315 3384 3366 3436 in
3411 3382 3541 3448 tilio,

1955 3500 2111 3556 aliter
2143 3473 2459 3562 inispeculo
2493 3506 2504 3541 :
2541 3487 2595 3541 in
2617 3483 2725 3538 tilio
2770 3491 2852 3536 est
2899 3481 3069 3549 imago
3115 3488 3197 3530 tua
3251 3473 3547 3529 secundum

1957 3580 2311 3663 :equalitatcm
2335 3581 2679 3643 substantiae;
2723 3579 2775 3631 in
2815 3574 3032 3644 speculo
3076 3580 3255 3625 autem
3284 3577 3541 3640 quantum

1955 3660 2114 3754 longe
2137 3688 2219 3736 est
2244 3693 2272 3730 a
2296 3673 2613 3732 substantia,
2639 3678 2692 3723 et
2728 3675 2904 3720 tamen
2953 3673 3036 3718 est
3073 3661 3314 3730 quasdam
3371 3660 3546 3728 imago

1957 3753 2069 3842 tua,
2100 3770 2339 3844 quamvis
2362 3783 2466 3822 non
2491 3763 2631 3830 talis,
2682 3757 2922 3830 qualisin
2954 3756 3061 3808 ﬁlio
3111 3763 3199 3807 tuo
3248 3753 3540 3807 secundum

1955 3843 2328 3926 substantiam.
2363 3859 2451 3912 Sic
2479 3857 2531 3911 in
2558 3861 2822 3918 creatura,
2853 3865 2958 3903 non
2990 3847 3090 3900 hoc
3111 3855 3192 3899 est
3219 3845 3390 3912 imago
3425 3843 3540 3910 Dei,

1955 3959 2097 4034 quod
2127 3965 2209 4013 est
2251 3954 2304 4008 in
2335 3951 2490 4015 Filio,
2545 3946 2632 4017 qui
2665 3944 2764 3996 hoc
2818 3950 2902 3996 est
2946 3937 3086 4009 quod
3121 3936 3295 3999 Pater,
3338 3933 3389 3987 id
3436 3939 3542 3998 est,

1957 4028 2191 4112 llerbutn
2223 4047 2313 4104 Dei
2343 4061 2437 4116 per
2454 4040 2592 4113 quod
2624 4039 2755 4093 facta
2789 4043 2912 4090 sunt
2934 4031 3132 4087 omnia.
3169 4028 3366 4098 Recipe
3411 4039 3540 4096 ergo

1957 4144 2361 4208 similitudinem
2382 4137 2493 4203 Dei,
2517 4148 2674 4204 quam
2699 4147 2791 4200 per
2827 4128 2959 4181 mala
2987 4125 3120 4177 facta
3147 4119 3388 4175 amisisti.
3422 4117 3540 4172 Sic-

1961 4253 2018 4300 ut
2044 4241 2186 4296 enim
2209 4236 2263 4291 itt
2310 4244 2531 4288 nttmmo
2563 4227 2736 4293 itnago
2781 4214 3116 4288 imperatoris
3143 4212 3296 4266 aliter
3317 4218 3418 4276 est,
3448 4207 3543 4262 ali-

1960 4344 2042 4391 ter
2071 4332 2125 4386 in
2145 4329 2254 4384 tilio
2284 4345 2296 4380 :
2325 4338 2446 4378 nam
2486 4321 2660 4389 imago
2690 4324 2742 4369 et
2765 4313 2936 4379 imago
2965 4315 3078 4372 est;
3108 4303 3202 4357 sed
3244 4302 3398 4357 aliter
3437 4301 3542 4354 im-

1959 4439 2146 4500 pressa
2167 4430 2250 4477 est
2278 4419 2330 4473 in
2374 4428 2611 4475 ttutntno,
2663 4408 2818 4460 aliter
2856 4404 2905 4456 in
2938 4400 3064 4461 tilio,
3096 4397 3250 4450 aliter
3291 4393 3345 4447 in
3371 4391 3545 4447 solido

1961 4485 2126 4578 aureo
2156 4517 2329 4583 imago
2362 4502 2699 4578 imperatoris
2731 4517 2742 4551 :
2772 4497 2849 4551 sic
2869 4505 2922 4548 ει
2975 4502 3028 4547 tu
3053 4502 3301 4546 nummus
3334 4485 3426 4540 Dei
3465 4500 3547 4552 es,

1962 4629 2026 4670 ex
2053 4611 2157 4666 hoc
2185 4575 2393 4664 melior,
2441 4575 2564 4668 quia
2589 4609 2708 4649 cum
2757 4587 3025 4644 intellectu
3079 4591 3277 4637 etcum
3319 4575 3549 4648 quadam

1963 4669 2070 4759 vita
2096 4708 2348 4754 nummus
2385 4689 2475 4744 Dei
2504 4702 2582 4750 es,
2617 4695 2674 4738 ut
2708 4682 2846 4735 scias
2875 4679 3033 4731 etiam
3061 4672 3213 4742 cujus
3261 4669 3548 4738 imaginem

1962 4808 2137 4867 geras,
2187 4798 2241 4844 et
2282 4784 2348 4840 ad
2387 4781 2538 4851 cujus
2565 4775 2846 4845 imaginem
2890 4769 3058 4823 factus
3092 4765 3202 4818 sis:
3230 4777 3350 4816 nam
3390 4774 3548 4812 num-

1964 4851 2084 4944 umus
2104 4851 2274 4937 nescit
2293 4892 2351 4931 se
2379 4872 2572 4927 habere
2599 4863 2882 4934 imaginem
2927 4853 3285 4925 imperatoris.
3321 4851 3460 4918 Ergo
3491 4857 3551 4903 ut

1965 4981 2143 5042 dicere
2169 4984 2458 5041 cmperam,
2503 4963 2612 5017 odit
2643 4969 2692 5014 te
2731 4958 2867 5010 Deus
2893 4950 3061 5022 qualis
3090 4964 3167 5013 es,
3199 4943 3294 4998 sed
3325 4949 3469 4995 amat
3499 4949 3552 4996 te

1973 5631 2138 5703 ligere
2162 5627 2328 5681 Deum
2353 5617 2524 5690 qualis
2557 5621 2659 5669 est.

2035 5785 2055 5819 ι
2085 5776 2596 5837 Particulamteqtunn,
2618 5763 3035 5818 abestabanmet
3063 5767 3095 5807 ι
3119 5759 3213 5806 Ias
