4002 6460
450 407 521 469 83
1693 409 1752 465 S.
1792 404 2152 463 AUGUS'llNl
2195 403 2494 460 El’iSCOPl
3650 415 3716 474 ελ

511 527 596 602 10.
614 523 830 606 ιΕειθιιιη
847 513 1115 600 attendite.
1132 525 1292 597 {Eger
1311 531 1654 608 aegrotantem
1667 538 1724 577 se
1738 521 1848 577 odit
1861 520 2030 592 qualis

455 627 539 678 est
554 637 565 671 :
583 617 702 672 inde
722 617 904 692 incipit
927 615 1250 680 concordare
1265 631 1384 670 cum
1404 613 1629 671 medico.
1647 613 1776 682 Quia
1791 622 1844 667 et
1859 612 2028 666 medi-

457 724 552 764 cus
565 707 676 764 odit
693 724 811 763 eum
827 703 994 788 qualis
1013 719 1094 765 est
1115 728 1126 761 :
1142 723 1262 762 nam
1276 707 1394 762 ideo
1409 707 1517 760 vult
1537 721 1723 760 sanum
1751 721 1888 770 esse,
1911 705 2030 776 quia

457 797 571 858 odit
587 815 709 855 eum
725 797 1034 854 febrientem
1057 814 1069 851 :
1089 807 1143 853 et
1162 809 1244 853 est
1271 796 1507 862 medicus
1521 793 1681 850 febris
1700 802 2028 865 persecutor,

455 900 515 945 ut
555 891 622 944 sit
661 890 886 954 hominis
919 890 1190 945 liberator.
1227 887 1317 954 Sic
1348 887 1565 940 avaritia
1588 886 1699 948 ,sic
1737 884 1920 950 libido,
1956 883 2031 937 sic

455 982 658 1050 odium,
674 982 1120 1052 concupiscentia.
1135 979 1362 1044 luxuria,
1383 979 1460 1032 sic
1480 980 1752 1048 nugacitas
1765 984 2032 1056 spectacu-

454 1077 652 1148 lorum,
668 1074 845 1130 febres
875 1083 998 1129 sunt
1023 1073 1213 1128 animm
1247 1083 1369 1137 tuae,
1389 1071 1681 1126 debesillas
1709 1071 1886 1125 odisse
1910 1085 2029 1123 cum

451 1168 660 1222 medico
687 1167 784 1221 :ita
807 1165 1100 1222 concordas
1121 1181 1243 1218 cum
1268 1163 1493 1228 medico,
1511 1162 1696 1228 niteris
1714 1178 1833 1220 cum
1860 1159 2029 1216 medi-

453 1275 534 1326 co,
561 1269 614 1315 et
639 1261 865 1327 libenter
885 1259 1034 1313 audis
1047 1257 1352 1334 quodjubet
1373 1255 1870 1322 medieus,libcnter
1901 1254 2031 1309 facis

453 1349 593 1422 quod
618 1350 767 1420 jubet
792 1349 1026 1404 medicus
1046 1389 1058 1412 ,
1089 1357 1143 1402 et
1173 1346 1479 1418 proficiente
1504 1347 1614 1415 jam
1641 1345 1865 1399 sanitate
1896 1343 2030 1398 inci-

451 1441 602 1510 piunt
641 1441 798 1493 etiam
833 1439 1098 1495 delectare
1134 1429 1414 1508 praecepta.
1462 1436 1628 1504 Quam
1660 1447 1917 1490 onerosus
1946 1441 2028 1488 est

451 1521 600 1588 cibus
647 1533 801 1604 aegris
843 1531 1050 1602 quando
1096 1531 1445 1586 reficiuntur:
1474 1537 1528 1583 et
1567 1529 1798 1598 pejorem
1845 1528 2028 1581 horam

451 1623 706 1698 deputant
734 1626 859 1697 aegri
881 1624 1181 1696 refectionis
1201 1639 1330 1689 suas,
1355 1631 1511 1693 qnam
1540 1635 1649 1674 sua:
1671 1619 2025 1684 accessionis;

451 1723 506 1774 et
552 1726 725 1770 tamen
770 1725 964 1786 cogunt
1010 1731 1067 1770 se
1109 1713 1494 1770 concordantes
1535 1726 1652 1766 cum
1703 1710 1944 1775 medico,
1979 1716 2032 1762 ct

451 1807 693 1882 quamvis
715 1808 866 1861 inviti
891 1815 943 1861 et
968 1807 1298 1862 obluctantes
1324 1805 1543 1859 vincunt
1568 1819 1624 1858 se
1647 1810 1702 1856 ut
1722 1801 1916 1872 aliquid
1945 1815 2031 1853 ac-

451 1897 667 1968 cipiant.
699 1899 902 1966 Quanta
926 1897 1175 1952 aviditate
1197 1897 1312 1952 sani
1334 1897 1533 1968 majora
1557 1894 1858 1964 percepturi
1882 1901 2025 1960 sunt,

449 1990 590 2044 unde
619 1991 744 2062 aegri
775 1991 980 2062 minora
1009 1991 1095 2046 vix
1123 1989 1424 2058 accipiunt?
1467 1987 1571 2043 Sed
1619 1987 1759 2041 unde
1803 1987 1903 2040 hoc
1951 1987 2030 2038 fa—

447 2091 590 2136 ctum
619 2082 736 2136 est?
759 2081 890 2150 Quia
919 2080 1140 2137 oderant
1166 2082 1365 2136 febrem
1392 2095 1540 2134 suam
1563 2121 1576 2145 ,
1600 2088 1654 2134 et
1678 2093 1796 2134 cum
1824 2078 2029 2133 medico

448 2173 928 2249 concordaverunt,
957 2186 1008 2229 et
1031 2175 1186 2229 simul
1209 2173 1665 2252 persequebantur
1692 2171 1890 2227 febrem
1917 2186 2031 2226 me-

449 2264 601 2320 dicus
627 2277 679 2330 et
704 2273 951 2338 aegrotus.
985 2265 1114 2320 Cum
1144 2280 1269 2336 ergo
1293 2273 1346 2320 et
1375 2278 1473 2319 nos
1502 2263 1626 2317 talia
1653 2262 1900 2329 dicimus,
1924 2277 2026 2315 non

450 2357 660 2411 odimus
691 2357 790 2411 nisi
820 2357 994 2412 febres
1024 2365 1224 2410 vestras
1251 2372 1265 2410 :
1297 2357 1403 2410 imo
1434 2355 1485 2409 in
1518 2355 1671 2432 nobis
1710 2353 1824 2423 ipse
1852 2367 2029 2409 sermo

447 2445 543 2504 Dei
585 2448 756 2503 febres
795 2457 997 2503 vestras
1025 2448 1136 2501 odit
1165 2449 1203 2513 ¹,
1228 2461 1347 2502 cum
1378 2461 1482 2516 quo
1511 2443 1836 2500 concordare
1863 2442 2027 2497 debe-

453 2541 542 2596 tis.
576 2541 702 2595 Nam
752 2556 848 2597 nos
888 2541 1010 2611 quid
1051 2554 1268 2607 sumus,
1303 2529 1410 2594 nisi
1430 2537 1688 2594 liberandi
1718 2535 2024 2601 vobiscum,

446 2632 664 2686 sanandi
696 2631 1008 2687 vobiscum?

517 2723 740 2782 CAPUT
771 2724 862 2780 IX.
905 2754 975 2764 ——
1009 2723 1092 2778 ll.
1129 2722 1281 2777 Modo
1311 2737 1415 2776 non
1444 2736 1528 2776 me
1565 2720 1903 2786 intueamini,
1933 2717 2025 2775 sed

445 2827 747 2880 sermonem
771 2814 882 2868 Dei.
907 2809 1650 2872 Noliteirascimedicamento
1681 2821 1891 2878 vestro;
1920 2827 2025 2866 non

445 2905 623 2964 inveni
668 2906 810 2960 enim
853 2904 994 2959 aliud
1036 2920 1139 2975 qua
1170 2904 1472 2958 transirem.
1502 2901 1635 2957 Veni
1678 2901 1742 2956 ad
1788 2903 2025 2972 quintam

446 2993 696 3051 chordam
727 2995 904 3061 homo,
936 2996 1023 3066 qui
1057 3005 1212 3065 tango
1239 2992 1542 3066 psalterium
1571 2993 1755 3047 decem
1785 2991 2020 3048 chorda-

446 3101 602 3154 rum;
634 3085 886 3155 numquid
931 3089 1384 3155 prmtermissurns
1420 3098 1564 3138 eram
1605 3083 1886 3152 quintam?
1915 3085 2024 3139 lmo

445 3175 661 3238 assidue
692 3191 1057 3248 percussurus.
1095 3175 1149 3229 ln
1179 3175 1265 3228 illa
1294 3175 1434 3230 enim
1463 3175 1616 3230 video
1642 3174 1820 3244 jacere
1857 3184 2023 3231 totum

460 3263 585 3339 pene
625 3283 790 3339 genus
833 3266 1152 3332 humanum,
1183 3265 1233 3319 in
1265 3265 1350 3319 illa
1377 3264 1530 3319 video
1558 3265 1672 3334 plus
1699 3265 1945 3319 laborare
1977 3268 2018 3319 ’.

519 3283 585 3336 ne
625 3283 790 3339 genus
834 3283 1152 3332 numanum,
1183 3283 1233 3319 ιη
1265 3283 1350 3319 Illa
1377 3283 1530 3319 VIGCO
1558 3283 1672 3334 plllS
1702 3283 1945 3319 laborare
1978 3283 2018 3319 '.

447 3283 619 3434 fliam
651 3358 992 3432 percutieudo
1040 3357 1163 3429 quid
1205 3357 1362 3411 dico?
1398 3357 1568 3411 Nolite
1612 3357 1864 3412 mcechari
1907 3367 2027 3428 post

446 3468 640 3520 uxores
670 3461 894 3518 vestras,
920 3452 1038 3522 quia
1067 3467 1171 3506 non
1191 3437 1350 3504 vultis
1364 3450 1767 3507 utmmcbeutur
1789 3460 1909 3522 post
1931 3467 2024 3506 vos

447 3560 642 3600 uxores
661 3554 874 3599 vestrae.
892 3543 1063 3598 Nolite
1087 3543 1163 3596 ire
1189 3555 1422 3612 vos,quo
1446 3557 1537 3597 eas
1550 3543 1699 3612 sequi
1717 3559 1820 3597 non
1843 3545 2021 3600 vultis.

443 3637 569 3703 Sine
584 3653 742 3692 causa
759 3653 851 3691 vos
863 3651 1116 3692 excusare
1132 3635 1411 3696 conamini,
1433 3635 1641 3704 quando
1657 3635 1854 3690 dicitis:
1871 3636 2026 3690 Num-

445 3727 572 3800 quid
601 3743 665 3783 eo
691 3727 756 3782 ad
776 3744 990 3782 uxorem
1011 3728 1234 3782 alienam
1249 3727 1271 3778 ?
1287 3727 1362 3781 Ad
1377 3727 1620 3781 ancillam
1639 3743 1810 3782 meam
1829 3745 1909 3783 eo.
1935 3729 2022 3783 Vis

445 3831 503 3876 ut
548 3821 688 3876 dicat
736 3837 867 3876 uxor
910 3830 996 3874 tua
1045 3820 1136 3873 tibi
1170 3838 1181 3871 :
1215 3820 1473 3889 Numquid
1504 3835 1566 3873 eo
1593 3820 1657 3874 ad
1688 3821 1856 3874 virum
1890 3823 2021 3876 alie-

445 3915 607 3974 num?
630 3912 930 3968 Adservum
952 3928 1128 3966 meum
1147 3927 1230 3965 eo.
1255 3911 1390 3965 Dicis
1411 3928 1422 3962 :
1441 3911 1554 3966 Non
1574 3922 1654 3965 est
1673 3928 1807 3984 uxor
1825 3913 2017 3977 aliena,

449 4009 516 4068 ad
544 4024 699 4078 quam
722 4007 873 4078 vado.
907 4005 1168 4076 Numquid
1193 4006 1268 4059 vis
1291 4005 1496 4059 dicatur
1523 4007 1612 4059 tibi
1642 4026 1654 4058 :
1682 4005 1795 4060 Non
1826 4017 1906 4061 est
1939 4008 2022 4062 vir

444 4100 671 4173 alienus,
691 4099 753 4152 ad
774 4115 926 4170 quem
960 4099 1131 4154 vado?
1153 4099 1299 4152 Absit
1326 4107 1384 4152 ut
1412 4099 1549 4152 dicat
1575 4099 1672 4153 hoc
1699 4099 1806 4154 illa.
1836 4099 2020 4155 Melius

447 4191 590 4262 enim
618 4189 759 4244 dolet
785 4198 860 4253 te,
895 4206 1048 4260 quam
1080 4189 1313 4242 imitatur
1352 4197 1419 4243 te.
1463 4190 1551 4243 Illa
1597 4191 1740 4244 enim
1785 4201 1928 4247 casta
1968 4199 2021 4246 et

447 4291 625 4343 sancta
643 4280 831 4334 femina
851 4289 902 4335 et
920 4297 1041 4335 vere
1057 4280 1361 4344 christiana,
1382 4297 1496 4352 qua:
1515 4282 2018 4338 doletfornicantem

448 4370 640 4436 virum,
661 4379 831 4424 etnon
861 4369 1007 4425 dolet
1025 4377 1239 4442 prepter
1252 4388 1462 4427 carnem
1481 4416 1494 4439 ,
1526 4373 1616 4427 sed
1644 4373 2020 4443 (loletpropter

439 4461 748 4530 charitatem
773 4479 783 4525 ;
812 4477 916 4537 non
944 4461 1062 4516 ideo
1085 4477 1188 4516 non
1220 4464 1330 4517 vult
1356 4473 1414 4517 ut
1443 4464 1603 4516 facias
1625 4506 1637 4526 ,
1664 4464 1783 4533 quia
1824 4472 1874 4518 et
1906 4464 2017 4533 ipsa

444 4569 548 4624 non
585 4551 733 4622 facit,
766 4553 858 4608 sed
889 4554 1008 4624 quia
1031 4553 1119 4606 tibi
1146 4571 1248 4608 non
1268 4553 1645 4624 expcdit.Nam
1674 4555 1716 4607 si
1742 4564 2016 4624 propterea

440 4663 551 4724 non
581 4646 727 4715 facit,
752 4655 805 4700 ut
833 4656 883 4701 tu
912 4664 1015 4700 non
1047 4647 1230 4712 facias;
1256 4649 1298 4701 si
1323 4646 1526 4712 feceris,
1557 4646 1731 4701 faciet.
1763 4646 1816 4700 Si
1838 4654 2014 4701 autem

443 4740 550 4793 Deo
582 4739 704 4796 illud
727 4737 952 4805 debeat,
983 4741 1025 4794 si
1057 4740 1265 4794 Christo
1297 4739 1421 4792 illud
1445 4739 1633 4793 debeat
1655 4737 1794 4806 quod
1820 4747 1871 4791 tu
1898 4739 2012 4792 exi-

438 4831 538 4902 gis,
567 4839 617 4900 et
647 4829 765 4883 ideo
795 4830 1001 4895 redd'-t,
1023 4832 1141 4900 quia
1164 4831 1311 4901 jubet
1337 4832 1451 4895 ille;
1479 4832 1575 4885 etsi
1603 4830 1892 4884 fornicatur
1911 4832 2012 4897 vir,

439 4925 732 4996 castitatem
766 4924 955 4996 femina
999 4923 1085 4976 illa
1109 4924 1215 4978 Deo
1240 4925 1470 4978 exhibet.
1494 4923 1736 4978 Christus
1763 4922 1905 4976 enim
1935 4923 2016 4979 lo-

442 5015 618 5088 quitur
648 5015 696 5068 in
724 5014 970 5068 cordibus
1001 5013 1256 5068 bonarum
1290 5013 1598 5068 feminarum
1622 5055 1635 5081 ,
1668 5014 1901 5084 loquitur
1929 5014 2012 5068 in-

443 5113 523 5178 tus
571 5105 652 5157 ubi
699 5121 803 5158 nan
849 5104 994 5158 audit
1037 5104 1138 5168 vir,
1165 5105 1281 5172 quia
1325 5118 1422 5157 nec
1463 5101 1648 5172 dignus
1673 5113 1785 5169 est,
1821 5105 1866 5159 si
1897 5105 2014 5161 talis

440 5205 521 5259 est
545 5215 556 5248 :
583 5197 811 5266 loquitur
827 5211 954 5270 ergo
975 5197 1063 5251 ille
1089 5194 1330 5261 interius,
1357 5205 1408 5250 et
1428 5193 1574 5260 dicit,
1598 5203 1652 5249 et
1679 5196 1835 5250 tiliam
1862 5211 2012 5252 suam

439 5287 741 5360 consolatur
768 5287 1066 5362 liujusmodi
1092 5285 1266 5339 verbis
1299 5302 1312 5338 :
1339 5284 1413 5337 De
1444 5285 1648 5354 injuriis
1673 5288 1772 5341 viri
1807 5289 1880 5343 tui
1912 5298 2014 5344 tor-

435 5377 640 5470 queris,
685 5376 809 5450 quid
840 5371 1118 5470 tibi‘enim
1161 5373 1324 5470 fecit?
1354 5373 1515 5470 l)ole;_
1546 5377 1637 5470 sed
1687 5379 1856 5448 ipsum
1903 5381 2012 5436 noli

436 5463 664 5533 imitari,
697 5476 753 5521 ut
783 5467 920 5522 male
948 5465 1124 5530 facias,
1159 5465 1251 5520 sed
1285 5463 1397 5536 ipse
1425 5475 1474 5522 te
1504 5467 1738 5524 imitetur
1766 5472 1817 5524 in
1847 5472 2007 5528 bono.

435 5563 567 5618 Nam
592 5563 645 5618 in
669 5579 734 5619 eo
759 5562 899 5634 quod
932 5561 1072 5617 male
1097 5558 1258 5630 facit,
1305 5561 1416 5618 noli
1462 5577 1580 5618 eum
1626 5571 1810 5634 putare
1851 5574 2012 5636 caput

497 5727 522 5791 1_
539 5727 611 5791 sic
643 5730 752 5772 Mss.
777 5722 896 5774 Editl
933 5735 1051 5791 vero
1080 5720 1321 5784 ferebant,
1358 5721 1455 5775 imo
1488 5722 1539 5774 in
1554 5723 1685 5778 nobis
1717 5723 1835 5791 ipsis
1855 5739 2014 5781 sema

433 5786 523 5838 Dei
546 5785 700 5847 febres
731 5791 918 5837 nostras
938 5784 1055 5847 Odit.

497 5850 517 5880 ³
534 5846 865 5898 Cisterclensis
880 5855 982 5910 bis,
1011 5846 1156 5898 debeo
1179 5858 1286 5911 prus
1307 5850 1541 5899 taborare.

2139 530 2310 589 tuum,
2341 523 2430 590 sed
2459 541 2544 596 nte
2575 524 2737 581 Deum
2769 535 2914 600 tuum
2941 530 2978 582 ⁸.
3011 527 3142 584 Nam
3181 531 3226 587 si
3269 539 3322 586 et
3365 533 3417 606 iu
3464 547 3528 610 eo
3579 543 3716 610 quod

2137 613 2272 668 male
2302 614 2426 674 facit
2449 627 2603 692 caput
2632 629 2709 672 est
2731 661 2746 685 ,
2771 628 2824 675 et
2851 621 3151 678 secuturum
3197 633 3278 680 est
3321 642 3514 698 corpus
3561 621 3717 700 caput

2139 719 2291 760 suum
2310 722 2322 768 ;
2345 716 2470 760 eunt
2496 711 2652 763 ambo
2669 725 2761 794 per
2784 728 3042 786 princeps.
3057 713 3124 770 Ut
3143 725 3316 770 autem
3336 734 3438 790 non
3457 733 3548 794 seq
3562 711 3720 792 ualui

2138 797 2336 872 malum
2358 809 2513 872 caput
2533 793 2706 876 suum,
2732 812 2905 858 teneat
2931 821 2988 860 se
3017 806 3083 861 ad
3108 816 3265 876 caput
3290 805 3544 866 Ecclesia:
3561 795 3710 867 Chri:

2137 899 2276 944 stum
2297 891 2446 947 :huic
2475 893 2675 950 debetis
2695 885 2988 970 eastitatem
3015 914 3186 967 suam,
3204 901 3322 962 huic
3338 902 3584 981 deferens
3623 907 3689 980 fio

2139 998 2322 1038 norem
2341 1000 2515 1053 suum,
2531 988 2722 1060 absens
2740 988 2808 1043 sit
2828 989 2928 1054 vir,
2951 1006 3184 1064 praesens
3199 995 3268 1048 sit
3285 995 3385 1066 vir,
3402 1012 3505 1050 non
3528 1010 3591 1070 pe
3603 1014 3713 1054 ccat

2136 1073 2244 1138 illa;
2263 1075 2383 1160 quia
2411 1093 2677 1147 nunquam
2695 1091 2775 1136 e5t
2792 1080 3002 1154 absens,
3025 1083 3110 1137 cui
3125 1083 3285 1139 debet
3307 1096 3362 1140 ut
3380 1103 3481 1156 non
3507 1071 3712 1158 peccm.

2210 1167 2296 1238 l2.
2330 1169 2454 1225 Haec
2482 1187 2629 1242 ergo,
2658 1172 2849 1230 fratres
2873 1174 3002 1244 mei,
3033 1175 3187 1231 facite
3207 1220 3220 1244 ,
3255 1187 3311 1232 ut
3339 1179 3553 1248 possitis
3585 1198 3682 1246 con

2136 1259 2356 1339 cordare
2377 1277 2496 1315 cum
2526 1263 2984 1322 adversario.'Nec
3024 1284 3200 1324 amara
3241 1283 3362 1336 sunt
3401 1289 3518 1345 quae
3560 1274 3712 1340 dim;

2135 1360 2225 1406 aut
2250 1354 2293 1408 si
2320 1369 2500 1408 amara
2530 1365 2652 1411 sunt
2673 1399 2686 1422 ,
2712 1369 2917 1413 curant.
2951 1359 3102 1416 Potio
3130 1363 3244 1432 {ista
3289 1364 3332 1418 si
3373 1357 3549 1421 amara
3599 1379 3674 1422 est
3702 1409 3713 1431 ,

2136 1443 2425 1514 accipiatur
2453 1465 2464 1498 ε
2495 1449 2613 1520 quia
2642 1450 2692 1503 in
2724 1451 2960 1520 periculo
2987 1462 3108 1507 sunt
3134 1455 3336 1524 viscera
3357 1499 3378 1534 κ
3405 1473 3584 1530 amara
3609 1437 3714 1525 est,

2136 1534 2362 1593 bibatur.
2407 1540 2589 1595 Melius
2631 1551 2711 1597 est
2755 1545 2958 1598 modica
2998 1547 3294 1603 amaritudo
3344 1549 3397 1603 in
3435 1549 3715 1619 faucibus,

2135 1643 2294 1703 quam
2323 1639 2578 1696 aeternum
2610 1641 2928 1706 tormentum
2956 1636 3007 1690 in
3030 1639 3338 1712 visceribus.
3364 1639 3560 1697 Mutate
3581 1621 3712 1714 ergo,

2134 1734 2248 1774 vos.
2282 1721 2608 1800 Quicumque
2636 1740 2736 1779 uon
2766 1726 3036 1788 faciebatis
3069 1728 3169 1784 hoc
3199 1729 3394 1802 bonum
3426 1733 3708 1796 castitatis.

2131 1809 2240 1881 jam
2281 1812 2456 1868 facite.
2504 1814 2678 1870 Nolite
2715 1817 2892 1872 dicere
2921 1838 2934 1872 :
2961 1819 3078 1874 Non
3117 1829 3288 1890 potest
3320 1823 3452 1877 fieri.
3489 1811 3714 1890 Fmdum

2135 1913 2248 1967 est,
2296 1901 2484 1959 fratres
2532 1906 2666 1980 mei,
2717 1915 2868 1982 turpe
2912 1917 3020 1975 est,
3054 1921 3110 1974 ut
3147 1913 3224 1966 vir
3249 1913 3387 1968 dieat
3419 1931 3522 1980 non
3553 1931 3713 1990 posse,

2137 1992 2411 2076 fieriqqu
2440 1994 2560 2049 facit
2590 1996 2801 2068 femina.
2831 1998 3013 2073 Scelus
3043 2007 3157 2068 est,
3190 2011 3247 2056 ut
3277 2003 3353 2056 vir
3383 2003 3520 2059 dicat
3550 2022 3562 2057 :
3591 2005 3712 2082 Non

2134 2099 2370 2154 possum.
2401 2087 2553 2154 Quod
2589 2097 2763 2162 potest
2803 2089 3024 2166 femina,
3066 2094 3147 2168 vir
3189 2109 3293 2166 non
3339 2096 3548 2166 potest?
3575 2098 3710 2168 Quid

2134 2177 2298 2256 enim,
2329 2178 2414 2233 illa
2456 2194 2671 2244 carnem
2711 2198 2820 2240 non,
2861 2182 3070 2252 portat?
3104 2185 3260 2248 Prior
3287 2201 3318 2245 a
3343 2197 3588 2257 serpente
3616 2188 3714 2254 de:

2133 2281 2285 2342 cepta
2314 2281 2412 2352 est.
2444 2272 2616 2344 Castae
2642 2290 2838 2332 uxores
2864 2285 3056 2334 vestra:
3080 2277 3366 2348 ostendunt
3407 2280 3558 2349 vobis
3593 2279 3712 2356 ﬁeri

2133 2377 2294 2434 posse
2320 2362 2462 2432 quod
2487 2380 2590 2422 non
2619 2366 2774 2422 vultis
2801 2365 2996 2433 facere,
3024 2375 3077 2424 et
3105 2367 3284 2430 dicitis
3311 2371 3421 2442 fieri
3447 2387 3552 2426 non
3587 2387 3715 2442 pos-

2133 2455 2224 2508 se!
2260 2454 2362 2508 Sed
2393 2453 2524 2511 forte
2553 2455 2720 2530 dices,
2751 2456 2869 2513 ideo
2901 2459 3042 2514 illam
3085 2459 3290 2514 facilius
3326 2459 3499 2534 facere
3531 2477 3714 2532 posse,

2133 2545 2254 2616 quia
2282 2546 2444 2612 multa
2467 2546 2541 2600 illi
2560 2547 2798 2618 custodia
2823 2557 2923 2615 est,
2953 2549 3083 2620 legis
3113 2560 3458 2624 praereptura,
3488 2552 3714 2626 diligen-

2134 2635 2204 2694 tia
2223 2636 2495 2708 maritalis,
2522 2645 2690 2694 terror
2705 2638 2860 2720 etiam
2880 2639 3052 2709 legum
3071 2641 3396 2708 publicarum
3416 2659 3429 2708 ;
3453 2651 3534 2699 est
3549 2644 3712 2708 etiam

2137 2729 2468 2786 verecundiae.
2510 2741 2562 2802 et
2609 2731 2824 2801 pudoris
2853 2733 2989 2786 illius
3017 2750 3260 2808 magnum
3298 2737 3712 2798 munimentum.

2132 2818 2308 2876 Multa:
2345 2821 2596 2884 CllSthllCll
2641 2822 2840 2890 faciunt
2880 2823 3127 2882 feminam
3173 2827 3490 2902 castiorem,
3534 2829 3709 2894 virum

2133 2923 2340 2969 castum
2365 2909 2518 2982 faciat
2552 2916 2666 2985 ipsa
2703 2916 2941 2988 virilitas.
2975 2917 3103 2976 Nam
3136 2919 3254 2978 ideo
3293 2922 3505 2979 mulieri
3542 2925 3714 2994 major

2133 3005 2394 3092 custodia,
2421 3007 2543 3078 quia
2570 3009 2738 3086 major
2761 3010 3058 3070 infirmitas.
3083 3009 3176 3070 illa
3197 3015 3460 3073 erubescit
3488 3017 3623 3086 viro,
3649 3028 3712 3092 tu

2131 3113 2239 3156 non
2266 3089 2536 3158 erubescis
2555 3101 2802 3160 Christo?
2829 3103 2905 3160 'l‘u
2939 3103 3175 3172 liberior,
3199 3108 3320 3180 quia
3342 3107 3527 3168 fortior
3549 3128 3560 3164 :
3585 3089 3715 3182 quia

2130 3187 2284 3262 facile
2323 3191 2516 3259 vineis,
2557 3192 2674 3248 ideo
2712 3193 2805 3251 tibi
2834 3196 3149 3260 commissus
3177 3213 3255 3253 es.
3292 3181 3464 3270 Super
3493 3181 3632 3258 illam
3655 3213 3715 3265 et

2131 3280 2398 3352 diligentia
2431 3283 2560 3356 viri,
2593 3293 2646 3338 et
2676 3294 2848 3340 terror
2878 3286 3052 3356 legum
3073 3329 3087 3351 ,
3128 3298 3182 3342 et
3223 3292 3550 3362 consuetudo
3590 3309 3711 3356 mos

2130 3389 2272 3440 rum,
2294 3383 2347 3430 et
2372 3375 2684 3432 verecundia
2715 3376 2884 3446 major
2909 3393 2922 3429 :
2955 3389 3007 3432 et
3033 3379 3173 3436 Deus
3202 3397 3361 3450 super
3392 3392 3473 3452 te,
3504 3394 3712 3464 tantum

2132 3463 2290 3520 Deus.
2321 3465 2529 3522 Iuvenis
2549 3467 2689 3526 enim
2719 3467 2868 3530 facile
2919 3484 3073 3539 pares
3100 3471 3262 3537 viros,
3291 3475 3481 3544 quibus
3509 3492 3614 3540 non
3637 3463 3711 3538 tié

2129 3571 2277 3610 meas
2302 3556 2646 3632 erubescere,
2673 3559 2793 3626 quia
2826 3557 3024 3624 faciunt
3062 3561 3193 3616 illud
3236 3565 3406 3618 multi.
3453 3568 3516 3622 Et
3563 3577 3714 3646 tanta

2129 3655 2211 3700 est
2240 3648 2558 3716 perversitas
2585 3651 2793 3720 generis
2824 3651 3060 3724 humani,
3086 3663 3144 3716 ut
3171 3654 3452 3726 aliquando
3475 3668 3712 3726 metuen-

2128 3737 2252 3800 dum
2281 3739 2349 3792 sit
2394 3755 2459 3793 ne
2498 3749 2676 3797 castus
2719 3743 2997 3798 erubescat
3039 3745 3177 3818 inter
3220 3725 3531 3818 impudicos.
3582 3725 3711 3816 Ideo

2129 3845 2233 3900 non
2263 3844 2415 3886 cesso
2453 3840 2668 3902 tangere
2696 3832 2936 3902 quintam
2977 3835 3130 3904 istaut
3170 3839 3459 3922 cliordam,
3493 3853 3710 3918 propter

2129 3923 2295 3991 ipsam
2341 3938 2641 3992 perversam
2681 3926 3119 3996 consuetudinem
3147 3940 3200 3984 et
3227 3931 3399 4006 labem
3429 3937 3614 4004 totius,
3648 3946 3708 4006 ut

2125 4015 2268 4083 dixi,
2302 4015 2512 4085 generis
2542 4015 2777 4072 humani.
2806 4017 2859 4073 Si
2885 4021 3001 4090 quis
3031 4020 3165 4075 inter
3208 4039 3301 4078 vos
3340 4025 3493 4084 faciat
3531 4015 3708 4100 tiomi-f

2125 4107 2352 4176 cidium,
2382 4108 2523 4180 quod
2565 4117 2769 4172 avertat
2803 4112 2974 4188 Deus,
3002 4113 3203 4183 pellere
3244 4117 3390 4172 illum
3437 4121 3591 4180 vultis
3633 4123 3708 4186 de,

2129 4202 2293 4276 patria
2314 4243 2329 4263 ,
2358 4210 2411 4255 et
2437 4201 2708 4266 continuo,
2739 4203 2783 4254 si
2813 4201 2923 4262 fieri
2947 4212 3140 4272 potest,
3160 4208 3458 4280 excludere.
3492 4210 3545 4267 Si
3584 4216 3709 4290 quis

2125 4289 2282 4346 faciat
2311 4290 2507 4350 furtum
2524 4333 2538 4358 ,
2563 4291 2750 4348 odistis
2774 4293 2919 4347 illum
2940 4336 2957 4362 ,
2980 4311 3079 4350 nec
3103 4298 3279 4358 videre
3300 4302 3478 4358 vultis.
3509 4302 3563 4360 Si
3585 4306 3708 4386 quis

2125 4380 2266 4464 dicat
2300 4379 2485 4438 falsum
2530 4383 2921 4452 testimonium,
2954 4386 3366 4456 abominamini,
3409 4409 3507 4452 nec
3551 4379 3707 4462 vobis

2124 4472 2286 4534 homo
2319 4473 2542 4528 videtur.
2573 4475 2629 4528 Si
2658 4476 2775 4548 quis
2801 4479 3142 4548 concupiscat
3164 4481 3362 4538 alienas
3384 4500 3490 4564 res,
3521 4467 3708 4556 raptor

2124 4574 2178 4619 et
2213 4565 2440 4633 injustus
2468 4564 2766 4634 deputatur.
2799 4567 2852 4624 Si
2883 4572 3000 4642 quis
3029 4573 3297 4636 volutatur
3335 4591 3454 4632 cum
3496 4565 3708 4648 ancillis

2123 4655 2254 4719 suis,
2282 4667 2512 4725 amatur,
2543 4657 2734 4713 blande
2762 4659 3044 4730 accipitur;
3075 4676 3457 4733 convertuntur
3479 4651 3704 4756 vulnera“

2123 4744 2175 4821 in
2202 4747 2340 4816 joca.
2361 4747 2416 4804 Si
2439 4749 2557 4820 quis
2577 4758 2752 4824 autem
2774 4751 2964 4820 existat
2984 4752 3072 4821 qui
3099 4755 3239 4810 dicat
3264 4771 3321 4810 se
3343 4769 3569 4842 casttun,
3593 4744 3705 4844 neq

2123 4837 2298 4910 facere
2325 4839 2671 4914 adulterium,
2703 4853 2883 4895 uotum
2910 4852 3083 4898 autem
3115 4845 3184 4913 sit
3208 4848 3348 4916 quod
3371 4865 3475 4906 non
3511 4833 3698 4920 abin:

2121 4931 2386 5003 erubescit
2415 4933 2665 4990 accedere
2689 4933 2753 4988 ad
2786 4934 2900 5007 illos
2930 4950 3032 4989 non
3062 4936 3140 4992 sui
3173 4937 3371 4994 similes
3391 4983 3403 5005 ,
3439 4958 3504 4997 ne
3533 4929 3704 5007 insul-

2122 5029 2265 5086 tent,
2297 5037 2365 5094 ne
2393 5023 2661 5090 irrideant,
2692 5039 2758 5079 ne
2783 5024 2961 5080 dicant
2992 5043 3094 5082 non
3121 5043 3240 5084 esse
3267 5031 3456 5106 virum.
3491 5033 3569 5108 Ad
3599 5003 3703 5089 iiut:

2121 5114 2338 5184 delapsa
2365 5125 2445 5170 est
2466 5115 2690 5170 humana
2715 5118 3052 5189 perversitas,
3074 5129 3130 5174 ut
3151 5122 3229 5175 vir
3250 5103 3509 5176 habeatur
3531 5103 3701 5180 victus

2120 5221 2150 5266 a
2173 5205 2408 5278 libidine,
2435 5217 2489 5260 et
2513 5205 2592 5259 vir
2618 5222 2721 5261 non
2745 5207 3000 5264 habeatur
3021 5212 3190 5266 victor
3217 5213 3466 5270 libidinis.
3492 5215 3702 5286 Trium-

2121 5297 2344 5370 phantes
2369 5296 2667 5382 exsultant,
2700 5306 2754 5353 et
2782 5315 2886 5354 non
2913 5311 3034 5356 sunt
3059 5303 3195 5357 viri:
3219 5302 3397 5384 jacent
3426 5285 3694 5382 prostrati,

2119 5397 2173 5460 et
2197 5388 2296 5443 viri
2317 5387 2472 5442 sunt?
2501 5388 2556 5443 Si
2585 5399 2884 5468 spectares,
2913 5393 3000 5448 ille
3031 5392 3122 5448 tibi
3152 5391 3420 5449 videretur
3446 5395 3630 5452 fortior
3651 5401 3692 5464 ’,

2119 5479 2205 5551 qui
2233 5477 2434 5549 jaceret
2457 5479 2555 5535 sub
2579 5478 2772 5548 bestia,
2800 5497 2955 5552 quam
2993 5482 3081 5552 qui
3122 5484 3409 5554 perimeret
3439 5470 3698 5544 bestiam?

2115 5659 2208 5772 MS;
2225 5656 2361 5721 miti,
2385 5656 2472 5710 sed
2495 5657 2602 5714 time
2623 5671 2699 5709 me
2724 5665 2877 5710 Deum
2897 5633 3047 5712 tutan.
3073 5665 3302 5728 verbum,
3330 5665 3462 5732 time,
3493 5671 3633 5722 abest
3671 5684 3700 5728 a

2127 5759 2788 5860 ZF'Ae-__=,§i§13£€'e9ejn
2809 5784 3175 5860 amphitheatro.
3197 5788 3244 5842 si
3281 5791 3608 5860 exspectabas.
3647 5803 3703 5848 ατ

2120 5844 2201 5902 ille
2223 5843 2308 5896 tibi
2329 5842 2568 5894 uideretur
2589 5842 2775 5904 fortior,
2801 5842 2896 5895 etei
