4014 6310
271 307 345 367 35
1740 293 1964 348 summ
2007 292 2067 346 Γ(
3469 303 3539 364 36

345 418 435 479 f5.
478 414 586 481 Sed
621 414 743 486 quia
782 412 1125 487 dissimulatis
1165 425 1195 469 a
1240 422 1415 480 pugna
1455 408 1705 463 interiore
1730 408 1769 473 ‘,
1803 416 1856 460 ct

267 511 541 566 delectant
569 524 664 562 vos
697 522 882 577 pugnae
906 492 1222 571 exteriores,
1245 504 1367 559 ideo
1388 518 1491 558 non
1515 502 1669 555 vultis
1698 500 1855 568 perti-

268 618 402 665 uere
418 602 489 665 ad
513 601 777 667 caudicum
797 613 1022 662 navum;
1049 595 1137 651 ubi
1162 595 1373 660 dicitur,
1397 594 1495 656 Qui
1515 593 1656 647 do‘cet
1678 607 1855 645 manus

267 714 404 755 mea:
441 697 513 751 ad
567 694 832 765 prndium,
878 702 925 748 et
967 691 1150 760 digitos
1190 706 1328 744 meo:
1360 688 1427 741 ad
1466 687 1648 742 bellum
1682 684 1851 758 (Paul.

267 804 453 855 cxwt,
484 785 559 858 l).
595 787 688 841 Est
712 785 853 847 enim
880 784 1073 841 bellum
1110 781 1252 851 quod
1298 795 1479 835 secum
1524 780 1633 850 agit
1673 778 1851 843 homo,

265 878 532 933 dimicans
558 886 743 933 contra
775 872 1232 944 concupiscentias
1259 871 1423 927 malas
1443 911 1456 935 ,
1487 870 1698 925 frenatis
1726 874 1853 922 ara-

271 973 467 1031 eitiam.
499 969 704 1027 elidens
723 968 1044 1036 superbiam,
1072 964 1336 1022 sull‘ocans
1356 964 1717 1027 ambitionem,
1741 970 1853 1017 tru-

262 1063 452 1117 cidans
485 1061 782 1121 libidinem.
805 1060 912 1119 llas
937 1072 1137 1129 pugnas
1169 1056 1299 1112 facis
1320 1056 1374 1111 in
1389 1055 1627 1117 occulto,
1658 1063 1709 1108 et
1749 1069 1853 1108 non

263 1155 503 1213 vinceris
531 1154 585 1213 in
614 1163 821 1223 aperto.
839 1152 917 1206 Ad
951 1151 1049 1207 hoc
1079 1150 1339 1205 docentur
1364 1164 1552 1202 manus
1578 1150 1768 1200 vestrm
1787 1145 1853 1199 ad

263 1247 533 1317 praelium,
553 1256 608 1301 et
623 1245 773 1315 digiti
789 1244 951 1301 vestri
969 1242 1035 1305 ad
1057 1242 1274 1297 bellum.
1301 1240 1415 1294 Non
1446 1249 1522 1294 est
1546 1238 1715 1292 hocin
1734 1253 1855 1306 spe-

261 1339 490 1395 ctaculis
519 1339 731 1395 vestris.
752 1337 804 1391 In
822 1336 925 1393 illis
951 1334 1268 1404 spectaculis
1292 1349 1395 1387 non
1423 1332 1474 1387 id
1501 1341 1585 1389 est
1609 1339 1851 1394 venator,

260 1431 403 1500 quod
421 1430 728 1493 citharista;
748 1427 890 1483 aliud
910 1428 1017 1497 agit
1040 1434 1281 1491 venator,
1299 1422 1443 1478 aliud
1463 1422 1739 1481 citharista
1762 1437 1775 1473 :
1802 1420 1853 1473 in

259 1520 573 1589 spectaculo
587 1521 679 1581 Dei
695 1535 853 1579 unum
867 1526 967 1574 est.
981 1518 1160 1585 Tange
1171 1516 1388 1571 easdem
1402 1515 1585 1571 decem
1602 1512 1849 1578 chordas,

262 1624 315 1668 et
361 1614 506 1669 teras
550 1613 796 1681 occides,
825 1621 1108 1681 utrumque
1142 1609 1299 1665 simul
1344 1608 1493 1663 facis.
1520 1608 1713 1675 Tangis
1744 1606 1851 1674 pri-

261 1720 405 1759 niam
432 1704 713 1771 chordam,
747 1716 849 1773 qua
877 1718 1010 1757 unus
1036 1700 1227 1761 colitur
1257 1701 1431 1763 Deus;
1462 1699 1655 1753 cecidit
1683 1698 1852 1757 bestia

262 1798 681 1867 superstitionis.
710 1796 902 1866 Tangis
933 1794 1241 1860 secundam,
1270 1807 1371 1862 qua
1405 1805 1508 1845 non
1536 1790 1733 1859 accipis
1758 1802 1855 1843 no-

263 1906 385 1945 men
413 1891 628 1947 Domini
660 1890 751 1953 Dei
793 1889 867 1943 tui
892 1891 943 1945 in
969 1903 1196 1954 vanum;
1225 1886 1416 1942 cecidit
1453 1886 1620 1940 bestia
1657 1885 1855 1941 erroris

261 1981 619 2043 nefandarum
672 1981 967 2059 lmresum,
1016 1995 1134 2048 qua:
1181 1978 1234 2032 id
1280 1986 1612 2048 putaverunt.
1661 1976 1855 2045 Tangis

264 2074 478 2133 tertiam
520 2072 813 2137 chordam,
854 2071 941 2125 ubi
977 2086 1074 2140 pro
1117 2084 1212 2139 spe
1254 2070 1446 2123 tuturte
1489 2068 1683 2138 quietis
1728 2066 1855 2120 facis

262 2166 524 2237 quidquid
566 2166 729 2229 facis;
757 2164 1070 2225 interﬁcitur
1112 2161 1379 2218 crudelior
1424 2162 1632 2217 caeteris
1672 2159 1857 2214 bestiis

262 2275 414 2317 amor
440 2258 629 2317 amuli
658 2257 831 2327 hujus.
860 2258 1083 2326 Propter
1113 2266 1346 2309 amorem
1379 2255 1521 2308 enim
1547 2252 1726 2307 saeculi
1753 2252 1855 2304 hu-

261 2352 348 2421 jus
377 2352 629 2411 laborant
658 2350 902 2404 homines
942 2349 996 2401 in
1033 2347 1276 2402 omnibus
1306 2346 1531 2415 negotiis
1558 2361 1571 2397 :
1596 2351 1650 2397 ιιι
1679 2348 1852 2397 autem

266 2446 320 2503 in
346 2444 604 2501 omnibus
632 2442 786 2497 bonis
823 2440 1073 2511 operibus
1102 2439 1202 2493 tuis
1226 2436 1404 2492 labora
1427 2479 1439 2499 ,
1490 2451 1598 2491 non
1638 2443 1857 2506 propter

266 2552 506 2593 amorem
535 2534 722 2593 srcculi
749 2533 935 2603 huius,
965 2532 1059 2587 sed
1101 2540 1316 2601 propter
1352 2530 1729 2598 sempiternam
1769 2540 1855 2585 re-

267 2631 445 2700 quiem
478 2642 638 2698 quam
662 2626 921 2696 promittit
949 2624 1104 2678 Deus.
1128 2622 1259 2676 Vide
1279 2622 1547 2691 quomodo
1574 2626 1855 2687 utrumque

269 2719 423 2775 simul
452 2718 619 2782 facis,
646 2724 703 2771 et
741 2714 971 2770 chordas
1001 2713 1201 2783 tangis,
1231 2721 1286 2767 et
1311 2711 1509 2770 bestias
1547 2710 1775 2772 occidis,
1804 2709 1855 2762 id

267 2821 383 2877 est,
416 2820 469 2865 et
497 2809 774 2863 citharista
808 2821 868 2862 es
892 2815 945 2861 et
970 2812 1209 2860 venator.
1250 2802 1364 2857 Non
1403 2815 1498 2861 vos
1539 2801 1806 2855 delectant
1833 2801 1854 2831 ³

270 2903 391 2961 talia
420 2900 749 2971 spectacula,
774 2898 863 2953 ubi
889 2913 994 2951 non
1023 2908 1386 2965 promerctnnr
1405 2894 1589 2947 oculos
1611 2892 1851 2958 editoris,

269 2993 362 3050 sed
383 2993 574 3051 oculos
603 2986 1010 3058 Redemptoris?
1039 2985 1250 3045 Honora
1280 2994 1470 3054 patrem
1498 2993 1638 3035 tuum
1667 2990 1713 3035 et
1745 2997 1855 3033 nta-

271 3094 396 3143 trem
416 3094 561 3155 tltqm
583 3098 607 3137 δ
628 3080 798 3150 tangis
818 3086 1059 3149 quartam
1081 3077 1333 3131 ehordam
1355 3116 1369 3140 ,
1394 3085 1451 3129 ut
1482 3074 1736 3128 honorem
1761 3086 1856 3140 pa-

270 3176 516 3239 rentibus
538 3172 777 3238 deletas;
813 3169 1003 3227 cecidit
1041 3168 1211 3235 bestia
1251 3166 1553 3235 impietatis.
1591 3163 1711 3216 Non
1739 3178 1857 3216 mtr-

523 3280 541 3320 :
567 3246 737 3332 tangis
756 3262 991 3331 quintam
1019 3258 1305 3321 chordam;
1331 3255 1523 3310 cecidit
1544 3254 1710 3309 bestia
1738 3253 1858 3307 libi—

272 3358 432 3412 dinis.
472 3354 594 3409 Non
636 3354 872 3414 occides:
898 3351 1067 3421 tangis
1107 3358 1310 3405 sextam
1352 3346 1639 3412 chordam;
1670 3346 1860 3400 cecidit

273 3450 443 3513 hosne
485 3446 836 3511 crudelitatis.
869 3443 989 3501 Non
1029 3447 1218 3513 [unum
1266 3438 1652 3510 facies:tat'tgis
1691 3437 1857 3508 septi-

274 3556 415 3608 mam
442 3538 731 3600 cltordam;
760 3536 953 3593 cecidit
977 3534 1145 3588 bestia
1172 3530 1490 3600 rapacitatis.
1528 3528 1645 3582 Non
1674 3530 1859 3598 falsum

275 3630 615 3695 testimonium
648 3628 781 3685 dices
802 3642 821 3680 :
850 3625 1020 3694 tangis
1065 3632 1305 3678 octavam
1345 3619 1631 3684 chordant;
1669 3617 1861 3673 cecidit

274 3724 444 3783 bestia
474 3720 739 3781 ltilsitatis.
779 3717 897 3772 Non
923 3715 1470 3785 concupisccsuxorem
1495 3712 1709 3779 proximi
1741 3710 1815 3763 tui
1840 3726 1860 3765 :

278 3814 449 3883 tangis
479 3827 674 3877 nonam
694 3809 947 3869 chordam
973 3826 986 3872 ;
1015 3805 1207 3861 cecidit
1235 3806 1399 3857 bestia
1426 3803 1734 3859 adulterinae
1764 3814 1859 3855 co-

276 3907 571 3978 gitationis.
623 3902 777 3964 Aliud
819 3909 902 3957 est
946 3901 1088 3955 enim
1133 3913 1236 3952 non
1290 3896 1464 3951 facere
1511 3894 1707 3964 aliquid
1753 3893 1860 3948 tale

277 4006 474 4067 praeter
504 4009 748 4059 uxorem,
777 3990 920 4047 aliud
952 4006 1058 4045 non
1084 3998 1332 4056 appetere
1358 3987 1585 4040 alienam
1614 3998 1856 4038 uxorem.

278 4088 401 4147 ideo
416 4087 525 4145 duo
546 4092 807 4154 praecepta
827 4091 969 4146 sunt,
994 4078 1113 4135 Non
1140 4076 1478 4141 machabcria,
1498 4086 1571 4142 et,
1597 4075 1714 4130 Non
1734 4092 1857 4130 con-

278 4181 502 4251 cupisces
522 4192 731 4243 uxorem
754 4175 969 4246 proximi
985 4174 1076 4233 tui.
1103 4171 1224 4227 Non
1240 4172 1557 4240 concupisces
1572 4186 1677 4224 rem
1694 4173 1865 4241 proxi-

277 4273 346 4325 mi
372 4272 445 4331 tui
464 4286 486 4323 :
512 4269 685 4338 tangis
706 4266 963 4329 decimam
988 4262 1241 4321 cbordam
1263 4280 1275 4327 ;
1301 4261 1494 4317 cecidit
1523 4262 1688 4316 bestia
1716 4265 1865 4333 cupi-

278 4361 480 4421 ditatis.
500 4360 581 4419 lta
604 4357 915 4417 cadentibus
935 4355 1179 4415 omoibus
1200 4354 1383 4409 bestiis
1402 4367 1620 4409 securus
1640 4362 1693 4408 et
1714 4353 1867 4410 inno-

280 4470 405 4510 cens
448 4454 503 4507 in
534 4452 630 4507 Dei
673 4449 957 4507 dilectione
985 4457 1039 4505 et
1062 4447 1289 4503 humana
1325 4447 1581 4501 societate
1614 4448 1862 4503 versaris.

280 4544 528 4616 Tangeris
546 4541 776 4623 chordas
786 4540 991 4604 decem,
1011 4537 1581 4609 quotbestiasoccidis?
1592 4538 1723 4592 Nam
1737 4540 1869 4594 mul-

286 4648 329 4693 ta
345 4639 522 4706 capita
539 4643 664 4699 sunt
679 4633 778 4697 sub
801 4634 913 4692 istis
926 4632 1203 4703 capitibus.
1222 4630 1276 4685 In
1294 4631 1515 4700 singulis
1529 4631 1743 4686 chordis
1760 4646 1863 4687 non

285 4730 517 4801 singulas
530 4726 748 4789 bestias,
762 4725 853 4781 sed
866 4739 1051 4795 greges
1063 4722 1314 4781 interﬁcis
1324 4722 1630 4778 bestiarum.
1644 4723 1731 4778 Sic
1741 4738 1868 4795 ergo

282 4823 547 4887 canticum
570 4834 763 4879 novtnu
784 4831 905 4877 cum
920 4829 1124 4882 amote,
1138 4831 1242 4871 non
1265 4828 1385 4879 cum
1401 4816 1588 4871 timore
1608 4815 1864 4869 cantabis.

351 4910 580 4975 CAPUT
612 4909 678 4973 Χ.
708 4938 783 4948 ——
820 4907 905 4965 14.
936 4906 1054 4963 Noli
1088 4906 1266 4965 dicere
1322 4906 1413 4961 tibi
1433 4946 1447 4970 ,
1480 4907 1691 4976 quando
1734 4906 1869 4962 forte

285 5004 622 5073 luxurianter
645 4999 840 5070 aliquid
864 4999 941 5063 vis
964 5013 1122 5068 agere
1149 5017 1162 5054 :
1192 4998 1420 5053 Uxorem
1448 5014 1551 5052 non
1578 4998 1768 5065 habeo,
1797 4998 1870 5052 l'a-

285 5098 368 5153 cio
396 5097 542 5164 quod
573 5095 731 5162 volo;
769 5108 875 5159 non
904 5092 1046 5155 enim
1074 5100 1195 5161 post
1231 5106 1449 5153 uxorem
1482 5105 1654 5146 meam
1686 5106 1868 5161 pecco.

285 5189 402 5246 iam
431 5188 574 5251 nosti
604 5188 831 5259 pretium
861 5195 1029 5252 tuum,
1052 5186 1161 5254 jam
1191 5185 1331 5243 nos“
1359 5199 1464 5254 quo
1490 5183 1719 5251 accedis,
1746 5185 1872 5255 quid

288 5280 613 5349 manduecs,
645 5278 773 5349 quid
806 5278 989 5342 bibas;
1036 5277 1140 5335 imo
1181 5290 1339 5345 quem
1374 5277 1687 5344 manduces,
1717 5290 1870 5347 quem

290 5372 461 5431 bibas.
493 5370 713 5443 Abstine
740 5378 791 5425 te
817 5384 848 5429 a
876 5367 1334 5433 fornicationibus.
1364 5366 1440 5423 Ne
1468 5367 1608 5436 forte
1633 5367 1759 5423 mihi
1790 5369 1874 5423 die

292 5477 385 5518 cas
406 5482 423 5518 :
445 5462 529 5535 Ad
552 5462 806 5531 fornicem
826 5460 982 5526 vatio,
1010 5459 1077 5523 ad
1100 5460 1431 5534 meretricem
1459 5474 1641 5529 pergo,
1667 5459 1734 5514 ad
1754 5475 1874 5529 pro-

293 5555 529 5611 stitutam
557 5571 623 5609 eo
656 5573 673 5619 ;
709 5569 806 5631 nec
836 5552 960 5629 illud
998 5560 1319 5627 praeceptum
1345 5551 1515 5619 violo,
1544 5568 1648 5622 quo
1678 5553 1873 5617 dictum

359 5672 377 5735 ξ
402 5666 573 5717 Plures
592 5665 811 5735 Itss.,__atl
832 5678 1039 5735 pugnam
1060 5664 1276 5717 introire.

360 5732 380 5760 ¹
403 5737 477 5778 Sic
496 5738 600 5791 Am.
627 5737 679 5778 et
695 5726 876 5791 aliqitbt
896 5726 1002 5779 διες.
1032 5735 1085 5780 At
1105 5735 1196 5778 EN
1225 5737 1323 5779 non
1343 5740 1427 5779 nos
1451 5726 1704 5783 delectam.
1746 5736 1871 5785 bove

300 5800 398 5843 Non
416 5804 501 5842 nos
522 5790 772 5843 delectent.

1964 412 2079 469 est,
2120 402 2238 458 Non
2265 405 2581 463 nurchobm's
2601 424 2621 475 ,-
2657 409 2781 481 Qui:
2818 414 3039 471 tuorum
3068 412 3310 469 nondum
3345 386 3540 473 habeo;

1925 509 2062 553 inec
2104 504 2224 564 post
2267 496 2408 553 illam
2452 498 2650 568 aliquid
2692 499 2829 581 facio
2862 519 2875 555 :
2907 516 3007 557 nec
3048 502 3179 558 illud
3222 506 3541 575 praeceptum

1962 586 2121 651 violo,
2151 587 2238 645 ubi
2263 588 2458 645 dictum
2480 598 2581 656 est,
2615 589 2737 646 Non
2754 594 3076 663 concupiscas
3097 609 3307 649 mea:
3326 597 3546 666 proximi

2087 677 2187 745 Qui
2216 680 2282 737 ad
2310 679 2568 748 publicam
2594 681 2746 749 vado,
2776 684 2827 738 in
2852 686 2994 755 quod
3023 696 3344 757 princeme
3365 689 3543 743 incur-

1962 770 2063 829 ro?
2090 771 2205 826 Non
2249 772 2545 831 invenimus
2579 773 2865 844 chordam,
2906 793 3062 847 quam
3094 782 3408 850 tangamus?
3439 797 3529 844 no:

1962 860 2259 951 invenimus
2301 864 2594 927 chordam?
2637 870 2752 933 Quo
2797 883 2959 926 nervo
3004 872 3228 942 ligemus
3267 873 3542 944 fugitivum

1961 948 2158 1013 istum?
2183 957 2296 1012 Non
2329 956 2490 1028 fugiat
2511 960 2549 1024 ί,
2583 958 2742 1019 habet
2768 948 2904 1019 unde
2929 964 3116 1034 ligetur
3143 983 3157 1019 :
3180 967 3273 1021 sed
3298 954 3460 1034 amet,
3488 977 3544 1023 et

1962 1061 2065 1105 neu
2096 1049 2200 1104 erit
2231 1050 2595 1120 ligamentum,
2625 1053 2721 1107 sed
2746 1065 3132 1111 ornamentum.
3164 1058 3279 1113 Non
3306 1060 3447 1114 enim
3474 1059 3543 1115 li-

1961 1149 2264 1207 gamcntum
2286 1182 2301 1207 ,
2332 1142 2426 1197 sed
2454 1153 2825 1198 ornamentum
2870 1145 2923 1198 iu
2962 1147 3088 1214 ipsis
3116 1148 3300 1204 decem
3328 1149 3544 1207 chordis

1963 1230 2279 1287 invenimus.
2327 1234 2516 1289 Decem
2557 1236 2698 1290 enim
2743 1246 3003 1307 iumcepta
3034 1240 3099 1292 ad
3136 1240 3242 1295 duo
3279 1242 3364 1297 illa
3400 1242 3541 1298 refe-

1961 1332 2170 1387 runtur,
2204 1326 2357 1379 sicuti
2383 1327 2699 1393 audivimus,
2728 1338 2783 1382 ut
2803 1328 3083 1398 diligamus
3105 1332 3267 1385 Deum
3289 1340 3343 1387 et
3368 1334 3544 1402 proxi-

1960 1428 2107 1475 mum
2138 1433 2151 1469 :
2179 1424 2231 1473 et
2267 1416 2372 1475 dno
2415 1417 2501 1472 illa
2540 1418 2605 1473 ad
2647 1434 2809 1473 unum
2851 1420 2997 1474 illttd.
3033 1421 3202 1475 Unum
3234 1431 3316 1476 est
3340 1432 3540 1489 autem,

1964 1506 2111 1573 Quod
2138 1508 2223 1560 tibi
2249 1509 2359 1577 ﬁeri
2384 1527 2482 1563 non
2512 1512 2603 1573 vis,
2636 1512 2723 1564 alii
2754 1528 2811 1564 ne
2837 1512 3011 1581 [vceris
3043 1514 3192 1583 (Tol).
3221 1531 3290 1581 tv,
3321 1516 3433 1585 ιϐ).
3467 1516 3541 1579 lbi

1960 1600 2302 1661 continentur
2325 1601 2508 1658 decem
2524 1644 2539 1665 ,
2568 1603 2637 1658 ibi
2661 1605 2998 1663 continentur
3026 1606 3151 1661 duo.

2034 1690 2119 1749 l5.
2148 1690 2252 1746 Sed
2279 1691 2412 1761 dicis
2438 1711 2452 1746 :
2478 1693 2697 1753 Furtum
2725 1696 2771 1751 si
2800 1695 3006 1762 faciam,
3038 1697 3087 1751 id
3118 1698 3250 1752 facio
3274 1697 3415 1769 quod
3436 1700 3541 1769 pati

1960 1780 2087 1835 nolo
2118 1799 2134 1834 :
2160 1782 2204 1841 si
2228 1782 2494 1849 occidam,
2530 1784 2581 1845 id
2618 1786 2750 1845 iacio
2786 1786 2925 1855 quod
2957 1788 3025 1845 ab
3049 1788 3216 1845 altero
3248 1790 3351 1857 pati
3379 1789 3539 1844 nolo:

1959 1873 2004 1927 si
2048 1874 2355 1942 parentibus
2396 1876 2532 1939 meis
2576 1876 2834 1941 honorent
2878 1893 2981 1935 non
3025 1878 3294 1945 deferam,
3333 1879 3543 1949 quando

1963 1964 2087 2023 volo
2115 1975 2169 2025 ut
2193 1965 2465 2029 deferatur.
2491 1968 2625 2031 mihi
2649 1984 2677 2021 a
2708 1970 2828 2029 ﬁliis
2855 1971 3007 2035 meis,
3040 1970 3089 2024 id
3118 1972 3252 2027 facio
3273 1972 3413 2041 quod
3438 1973 3540 2041 pati

1961 2058 2084 2112 nolo
2114 2075 2125 2109 :
2157 2058 2201 2117 si
2244 2058 2345 2115 sim
2385 2059 2625 2122 metellus
2654 2069 2707 2115 et
2730 2046 2925 2131 aliquid
2954 2063 3055 2119 tale
3080 2063 3265 2123 moliar
3286 2105 3300 2125 ,
3334 2062 3385 2117 id
3412 2063 3545 2117 iacio

1960 2150 2100 2217 quod
2129 2149 2233 2217 pati
2258 2149 2414 2215 nolo;
2446 2166 2566 2213 nam
2593 2151 2637 2215 si
2667 2152 2784 2219 quis
2810 2152 3191 2220 interrogetur,
3223 2152 3381 2218 dicit,
3410 2152 3545 2207 Nolo

1961 2248 2020 2297 ut
2044 2256 2178 2301 uxor
2202 2256 2320 2305 mea
2346 2242 2449 2307 tale
2468 2242 2665 2311 aliquid
2694 2243 2842 2305 faciat
2872 2266 2885 2296 .
2914 2244 2955 2303 si
2987 2244 3304 2312 concupisco
3326 2259 3543 2305 uxorem

1898 2336 1899 2343 ‘
1960 2332 2188 2402 proximi
2220 2331 2355 2396 mei,
2388 2333 2514 2391 nolo
2544 2333 2821 2402 quisquam
2864 2334 3201 2403 concttpiscat
3246 2349 3451 2397 meam;
3494 2334 3542 2389 id

1961 2421 2098 2479 facio
2125 2423 2264 2493 quod
2294 2424 2399 2493 pati
2428 2424 2551 2483 nolo
2578 2441 2589 2479 ;
2613 2424 2655 2494 si
2683 2424 2997 2492 concupisce
3025 2442 3136 2481 rem
3168 2425 3390 2493 proximi
3418 2425 3543 2490 mei,

1962 2515 2085 2569 nolo
2118 2524 2173 2569 ut
2198 2514 2466 2583 auferatur
2496 2530 2646 2581 mea;
2681 2513 2735 2577 id
2762 2513 2894 2573 iacio
2926 2515 3066 2584 quod
3102 2516 3207 2584 pati
3240 2516 3362 2571 nolo
3387 2532 3397 2565 :
3423 2530 3544 2569 cum

1962 2622 2089 2665 vero
2134 2605 2198 2660 ad
2238 2605 2573 2667 meretricem
2612 2621 2707 2672 eo,
2744 2607 2827 2665 cui
2873 2606 3007 2665 facio
3050 2608 3192 2676 quod
3238 2608 3341 2675 pati
3386 2607 3548 2663 uolo?

1961 2698 2111 2765 Quod
2139 2699 2353 2767 gravius
2373 2707 2473 2763 est,
2502 2698 2601 2766 ipsi
2630 2698 2755 2753 Deo.
2785 2697 3042 2767 intelligat
3062 2699 3324 2759 Sanctitts
3348 2708 3544 2763 vestra.

1964 2789 2196 2855 Etenim,
2233 2788 2379 2854 Quod
2410 2790 2521 2857 ﬁeri
2550 2788 2636 2840 tibi
2666 2806 2765 2851 non
2791 2791 2881 2852 vis,
2912 2791 2999 2853 alii
3027 2807 3087 2851 ne
3112 2793 3314 2861 facetis,
3349 2791 3415 2845 ad
3442 2790 3548 2849 duo

1964 2889 2225 2950 pt‘mtzt'pla
2255 2880 2499 2948 pertinet.
2535 2880 2811 2947 Quomodo
2849 2882 3075 2948 pertinet
3112 2882 3175 2935 ad
3211 2882 3317 2943 dini
3354 2895 3549 2950 prince-

1964 2970 2093 3040 pta?
2124 2968 2181 3027 Si
2212 2969 2411 3035 homini
2439 2986 2545 3025 non
2575 2970 2763 3039 feceris
2789 2971 2929 3052 quod
2971 2972 3076 3040 pati
3115 2989 3218 3027 nun
3256 2974 3332 3026 vis
3358 2974 3424 3030 ab
3449 2972 3548 3028 lto-

1964 3062 2127 3129 mine,
2156 3061 2222 3117 ad
2251 3061 2474 3133 proximi
2498 3070 2814 3131 prtcceplutu
2847 3066 3091 3132 pertinet,
3120 3066 3186 3127 ad
3211 3064 3546 3124 dilectionem

1962 3156 2191 3225 proximi
2214 3196 2226 3216 .
2254 3155 2318 3217 ad
2346 3164 2548 3224 septem
2578 3157 2804 3219 chordas
2842 3175 2855 3211 :
2893 3158 2938 3212 si
2966 3169 3142 3215 autem
3173 3160 3311 3227 quod
3340 3175 3444 3215 non
3472 3160 3550 3215 vis

1964 3246 2070 3317 pati
2093 3245 2161 3315 ab
2181 3245 2415 3313 homine,
2447 3246 2545 3315 ipsi
2569 3248 2675 3303 Dee
2704 3250 2780 3302 vis
2808 3246 3001 3313 facere,
3025 3249 3151 3317 quid
3176 3260 3256 3305 est
3282 3250 3417 3304 hoc?
3444 3267 3549 3305 non

1963 3335 2096 3400 facis
2124 3336 2276 3395 alteri
2307 3337 2445 3407 quod
2477 3338 2583 3407 pati
2614 3354 2718 3392 non
2751 3340 2863 3399 vis?
2894 3338 3117 3397 Charior
3149 3342 3237 3395 tibi
3274 3342 3441 3397 factus
3470 3352 3552 3397 est

1964 3427 2126 3497 homo
2153 3444 2313 3498 quam
2344 3429 2523 3487 Deus?
2553 3429 2693 3498 Ergo
2726 3432 3024 3499 quomodo,
3060 3433 3260 3501 inquit,
3293 3434 3422 3488 facio
3451 3434 3549 3503 ipsi

1967 3518 2115 3574 Deo?
2154 3518 2465 3587 Corrumpis
2510 3528 2559 3583 te
2596 3521 2790 3589 ipsum.
2839 3522 2904 3581 Et
2951 3522 3089 3577 unde
3132 3522 3373 3590 iniuriam
3418 3522 3551 3581 facio

1966 3610 2108 3675 Deo,
2138 3610 2259 3680 quia
2298 3625 2580 3681 corrumpe
2612 3627 2699 3669 me
2726 3612 2935 3681 ipsum?
2968 3613 3114 3669 Unde
3142 3613 3261 3673 facit
3291 3610 3379 3669 tibi
3412 3615 3549 3683 inju-

1966 3702 2120 3767 riam,
2143 3702 2232 3771 qui
2254 3702 2479 3769 voluerit
2501 3703 2634 3765 forte
2658 3702 2894 3770 lapidare
2919 3712 3058 3759 tuam
3085 3704 3311 3759 tabulam
3338 3706 3548 3772 pictam.

1966 3793 2023 3855 in
2053 3808 2154 3865 qua
2182 3792 2356 3853 tabula
2384 3792 2556 3861 imago
2586 3801 2670 3853 tua
2701 3802 2782 3856 est
2819 3793 2871 3859 in
2907 3794 3065 3848 dente
3097 3806 3178 3859 tua
3208 3796 3433 3849 inaniter
3460 3810 3552 3863 p0.-

1968 3883 2065 3939 sita
2090 3883 2155 3938 ad
2184 3898 2375 3945 vanum
2406 3886 2663 3953 honorem
2702 3893 2845 3945 tuum
2864 3925 2877 3950 ,
2906 3901 3005 3949 nec
3041 3884 3275 3945 sentiens
3294 3926 3310 3950 ,
3343 3901 3441 3949 nec
3476 3886 3553 3949 lo-

1968 3992 2154 4047 quens,
2190 3993 2289 4037 nec
2312 3976 2537 4035 videns?
2568 3976 2621 4032 Si
2650 3977 2769 4048 quis
2795 3977 2937 4035 illaut
2967 3977 3189 4047 lapidet,
3221 3994 3394 4033 nonne
3421 3979 3471 4041 in
3502 3989 3552 4041 te

1970 4068 2022 4123 id
2049 4069 2369 4129 contumelia
2396 4068 2513 4129 est?
2540 4067 2672 4133 Cum
2703 4084 2831 4133 vero
2859 4070 3139 4139 imaginem
3170 4070 3261 4127 Dei
3282 4112 3295 4137 ,
3328 4072 3468 4140 quod
3495 4088 3553 4131 es

1970 4168 2046 4226 tu,
2078 4159 2373 4231 corrumpis
2404 4159 2457 4235 in
2493 4167 2545 4213 te
2586 4174 2679 4229 per
2708 4160 3084 4227 fornicationes
3112 4170 3166 4215 et
3199 4178 3289 4230 per
3312 4163 3555 4223 difﬂuen-

1972 4252 2069 4315 tias
2097 4251 2365 4318 libidinis;
2397 4252 2629 4325 attendis
2653 4254 2774 4323 quia
2802 4253 2868 4315 ad
2899 4254 3093 4309 nullius
3124 4270 3338 4317 ttxurent
3376 4270 3552 4316 acces-

1969 4344 2106 4409 sisti,
2132 4344 2361 4401 attendis
2382 4346 2500 4415 quia
2525 4354 2644 4415 post
2666 4362 2883 4401 uxorem
2906 4355 3045 4409 tuam
3073 4348 3197 4403 nihil
3221 4350 3407 4414 iecisti,
3432 4350 3553 4418 quia

1971 4450 2193 4501 uxorem
2242 4451 2347 4491 non
2391 4436 2591 4509 babes;
2624 4447 2677 4493 et
2715 4452 2819 4501 non
2850 4438 3078 4497 attendis
3107 4454 3201 4509 per
3233 4440 3474 4497 libidines
3503 4452 3555 4501 et

1971 4526 2181 4583 illicitas
2214 4526 2589 4585 fornicationes
2632 4528 2781 4598 cujus
2834 4531 3115 4600 imaginem
3155 4532 3400 4601 violasti?
3451 4533 3554 4589 Ρο-

1971 4627 2171 4693 stt-emo
2185 4619 2325 4687 Deus
2342 4619 2429 4689 qui
2450 4620 2549 4681 scit
2568 4621 2694 4689 quid
2717 4622 2808 4683 tibi
2832 4623 2959 4679 utile
2982 4623 3067 4689 sit,
3083 4626 3172 4693 qui
3197 4640 3318 4681 vero
3334 4625 3408 4681 sic
3428 4640 3553 4680 suos

1972 4724 2157 4779 servos
2181 4710 2440 4780 gubernat
2468 4711 2533 4773 ad
2560 4712 2838 4771 utilitatem
2869 4713 3073 4779 illorum
3091 4755 3106 4780 ,
3139 4729 3244 4771 non
3274 4716 3338 4770 ad
3365 4724 3550 4779 suam;

1972 4818 2081 4877 non
2108 4803 2248 4874 enim
2291 4802 2487 4873 indiget
2526 4804 2693 4861 servis
2718 4803 2866 4872 quasi
2897 4804 2961 4861 ad
2989 4804 3309 4873 adiutorium
3330 4846 3342 4867 ,
3378 4806 3469 4858 sed
3502 4814 3553 4865 tn

1973 4893 2178 4967 indiges
2210 4892 2419 4959 Domini
2453 4893 2648 4948 auxilio
2680 4912 2692 4949 :
2724 4894 2835 4963 ipse
2874 4911 2999 4965 ergo
3042 4897 3293 4955 Dominus
3335 4897 3422 4964 qui
3459 4900 3558 4953 scit

1974 4987 2098 5060 quid
2130 4988 2221 5045 tibi
2249 4987 2317 5049 sit
2347 4987 2508 5054 utile,
2553 5002 2771 5051 uxorem
2802 4989 3064 5047 conoessit
3085 5028 3098 5050 ,
3142 4987 3269 5045 nihil
3309 4989 3551 5056 amplius.

1976 5080 2089 5149 lloc
2123 5078 2309 5151 jussit,
2339 5077 2442 5133 hoc
2468 5078 2715 5149 prmccpit
2737 5118 2752 5144 ,
2782 5094 2849 5135 ne
2881 5094 2973 5147 per
3013 5078 3221 5145 illicitas
3260 5079 3557 5147 voluptates

1977 5178 2189 5249 corruat
2230 5170 2483 5241 templum
2529 5170 2642 5239 ejus
2663 5210 2677 5236 ,
2722 5170 2862 5239 quod
2894 5184 3012 5229 esse
3039 5171 3264 5238 cmpisti.
3296 5171 3559 5241 Numquid

1978 5263 2080 5335 hoc
2119 5277 2217 5339 ego
2256 5262 2410 5334 dice?
2440 5262 2750 5332 Apostolum
2790 5264 2965 5331 audite
2996 5281 3009 5318 :
3040 5262 3259 5319 Nescitis
3285 5268 3404 5336 quia
3431 5275 3558 5323 tem-

1978 5354 2121 5434 pltmt
2153 5352 2243 5427 per:
2277 5353 2426 5427 estis,
2455 5362 2500 5421 et
2534 5352 2757 5424 Spiritus
2782 5352 2877 5415 Dei
2913 5353 3101 5409 habitat
3140 5356 3192 5413 in
3231 5356 3411 5417 molliti
3448 5356 3562 5415 Hoc

2019 5547 2065 5618 ..ξ
2086 5547 2336 5618 raucum
2540 5556 2638 5597 Non
2671 5546 2895 5618 ιαθςνηιιε
2925 5561 3019 5613 quo
3052 5563 3197 5602 nemo
3219 5550 3443 5618 liam
3489 5553 3566 5618 ηι-

1980 5608 2177 5677 gitivunt
2238 5608 2409 5677 istum,
2449 5616 2499 5669 ut
2551 5623 2643 5665 non
2680 5608 2851 5677 fugiat.
2894 5608 3015 5674 Ann,
3046 5622 3152 5665 tum
3205 5608 3373 5677 rm
3419 5608 3562 5663 Paulo

1981 5669 2090 5741 post
2123 5676 2195 5718 Er.
2225 5669 2279 5720 et
2298 5669 2464 5741 plures
2496 5669 2905 5741 Mss._,_s'edramei
2941 5669 3132 5741 lcle
3333 5674 3564 5741 κρανίων

1982 5710 2090 5733 ινν-ν
2124 5710 2195 5718 -ο--
2227 5710 2275 5720 υ.
2298 5710 2464 5743 rut“...
2498 5710 2744 5744 ...._,.,'ww
2779 5710 2905 5729 ml“-
2941 5710 2986 5729 ,ν
3031 5710 3132 5727 m
3167 5710 3295 5727 Ἥ.
3333 5710 3563 5741 wn“.—

1982 5739 2107 5801 Ἡρη
2137 5741 2250 5797 ςιοη
2288 5734 2475 5799 omissis
2514 5735 2695 5794 verbis,
2717 5740 2771 5801 et
2794 5748 2889 5791 ηοη
2924 5710 3035 5800 ενίλ
3078 5742 3175 5791 δια
3213 5746 3270 5789 Δι
3305 5736 3444 5801 una.
3481 5739 3567 5789 sed

1985 5798 2109 5845 (tinet
2126 5806 2195 5855 se,
2220 5801 2263 5845 ct
2285 5798 2376 5844 tum
2394 5804 2502 5858 erit,
2538 5801 2630 5846 etc.
2658 5799 2876 5863 Denique
2912 5798 3026 5848 Am.
3052 5806 3188 5850 caret
3210 5798 3459 5863 particula,
3489 5814 3574 5861 ιο.
