  <div class='ocr_page' id='page_1' title='image "/cluster/home/n/w/nwhite01/storage/ocr_20150623/38/hvd.32044015706294/049.png"; bbox 0 0 4014 6310; ppageno 0'>
   <div class='ocr_carea' id='block_1_1' title="bbox 499 239 3767 363">
    <p class='ocr_par' dir='ltr' id='par_1_1' title="bbox 499 239 3767 363">
     <span class='ocr_line' id='line_1_1' title="bbox 499 239 3767 363; baseline 0.006 -47"><span class='ocrx_word' id='word_1_1' title='bbox 499 256 568 316; x_wconf 85' lang='lat'><strong>87</strong></span> <span class='ocrx_word' id='word_1_2' title='bbox 1736 264 1793 323; x_wconf 91' lang='lat' dir='ltr'><strong>s.</strong></span> <span class='ocrx_word' id='word_1_3' title='bbox 1817 239 2182 324; x_wconf 79' lang='lat' dir='ltr'><strong>AUGUSTINI</strong></span> <span class='ocrx_word' id='word_1_4' title='bbox 2221 267 2525 328; x_wconf 83' lang='lat' dir='ltr'><strong>EPlSCOPl</strong></span> <span class='ocrx_word' id='word_1_5' title='bbox 3695 302 3767 363; x_wconf 65' lang='grc' dir='ltr'>ω</span> 
     </span>
    </p>
   </div>
   <div class='ocr_carea' id='block_1_2' title="bbox 494 377 2079 454">
    <p class='ocr_par' dir='ltr' id='par_1_2' title="bbox 494 377 2079 454">
     <span class='ocr_line' id='line_1_2' title="bbox 494 377 2079 454; baseline 0.003 -20"><span class='ocrx_word' id='word_1_6' title='bbox 494 378 627 434; x_wconf 81' lang='lat' dir='ltr'><strong>dicit</strong></span> <span class='ocrx_word' id='word_1_7' title='bbox 639 377 974 448; x_wconf 73' lang='lat' dir='ltr'><strong>Christianis,</strong></span> <span class='ocrx_word' id='word_1_8' title='bbox 999 380 1101 436; x_wconf 90' lang='lat' dir='ltr'><strong>hoc</strong></span> <span class='ocrx_word' id='word_1_9' title='bbox 1119 381 1248 436; x_wconf 90' lang='lat' dir='ltr'><strong>dicit</strong></span> <span class='ocrx_word' id='word_1_10' title='bbox 1274 381 1550 438; x_wconf 89' lang='lat' dir='ltr'><strong>ﬁdelibus:</strong></span> <span class='ocrx_word' id='word_1_11' title='bbox 1580 381 1798 438; x_wconf 73' lang='lat' dir='ltr'><strong>Nescitis</strong></span> <span class='ocrx_word' id='word_1_12' title='bbox 1817 385 1932 454; x_wconf 84' lang='lat' dir='ltr'><strong>quia</strong></span> <span class='ocrx_word' id='word_1_13' title='bbox 1954 395 2079 439; x_wconf 85' lang='lat' dir='ltr'><strong>tem-</strong></span> 
     </span>
    </p>
   </div>
   <div class='ocr_carea' id='block_1_3' title="bbox 498 469 2076 543">
    <p class='ocr_par' dir='ltr' id='par_1_3' title="bbox 498 469 2076 543">
     <span class='ocr_line' id='line_1_3' title="bbox 498 469 2076 543; baseline 0.003 -18"><span class='ocrx_word' id='word_1_14' title='bbox 498 471 639 540; x_wconf 80' lang='lat' dir='ltr'><strong>plum</strong></span> <span class='ocrx_word' id='word_1_15' title='bbox 666 469 762 525; x_wconf 84' lang='lat' dir='ltr'><strong>Dei</strong></span> <span class='ocrx_word' id='word_1_16' title='bbox 785 473 920 536; x_wconf 85' lang='lat' dir='ltr'><strong>estis,</strong></span> <span class='ocrx_word' id='word_1_17' title='bbox 951 482 997 525; x_wconf 86' lang='lat' dir='ltr'><strong>et</strong></span> <span class='ocrx_word' id='word_1_18' title='bbox 1021 472 1246 541; x_wconf 76' lang='lat' dir='ltr'><strong>Spiritus</strong></span> <span class='ocrx_word' id='word_1_19' title='bbox 1266 472 1362 528; x_wconf 86' lang='lat' dir='ltr'><strong>Dei</strong></span> <span class='ocrx_word' id='word_1_20' title='bbox 1386 474 1574 528; x_wconf 83' lang='lat' dir='ltr'><strong>habitat</strong></span> <span class='ocrx_word' id='word_1_21' title='bbox 1601 476 1655 528; x_wconf 85' lang='lat' dir='ltr'><strong>in</strong></span> <span class='ocrx_word' id='word_1_22' title='bbox 1679 477 1814 530; x_wconf 84' lang='lat' dir='ltr'><strong>vobis</strong></span> <span class='ocrx_word' id='word_1_23' title='bbox 1831 477 1856 529; x_wconf 71' lang='lat'><strong>.9</strong></span> <span class='ocrx_word' id='word_1_24' title='bbox 1882 476 1944 531; x_wconf 85' lang='lat' dir='ltr'><strong>Si</strong></span> <span class='ocrx_word' id='word_1_25' title='bbox 1967 478 2076 543; x_wconf 85' lang='lat' dir='ltr'><strong>quis</strong></span> 
     </span>
    </p>
   </div>
   <div class='ocr_carea' id='block_1_4' title="bbox 496 558 2153 639">
    <p class='ocr_par' dir='ltr' id='par_1_4' title="bbox 496 558 2153 639">
     <span class='ocr_line' id='line_1_4' title="bbox 496 558 2153 639; baseline 0.005 -24"><span class='ocrx_word' id='word_1_26' title='bbox 496 561 735 631; x_wconf 74' lang='lat' dir='ltr'><strong>templum</strong></span> <span class='ocrx_word' id='word_1_27' title='bbox 762 558 860 616; x_wconf 86' lang='lat' dir='ltr'><strong>Dei</strong></span> <span class='ocrx_word' id='word_1_28' title='bbox 882 565 1180 632; x_wconf 77' lang='lat' dir='ltr'><strong>corruperit,</strong></span> <span class='ocrx_word' id='word_1_29' title='bbox 1209 574 1490 633; x_wconf 81' lang='lat' dir='ltr'><strong><em>corrumpet</em></strong></span> <span class='ocrx_word' id='word_1_30' title='bbox 1517 566 1661 620; x_wconf 82' lang='lat' dir='ltr'><strong>illum</strong></span> <span class='ocrx_word' id='word_1_31' title='bbox 1690 567 1827 622; x_wconf 85' lang='lat' dir='ltr'><strong>Deus</strong></span> <span class='ocrx_word' id='word_1_32' title='bbox 1853 567 1870 639; x_wconf 91' lang='lat'><strong>(</strong></span> <span class='ocrx_word' id='word_1_33' title='bbox 1898 568 1916 622; x_wconf 91' lang='lat' dir='ltr'><strong>l</strong></span> <span class='ocrx_word' id='word_1_34' title='bbox 1955 567 2073 624; x_wconf 84' lang='lat' dir='ltr'><strong>Cor.</strong></span> <span class='ocrx_word' id='word_1_35' title='bbox 2150 602 2153 604; x_wconf 53' lang='grc'>&gt;</span> 
     </span>
    </p>
   </div>
   <div class='ocr_carea' id='block_1_5' title="bbox 493 652 2077 725">
    <p class='ocr_par' dir='ltr' id='par_1_5' title="bbox 493 652 2077 725">
     <span class='ocr_line' id='line_1_5' title="bbox 493 652 2077 725; baseline 0.004 -17"><span class='ocrx_word' id='word_1_36' title='bbox 493 666 584 720; x_wconf 85' lang='grc' dir='ltr'>ιιι,</span> <span class='ocrx_word' id='word_1_37' title='bbox 615 652 702 720; x_wconf 83' lang='grc'><strong>16,</strong></span> <span class='ocrx_word' id='word_1_38' title='bbox 731 655 861 724; x_wconf 78' lang='lat' dir='ltr'><strong>i7)?</strong></span> <span class='ocrx_word' id='word_1_39' title='bbox 889 655 1094 710; x_wconf 83' lang='lat' dir='ltr'><strong>Videtis</strong></span> <span class='ocrx_word' id='word_1_40' title='bbox 1121 656 1388 725; x_wconf 87' lang='lat' dir='ltr'><strong>quomodo</strong></span> <span class='ocrx_word' id='word_1_41' title='bbox 1413 658 1680 712; x_wconf 85' lang='lat' dir='ltr'><strong>minatur?</strong></span> <span class='ocrx_word' id='word_1_42' title='bbox 1707 659 1820 712; x_wconf 90' lang='lat' dir='ltr'><strong>Non</strong></span> <span class='ocrx_word' id='word_1_43' title='bbox 1851 659 1930 713; x_wconf 92' lang='lat' dir='ltr'><strong>vis</strong></span> <span class='ocrx_word' id='word_1_44' title='bbox 1955 674 2077 714; x_wconf 88' lang='lat' dir='ltr'><strong>cor-</strong></span> 
     </span>
    </p>
   </div>
   <div class='ocr_carea' id='block_1_6' title="bbox 493 746 2077 820">
    <p class='ocr_par' dir='ltr' id='par_1_6' title="bbox 493 746 2077 820">
     <span class='ocr_line' id='line_1_6' title="bbox 493 746 2077 820; baseline 0.004 -20"><span class='ocrx_word' id='word_1_45' title='bbox 493 747 668 816; x_wconf 82' lang='lat' dir='ltr'><strong>rumpi</strong></span> <span class='ocrx_word' id='word_1_46' title='bbox 705 746 919 802; x_wconf 90' lang='lat' dir='ltr'><strong>domnm</strong></span> <span class='ocrx_word' id='word_1_47' title='bbox 965 757 1104 802; x_wconf 89' lang='lat' dir='ltr'><strong>tuam</strong></span> <span class='ocrx_word' id='word_1_48' title='bbox 1125 791 1139 814; x_wconf 93' lang='lat'><strong>,</strong></span> <span class='ocrx_word' id='word_1_49' title='bbox 1173 765 1334 820; x_wconf 89' lang='lat' dir='ltr'><strong>quare</strong></span> <span class='ocrx_word' id='word_1_50' title='bbox 1371 752 1669 820; x_wconf 80' lang='lat' dir='ltr'><strong>corrumpis</strong></span> <span class='ocrx_word' id='word_1_51' title='bbox 1697 751 1911 805; x_wconf 91' lang='lat' dir='ltr'><strong>domum</strong></span> <span class='ocrx_word' id='word_1_52' title='bbox 1945 753 2077 807; x_wconf 87' lang='lat' dir='ltr'><strong>Dei?</strong></span> 
     </span>
    </p>
   </div>
   <div class='ocr_carea' id='block_1_7' title="bbox 493 835 2074 914">
    <p class='ocr_par' dir='ltr' id='par_1_7' title="bbox 493 835 2074 914">
     <span class='ocr_line' id='line_1_7' title="bbox 493 835 2074 914; baseline 0.004 -22"><span class='ocrx_word' id='word_1_53' title='bbox 493 835 650 893; x_wconf 87' lang='lat' dir='ltr'><strong>Certe</strong></span> <span class='ocrx_word' id='word_1_54' title='bbox 675 837 802 893; x_wconf 86' lang='lat' dir='ltr'><strong>facis</strong></span> <span class='ocrx_word' id='word_1_55' title='bbox 826 840 842 870; x_wconf 71' lang='grc' dir='ltr'><strong>ι</strong></span> <span class='ocrx_word' id='word_1_56' title='bbox 864 839 1018 894; x_wconf 83' lang='lat' dir='ltr'><strong>alicui</strong></span> <span class='ocrx_word' id='word_1_57' title='bbox 1044 840 1185 910; x_wconf 93' lang='lat' dir='ltr'><strong>quod</strong></span> <span class='ocrx_word' id='word_1_58' title='bbox 1207 842 1312 910; x_wconf 88' lang='lat' dir='ltr'><strong>pati</strong></span> <span class='ocrx_word' id='word_1_59' title='bbox 1340 857 1446 895; x_wconf 91' lang='lat' dir='ltr'><strong>non</strong></span> <span class='ocrx_word' id='word_1_60' title='bbox 1465 843 1565 896; x_wconf 90' lang='lat' dir='ltr'><strong>vis.</strong></span> <span class='ocrx_word' id='word_1_61' title='bbox 1589 841 1703 896; x_wconf 90' lang='lat' dir='ltr'><strong>Non</strong></span> <span class='ocrx_word' id='word_1_62' title='bbox 1725 851 1806 897; x_wconf 92' lang='lat' dir='ltr'><strong>est</strong></span> <span class='ocrx_word' id='word_1_63' title='bbox 1825 858 1952 913; x_wconf 90' lang='lat' dir='ltr'><strong>ergo</strong></span> <span class='ocrx_word' id='word_1_64' title='bbox 1972 859 2074 914; x_wconf 92' lang='lat' dir='ltr'><strong>qua</strong></span> 
     </span>
    </p>
   </div>
   <div class='ocr_carea' id='block_1_8' title="bbox 495 921 2070 1006">
    <p class='ocr_par' dir='ltr' id='par_1_8' title="bbox 495 921 2070 1006">
     <span class='ocr_line' id='line_1_8' title="bbox 495 921 2070 1006; baseline 0.004 -22"><span class='ocrx_word' id='word_1_65' title='bbox 495 930 748 985; x_wconf 86' lang='lat' dir='ltr'><strong>evadatur</strong></span> <span class='ocrx_word' id='word_1_66' title='bbox 777 948 792 985; x_wconf 89' lang='lat'><strong>:</strong></span> <span class='ocrx_word' id='word_1_67' title='bbox 823 941 1033 988; x_wconf 88' lang='lat' dir='ltr'><strong>tenetur</strong></span> <span class='ocrx_word' id='word_1_68' title='bbox 1074 921 1197 1000; x_wconf 75' lang='lat' dir='ltr'><strong>ille,</strong></span> <span class='ocrx_word' id='word_1_69' title='bbox 1243 923 1334 1004; x_wconf 12' lang='lat' dir='ltr'><strong>qui.</strong></span> <span class='ocrx_word' id='word_1_70' title='bbox 1371 950 1430 989; x_wconf 91' lang='lat' dir='ltr'><strong>se</strong></span> <span class='ocrx_word' id='word_1_71' title='bbox 1474 936 1641 990; x_wconf 83' lang='lat' dir='ltr'><strong><em>teneri</em></strong></span> <span class='ocrx_word' id='word_1_72' title='bbox 1686 952 1789 990; x_wconf 93' lang='lat' dir='ltr'><strong>non</strong></span> <span class='ocrx_word' id='word_1_73' title='bbox 1838 937 2070 1006; x_wconf 90' lang='lat' dir='ltr'><strong>putabat.</strong></span> 
     </span>
    </p>
   </div>
   <div class='ocr_carea' id='block_1_9' title="bbox 460 1018 2072 1096">
    <p class='ocr_par' dir='ltr' id='par_1_9' title="bbox 460 1018 2072 1096">
     <span class='ocr_line' id='line_1_9' title="bbox 460 1018 2072 1096; baseline 0.006 -24"><span class='ocrx_word' id='word_1_74' title='bbox 460 1063 462 1065; x_wconf 87' lang='lat'><strong>.</strong></span> <span class='ocrx_word' id='word_1_75' title='bbox 491 1018 681 1074; x_wconf 82' lang='lat' dir='ltr'><strong>Omnia</strong></span> <span class='ocrx_word' id='word_1_76' title='bbox 720 1022 860 1076; x_wconf 90' lang='lat' dir='ltr'><strong>enim</strong></span> <span class='ocrx_word' id='word_1_77' title='bbox 904 1032 1116 1092; x_wconf 88' lang='lat' dir='ltr'><strong>peccata</strong></span> <span class='ocrx_word' id='word_1_78' title='bbox 1161 1023 1469 1091; x_wconf 92' lang='lat' dir='ltr'><strong>hominum,</strong></span> <span class='ocrx_word' id='word_1_79' title='bbox 1501 1034 1591 1079; x_wconf 87' lang='lat' dir='ltr'><strong>aut</strong></span> <span class='ocrx_word' id='word_1_80' title='bbox 1624 1025 1689 1080; x_wconf 91' lang='lat' dir='ltr'><strong>ad</strong></span> <span class='ocrx_word' id='word_1_81' title='bbox 1717 1027 2072 1096; x_wconf 83' lang='lat' dir='ltr'><strong>corruptelam</strong></span> 
     </span>
    </p>
   </div>
   <div class='ocr_carea' id='block_1_10' title="bbox 492 1113 2071 1186">
    <p class='ocr_par' dir='ltr' id='par_1_10' title="bbox 492 1113 2071 1186">
     <span class='ocr_line' id='line_1_10' title="bbox 492 1113 2071 1186; baseline 0.004 -20"><span class='ocrx_word' id='word_1_82' title='bbox 492 1114 761 1181; x_wconf 88' lang='lat' dir='ltr'><strong>pertinent</strong></span> <span class='ocrx_word' id='word_1_83' title='bbox 789 1113 1105 1184; x_wconf 83' lang='lat' dir='ltr'><strong>flagitiorum</strong></span> <span class='ocrx_word' id='word_1_84' title='bbox 1125 1157 1138 1179; x_wconf 92' lang='lat'><strong>,</strong></span> <span class='ocrx_word' id='word_1_85' title='bbox 1171 1125 1260 1170; x_wconf 90' lang='lat' dir='ltr'><strong>aut</strong></span> <span class='ocrx_word' id='word_1_86' title='bbox 1296 1116 1363 1170; x_wconf 90' lang='lat' dir='ltr'><strong>ad</strong></span> <span class='ocrx_word' id='word_1_87' title='bbox 1395 1117 1623 1171; x_wconf 79' lang='lat' dir='ltr'><strong>facinora</strong></span> <span class='ocrx_word' id='word_1_88' title='bbox 1665 1117 1909 1172; x_wconf 89' lang='lat' dir='ltr'><strong>nocendi.</strong></span> <span class='ocrx_word' id='word_1_89' title='bbox 1939 1118 2071 1186; x_wconf 84' lang='lat' dir='ltr'><strong>Quia</strong></span> 
     </span>
    </p>
   </div>
   <div class='ocr_carea' id='block_1_11' title="bbox 461 1203 2070 1278">
    <p class='ocr_par' dir='ltr' id='par_1_11' title="bbox 461 1203 2070 1278">
     <span class='ocr_line' id='line_1_11' title="bbox 461 1203 2070 1278; baseline 0.004 -21"><span class='ocrx_word' id='word_1_90' title='bbox 461 1245 464 1248; x_wconf 80' lang='lat'><strong>.</strong></span> <span class='ocrx_word' id='word_1_91' title='bbox 490 1203 603 1258; x_wconf 91' lang='lat' dir='ltr'><strong>Deo</strong></span> <span class='ocrx_word' id='word_1_92' title='bbox 640 1219 830 1260; x_wconf 88' lang='lat' dir='ltr'><strong>nocere</strong></span> <span class='ocrx_word' id='word_1_93' title='bbox 859 1221 963 1260; x_wconf 90' lang='lat' dir='ltr'><strong>non</strong></span> <span class='ocrx_word' id='word_1_94' title='bbox 999 1217 1148 1275; x_wconf 89' lang='lat' dir='ltr'><strong>potes</strong></span> <span class='ocrx_word' id='word_1_95' title='bbox 1176 1209 1225 1261; x_wconf 92' lang='lat' dir='ltr'><strong>in</strong></span> <span class='ocrx_word' id='word_1_96' title='bbox 1258 1207 1604 1275; x_wconf 82' lang='lat' dir='ltr'><strong>facinoribus,</strong></span> <span class='ocrx_word' id='word_1_97' title='bbox 1637 1209 1688 1262; x_wconf 92' lang='lat' dir='ltr'><strong>in</strong></span> <span class='ocrx_word' id='word_1_98' title='bbox 1715 1208 1922 1278; x_wconf 86' lang='lat' dir='ltr'><strong>flagitiis</strong></span> <span class='ocrx_word' id='word_1_99' title='bbox 1949 1225 2070 1264; x_wconf 89' lang='lat' dir='ltr'><strong>eum</strong></span> 
     </span>
    </p>
   </div>
   <div class='ocr_carea' id='block_1_12' title="bbox 487 1293 2070 1366">
    <p class='ocr_par' dir='ltr' id='par_1_12' title="bbox 487 1293 2070 1366">
     <span class='ocr_line' id='line_1_12' title="bbox 487 1293 2070 1366; baseline 0.004 -19"><span class='ocrx_word' id='word_1_100' title='bbox 487 1293 715 1349; x_wconf 73' lang='lat' dir='ltr'><strong>offendis</strong></span> <span class='ocrx_word' id='word_1_101' title='bbox 735 1338 749 1359; x_wconf 92' lang='lat'><strong>,</strong></span> <span class='ocrx_word' id='word_1_102' title='bbox 789 1295 842 1349; x_wconf 92' lang='lat' dir='ltr'><strong>in</strong></span> <span class='ocrx_word' id='word_1_103' title='bbox 880 1298 1194 1366; x_wconf 82' lang='lat' dir='ltr'><strong>corruptelis</strong></span> <span class='ocrx_word' id='word_1_104' title='bbox 1221 1314 1342 1353; x_wconf 91' lang='lat' dir='ltr'><strong>eum</strong></span> <span class='ocrx_word' id='word_1_105' title='bbox 1372 1298 1628 1363; x_wconf 72' lang='lat' dir='ltr'><strong>offendis,</strong></span> <span class='ocrx_word' id='word_1_106' title='bbox 1669 1299 1721 1353; x_wconf 92' lang='lat' dir='ltr'><strong>in</strong></span> <span class='ocrx_word' id='word_1_107' title='bbox 1753 1310 1802 1354; x_wconf 90' lang='lat' dir='ltr'><strong>te</strong></span> <span class='ocrx_word' id='word_1_108' title='bbox 1831 1300 1906 1354; x_wconf 90' lang='lat' dir='ltr'><strong>illi</strong></span> <span class='ocrx_word' id='word_1_109' title='bbox 1939 1300 2070 1355; x_wconf 90' lang='lat' dir='ltr'><strong>facis</strong></span> 
     </span>
    </p>
   </div>
   <div class='ocr_carea' id='block_1_13' title="bbox 487 1385 2067 1463">
    <p class='ocr_par' dir='ltr' id='par_1_13' title="bbox 487 1385 2067 1463">
     <span class='ocr_line' id='line_1_13' title="bbox 487 1385 2067 1463; baseline 0.008 -26"><span class='ocrx_word' id='word_1_110' title='bbox 487 1385 755 1455; x_wconf 90' lang='lat' dir='ltr'><strong>injuriam.</strong></span> <span class='ocrx_word' id='word_1_111' title='bbox 793 1388 944 1445; x_wconf 88' lang='lat' dir='ltr'><strong>Facis</strong></span> <span class='ocrx_word' id='word_1_112' title='bbox 969 1391 1111 1445; x_wconf 91' lang='lat' dir='ltr'><strong>enim</strong></span> <span class='ocrx_word' id='word_1_113' title='bbox 1148 1392 1392 1462; x_wconf 90' lang='lat' dir='ltr'><strong>injuriam</strong></span> <span class='ocrx_word' id='word_1_114' title='bbox 1415 1392 1599 1463; x_wconf 81' lang='lat' dir='ltr'><strong>gratiae</strong></span> <span class='ocrx_word' id='word_1_115' title='bbox 1641 1393 1827 1463; x_wconf 89' lang='lat' dir='ltr'><strong>ipsius,</strong></span> <span class='ocrx_word' id='word_1_116' title='bbox 1847 1393 2024 1449; x_wconf 91' lang='lat' dir='ltr'><strong>domui</strong></span> <span class='ocrx_word' id='word_1_117' title='bbox 2047 1396 2067 1426; x_wconf 84' lang='grc'><em>³</em></span> 
     </span>
    </p>
   </div>
   <div class='ocr_carea' id='block_1_14' title="bbox 487 1480 768 1550">
    <p class='ocr_par' dir='ltr' id='par_1_14' title="bbox 487 1480 768 1550">
     <span class='ocr_line' id='line_1_14' title="bbox 487 1480 768 1550; baseline 0 -18"><span class='ocrx_word' id='word_1_118' title='bbox 487 1480 674 1550; x_wconf 88' lang='lat' dir='ltr'><strong>ipsius.</strong></span> <span class='ocrx_word' id='word_1_119' title='bbox 739 1525 741 1527; x_wconf 93' lang='lat'><strong>.</strong></span> <span class='ocrx_word' id='word_1_120' title='bbox 765 1529 768 1532; x_wconf 83' lang='lat'><strong>.</strong></span> 
     </span>
    </p>
   </div>
   <div class='ocr_carea' id='block_1_15' title="bbox 560 1572 2067 1642">
    <p class='ocr_par' dir='ltr' id='par_1_15' title="bbox 560 1572 2067 1642">
     <span class='ocr_line' id='line_1_15' title="bbox 560 1572 2067 1642; baseline 0.006 -16"><span class='ocrx_word' id='word_1_121' title='bbox 560 1574 644 1626; x_wconf 82' lang='grc'><strong>16.</strong></span> <span class='ocrx_word' id='word_1_122' title='bbox 680 1572 902 1629; x_wconf 88' lang='lat' dir='ltr'><strong>Servum</strong></span> <span class='ocrx_word' id='word_1_123' title='bbox 931 1577 974 1631; x_wconf 92' lang='lat' dir='ltr'><strong>si</strong></span> <span class='ocrx_word' id='word_1_124' title='bbox 998 1576 1240 1642; x_wconf 84' lang='lat' dir='ltr'><strong>haberes,</strong></span> <span class='ocrx_word' id='word_1_125' title='bbox 1263 1579 1427 1634; x_wconf 84' lang='lat' dir='ltr'><strong>velles</strong></span> <span class='ocrx_word' id='word_1_126' title='bbox 1448 1589 1505 1634; x_wconf 92' lang='lat' dir='ltr'><strong>ut</strong></span> <span class='ocrx_word' id='word_1_127' title='bbox 1525 1579 1748 1635; x_wconf 82' lang='lat' dir='ltr'><strong>serviret</strong></span> <span class='ocrx_word' id='word_1_128' title='bbox 1769 1579 1860 1634; x_wconf 86' lang='lat' dir='ltr'><strong>tibi</strong></span> <span class='ocrx_word' id='word_1_129' title='bbox 1881 1595 2067 1636; x_wconf 90' lang='lat' dir='ltr'><strong>servus</strong></span> 
     </span>
    </p>
   </div>
   <div class='ocr_carea' id='block_1_16' title="bbox 485 1669 2062 1730">
    <p class='ocr_par' dir='ltr' id='par_1_16' title="bbox 485 1669 2062 1730">
     <span class='ocr_line' id='line_1_16' title="bbox 485 1669 2062 1730; baseline 0.008 -12"><span class='ocrx_word' id='word_1_130' title='bbox 485 1673 607 1719; x_wconf 90' lang='lat' dir='ltr'><strong>tuus</strong></span> <span class='ocrx_word' id='word_1_131' title='bbox 635 1685 647 1720; x_wconf 89' lang='lat'>:</span> <span class='ocrx_word' id='word_1_132' title='bbox 677 1669 814 1722; x_wconf 89' lang='lat' dir='ltr'><strong>servi</strong></span> <span class='ocrx_word' id='word_1_133' title='bbox 843 1679 896 1723; x_wconf 93' lang='lat' dir='ltr'><strong>tu</strong></span> <span class='ocrx_word' id='word_1_134' title='bbox 924 1672 1128 1726; x_wconf 91' lang='lat' dir='ltr'><strong>meliori</strong></span> <span class='ocrx_word' id='word_1_135' title='bbox 1156 1673 1378 1727; x_wconf 93' lang='lat' dir='ltr'><strong>Domino</strong></span> <span class='ocrx_word' id='word_1_136' title='bbox 1400 1675 1509 1729; x_wconf 92' lang='lat' dir='ltr'><strong>Deo</strong></span> <span class='ocrx_word' id='word_1_137' title='bbox 1537 1683 1646 1730; x_wconf 90' lang='lat' dir='ltr'><strong>tuo.</strong></span> <span class='ocrx_word' id='word_1_138' title='bbox 1670 1674 1893 1730; x_wconf 88' lang='lat' dir='ltr'><strong>Servum</strong></span> <span class='ocrx_word' id='word_1_139' title='bbox 1917 1684 2062 1730; x_wconf 90' lang='lat' dir='ltr'><strong>tuum</strong></span> 
     </span>
    </p>
   </div>
   <div class='ocr_carea' id='block_1_17' title="bbox 483 1761 2061 1828">
    <p class='ocr_par' dir='ltr' id='par_1_17' title="bbox 483 1761 2061 1828">
     <span class='ocr_line' id='line_1_17' title="bbox 483 1761 2061 1828; baseline 0.008 -16"><span class='ocrx_word' id='word_1_140' title='bbox 483 1775 590 1814; x_wconf 91' lang='lat' dir='ltr'><strong>non</strong></span> <span class='ocrx_word' id='word_1_141' title='bbox 617 1769 669 1814; x_wconf 92' lang='lat' dir='ltr'><strong>tu</strong></span> <span class='ocrx_word' id='word_1_142' title='bbox 697 1761 897 1828; x_wconf 81' lang='lat' dir='ltr'><strong>fecisti,</strong></span> <span class='ocrx_word' id='word_1_143' title='bbox 927 1774 981 1819; x_wconf 89' lang='lat' dir='ltr'><strong>et</strong></span> <span class='ocrx_word' id='word_1_144' title='bbox 1007 1772 1057 1820; x_wconf 90' lang='lat' dir='ltr'><strong>te</strong></span> <span class='ocrx_word' id='word_1_145' title='bbox 1083 1775 1137 1820; x_wconf 91' lang='lat' dir='ltr'><strong>et</strong></span> <span class='ocrx_word' id='word_1_146' title='bbox 1164 1781 1373 1822; x_wconf 91' lang='lat' dir='ltr'><strong>servum</strong></span> <span class='ocrx_word' id='word_1_147' title='bbox 1405 1777 1550 1823; x_wconf 93' lang='lat' dir='ltr'><strong>tuum</strong></span> <span class='ocrx_word' id='word_1_148' title='bbox 1582 1769 1673 1824; x_wconf 91' lang='lat' dir='ltr'><strong>ille</strong></span> <span class='ocrx_word' id='word_1_149' title='bbox 1707 1768 1830 1824; x_wconf 78' lang='lat' dir='ltr'><strong>fecit</strong></span> <span class='ocrx_word' id='word_1_150' title='bbox 1857 1787 1870 1821; x_wconf 89' lang='lat'><strong>:</strong></span> <span class='ocrx_word' id='word_1_151' title='bbox 1901 1770 1978 1823; x_wconf 87' lang='lat' dir='ltr'><strong>vis</strong></span> <span class='ocrx_word' id='word_1_152' title='bbox 2007 1779 2061 1824; x_wconf 91' lang='grc' dir='ltr'><strong>ιιι</strong></span> 
     </span>
    </p>
   </div>
   <div class='ocr_carea' id='block_1_18' title="bbox 437 1853 2061 1927">
    <p class='ocr_par' dir='ltr' id='par_1_18' title="bbox 437 1853 2061 1927">
     <span class='ocr_line' id='line_1_18' title="bbox 437 1853 2061 1927; baseline 0.006 -22"><span class='ocrx_word' id='word_1_153' title='bbox 437 1921 441 1924; x_wconf 15' lang='grc' dir='ltr'>λ</span> <span class='ocrx_word' id='word_1_154' title='bbox 484 1853 578 1907; x_wconf 89' lang='lat' dir='ltr'><strong>tibi</strong></span> <span class='ocrx_word' id='word_1_155' title='bbox 607 1856 800 1908; x_wconf 79' lang='lat' dir='ltr'><strong>serviat</strong></span> <span class='ocrx_word' id='word_1_156' title='bbox 829 1872 947 1910; x_wconf 88' lang='lat' dir='ltr'><strong>cum</strong></span> <span class='ocrx_word' id='word_1_157' title='bbox 975 1873 1080 1927; x_wconf 89' lang='lat' dir='ltr'><strong>quo</strong></span> <span class='ocrx_word' id='word_1_158' title='bbox 1107 1857 1272 1914; x_wconf 87' lang='lat' dir='ltr'><strong>factus</strong></span> <span class='ocrx_word' id='word_1_159' title='bbox 1301 1874 1360 1914; x_wconf 93' lang='lat' dir='ltr'><strong>es</strong></span> <span class='ocrx_word' id='word_1_160' title='bbox 1379 1901 1393 1925; x_wconf 91' lang='lat'><strong>,</strong></span> <span class='ocrx_word' id='word_1_161' title='bbox 1425 1869 1478 1914; x_wconf 93' lang='lat' dir='ltr'><strong>et</strong></span> <span class='ocrx_word' id='word_1_162' title='bbox 1505 1875 1609 1915; x_wconf 93' lang='lat' dir='ltr'><strong>non</strong></span> <span class='ocrx_word' id='word_1_163' title='bbox 1635 1862 1714 1915; x_wconf 90' lang='lat' dir='ltr'><strong>vis</strong></span> <span class='ocrx_word' id='word_1_164' title='bbox 1735 1861 1936 1915; x_wconf 89' lang='lat' dir='ltr'><strong>servire</strong></span> <span class='ocrx_word' id='word_1_165' title='bbox 1959 1861 2006 1915; x_wconf 92' lang='lat' dir='ltr'><strong>ei</strong></span> <span class='ocrx_word' id='word_1_166' title='bbox 2033 1876 2061 1914; x_wconf 93' lang='lat' dir='ltr'><strong>a</strong></span> 
     </span>
    </p>
   </div>
   <div class='ocr_carea' id='block_1_19' title="bbox 479 1945 2062 2019">
    <p class='ocr_par' dir='ltr' id='par_1_19' title="bbox 479 1945 2062 2019">
     <span class='ocr_line' id='line_1_19' title="bbox 479 1945 2062 2019; baseline 0.007 -23"><span class='ocrx_word' id='word_1_167' title='bbox 479 1959 587 2011; x_wconf 93' lang='lat' dir='ltr'><strong>quo</strong></span> <span class='ocrx_word' id='word_1_168' title='bbox 613 1945 780 2000; x_wconf 92' lang='lat' dir='ltr'><strong>factus</strong></span> <span class='ocrx_word' id='word_1_169' title='bbox 804 1949 899 2002; x_wconf 85' lang='lat' dir='ltr'><strong>es?</strong></span> <span class='ocrx_word' id='word_1_170' title='bbox 923 1949 1060 2019; x_wconf 85' lang='lat' dir='ltr'><strong>Ergo</strong></span> <span class='ocrx_word' id='word_1_171' title='bbox 1081 1965 1202 2004; x_wconf 90' lang='lat' dir='ltr'><strong>cum</strong></span> <span class='ocrx_word' id='word_1_172' title='bbox 1224 1950 1302 2006; x_wconf 89' lang='lat' dir='ltr'><strong>vis</strong></span> <span class='ocrx_word' id='word_1_173' title='bbox 1325 1961 1380 2005; x_wconf 93' lang='lat' dir='ltr'><strong>ut</strong></span> <span class='ocrx_word' id='word_1_174' title='bbox 1399 1953 1593 2006; x_wconf 81' lang='lat' dir='ltr'><strong>serviat</strong></span> <span class='ocrx_word' id='word_1_175' title='bbox 1616 1953 1707 2009; x_wconf 88' lang='lat' dir='ltr'><strong>tibi</strong></span> <span class='ocrx_word' id='word_1_176' title='bbox 1733 1969 1921 2008; x_wconf 83' lang='lat' dir='ltr'><strong>servus</strong></span> <span class='ocrx_word' id='word_1_177' title='bbox 1942 1961 2062 2008; x_wconf 90' lang='lat' dir='ltr'><strong>tuus</strong></span> 
     </span>
    </p>
   </div>
   <div class='ocr_carea' id='block_1_20' title="bbox 478 2033 2061 2110">
    <p class='ocr_par' dir='ltr' id='par_1_20' title="bbox 478 2033 2061 2110">
     <span class='ocr_line' id='line_1_20' title="bbox 478 2033 2061 2110; baseline 0.008 -23"><span class='ocrx_word' id='word_1_178' title='bbox 478 2033 642 2090; x_wconf 88' lang='lat' dir='ltr'><strong>homo</strong></span> <span class='ocrx_word' id='word_1_179' title='bbox 662 2078 676 2102; x_wconf 92' lang='lat'><strong>,</strong></span> <span class='ocrx_word' id='word_1_180' title='bbox 717 2049 771 2092; x_wconf 90' lang='lat' dir='ltr'><strong>et</strong></span> <span class='ocrx_word' id='word_1_181' title='bbox 805 2047 859 2092; x_wconf 91' lang='lat' dir='ltr'><strong>tu</strong></span> <span class='ocrx_word' id='word_1_182' title='bbox 899 2055 1003 2094; x_wconf 92' lang='lat' dir='ltr'><strong>non</strong></span> <span class='ocrx_word' id='word_1_183' title='bbox 1045 2042 1133 2100; x_wconf 80' lang='lat' dir='ltr'><strong>vis,</strong></span> <span class='ocrx_word' id='word_1_184' title='bbox 1159 2043 1360 2099; x_wconf 89' lang='lat' dir='ltr'><strong>servire</strong></span> <span class='ocrx_word' id='word_1_185' title='bbox 1385 2044 1610 2098; x_wconf 91' lang='lat' dir='ltr'><strong>Domino</strong></span> <span class='ocrx_word' id='word_1_186' title='bbox 1637 2045 1746 2099; x_wconf 91' lang='lat' dir='ltr'><strong>Deo</strong></span> <span class='ocrx_word' id='word_1_187' title='bbox 1777 2054 1866 2099; x_wconf 91' lang='lat' dir='ltr'><strong>tuo</strong></span> <span class='ocrx_word' id='word_1_188' title='bbox 1886 2088 1900 2110; x_wconf 92' lang='lat'><strong>,</strong></span> <span class='ocrx_word' id='word_1_189' title='bbox 1933 2046 2061 2100; x_wconf 84' lang='lat' dir='ltr'><strong>facis</strong></span> 
     </span>
    </p>
   </div>
   <div class='ocr_carea' id='block_1_21' title="bbox 476 2125 2057 2208">
    <p class='ocr_par' dir='ltr' id='par_1_21' title="bbox 476 2125 2057 2208">
     <span class='ocr_line' id='line_1_21' title="bbox 476 2125 2057 2208; baseline 0.008 -29"><span class='ocrx_word' id='word_1_190' title='bbox 476 2125 589 2180; x_wconf 91' lang='lat' dir='ltr'><strong>Deo</strong></span> <span class='ocrx_word' id='word_1_191' title='bbox 613 2129 751 2198; x_wconf 90' lang='lat' dir='ltr'><strong>quod</strong></span> <span class='ocrx_word' id='word_1_192' title='bbox 781 2139 834 2184; x_wconf 93' lang='lat' dir='ltr'><strong>tu</strong></span> <span class='ocrx_word' id='word_1_193' title='bbox 861 2133 964 2201; x_wconf 90' lang='lat' dir='ltr'><strong>pati</strong></span> <span class='ocrx_word' id='word_1_194' title='bbox 993 2148 1097 2187; x_wconf 94' lang='lat' dir='ltr'><strong>non</strong></span> <span class='ocrx_word' id='word_1_195' title='bbox 1120 2134 1217 2188; x_wconf 89' lang='lat' dir='ltr'><strong>vis.</strong></span> <span class='ocrx_word' id='word_1_196' title='bbox 1243 2134 1380 2204; x_wconf 84' lang='lat' dir='ltr'><strong>Ergo</strong></span> <span class='ocrx_word' id='word_1_197' title='bbox 1402 2135 1529 2190; x_wconf 92' lang='lat' dir='ltr'><strong>illud</strong></span> <span class='ocrx_word' id='word_1_198' title='bbox 1551 2152 1709 2190; x_wconf 91' lang='lat' dir='ltr'><strong>unum</strong></span> <span class='ocrx_word' id='word_1_199' title='bbox 1735 2147 2057 2208; x_wconf 62' lang='lat' dir='ltr'><strong>praeceptum</strong></span> 
     </span>
    </p>
   </div>
   <div class='ocr_carea' id='block_1_22' title="bbox 475 2222 2056 2294">
    <p class='ocr_par' dir='ltr' id='par_1_22' title="bbox 475 2222 2056 2294">
     <span class='ocr_line' id='line_1_22' title="bbox 475 2222 2056 2294; baseline 0.008 -21"><span class='ocrx_word' id='word_1_200' title='bbox 475 2222 714 2277; x_wconf 90' lang='lat' dir='ltr'><strong>continet</strong></span> <span class='ocrx_word' id='word_1_201' title='bbox 752 2223 890 2290; x_wconf 85' lang='lat' dir='ltr'><strong>duo,</strong></span> <span class='ocrx_word' id='word_1_202' title='bbox 925 2225 1012 2279; x_wconf 90' lang='lat' dir='ltr'><strong>illa</strong></span> <span class='ocrx_word' id='word_1_203' title='bbox 1042 2225 1147 2280; x_wconf 93' lang='lat' dir='ltr'><strong>duo</strong></span> <span class='ocrx_word' id='word_1_204' title='bbox 1187 2228 1458 2283; x_wconf 89' lang='lat' dir='ltr'><strong>continent</strong></span> <span class='ocrx_word' id='word_1_205' title='bbox 1498 2229 1715 2294; x_wconf 86' lang='lat' dir='ltr'><strong>decem,</strong></span> <span class='ocrx_word' id='word_1_206' title='bbox 1755 2230 1843 2285; x_wconf 92' lang='lat' dir='ltr'><strong>illa</strong></span> <span class='ocrx_word' id='word_1_207' title='bbox 1871 2230 2056 2285; x_wconf 86' lang='lat' dir='ltr'><strong>decem</strong></span> 
     </span>
    </p>
   </div>
   <div class='ocr_carea' id='block_1_23' title="bbox 473 2315 2053 2391">
    <p class='ocr_par' dir='ltr' id='par_1_23' title="bbox 473 2315 2053 2391">
     <span class='ocr_line' id='line_1_23' title="bbox 473 2315 2053 2391; baseline 0.006 -26"><span class='ocrx_word' id='word_1_208' title='bbox 473 2315 747 2369; x_wconf 84' lang='lat' dir='ltr'><strong>continent</strong></span> <span class='ocrx_word' id='word_1_209' title='bbox 789 2317 987 2371; x_wconf 89' lang='lat' dir='ltr'><strong>omnia.</strong></span> <span class='ocrx_word' id='word_1_210' title='bbox 1037 2318 1257 2375; x_wconf 90' lang='lat' dir='ltr'><strong>Cantate</strong></span> <span class='ocrx_word' id='word_1_211' title='bbox 1301 2335 1427 2390; x_wconf 87' lang='lat' dir='ltr'><strong>ergo</strong></span> <span class='ocrx_word' id='word_1_212' title='bbox 1476 2321 1526 2375; x_wconf 92' lang='lat' dir='ltr'><strong>in</strong></span> <span class='ocrx_word' id='word_1_213' title='bbox 1571 2321 1820 2391; x_wconf 76' lang='lat' dir='ltr'><strong>psalterio</strong></span> <span class='ocrx_word' id='word_1_214' title='bbox 1872 2323 2053 2377; x_wconf 89' lang='lat' dir='ltr'><strong>decem</strong></span> 
     </span>
    </p>
   </div>
   <div class='ocr_carea' id='block_1_24' title="bbox 471 2401 2056 2484">
    <p class='ocr_par' dir='ltr' id='par_1_24' title="bbox 471 2401 2056 2484">
     <span class='ocr_line' id='line_1_24' title="bbox 471 2401 2056 2484; baseline 0.007 -28"><span class='ocrx_word' id='word_1_215' title='bbox 471 2401 792 2460; x_wconf 86' lang='lat' dir='ltr'><strong>chordarum</strong></span> <span class='ocrx_word' id='word_1_216' title='bbox 815 2409 1078 2463; x_wconf 89' lang='lat' dir='ltr'><strong>canticum</strong></span> <span class='ocrx_word' id='word_1_217' title='bbox 1108 2425 1322 2466; x_wconf 90' lang='lat' dir='ltr'><strong>novum.</strong></span> <span class='ocrx_word' id='word_1_218' title='bbox 1352 2411 1422 2467; x_wconf 89' lang='lat' dir='ltr'><strong>Ut</strong></span> <span class='ocrx_word' id='word_1_219' title='bbox 1445 2421 1620 2484; x_wconf 86' lang='lat' dir='ltr'><strong>autem</strong></span> <span class='ocrx_word' id='word_1_220' title='bbox 1641 2413 1864 2468; x_wconf 87' lang='lat' dir='ltr'><strong>cantetis</strong></span> <span class='ocrx_word' id='word_1_221' title='bbox 1889 2413 2056 2468; x_wconf 88' lang='lat' dir='ltr'><strong>canti-</strong></span> 
     </span>
    </p>
   </div>
   <div class='ocr_carea' id='block_1_25' title="bbox 469 2501 2048 2573">
    <p class='ocr_par' dir='ltr' id='par_1_25' title="bbox 469 2501 2048 2573">
     <span class='ocr_line' id='line_1_25' title="bbox 469 2501 2048 2573; baseline 0.008 -27"><span class='ocrx_word' id='word_1_222' title='bbox 469 2507 592 2547; x_wconf 89' lang='lat' dir='ltr'><strong>cum</strong></span> <span class='ocrx_word' id='word_1_223' title='bbox 623 2511 814 2550; x_wconf 93' lang='lat' dir='ltr'><strong>novum</strong></span> <span class='ocrx_word' id='word_1_224' title='bbox 836 2538 852 2562; x_wconf 90' lang='lat'><strong>,</strong></span> <span class='ocrx_word' id='word_1_225' title='bbox 881 2507 1052 2555; x_wconf 90' lang='lat' dir='ltr'><strong>estote</strong></span> <span class='ocrx_word' id='word_1_226' title='bbox 1083 2501 1324 2556; x_wconf 83' lang='lat' dir='ltr'><strong>homines</strong></span> <span class='ocrx_word' id='word_1_227' title='bbox 1350 2503 1489 2556; x_wconf 87' lang='lat' dir='ltr'><strong>novi.</strong></span> <span class='ocrx_word' id='word_1_228' title='bbox 1518 2502 1727 2573; x_wconf 91' lang='lat' dir='ltr'><strong>Diligite</strong></span> <span class='ocrx_word' id='word_1_229' title='bbox 1758 2504 2048 2573; x_wconf 83' lang='lat' dir='ltr'><strong>justitiam:</strong></span> 
     </span>
    </p>
   </div>
   <div class='ocr_carea' id='block_1_26' title="bbox 467 2582 2052 2655">
    <p class='ocr_par' dir='ltr' id='par_1_26' title="bbox 467 2582 2052 2655">
     <span class='ocr_line' id='line_1_26' title="bbox 467 2582 2052 2655; baseline 0.007 -18"><span class='ocrx_word' id='word_1_230' title='bbox 467 2582 629 2639; x_wconf 83' lang='lat' dir='ltr'><strong>habet</strong></span> <span class='ocrx_word' id='word_1_231' title='bbox 653 2587 1097 2655; x_wconf 85' lang='lat' dir='ltr'><strong>pulchritudinem</strong></span> <span class='ocrx_word' id='word_1_232' title='bbox 1127 2606 1298 2649; x_wconf 89' lang='lat' dir='ltr'><strong>suam.</strong></span> <span class='ocrx_word' id='word_1_233' title='bbox 1330 2591 1455 2647; x_wconf 88' lang='lat' dir='ltr'><strong>ldco</strong></span> <span class='ocrx_word' id='word_1_234' title='bbox 1481 2609 1587 2648; x_wconf 93' lang='lat' dir='ltr'><strong>non</strong></span> <span class='ocrx_word' id='word_1_235' title='bbox 1617 2593 1776 2648; x_wconf 90' lang='lat' dir='ltr'><strong>vultis</strong></span> <span class='ocrx_word' id='word_1_236' title='bbox 1804 2594 1945 2648; x_wconf 84' lang='lat' dir='ltr'><strong>illam</strong></span> <span class='ocrx_word' id='word_1_237' title='bbox 1974 2595 2052 2648; x_wconf 89' lang='lat' dir='ltr'><strong>vi-</strong></span> 
     </span>
    </p>
   </div>
   <div class='ocr_carea' id='block_1_27' title="bbox 465 2675 2046 2755">
    <p class='ocr_par' dir='ltr' id='par_1_27' title="bbox 465 2675 2046 2755">
     <span class='ocr_line' id='line_1_27' title="bbox 465 2675 2046 2755; baseline 0.008 -25"><span class='ocrx_word' id='word_1_238' title='bbox 465 2675 624 2744; x_wconf 90' lang='lat' dir='ltr'><strong>dere,</strong></span> <span class='ocrx_word' id='word_1_239' title='bbox 665 2680 786 2748; x_wconf 91' lang='lat' dir='ltr'><strong>quia</strong></span> <span class='ocrx_word' id='word_1_240' title='bbox 824 2681 966 2736; x_wconf 90' lang='lat' dir='ltr'><strong>aliud</strong></span> <span class='ocrx_word' id='word_1_241' title='bbox 992 2685 1200 2740; x_wconf 89' lang='lat' dir='ltr'><strong>amatis.</strong></span> <span class='ocrx_word' id='word_1_242' title='bbox 1229 2685 1358 2741; x_wconf 84' lang='lat' dir='ltr'><strong>Nam</strong></span> <span class='ocrx_word' id='word_1_243' title='bbox 1387 2688 1432 2743; x_wconf 92' lang='lat' dir='ltr'><strong>si</strong></span> <span class='ocrx_word' id='word_1_244' title='bbox 1462 2688 1601 2742; x_wconf 90' lang='lat' dir='ltr'><strong>aliud</strong></span> <span class='ocrx_word' id='word_1_245' title='bbox 1640 2703 1745 2743; x_wconf 94' lang='lat' dir='ltr'><strong>non</strong></span> <span class='ocrx_word' id='word_1_246' title='bbox 1777 2688 2046 2755; x_wconf 89' lang='lat' dir='ltr'><strong>amaretis,</strong></span> 
     </span>
    </p>
   </div>
   <div class='ocr_carea' id='block_1_28' title="bbox 462 2767 2047 2850">
    <p class='ocr_par' dir='ltr' id='par_1_28' title="bbox 462 2767 2047 2850">
     <span class='ocr_line' id='line_1_28' title="bbox 462 2767 2047 2850; baseline 0.009 -30"><span class='ocrx_word' id='word_1_247' title='bbox 462 2779 582 2821; x_wconf 87' lang='lat' dir='ltr'><strong>eam</strong></span> <span class='ocrx_word' id='word_1_248' title='bbox 621 2767 798 2839; x_wconf 88' lang='lat' dir='ltr'><strong>utique</strong></span> <span class='ocrx_word' id='word_1_249' title='bbox 842 2771 1110 2830; x_wconf 89' lang='lat' dir='ltr'><strong>videretis.</strong></span> <span class='ocrx_word' id='word_1_250' title='bbox 1155 2775 1329 2842; x_wconf 80' lang='lat' dir='ltr'><strong>Quare</strong></span> <span class='ocrx_word' id='word_1_251' title='bbox 1370 2778 1513 2832; x_wconf 90' lang='lat' dir='ltr'><strong>illam</strong></span> <span class='ocrx_word' id='word_1_252' title='bbox 1551 2779 1741 2834; x_wconf 89' lang='lat' dir='ltr'><strong>videtis</strong></span> <span class='ocrx_word' id='word_1_253' title='bbox 1765 2779 1807 2845; x_wconf 86' lang='grc'><strong>³,</strong></span> <span class='ocrx_word' id='word_1_254' title='bbox 1836 2779 2047 2850; x_wconf 88' lang='lat' dir='ltr'><strong>quando</strong></span> 
     </span>
    </p>
   </div>
   <div class='ocr_carea' id='block_1_29' title="bbox 461 2856 2046 2940">
    <p class='ocr_par' dir='ltr' id='par_1_29' title="bbox 461 2856 2046 2940">
     <span class='ocr_line' id='line_1_29' title="bbox 461 2856 2046 2940; baseline 0.008 -29"><span class='ocrx_word' id='word_1_255' title='bbox 461 2856 609 2912; x_wconf 85' lang='lat' dir='ltr'><strong>illam</strong></span> <span class='ocrx_word' id='word_1_256' title='bbox 633 2859 880 2930; x_wconf 79' lang='lat' dir='ltr'><strong>exigitis?</strong></span> <span class='ocrx_word' id='word_1_257' title='bbox 907 2863 1081 2930; x_wconf 86' lang='lat' dir='ltr'><strong>Quare</strong></span> <span class='ocrx_word' id='word_1_258' title='bbox 1107 2866 1289 2922; x_wconf 88' lang='lat' dir='ltr'><strong>laudas</strong></span> <span class='ocrx_word' id='word_1_259' title='bbox 1318 2868 1494 2935; x_wconf 89' lang='lat' dir='ltr'><strong>ﬁdem,</strong></span> <span class='ocrx_word' id='word_1_260' title='bbox 1527 2870 1738 2940; x_wconf 87' lang='lat' dir='ltr'><strong>quando</strong></span> <span class='ocrx_word' id='word_1_261' title='bbox 1769 2871 1909 2924; x_wconf 86' lang='lat' dir='ltr'><strong>illam</strong></span> <span class='ocrx_word' id='word_1_262' title='bbox 1936 2871 2046 2925; x_wconf 84' lang='lat' dir='ltr'><strong>exi-</strong></span> 
     </span>
    </p>
   </div>
   <div class='ocr_carea' id='block_1_30' title="bbox 459 2949 2045 3027">
    <p class='ocr_par' dir='ltr' id='par_1_30' title="bbox 459 2949 2045 3027">
     <span class='ocr_line' id='line_1_30' title="bbox 459 2949 2045 3027; baseline 0.009 -25"><span class='ocrx_word' id='word_1_263' title='bbox 459 2949 543 3018; x_wconf 85' lang='lat' dir='ltr'><strong>gis</strong></span> <span class='ocrx_word' id='word_1_264' title='bbox 577 2949 644 3004; x_wconf 91' lang='lat' dir='ltr'><strong>de</strong></span> <span class='ocrx_word' id='word_1_265' title='bbox 680 2965 834 3005; x_wconf 90' lang='lat' dir='ltr'><strong>servo</strong></span> <span class='ocrx_word' id='word_1_266' title='bbox 864 2954 992 3008; x_wconf 87' lang='lat' dir='ltr'><strong>tuo?</strong></span> <span class='ocrx_word' id='word_1_267' title='bbox 1020 2954 1188 3022; x_wconf 90' lang='lat' dir='ltr'><strong>Quam</strong></span> <span class='ocrx_word' id='word_1_268' title='bbox 1220 2959 1435 3027; x_wconf 83' lang='lat' dir='ltr'><strong>pulchra</strong></span> <span class='ocrx_word' id='word_1_269' title='bbox 1477 2975 1563 3016; x_wconf 90' lang='lat' dir='ltr'><strong>res</strong></span> <span class='ocrx_word' id='word_1_270' title='bbox 1590 2961 1754 3017; x_wconf 88' lang='lat' dir='ltr'><strong>ﬁdes!</strong></span> <span class='ocrx_word' id='word_1_271' title='bbox 1786 2962 1889 3018; x_wconf 91' lang='lat' dir='ltr'><strong>Sed</strong></span> <span class='ocrx_word' id='word_1_272' title='bbox 1922 2971 2045 3017; x_wconf 92' lang='lat' dir='ltr'><strong>tunc</strong></span> 
     </span>
    </p>
   </div>
   <div class='ocr_carea' id='block_1_31' title="bbox 458 3039 2038 3121">
    <p class='ocr_par' dir='ltr' id='par_1_31' title="bbox 458 3039 2038 3121">
     <span class='ocr_line' id='line_1_31' title="bbox 458 3039 2038 3121; baseline 0.011 -31"><span class='ocrx_word' id='word_1_273' title='bbox 458 3039 681 3107; x_wconf 89' lang='lat' dir='ltr'><strong>pulchra</strong></span> <span class='ocrx_word' id='word_1_274' title='bbox 708 3050 820 3108; x_wconf 90' lang='lat' dir='ltr'><strong>est,</strong></span> <span class='ocrx_word' id='word_1_275' title='bbox 851 3044 1061 3112; x_wconf 90' lang='lat' dir='ltr'><strong>quando</strong></span> <span class='ocrx_word' id='word_1_276' title='bbox 1087 3045 1154 3101; x_wconf 92' lang='lat' dir='ltr'><strong>de</strong></span> <span class='ocrx_word' id='word_1_277' title='bbox 1179 3063 1334 3104; x_wconf 90' lang='lat' dir='ltr'><strong>servo</strong></span> <span class='ocrx_word' id='word_1_278' title='bbox 1363 3052 1624 3121; x_wconf 82' lang='lat' dir='ltr'><strong>exigitur;</strong></span> <span class='ocrx_word' id='word_1_279' title='bbox 1658 3061 1784 3108; x_wconf 91' lang='lat' dir='ltr'><strong>tunc</strong></span> <span class='ocrx_word' id='word_1_280' title='bbox 1810 3052 2038 3118; x_wconf 91' lang='lat' dir='ltr'><strong>videtur,</strong></span> 
     </span>
    </p>
   </div>
   <div class='ocr_carea' id='block_1_32' title="bbox 456 3130 2037 3215">
    <p class='ocr_par' dir='ltr' id='par_1_32' title="bbox 456 3130 2037 3215">
     <span class='ocr_line' id='line_1_32' title="bbox 456 3130 2037 3215; baseline 0.011 -33"><span class='ocrx_word' id='word_1_281' title='bbox 456 3130 670 3199; x_wconf 87' lang='lat' dir='ltr'><strong>quando</strong></span> <span class='ocrx_word' id='word_1_282' title='bbox 698 3133 766 3187; x_wconf 90' lang='lat' dir='ltr'><strong>ab</strong></span> <span class='ocrx_word' id='word_1_283' title='bbox 791 3133 960 3189; x_wconf 88' lang='lat' dir='ltr'><strong>altero</strong></span> <span class='ocrx_word' id='word_1_284' title='bbox 999 3138 1266 3206; x_wconf 81' lang='lat' dir='ltr'><strong>expetitur</strong></span> <span class='ocrx_word' id='word_1_285' title='bbox 1297 3157 1309 3194; x_wconf 94' lang='lat'><strong>:</strong></span> <span class='ocrx_word' id='word_1_286' title='bbox 1342 3142 1554 3210; x_wconf 90' lang='lat' dir='ltr'><strong>quando</strong></span> <span class='ocrx_word' id='word_1_287' title='bbox 1595 3144 1661 3198; x_wconf 93' lang='lat' dir='ltr'><strong>de</strong></span> <span class='ocrx_word' id='word_1_288' title='bbox 1703 3152 1754 3198; x_wconf 86' lang='lat' dir='ltr'><strong>te</strong></span> <span class='ocrx_word' id='word_1_289' title='bbox 1790 3145 2037 3215; x_wconf 83' lang='lat' dir='ltr'><strong>exigitur,</strong></span> 
     </span>
    </p>
   </div>
   <div class='ocr_carea' id='block_1_33' title="bbox 457 3222 2040 3296">
    <p class='ocr_par' dir='ltr' id='par_1_33' title="bbox 457 3222 2040 3296">
     <span class='ocr_line' id='line_1_33' title="bbox 457 3222 2040 3296; baseline 0.009 -19"><span class='ocrx_word' id='word_1_290' title='bbox 457 3236 564 3277; x_wconf 80' lang='lat' dir='ltr'><strong>non</strong></span> <span class='ocrx_word' id='word_1_291' title='bbox 584 3222 810 3278; x_wconf 86' lang='lat' dir='ltr'><strong>videtur.</strong></span> <span class='ocrx_word' id='word_1_292' title='bbox 831 3227 1034 3281; x_wconf 80' lang='lat' dir='ltr'><strong>Aurum</strong></span> <span class='ocrx_word' id='word_1_293' title='bbox 1051 3229 1219 3296; x_wconf 90' lang='lat' dir='ltr'><strong>vides,</strong></span> <span class='ocrx_word' id='word_1_294' title='bbox 1242 3231 1396 3286; x_wconf 90' lang='lat' dir='ltr'><strong>fidem</strong></span> <span class='ocrx_word' id='word_1_295' title='bbox 1421 3249 1523 3288; x_wconf 93' lang='lat' dir='ltr'><strong>non</strong></span> <span class='ocrx_word' id='word_1_296' title='bbox 1545 3234 1710 3290; x_wconf 91' lang='lat' dir='ltr'><strong>vides.</strong></span> <span class='ocrx_word' id='word_1_297' title='bbox 1732 3235 1879 3292; x_wconf 88' lang='lat' dir='ltr'><strong>Sicut</strong></span> <span class='ocrx_word' id='word_1_298' title='bbox 1899 3237 2040 3292; x_wconf 85' lang='lat' dir='ltr'><strong>lucet</strong></span> 
     </span>
    </p>
   </div>
   <div class='ocr_carea' id='block_1_34' title="bbox 455 3314 2040 3388">
    <p class='ocr_par' dir='ltr' id='par_1_34' title="bbox 455 3314 2040 3388">
     <span class='ocr_line' id='line_1_34' title="bbox 455 3314 2040 3388; baseline 0.013 -24"><span class='ocrx_word' id='word_1_299' title='bbox 455 3324 644 3367; x_wconf 87' lang='lat' dir='ltr'><strong>aurum</strong></span> <span class='ocrx_word' id='word_1_300' title='bbox 681 3314 745 3369; x_wconf 93' lang='lat' dir='ltr'><strong>ad</strong></span> <span class='ocrx_word' id='word_1_301' title='bbox 780 3317 964 3372; x_wconf 90' lang='lat' dir='ltr'><strong>oculos</strong></span> <span class='ocrx_word' id='word_1_302' title='bbox 997 3321 1272 3388; x_wconf 83' lang='lat' dir='ltr'><strong>corporis,</strong></span> <span class='ocrx_word' id='word_1_303' title='bbox 1308 3323 1383 3377; x_wconf 92' lang='lat' dir='ltr'><strong>sic</strong></span> <span class='ocrx_word' id='word_1_304' title='bbox 1422 3323 1563 3380; x_wconf 90' lang='lat' dir='ltr'><strong>lucet</strong></span> <span class='ocrx_word' id='word_1_305' title='bbox 1602 3326 1732 3382; x_wconf 87' lang='lat' dir='ltr'><strong>ﬁdes</strong></span> <span class='ocrx_word' id='word_1_306' title='bbox 1761 3329 1827 3382; x_wconf 89' lang='lat' dir='ltr'><strong>ad</strong></span> <span class='ocrx_word' id='word_1_307' title='bbox 1857 3329 2040 3385; x_wconf 91' lang='lat' dir='ltr'><strong>oculos</strong></span> 
     </span>
    </p>
   </div>
   <div class='ocr_carea' id='block_1_35' title="bbox 453 3405 2038 3489">
    <p class='ocr_par' dir='ltr' id='par_1_35' title="bbox 453 3405 2038 3489">
     <span class='ocr_line' id='line_1_35' title="bbox 453 3405 2038 3489; baseline 0.011 -30"><span class='ocrx_word' id='word_1_308' title='bbox 453 3405 652 3460; x_wconf 78' lang='lat' dir='ltr'><strong>cordis.</strong></span> <span class='ocrx_word' id='word_1_309' title='bbox 683 3407 873 3476; x_wconf 89' lang='lat' dir='ltr'><strong>Aperis</strong></span> <span class='ocrx_word' id='word_1_310' title='bbox 899 3409 965 3464; x_wconf 89' lang='lat' dir='ltr'><strong>ad</strong></span> <span class='ocrx_word' id='word_1_311' title='bbox 992 3411 1132 3465; x_wconf 89' lang='lat' dir='ltr'><strong>illam</strong></span> <span class='ocrx_word' id='word_1_312' title='bbox 1164 3414 1347 3469; x_wconf 90' lang='lat' dir='ltr'><strong>oculos</strong></span> <span class='ocrx_word' id='word_1_313' title='bbox 1373 3416 1551 3471; x_wconf 90' lang='lat' dir='ltr'><strong>cordis</strong></span> <span class='ocrx_word' id='word_1_314' title='bbox 1570 3460 1584 3483; x_wconf 95' lang='lat'><strong>,</strong></span> <span class='ocrx_word' id='word_1_315' title='bbox 1625 3419 1836 3489; x_wconf 88' lang='lat' dir='ltr'><strong>quando</strong></span> <span class='ocrx_word' id='word_1_316' title='bbox 1873 3422 1952 3476; x_wconf 88' lang='lat' dir='ltr'><strong>vis</strong></span> <span class='ocrx_word' id='word_1_317' title='bbox 1979 3433 2038 3477; x_wconf 92' lang='lat' dir='ltr'><strong>ut</strong></span> 
     </span>
    </p>
   </div>
   <div class='ocr_carea' id='block_1_36' title="bbox 453 3496 2033 3570">
    <p class='ocr_par' dir='ltr' id='par_1_36' title="bbox 453 3496 2033 3570">
     <span class='ocr_line' id='line_1_36' title="bbox 453 3496 2033 3570; baseline 0.013 -20"><span class='ocrx_word' id='word_1_318' title='bbox 453 3496 702 3552; x_wconf 76' lang='lat' dir='ltr'><strong>exhibeat</strong></span> <span class='ocrx_word' id='word_1_319' title='bbox 727 3500 866 3554; x_wconf 87' lang='lat' dir='ltr'><strong>illam</strong></span> <span class='ocrx_word' id='word_1_320' title='bbox 899 3502 989 3557; x_wconf 89' lang='lat' dir='ltr'><strong>tibi</strong></span> <span class='ocrx_word' id='word_1_321' title='bbox 1020 3517 1207 3560; x_wconf 89' lang='lat' dir='ltr'><strong>servus</strong></span> <span class='ocrx_word' id='word_1_322' title='bbox 1232 3515 1370 3560; x_wconf 89' lang='lat' dir='ltr'><strong>tuus.</strong></span> <span class='ocrx_word' id='word_1_323' title='bbox 1401 3508 1454 3563; x_wconf 93' lang='lat' dir='ltr'><strong>Si</strong></span> <span class='ocrx_word' id='word_1_324' title='bbox 1487 3509 1578 3564; x_wconf 89' lang='lat' dir='ltr'><strong>tibi</strong></span> <span class='ocrx_word' id='word_1_325' title='bbox 1610 3511 1749 3565; x_wconf 90' lang='lat' dir='ltr'><strong>illam</strong></span> <span class='ocrx_word' id='word_1_326' title='bbox 1776 3515 2033 3570; x_wconf 77' lang='lat' dir='ltr'><strong>exhibue-</strong></span> 
     </span>
    </p>
   </div>
   <div class='ocr_carea' id='block_1_37' title="bbox 449 3588 2032 3668">
    <p class='ocr_par' dir='ltr' id='par_1_37' title="bbox 449 3588 2032 3668">
     <span class='ocr_line' id='line_1_37' title="bbox 449 3588 2032 3668; baseline 0.011 -24"><span class='ocrx_word' id='word_1_327' title='bbox 449 3588 540 3652; x_wconf 80' lang='lat' dir='ltr'><strong>rit,</strong></span> <span class='ocrx_word' id='word_1_328' title='bbox 571 3589 753 3646; x_wconf 86' lang='lat' dir='ltr'><strong>laudas</strong></span> <span class='ocrx_word' id='word_1_329' title='bbox 782 3607 992 3648; x_wconf 87' lang='lat' dir='ltr'><strong>servum</strong></span> <span class='ocrx_word' id='word_1_330' title='bbox 1013 3638 1030 3662; x_wconf 89' lang='lat'><strong>,</strong></span> <span class='ocrx_word' id='word_1_331' title='bbox 1057 3605 1111 3650; x_wconf 90' lang='lat' dir='ltr'><strong>et</strong></span> <span class='ocrx_word' id='word_1_332' title='bbox 1137 3598 1393 3666; x_wconf 66' lang='lat' dir='ltr'><strong>praedicas</strong></span> <span class='ocrx_word' id='word_1_333' title='bbox 1419 3616 1538 3655; x_wconf 90' lang='lat' dir='ltr'><strong>eum</strong></span> <span class='ocrx_word' id='word_1_334' title='bbox 1561 3644 1575 3668; x_wconf 92' lang='lat'><strong>,</strong></span> <span class='ocrx_word' id='word_1_335' title='bbox 1604 3613 1657 3658; x_wconf 91' lang='lat' dir='ltr'><strong>ct</strong></span> <span class='ocrx_word' id='word_1_336' title='bbox 1682 3605 1814 3659; x_wconf 85' lang='lat' dir='ltr'><strong>dicis</strong></span> <span class='ocrx_word' id='word_1_337' title='bbox 1842 3623 1855 3660; x_wconf 91' lang='lat'>:</span> <span class='ocrx_word' id='word_1_338' title='bbox 1886 3607 2032 3661; x_wconf 64' lang='lat' dir='ltr'><strong>Prac-</strong></span> 
     </span>
    </p>
   </div>
   <div class='ocr_carea' id='block_1_38' title="bbox 447 3679 2032 3765">
    <p class='ocr_par' dir='ltr' id='par_1_38' title="bbox 447 3679 2032 3765">
     <span class='ocr_line' id='line_1_38' title="bbox 447 3679 2032 3765; baseline 0.011 -29"><span class='ocrx_word' id='word_1_339' title='bbox 447 3679 654 3736; x_wconf 82' lang='lat' dir='ltr'><strong>clarnm</strong></span> <span class='ocrx_word' id='word_1_340' title='bbox 683 3698 893 3739; x_wconf 90' lang='lat' dir='ltr'><strong>servum</strong></span> <span class='ocrx_word' id='word_1_341' title='bbox 923 3686 1123 3752; x_wconf 90' lang='lat' dir='ltr'><strong>habeo,</strong></span> <span class='ocrx_word' id='word_1_342' title='bbox 1155 3706 1401 3761; x_wconf 81' lang='lat' dir='ltr'><strong>magnum</strong></span> <span class='ocrx_word' id='word_1_343' title='bbox 1429 3709 1640 3750; x_wconf 88' lang='lat' dir='ltr'><strong>servum</strong></span> <span class='ocrx_word' id='word_1_344' title='bbox 1671 3696 1840 3753; x_wconf 83' lang='lat' dir='ltr'><strong>habeo</strong></span> <span class='ocrx_word' id='word_1_345' title='bbox 1859 3741 1873 3765; x_wconf 94' lang='lat'><strong>,</strong></span> <span class='ocrx_word' id='word_1_346' title='bbox 1901 3699 2032 3754; x_wconf 84' lang='lat' dir='ltr'><strong>lide-</strong></span> 
     </span>
    </p>
   </div>
   <div class='ocr_carea' id='block_1_39' title="bbox 448 3771 2033 3856">
    <p class='ocr_par' dir='ltr' id='par_1_39' title="bbox 448 3771 2033 3856">
     <span class='ocr_line' id='line_1_39' title="bbox 448 3771 2033 3856; baseline 0.014 -30"><span class='ocrx_word' id='word_1_347' title='bbox 448 3771 555 3827; x_wconf 88' lang='lat' dir='ltr'><strong>lem</strong></span> <span class='ocrx_word' id='word_1_348' title='bbox 577 3789 785 3830; x_wconf 90' lang='lat' dir='ltr'><strong>servum</strong></span> <span class='ocrx_word' id='word_1_349' title='bbox 810 3776 1000 3833; x_wconf 89' lang='lat' dir='ltr'><strong>habeo.</strong></span> <span class='ocrx_word' id='word_1_350' title='bbox 1030 3780 1180 3846; x_wconf 90' lang='lat' dir='ltr'><strong>Quod</strong></span> <span class='ocrx_word' id='word_1_351' title='bbox 1206 3783 1385 3839; x_wconf 89' lang='lat' dir='ltr'><strong>laudas</strong></span> <span class='ocrx_word' id='word_1_352' title='bbox 1413 3787 1462 3840; x_wconf 93' lang='lat' dir='ltr'><strong>in</strong></span> <span class='ocrx_word' id='word_1_353' title='bbox 1486 3803 1663 3856; x_wconf 87' lang='lat' dir='ltr'><strong>servo,</strong></span> <span class='ocrx_word' id='word_1_354' title='bbox 1686 3806 1791 3845; x_wconf 91' lang='lat' dir='ltr'><strong>non</strong></span> <span class='ocrx_word' id='word_1_355' title='bbox 1813 3791 2033 3847; x_wconf 78' lang='lat' dir='ltr'><strong>exhibes</strong></span> 
     </span>
    </p>
   </div>
   <div class='ocr_carea' id='block_1_40' title="bbox 446 3864 2034 3947">
    <p class='ocr_par' dir='ltr' id='par_1_40' title="bbox 446 3864 2034 3947">
     <span class='ocr_line' id='line_1_40' title="bbox 446 3864 2034 3947; baseline 0.014 -27"><span class='ocrx_word' id='word_1_356' title='bbox 446 3864 677 3922; x_wconf 90' lang='lat' dir='ltr'><strong>Domino</strong></span> <span class='ocrx_word' id='word_1_357' title='bbox 704 3887 716 3923; x_wconf 92' lang='lat'><strong>:</strong></span> <span class='ocrx_word' id='word_1_358' title='bbox 744 3879 797 3924; x_wconf 92' lang='lat' dir='ltr'><strong>et</strong></span> <span class='ocrx_word' id='word_1_359' title='bbox 825 3886 887 3925; x_wconf 79' lang='lat' dir='ltr'><strong>ro</strong></span> <span class='ocrx_word' id='word_1_360' title='bbox 911 3874 1220 3930; x_wconf 88' lang='lat' dir='ltr'><strong>sceleratius</strong></span> <span class='ocrx_word' id='word_1_361' title='bbox 1240 3919 1254 3940; x_wconf 88' lang='lat'><strong>,</strong></span> <span class='ocrx_word' id='word_1_362' title='bbox 1284 3879 1404 3947; x_wconf 85' lang='lat' dir='ltr'><strong>quia</strong></span> <span class='ocrx_word' id='word_1_363' title='bbox 1434 3881 1515 3935; x_wconf 89' lang='lat' dir='ltr'><strong>vis</strong></span> <span class='ocrx_word' id='word_1_364' title='bbox 1547 3890 1602 3935; x_wconf 91' lang='lat' dir='ltr'><strong>ut</strong></span> <span class='ocrx_word' id='word_1_365' title='bbox 1632 3883 1905 3940; x_wconf 90' lang='lat' dir='ltr'><strong>meliorem</strong></span> <span class='ocrx_word' id='word_1_366' title='bbox 1939 3885 2034 3941; x_wconf 85' lang='lat' dir='ltr'><strong>ha-</strong></span> 
     </span>
    </p>
   </div>
   <div class='ocr_carea' id='block_1_41' title="bbox 445 3957 2027 4047">
    <p class='ocr_par' dir='ltr' id='par_1_41' title="bbox 445 3957 2027 4047">
     <span class='ocr_line' id='line_1_41' title="bbox 445 3957 2027 4047; baseline 0.013 -34"><span class='ocrx_word' id='word_1_367' title='bbox 445 3957 576 4014; x_wconf 86' lang='lat' dir='ltr'><strong>beas</strong></span> <span class='ocrx_word' id='word_1_368' title='bbox 605 3969 656 4014; x_wconf 92' lang='lat' dir='ltr'><strong>tu</strong></span> <span class='ocrx_word' id='word_1_369' title='bbox 683 3977 916 4031; x_wconf 91' lang='lat' dir='ltr'><strong>servum,</strong></span> <span class='ocrx_word' id='word_1_370' title='bbox 945 3983 1100 4035; x_wconf 89' lang='lat' dir='ltr'><strong>quam</strong></span> <span class='ocrx_word' id='word_1_371' title='bbox 1133 3980 1181 4022; x_wconf 92' lang='lat' dir='ltr'><strong>te</strong></span> <span class='ocrx_word' id='word_1_372' title='bbox 1209 3970 1368 4026; x_wconf 91' lang='lat' dir='ltr'><strong>Deus.</strong></span> <span class='ocrx_word' id='word_1_373' title='bbox 1395 3972 1552 4028; x_wconf 80' lang='lat' dir='ltr'><strong>Jubet</strong></span> <span class='ocrx_word' id='word_1_374' title='bbox 1580 3977 1718 4031; x_wconf 92' lang='lat' dir='ltr'><strong>Dens</strong></span> <span class='ocrx_word' id='word_1_375' title='bbox 1739 3992 1893 4032; x_wconf 82' lang='lat' dir='ltr'><strong>servo</strong></span> <span class='ocrx_word' id='word_1_376' title='bbox 1916 3988 2027 4047; x_wconf 91' lang='lat' dir='ltr'><strong>tuo,</strong></span> 
     </span>
    </p>
   </div>
   <div class='ocr_carea' id='block_1_42' title="bbox 444 4048 2028 4131">
    <p class='ocr_par' dir='ltr' id='par_1_42' title="bbox 444 4048 2028 4131">
     <span class='ocr_line' id='line_1_42' title="bbox 444 4048 2028 4131; baseline 0.013 -27"><span class='ocrx_word' id='word_1_377' title='bbox 444 4059 504 4104; x_wconf 85' lang='lat' dir='ltr'><strong>ut</strong></span> <span class='ocrx_word' id='word_1_378' title='bbox 527 4048 698 4105; x_wconf 87' lang='lat' dir='ltr'><strong>bonus</strong></span> <span class='ocrx_word' id='word_1_379' title='bbox 723 4053 791 4106; x_wconf 93' lang='lat' dir='ltr'><strong>sit</strong></span> <span class='ocrx_word' id='word_1_380' title='bbox 815 4070 936 4125; x_wconf 89' lang='lat' dir='ltr'><strong>erga</strong></span> <span class='ocrx_word' id='word_1_381' title='bbox 967 4067 1036 4112; x_wconf 88' lang='lat' dir='ltr'><strong>te.</strong></span> <span class='ocrx_word' id='word_1_382' title='bbox 1061 4059 1338 4126; x_wconf 90' lang='lat' dir='ltr'><strong>Quomodo</strong></span> <span class='ocrx_word' id='word_1_383' title='bbox 1358 4063 1509 4131; x_wconf 88' lang='lat' dir='ltr'><strong>jubet</strong></span> <span class='ocrx_word' id='word_1_384' title='bbox 1535 4067 1682 4119; x_wconf 88' lang='lat' dir='ltr'><strong>uxori</strong></span> <span class='ocrx_word' id='word_1_385' title='bbox 1707 4076 1827 4131; x_wconf 72' lang='lat' dir='ltr'><strong>tute,</strong></span> <span class='ocrx_word' id='word_1_386' title='bbox 1853 4077 1909 4122; x_wconf 92' lang='lat' dir='ltr'><strong>ut</strong></span> <span class='ocrx_word' id='word_1_387' title='bbox 1930 4070 2028 4124; x_wconf 89' lang='lat' dir='ltr'><strong>etsi</strong></span> 
     </span>
    </p>
   </div>
   <div class='ocr_carea' id='block_1_43' title="bbox 443 4142 2022 4224">
    <p class='ocr_par' dir='ltr' id='par_1_43' title="bbox 443 4142 2022 4224">
     <span class='ocr_line' id='line_1_43' title="bbox 443 4142 2022 4224; baseline 0.013 -32"><span class='ocrx_word' id='word_1_388' title='bbox 443 4146 503 4193; x_wconf 85' lang='lat' dir='ltr'><strong>tu</strong></span> <span class='ocrx_word' id='word_1_389' title='bbox 528 4142 879 4199; x_wconf 70' lang='lat' dir='ltr'><strong>moechaberis</strong></span> <span class='ocrx_word' id='word_1_390' title='bbox 900 4187 913 4210; x_wconf 95' lang='lat'><strong>,</strong></span> <span class='ocrx_word' id='word_1_391' title='bbox 943 4162 1045 4202; x_wconf 94' lang='lat' dir='ltr'><strong>non</strong></span> <span class='ocrx_word' id='word_1_392' title='bbox 1075 4151 1371 4206; x_wconf 80' lang='lat' dir='ltr'><strong>moechetur</strong></span> <span class='ocrx_word' id='word_1_393' title='bbox 1408 4171 1420 4206; x_wconf 93' lang='lat'>:</span> <span class='ocrx_word' id='word_1_394' title='bbox 1461 4154 1536 4208; x_wconf 91' lang='lat' dir='ltr'><strong>sic</strong></span> <span class='ocrx_word' id='word_1_395' title='bbox 1558 4155 1707 4224; x_wconf 87' lang='lat' dir='ltr'><strong>jubet</strong></span> <span class='ocrx_word' id='word_1_396' title='bbox 1731 4172 1885 4212; x_wconf 87' lang='lat' dir='ltr'><strong>servo</strong></span> <span class='ocrx_word' id='word_1_397' title='bbox 1915 4168 2022 4224; x_wconf 92' lang='lat' dir='ltr'><strong>tuo,</strong></span> 
     </span>
    </p>
   </div>
   <div class='ocr_carea' id='block_1_44' title="bbox 441 4233 2028 4310">
    <p class='ocr_par' dir='ltr' id='par_1_44' title="bbox 441 4233 2028 4310">
     <span class='ocr_line' id='line_1_44' title="bbox 441 4233 2028 4310; baseline 0.014 -26"><span class='ocrx_word' id='word_1_398' title='bbox 441 4238 504 4285; x_wconf 89' lang='lat' dir='ltr'><strong>ut</strong></span> <span class='ocrx_word' id='word_1_399' title='bbox 527 4233 626 4287; x_wconf 88' lang='lat' dir='ltr'><strong>etsi</strong></span> <span class='ocrx_word' id='word_1_400' title='bbox 655 4243 709 4288; x_wconf 92' lang='lat' dir='ltr'><strong>tu</strong></span> <span class='ocrx_word' id='word_1_401' title='bbox 734 4250 838 4289; x_wconf 92' lang='lat' dir='ltr'><strong>non</strong></span> <span class='ocrx_word' id='word_1_402' title='bbox 865 4237 1032 4292; x_wconf 82' lang='lat' dir='ltr'><strong>servis</strong></span> <span class='ocrx_word' id='word_1_403' title='bbox 1060 4240 1284 4295; x_wconf 91' lang='lat' dir='ltr'><strong>Domino</strong></span> <span class='ocrx_word' id='word_1_404' title='bbox 1307 4252 1418 4310; x_wconf 92' lang='lat' dir='ltr'><strong>tuo,</strong></span> <span class='ocrx_word' id='word_1_405' title='bbox 1445 4246 1640 4300; x_wconf 89' lang='lat' dir='ltr'><strong>serviat</strong></span> <span class='ocrx_word' id='word_1_406' title='bbox 1661 4247 1774 4303; x_wconf 89' lang='lat' dir='ltr'><strong>tibi.</strong></span> <span class='ocrx_word' id='word_1_407' title='bbox 1801 4249 1903 4305; x_wconf 90' lang='lat' dir='ltr'><strong>Sed</strong></span> <span class='ocrx_word' id='word_1_408' title='bbox 1927 4250 2028 4306; x_wconf 92' lang='lat' dir='ltr'><strong>hoc</strong></span> 
     </span>
    </p>
   </div>
   <div class='ocr_carea' id='block_1_45' title="bbox 439 4326 2025 4406">
    <p class='ocr_par' dir='ltr' id='par_1_45' title="bbox 439 4326 2025 4406">
     <span class='ocr_line' id='line_1_45' title="bbox 439 4326 2025 4406; baseline 0.011 -28"><span class='ocrx_word' id='word_1_409' title='bbox 439 4330 609 4378; x_wconf 87' lang='lat' dir='ltr'><strong>totum</strong></span> <span class='ocrx_word' id='word_1_410' title='bbox 655 4326 775 4382; x_wconf 86' lang='lat' dir='ltr'><strong>vide</strong></span> <span class='ocrx_word' id='word_1_411' title='bbox 809 4336 865 4382; x_wconf 90' lang='lat' dir='ltr'><strong>ut</strong></span> <span class='ocrx_word' id='word_1_412' title='bbox 889 4329 955 4384; x_wconf 87' lang='lat' dir='ltr'><strong>ad</strong></span> <span class='ocrx_word' id='word_1_413' title='bbox 980 4331 1393 4388; x_wconf 88' lang='lat' dir='ltr'><strong>admonitionem</strong></span> <span class='ocrx_word' id='word_1_414' title='bbox 1425 4345 1564 4390; x_wconf 89' lang='lat' dir='ltr'><strong>tuam</strong></span> <span class='ocrx_word' id='word_1_415' title='bbox 1593 4339 1800 4406; x_wconf 88' lang='lat' dir='ltr'><strong>valeat,</strong></span> <span class='ocrx_word' id='word_1_416' title='bbox 1831 4356 1933 4394; x_wconf 91' lang='lat' dir='ltr'><strong>non</strong></span> <span class='ocrx_word' id='word_1_417' title='bbox 1960 4342 2025 4396; x_wconf 91' lang='lat' dir='ltr'><strong>ad</strong></span> 
     </span>
    </p>
   </div>
   <div class='ocr_carea' id='block_1_46' title="bbox 439 4415 2027 4497">
    <p class='ocr_par' dir='ltr' id='par_1_46' title="bbox 439 4415 2027 4497">
     <span class='ocr_line' id='line_1_46' title="bbox 439 4415 2027 4497; baseline 0.013 -31"><span class='ocrx_word' id='word_1_418' title='bbox 439 4415 729 4484; x_wconf 83' lang='lat' dir='ltr'><strong>perniciem</strong></span> <span class='ocrx_word' id='word_1_419' title='bbox 761 4427 924 4472; x_wconf 89' lang='lat' dir='ltr'><strong>tuam.</strong></span> <span class='ocrx_word' id='word_1_420' title='bbox 957 4420 1162 4475; x_wconf 84' lang='lat' dir='ltr'><strong>Etenim</strong></span> <span class='ocrx_word' id='word_1_421' title='bbox 1194 4438 1379 4478; x_wconf 84' lang='lat' dir='ltr'><strong>servus</strong></span> <span class='ocrx_word' id='word_1_422' title='bbox 1419 4425 1508 4480; x_wconf 91' lang='lat' dir='ltr'><strong>ille</strong></span> <span class='ocrx_word' id='word_1_423' title='bbox 1552 4427 1694 4497; x_wconf 90' lang='lat' dir='ltr'><strong>quod</strong></span> <span class='ocrx_word' id='word_1_424' title='bbox 1733 4429 1824 4484; x_wconf 91' lang='lat' dir='ltr'><strong>tibi</strong></span> <span class='ocrx_word' id='word_1_425' title='bbox 1864 4432 2027 4486; x_wconf 90' lang='lat' dir='ltr'><strong>servit</strong></span> 
     </span>
    </p>
   </div>
   <div class='ocr_carea' id='block_1_47' title="bbox 436 4503 2019 4586">
    <p class='ocr_par' dir='ltr' id='par_1_47' title="bbox 436 4503 2019 4586">
     <span class='ocr_line' id='line_1_47' title="bbox 436 4503 2019 4586; baseline 0.01 -28"><span class='ocrx_word' id='word_1_426' title='bbox 436 4503 657 4576; x_wconf 87' lang='lat' dir='ltr'><strong>indigno</strong></span> <span class='ocrx_word' id='word_1_427' title='bbox 689 4507 879 4578; x_wconf 85' lang='lat' dir='ltr'><strong>digne,</strong></span> <span class='ocrx_word' id='word_1_428' title='bbox 913 4509 963 4563; x_wconf 91' lang='lat' dir='ltr'><strong>id</strong></span> <span class='ocrx_word' id='word_1_429' title='bbox 993 4522 1106 4576; x_wconf 92' lang='lat' dir='ltr'><strong>est,</strong></span> <span class='ocrx_word' id='word_1_430' title='bbox 1137 4513 1278 4581; x_wconf 91' lang='lat' dir='ltr'><strong>quod</strong></span> <span class='ocrx_word' id='word_1_431' title='bbox 1315 4514 1530 4585; x_wconf 86' lang='lat' dir='ltr'><strong>indigno</strong></span> <span class='ocrx_word' id='word_1_432' title='bbox 1559 4518 1648 4572; x_wconf 91' lang='lat' dir='ltr'><strong>tibi</strong></span> <span class='ocrx_word' id='word_1_433' title='bbox 1679 4518 1813 4574; x_wconf 91' lang='lat' dir='ltr'><strong>bene</strong></span> <span class='ocrx_word' id='word_1_434' title='bbox 1838 4519 2019 4586; x_wconf 88' lang='lat' dir='ltr'><strong>servit,</strong></span> 
     </span>
    </p>
   </div>
   <div class='ocr_carea' id='block_1_48' title="bbox 435 4598 2022 4677">
    <p class='ocr_par' dir='ltr' id='par_1_48' title="bbox 435 4598 2022 4677">
     <span class='ocr_line' id='line_1_48' title="bbox 435 4598 2022 4677; baseline 0.009 -25"><span class='ocrx_word' id='word_1_435' title='bbox 435 4606 495 4652; x_wconf 91' lang='lat' dir='ltr'><strong>et</strong></span> <span class='ocrx_word' id='word_1_436' title='bbox 522 4598 748 4654; x_wconf 84' lang='lat' dir='ltr'><strong>ﬁdeliter</strong></span> <span class='ocrx_word' id='word_1_437' title='bbox 773 4603 969 4669; x_wconf 86' lang='lat' dir='ltr'><strong>servit,</strong></span> <span class='ocrx_word' id='word_1_438' title='bbox 1006 4612 1059 4657; x_wconf 89' lang='lat' dir='ltr'><strong>et</strong></span> <span class='ocrx_word' id='word_1_439' title='bbox 1089 4619 1220 4673; x_wconf 89' lang='lat' dir='ltr'><strong>pure</strong></span> <span class='ocrx_word' id='word_1_440' title='bbox 1251 4613 1301 4660; x_wconf 90' lang='lat' dir='ltr'><strong>te</strong></span> <span class='ocrx_word' id='word_1_441' title='bbox 1326 4606 1527 4677; x_wconf 85' lang='lat' dir='ltr'><strong>diligit,</strong></span> <span class='ocrx_word' id='word_1_442' title='bbox 1557 4608 1666 4663; x_wconf 92' lang='lat' dir='ltr'><strong>Deo</strong></span> <span class='ocrx_word' id='word_1_443' title='bbox 1693 4609 1883 4676; x_wconf 90' lang='lat' dir='ltr'><strong>debet,</strong></span> <span class='ocrx_word' id='word_1_444' title='bbox 1917 4627 2022 4667; x_wconf 92' lang='lat' dir='ltr'><strong>non</strong></span> 
     </span>
    </p>
   </div>
   <div class='ocr_carea' id='block_1_49' title="bbox 436 4689 2022 4770">
    <p class='ocr_par' dir='ltr' id='par_1_49' title="bbox 436 4689 2022 4770">
     <span class='ocr_line' id='line_1_49' title="bbox 436 4689 2022 4770; baseline 0.007 -24"><span class='ocrx_word' id='word_1_445' title='bbox 436 4689 552 4746; x_wconf 89' lang='lat' dir='ltr'><strong>tibi.</strong></span> <span class='ocrx_word' id='word_1_446' title='bbox 577 4690 783 4746; x_wconf 82' lang='lat' dir='ltr'><strong>Justum</strong></span> <span class='ocrx_word' id='word_1_447' title='bbox 813 4702 895 4748; x_wconf 91' lang='lat' dir='ltr'><strong>est</strong></span> <span class='ocrx_word' id='word_1_448' title='bbox 923 4709 1078 4765; x_wconf 91' lang='lat' dir='ltr'><strong>ergo,</strong></span> <span class='ocrx_word' id='word_1_449' title='bbox 1112 4705 1169 4751; x_wconf 91' lang='lat' dir='ltr'><strong>nt</strong></span> <span class='ocrx_word' id='word_1_450' title='bbox 1196 4706 1249 4750; x_wconf 91' lang='lat' dir='ltr'><strong>et</strong></span> <span class='ocrx_word' id='word_1_451' title='bbox 1277 4707 1331 4752; x_wconf 90' lang='lat' dir='ltr'><strong>tu</strong></span> <span class='ocrx_word' id='word_1_452' title='bbox 1361 4699 1603 4753; x_wconf 87' lang='lat' dir='ltr'><strong>attendas</strong></span> <span class='ocrx_word' id='word_1_453' title='bbox 1631 4701 1748 4770; x_wconf 88' lang='lat' dir='ltr'><strong>quia</strong></span> <span class='ocrx_word' id='word_1_454' title='bbox 1788 4702 1888 4756; x_wconf 89' lang='lat' dir='ltr'><strong>sub</strong></span> <span class='ocrx_word' id='word_1_455' title='bbox 1915 4701 2022 4757; x_wconf 92' lang='lat' dir='ltr'><strong>Do-</strong></span> 
     </span>
    </p>
   </div>
   <div class='ocr_carea' id='block_1_50' title="bbox 433 4783 2022 4865">
    <p class='ocr_par' dir='ltr' id='par_1_50' title="bbox 433 4783 2022 4865">
     <span class='ocr_line' id='line_1_50' title="bbox 433 4783 2022 4865; baseline 0.011 -30"><span class='ocrx_word' id='word_1_456' title='bbox 433 4783 582 4836; x_wconf 86' lang='lat' dir='ltr'><strong>mino</strong></span> <span class='ocrx_word' id='word_1_457' title='bbox 602 4799 680 4850; x_wconf 91' lang='lat' dir='ltr'><strong>es,</strong></span> <span class='ocrx_word' id='word_1_458' title='bbox 711 4785 774 4838; x_wconf 91' lang='lat' dir='ltr'><strong>ad</strong></span> <span class='ocrx_word' id='word_1_459' title='bbox 796 4802 951 4856; x_wconf 90' lang='lat' dir='ltr'><strong>quem</strong></span> <span class='ocrx_word' id='word_1_460' title='bbox 975 4801 1028 4842; x_wconf 90' lang='lat' dir='ltr'><strong>et</strong></span> <span class='ocrx_word' id='word_1_461' title='bbox 1049 4789 1136 4843; x_wconf 91' lang='lat' dir='ltr'><strong>ille</strong></span> <span class='ocrx_word' id='word_1_462' title='bbox 1159 4791 1401 4855; x_wconf 87' lang='lat' dir='ltr'><strong>attendit,</strong></span> <span class='ocrx_word' id='word_1_463' title='bbox 1427 4799 1484 4846; x_wconf 90' lang='lat' dir='ltr'><strong>ut</strong></span> <span class='ocrx_word' id='word_1_464' title='bbox 1504 4793 1698 4847; x_wconf 88' lang='lat' dir='ltr'><strong>serviat</strong></span> <span class='ocrx_word' id='word_1_465' title='bbox 1718 4793 1831 4848; x_wconf 92' lang='lat' dir='ltr'><strong>tibi.</strong></span> <span class='ocrx_word' id='word_1_466' title='bbox 1856 4794 2022 4865; x_wconf 83' lang='lat' dir='ltr'><strong>Imple</strong></span> 
     </span>
    </p>
   </div>
   <div class='ocr_carea' id='block_1_51' title="bbox 430 4875 2022 4954">
    <p class='ocr_par' dir='ltr' id='par_1_51' title="bbox 430 4875 2022 4954">
     <span class='ocr_line' id='line_1_51' title="bbox 430 4875 2022 4954; baseline 0.009 -26"><span class='ocrx_word' id='word_1_467' title='bbox 430 4888 564 4943; x_wconf 86' lang='lat' dir='ltr'><strong>ergo</strong></span> <span class='ocrx_word' id='word_1_468' title='bbox 587 4875 727 4945; x_wconf 90' lang='lat' dir='ltr'><strong>quod</strong></span> <span class='ocrx_word' id='word_1_469' title='bbox 752 4877 949 4932; x_wconf 88' lang='lat' dir='ltr'><strong>dictum</strong></span> <span class='ocrx_word' id='word_1_470' title='bbox 978 4890 1092 4947; x_wconf 92' lang='lat' dir='ltr'><strong>cst,</strong></span> <span class='ocrx_word' id='word_1_471' title='bbox 1130 4882 1279 4948; x_wconf 82' lang='lat' dir='ltr'><strong>Quod</strong></span> <span class='ocrx_word' id='word_1_472' title='bbox 1307 4883 1393 4936; x_wconf 84' lang='lat' dir='ltr'><strong>tibi</strong></span> <span class='ocrx_word' id='word_1_473' title='bbox 1423 4901 1522 4937; x_wconf 83' lang='lat' dir='ltr'><strong>non</strong></span> <span class='ocrx_word' id='word_1_474' title='bbox 1559 4885 1632 4939; x_wconf 83' lang='lat' dir='ltr'><strong>vis</strong></span> <span class='ocrx_word' id='word_1_475' title='bbox 1670 4886 1808 4954; x_wconf 82' lang='lat' dir='ltr'><strong>ﬁeri,</strong></span> <span class='ocrx_word' id='word_1_476' title='bbox 1842 4888 1934 4941; x_wconf 85' lang='lat' dir='ltr'><strong>alii</strong></span> <span class='ocrx_word' id='word_1_477' title='bbox 1960 4906 2022 4944; x_wconf 82' lang='lat' dir='ltr'><strong><em>ne</em></strong></span> 
     </span>
    </p>
   </div>
   <div class='ocr_carea' id='block_1_52' title="bbox 430 4966 2018 5044">
    <p class='ocr_par' dir='ltr' id='par_1_52' title="bbox 430 4966 2018 5044">
     <span class='ocr_line' id='line_1_52' title="bbox 430 4966 2018 5044; baseline 0.01 -25"><span class='ocrx_word' id='word_1_478' title='bbox 430 4966 770 5039; x_wconf 73' lang='lat' dir='ltr'><strong>[eceris(Tob.</strong></span> <span class='ocrx_word' id='word_1_479' title='bbox 796 4983 865 5034; x_wconf 83' lang='lat' dir='ltr'><strong>tv,</strong></span> <span class='ocrx_word' id='word_1_480' title='bbox 887 4969 996 5039; x_wconf 80' lang='grc'><strong>16).</strong></span> <span class='ocrx_word' id='word_1_481' title='bbox 1024 4971 1126 5028; x_wconf 90' lang='lat' dir='ltr'><strong>Sed</strong></span> <span class='ocrx_word' id='word_1_482' title='bbox 1167 4973 1336 5041; x_wconf 88' lang='lat' dir='ltr'><strong>ipsum</strong></span> <span class='ocrx_word' id='word_1_483' title='bbox 1364 4974 1453 5028; x_wconf 91' lang='lat' dir='ltr'><strong>alii</strong></span> <span class='ocrx_word' id='word_1_484' title='bbox 1483 4990 1602 5030; x_wconf 89' lang='lat' dir='ltr'><strong>cum</strong></span> <span class='ocrx_word' id='word_1_485' title='bbox 1636 4976 1784 5044; x_wconf 91' lang='lat' dir='ltr'><strong>dicis,</strong></span> <span class='ocrx_word' id='word_1_486' title='bbox 1807 4989 2018 5034; x_wconf 88' lang='lat' dir='ltr'><strong>utrum-</strong></span> 
     </span>
    </p>
   </div>
   <div class='ocr_carea' id='block_1_53' title="bbox 429 5061 2018 5140">
    <p class='ocr_par' dir='ltr' id='par_1_53' title="bbox 429 5061 2018 5140">
     <span class='ocr_line' id='line_1_53' title="bbox 429 5061 2018 5140; baseline 0.013 -31"><span class='ocrx_word' id='word_1_487' title='bbox 429 5073 537 5125; x_wconf 80' lang='lat' dir='ltr'><strong>que</strong></span> <span class='ocrx_word' id='word_1_488' title='bbox 566 5061 780 5116; x_wconf 90' lang='lat' dir='ltr'><strong>attende</strong></span> <span class='ocrx_word' id='word_1_489' title='bbox 805 5071 859 5118; x_wconf 90' lang='lat' dir='ltr'><strong>et</strong></span> <span class='ocrx_word' id='word_1_490' title='bbox 881 5065 1174 5132; x_wconf 87' lang='lat' dir='ltr'><strong>proximum</strong></span> <span class='ocrx_word' id='word_1_491' title='bbox 1201 5077 1252 5121; x_wconf 86' lang='lat' dir='ltr'><strong>et</strong></span> <span class='ocrx_word' id='word_1_492' title='bbox 1275 5067 1459 5122; x_wconf 90' lang='lat' dir='ltr'><strong>Deum.</strong></span> <span class='ocrx_word' id='word_1_493' title='bbox 1484 5066 1646 5123; x_wconf 88' lang='lat' dir='ltr'><strong>Canta</strong></span> <span class='ocrx_word' id='word_1_494' title='bbox 1677 5069 1730 5124; x_wconf 90' lang='lat' dir='ltr'><strong>in</strong></span> <span class='ocrx_word' id='word_1_495' title='bbox 1767 5073 2018 5140; x_wconf 80' lang='lat' dir='ltr'><strong>psalterio</strong></span> 
     </span>
    </p>
   </div>
   <div class='ocr_carea' id='block_1_54' title="bbox 428 5149 2016 5225">
    <p class='ocr_par' dir='ltr' id='par_1_54' title="bbox 428 5149 2016 5225">
     <span class='ocr_line' id='line_1_54' title="bbox 428 5149 2016 5225; baseline 0.013 -20"><span class='ocrx_word' id='word_1_496' title='bbox 428 5149 618 5206; x_wconf 83' lang='lat' dir='ltr'><strong>decem</strong></span> <span class='ocrx_word' id='word_1_497' title='bbox 643 5153 995 5222; x_wconf 88' lang='lat' dir='ltr'><strong>chordarum,</strong></span> <span class='ocrx_word' id='word_1_498' title='bbox 1026 5168 1177 5212; x_wconf 88' lang='lat' dir='ltr'><strong>canta</strong></span> <span class='ocrx_word' id='word_1_499' title='bbox 1205 5160 1467 5214; x_wconf 88' lang='lat' dir='ltr'><strong>canticum</strong></span> <span class='ocrx_word' id='word_1_500' title='bbox 1501 5177 1690 5216; x_wconf 91' lang='lat' dir='ltr'><strong>novum</strong></span> <span class='ocrx_word' id='word_1_501' title='bbox 1716 5181 1729 5217; x_wconf 88' lang='lat'><strong>:</strong></span> <span class='ocrx_word' id='word_1_502' title='bbox 1753 5168 2016 5225; x_wconf 91' lang='lat' dir='ltr'><strong>concorda</strong></span> 
     </span>
    </p>
   </div>
   <div class='ocr_carea' id='block_1_55' title="bbox 428 5247 2014 5316">
    <p class='ocr_par' dir='ltr' id='par_1_55' title="bbox 428 5247 2014 5316">
     <span class='ocr_line' id='line_1_55' title="bbox 428 5247 2014 5316; baseline 0.012 -20"><span class='ocrx_word' id='word_1_503' title='bbox 428 5255 554 5296; x_wconf 84' lang='lat' dir='ltr'><strong>cum</strong></span> <span class='ocrx_word' id='word_1_504' title='bbox 582 5258 828 5300; x_wconf 89' lang='lat' dir='ltr'><strong>sermone</strong></span> <span class='ocrx_word' id='word_1_505' title='bbox 847 5247 958 5307; x_wconf 89' lang='lat' dir='ltr'><strong>Dei,</strong></span> <span class='ocrx_word' id='word_1_506' title='bbox 978 5264 1098 5302; x_wconf 89' lang='lat' dir='ltr'><strong>cum</strong></span> <span class='ocrx_word' id='word_1_507' title='bbox 1116 5256 1198 5304; x_wconf 83' lang='lat' dir='ltr'><strong>est</strong></span> <span class='ocrx_word' id='word_1_508' title='bbox 1224 5259 1394 5305; x_wconf 90' lang='lat' dir='ltr'><strong>tecum</strong></span> <span class='ocrx_word' id='word_1_509' title='bbox 1415 5252 1465 5304; x_wconf 90' lang='lat' dir='ltr'><strong>in</strong></span> <span class='ocrx_word' id='word_1_510' title='bbox 1487 5252 1586 5306; x_wconf 87' lang='lat' dir='ltr'><strong>via.</strong></span> <span class='ocrx_word' id='word_1_511' title='bbox 1599 5253 1874 5312; x_wconf 83' lang='lat' dir='ltr'><strong>Concorda</strong></span> <span class='ocrx_word' id='word_1_512' title='bbox 1891 5274 2014 5316; x_wconf 91' lang='lat' dir='ltr'><strong>cum</strong></span> 
     </span>
    </p>
   </div>
   <div class='ocr_carea' id='block_1_56' title="bbox 427 5331 2014 5425">
    <p class='ocr_par' dir='ltr' id='par_1_56' title="bbox 427 5331 2014 5425">
     <span class='ocr_line' id='line_1_56' title="bbox 427 5331 2014 5425; baseline 0.014 -39"><span class='ocrx_word' id='word_1_513' title='bbox 427 5331 738 5390; x_wconf 88' lang='lat' dir='ltr'><strong>adversario</strong></span> <span class='ocrx_word' id='word_1_514' title='bbox 770 5345 860 5391; x_wconf 91' lang='lat' dir='ltr'><strong>tuo</strong></span> <span class='ocrx_word' id='word_1_515' title='bbox 888 5339 1014 5404; x_wconf 87' lang='lat' dir='ltr'><strong>cito,</strong></span> <span class='ocrx_word' id='word_1_516' title='bbox 1049 5355 1115 5393; x_wconf 89' lang='lat' dir='ltr'><strong>ne</strong></span> <span class='ocrx_word' id='word_1_517' title='bbox 1142 5355 1262 5394; x_wconf 91' lang='lat' dir='ltr'><strong>cum</strong></span> <span class='ocrx_word' id='word_1_518' title='bbox 1289 5341 1550 5398; x_wconf 87' lang='lat' dir='ltr'><strong>discordia</strong></span> <span class='ocrx_word' id='word_1_519' title='bbox 1574 5346 1754 5425; x_wconf 86' lang='lat' dir='ltr'><strong>venias</strong></span> <span class='ocrx_word' id='word_1_520' title='bbox 1781 5357 1904 5404; x_wconf 88' lang='lat' dir='ltr'><strong>ante</strong></span> <span class='ocrx_word' id='word_1_521' title='bbox 1929 5351 2014 5422; x_wconf 88' lang='lat' dir='ltr'><strong>ju-</strong></span> 
     </span>
    </p>
   </div>
   <div class='ocr_carea' id='block_1_57' title="bbox 431 5425 2012 5502">
    <p class='ocr_par' dir='ltr' id='par_1_57' title="bbox 431 5425 2012 5502">
     <span class='ocr_line' id='line_1_57' title="bbox 431 5425 2012 5502; baseline 0.013 -21"><span class='ocrx_word' id='word_1_522' title='bbox 431 5425 626 5482; x_wconf 86' lang='lat' dir='ltr'><strong>diccm.</strong></span> <span class='ocrx_word' id='word_1_523' title='bbox 672 5429 728 5485; x_wconf 90' lang='lat' dir='ltr'><strong>Si</strong></span> <span class='ocrx_word' id='word_1_524' title='bbox 759 5429 887 5486; x_wconf 88' lang='lat' dir='ltr'><strong>facis</strong></span> <span class='ocrx_word' id='word_1_525' title='bbox 915 5431 1054 5501; x_wconf 90' lang='lat' dir='ltr'><strong>quod</strong></span> <span class='ocrx_word' id='word_1_526' title='bbox 1091 5433 1239 5488; x_wconf 90' lang='lat' dir='ltr'><strong>audis</strong></span> <span class='ocrx_word' id='word_1_527' title='bbox 1258 5475 1272 5502; x_wconf 92' lang='lat'><strong>,</strong></span> <span class='ocrx_word' id='word_1_528' title='bbox 1309 5437 1640 5494; x_wconf 90' lang='lat' dir='ltr'><strong>concordasti</strong></span> <span class='ocrx_word' id='word_1_529' title='bbox 1670 5455 1793 5496; x_wconf 90' lang='lat' dir='ltr'><strong>cum</strong></span> <span class='ocrx_word' id='word_1_530' title='bbox 1823 5457 1888 5499; x_wconf 89' lang='lat' dir='ltr'><strong>eo</strong></span> <span class='ocrx_word' id='word_1_531' title='bbox 1920 5460 1934 5499; x_wconf 92' lang='lat'><strong>:</strong></span> <span class='ocrx_word' id='word_1_532' title='bbox 1963 5444 2012 5502; x_wconf 92' lang='lat' dir='ltr'><strong>si</strong></span> 
     </span>
    </p>
   </div>
   <div class='ocr_carea' id='block_1_58' title="bbox 434 5555 1732 5658">
    <p class='ocr_par' dir='ltr' id='par_1_58' title="bbox 434 5555 1732 5658">
     <span class='ocr_line' id='line_1_58' title="bbox 434 5555 1732 5658; baseline 0.015 -30"><span class='ocrx_word' id='word_1_533' title='bbox 434 5555 438 5557; x_wconf 7' lang='grc' dir='ltr'>ἢ</span> <span class='ocrx_word' id='word_1_534' title='bbox 492 5581 515 5658; x_wconf 64' lang='grc' dir='ltr'><strong>ξ</strong></span> <span class='ocrx_word' id='word_1_535' title='bbox 537 5589 642 5658; x_wconf 43' lang='lat' dir='ltr'><strong>aut.</strong></span> <span class='ocrx_word' id='word_1_536' title='bbox 663 5588 739 5658; x_wconf 70' lang='lat' dir='ltr'><strong>Er.</strong></span> <span class='ocrx_word' id='word_1_537' title='bbox 765 5590 818 5633; x_wconf 88' lang='lat' dir='ltr'><strong>et</strong></span> <span class='ocrx_word' id='word_1_538' title='bbox 837 5590 1173 5658; x_wconf 56' lang='lat' dir='ltr'><strong>Germanicum</strong></span> <span class='ocrx_word' id='word_1_539' title='bbox 1205 5596 1306 5651; x_wconf 76' lang='lat' dir='ltr'><strong>Ms,</strong></span> <span class='ocrx_word' id='word_1_540' title='bbox 1339 5598 1467 5644; x_wconf 83' lang='lat' dir='ltr'><strong>certe</strong></span> <span class='ocrx_word' id='word_1_541' title='bbox 1486 5595 1732 5658; x_wconf 80' lang='lat' dir='ltr'><strong>nonfacis.</strong></span> 
     </span>
    </p>
   </div>
   <div class='ocr_carea' id='block_1_59' title="bbox 492 5644 1156 5706">
    <p class='ocr_par' dir='ltr' id='par_1_59' title="bbox 492 5644 1156 5706">
     <span class='ocr_line' id='line_1_59' title="bbox 492 5644 1156 5706; baseline 0.014 -15"><span class='ocrx_word' id='word_1_542' title='bbox 492 5644 666 5706; x_wconf 61' lang='lat' dir='ltr'><strong>fgiss,</strong></span> <span class='ocrx_word' id='word_1_543' title='bbox 691 5645 831 5695; x_wconf 85' lang='lat' dir='ltr'><strong>dono.</strong></span> <span class='ocrx_word' id='word_1_544' title='bbox 859 5653 980 5706; x_wconf 79' lang='lat' dir='ltr'><strong>Am.,</strong></span> <span class='ocrx_word' id='word_1_545' title='bbox 999 5647 1156 5699; x_wconf 82' lang='lat' dir='ltr'><strong>domo.</strong></span> 
     </span>
    </p>
   </div>
   <div class='ocr_carea' id='block_1_60' title="bbox 490 5698 2006 5790">
    <p class='ocr_par' dir='ltr' id='par_1_60' title="bbox 490 5698 2006 5790">
     <span class='ocr_line' id='line_1_60' title="bbox 490 5698 2006 5790; baseline 0.016 -38"><span class='ocrx_word' id='word_1_546' title='bbox 490 5705 513 5744; x_wconf 70' lang='grc' dir='ltr'>δ</span> <span class='ocrx_word' id='word_1_547' title='bbox 532 5698 671 5768; x_wconf 58' lang='lat' dir='ltr'><strong>Lavi,</strong></span> <span class='ocrx_word' id='word_1_548' title='bbox 696 5719 793 5790; x_wconf 58' lang='lat' dir='ltr'><strong>tum</strong></span> <span class='ocrx_word' id='word_1_549' title='bbox 1025 5698 1209 5776; x_wconf 75' lang='lat' dir='ltr'><strong>AbeSt.,</strong></span> <span class='ocrx_word' id='word_1_550' title='bbox 1230 5727 1340 5780; x_wconf 84' lang='lat' dir='ltr'><strong>non,</strong></span> <span class='ocrx_word' id='word_1_551' title='bbox 1365 5717 1428 5768; x_wconf 89' lang='lat' dir='ltr'><strong>ab</strong></span> <span class='ocrx_word' id='word_1_552' title='bbox 1623 5720 1728 5774; x_wconf 83' lang='lat' dir='ltr'><strong>aliis</strong></span> <span class='ocrx_word' id='word_1_553' title='bbox 1751 5729 1801 5776; x_wconf 92' lang='lat' dir='ltr'><strong>et</strong></span> <span class='ocrx_word' id='word_1_554' title='bbox 1831 5735 1863 5776; x_wconf 87' lang='lat' dir='ltr'><strong>a</strong></span> <span class='ocrx_word' id='word_1_555' title='bbox 1898 5729 2006 5779; x_wconf 64' lang='grc' dir='ltr'>κει.</span> 
     </span>
    </p>
   </div>
   <div class='ocr_carea' id='block_1_61' title="bbox 2186 388 3767 490">
    <p class='ocr_par' dir='ltr' id='par_1_61' title="bbox 2186 388 3767 490">
     <span class='ocr_line' id='line_1_61' title="bbox 2186 388 3767 490; baseline 0.023 -50"><span class='ocrx_word' id='word_1_556' title='bbox 2186 395 2362 442; x_wconf 88' lang='lat' dir='ltr'><strong>autem</strong></span> <span class='ocrx_word' id='word_1_557' title='bbox 2391 403 2496 442; x_wconf 91' lang='lat' dir='ltr'><strong>non</strong></span> <span class='ocrx_word' id='word_1_558' title='bbox 2525 388 2654 447; x_wconf 90' lang='lat' dir='ltr'><strong>facis</strong></span> <span class='ocrx_word' id='word_1_559' title='bbox 2673 434 2687 459; x_wconf 87' lang='lat'><strong>,</strong></span> <span class='ocrx_word' id='word_1_560' title='bbox 2718 392 2917 454; x_wconf 85' lang='lat' dir='ltr'><strong>rixaris</strong></span> <span class='ocrx_word' id='word_1_561' title='bbox 2933 412 3055 456; x_wconf 89' lang='lat' dir='ltr'><strong>cum</strong></span> <span class='ocrx_word' id='word_1_562' title='bbox 3081 393 3258 472; x_wconf 32' lang='lat' dir='ltr'><strong>eo,&#39;et</strong></span> <span class='ocrx_word' id='word_1_563' title='bbox 3284 408 3517 469; x_wconf 90' lang='lat' dir='ltr'><strong>nondum</strong></span> <span class='ocrx_word' id='word_1_564' title='bbox 3542 428 3767 490; x_wconf 88' lang='lat' dir='ltr'><strong>compo-</strong></span> 
     </span>
    </p>
   </div>
   <div class='ocr_carea' id='block_1_62' title="bbox 2185 479 2851 551">
    <p class='ocr_par' dir='ltr' id='par_1_62' title="bbox 2185 479 2851 551">
     <span class='ocr_line' id='line_1_62' title="bbox 2185 479 2851 551; baseline 0.018 -19"><span class='ocrx_word' id='word_1_565' title='bbox 2185 479 2336 533; x_wconf 90' lang='lat' dir='ltr'><strong>suisti</strong></span> <span class='ocrx_word' id='word_1_566' title='bbox 2363 496 2638 551; x_wconf 91' lang='lat' dir='ltr'><strong>quousque</strong></span> <span class='ocrx_word' id='word_1_567' title='bbox 2669 483 2851 544; x_wconf 89' lang='lat' dir='ltr'><strong>facias.</strong></span> 
     </span>
    </p>
   </div>
   <div class='ocr_carea' id='block_1_63' title="bbox 2255 566 3768 661">
    <p class='ocr_par' dir='ltr' id='par_1_63' title="bbox 2255 566 3768 661">
     <span class='ocr_line' id='line_1_63' title="bbox 2255 566 3768 661; baseline 0.025 -40"><span class='ocrx_word' id='word_1_568' title='bbox 2255 566 2479 661; x_wconf 69' lang='lat' dir='ltr'><strong>CAPUT</strong></span> <span class='ocrx_word' id='word_1_569' title='bbox 2506 571 2596 625; x_wconf 86' lang='lat' dir='ltr'><strong>Xl.</strong></span> <span class='ocrx_word' id='word_1_570' title='bbox 2617 605 2689 614; x_wconf 93' lang='lat'><strong>—-</strong></span> <span class='ocrx_word' id='word_1_571' title='bbox 2713 578 2798 632; x_wconf 76' lang='lat' dir='ltr'><strong>t7.</strong></span> <span class='ocrx_word' id='word_1_572' title='bbox 2835 578 2899 634; x_wconf 89' lang='lat' dir='ltr'><strong>Ut</strong></span> <span class='ocrx_word' id='word_1_573' title='bbox 2925 592 3101 639; x_wconf 90' lang='lat' dir='ltr'><strong>autem</strong></span> <span class='ocrx_word' id='word_1_574' title='bbox 3126 591 3479 661; x_wconf 89' lang='lat' dir='ltr'><strong>concordetis,</strong></span> <span class='ocrx_word' id='word_1_575' title='bbox 3506 597 3768 660; x_wconf 85' lang='lat' dir='ltr'><strong>abstinete</strong></span> 
     </span>
    </p>
   </div>
   <div class='ocr_carea' id='block_1_64' title="bbox 2153 660 3768 764">
    <p class='ocr_par' dir='ltr' id='par_1_64' title="bbox 2153 660 3768 764">
     <span class='ocr_line' id='line_1_64' title="bbox 2153 660 3768 764; baseline 0.026 -56"><span class='ocrx_word' id='word_1_576' title='bbox 2153 704 2156 707; x_wconf 90' lang='lat'><strong>.</strong></span> <span class='ocrx_word' id='word_1_577' title='bbox 2181 672 2278 760; x_wconf 75' lang='lat' dir='ltr'><strong>vos</strong></span> <span class='ocrx_word' id='word_1_578' title='bbox 2293 673 2321 712; x_wconf 90' lang='lat' dir='ltr'><strong>a</strong></span> <span class='ocrx_word' id='word_1_579' title='bbox 2336 660 2735 764; x_wconf 74' lang='lat' dir='ltr'><strong>detestabilibus</strong></span> <span class='ocrx_word' id='word_1_580' title='bbox 2750 675 3064 741; x_wconf 90' lang='lat' dir='ltr'><strong>corruptelis</strong></span> <span class='ocrx_word' id='word_1_581' title='bbox 3080 687 3133 732; x_wconf 91' lang='lat' dir='ltr'><strong>et</strong></span> <span class='ocrx_word' id='word_1_582' title='bbox 3147 695 3176 732; x_wconf 92' lang='lat' dir='ltr'><strong>a</strong></span> <span class='ocrx_word' id='word_1_583' title='bbox 3190 660 3584 746; x_wconf 88' lang='lat' dir='ltr'><strong>detestabilibus</strong></span> <span class='ocrx_word' id='word_1_584' title='bbox 3602 693 3768 764; x_wconf 87' lang='lat' dir='ltr'><strong>inqui-</strong></span> 
     </span>
    </p>
   </div>
   <div class='ocr_carea' id='block_1_65' title="bbox 2151 749 3763 856">
    <p class='ocr_par' dir='ltr' id='par_1_65' title="bbox 2151 749 3763 856">
     <span class='ocr_line' id='line_1_65' title="bbox 2151 749 3763 856; baseline 0.027 -57"><span class='ocrx_word' id='word_1_585' title='bbox 2151 797 2154 805; x_wconf 78' lang='lat'><strong>,</strong></span> <span class='ocrx_word' id='word_1_586' title='bbox 2180 749 2480 816; x_wconf 91' lang='lat' dir='ltr'><strong>sitionibus,</strong></span> <span class='ocrx_word' id='word_1_587' title='bbox 2501 768 2529 805; x_wconf 89' lang='lat' dir='ltr'><strong>a</strong></span> <span class='ocrx_word' id='word_1_588' title='bbox 2553 757 2959 828; x_wconf 89' lang='lat' dir='ltr'><strong>mathematicis,</strong></span> <span class='ocrx_word' id='word_1_589' title='bbox 2979 767 3046 820; x_wconf 92' lang='lat' dir='ltr'><strong>ab</strong></span> <span class='ocrx_word' id='word_1_590' title='bbox 3063 772 3411 842; x_wconf 90' lang='lat' dir='ltr'><strong>aruspicibus,</strong></span> <span class='ocrx_word' id='word_1_591' title='bbox 3430 793 3461 834; x_wconf 89' lang='lat' dir='ltr'><strong>a</strong></span> <span class='ocrx_word' id='word_1_592' title='bbox 3481 749 3763 856; x_wconf 71' lang='lat' dir='ltr'><strong>sortilegis,</strong></span> 
     </span>
    </p>
   </div>
   <div class='ocr_carea' id='block_1_66' title="bbox 2179 841 3762 946">
    <p class='ocr_par' dir='ltr' id='par_1_66' title="bbox 2179 841 3762 946">
     <span class='ocr_line' id='line_1_66' title="bbox 2179 841 3762 946; baseline 0.027 -52"><span class='ocrx_word' id='word_1_593' title='bbox 2179 841 2249 896; x_wconf 92' lang='lat' dir='ltr'><strong>ab</strong></span> <span class='ocrx_word' id='word_1_594' title='bbox 2272 846 2560 913; x_wconf 83' lang='lat' dir='ltr'><strong>auguribus</strong></span> <span class='ocrx_word' id='word_1_595' title='bbox 2577 891 2590 912; x_wconf 94' lang='lat'><strong>,</strong></span> <span class='ocrx_word' id='word_1_596' title='bbox 2622 865 2650 904; x_wconf 90' lang='lat' dir='ltr'><strong>a</strong></span> <span class='ocrx_word' id='word_1_597' title='bbox 2677 854 2969 927; x_wconf 90' lang='lat' dir='ltr'><strong>sacrilegiis</strong></span> <span class='ocrx_word' id='word_1_598' title='bbox 2993 861 3040 926; x_wconf 88' lang='grc'><strong>¹;</strong></span> <span class='ocrx_word' id='word_1_599' title='bbox 3071 863 3332 924; x_wconf 85' lang='lat' dir='ltr'><strong>abstinete</strong></span> <span class='ocrx_word' id='word_1_600' title='bbox 3361 841 3452 927; x_wconf 89' lang='lat' dir='ltr'><strong>vos</strong></span> <span class='ocrx_word' id='word_1_601' title='bbox 3470 916 3484 939; x_wconf 96' lang='lat'><strong>,</strong></span> <span class='ocrx_word' id='word_1_602' title='bbox 3511 841 3762 946; x_wconf 65' lang='lat' dir='ltr'><strong>quaniuni</strong></span> 
     </span>
    </p>
   </div>
   <div class='ocr_carea' id='block_1_67' title="bbox 2179 936 3764 1030">
    <p class='ocr_par' dir='ltr' id='par_1_67' title="bbox 2179 936 3764 1030">
     <span class='ocr_line' id='line_1_67' title="bbox 2179 936 3764 1030; baseline 0.028 -45"><span class='ocrx_word' id='word_1_603' title='bbox 2179 936 2419 1003; x_wconf 90' lang='lat' dir='ltr'><strong>potestis,</strong></span> <span class='ocrx_word' id='word_1_604' title='bbox 2440 953 2470 993; x_wconf 92' lang='lat' dir='ltr'><strong>a</strong></span> <span class='ocrx_word' id='word_1_605' title='bbox 2493 945 2782 1011; x_wconf 91' lang='lat' dir='ltr'><strong>nugatoriis</strong></span> <span class='ocrx_word' id='word_1_606' title='bbox 2803 953 3142 1016; x_wconf 88' lang='lat' dir='ltr'><strong>spectaculis.</strong></span> <span class='ocrx_word' id='word_1_607' title='bbox 3167 956 3221 1012; x_wconf 88' lang='lat' dir='ltr'><strong>Si</strong></span> <span class='ocrx_word' id='word_1_608' title='bbox 3247 975 3364 1030; x_wconf 82' lang='lat' dir='ltr'><strong>quae</strong></span> <span class='ocrx_word' id='word_1_609' title='bbox 3385 936 3764 1030; x_wconf 67' lang='lat' dir='ltr'><strong>delectationes</strong></span> 
     </span>
    </p>
   </div>
   <div class='ocr_carea' id='block_1_68' title="bbox 2175 1027 3763 1118">
    <p class='ocr_par' dir='ltr' id='par_1_68' title="bbox 2175 1027 3763 1118">
     <span class='ocr_line' id='line_1_68' title="bbox 2175 1027 3763 1118; baseline 0.025 -40"><span class='ocrx_word' id='word_1_610' title='bbox 2175 1027 2356 1081; x_wconf 60' lang='lat' dir='ltr'><strong>sarculi</strong></span> <span class='ocrx_word' id='word_1_611' title='bbox 2385 1030 2680 1102; x_wconf 89' lang='lat' dir='ltr'><strong>subrepunt</strong></span> <span class='ocrx_word' id='word_1_612' title='bbox 2707 1037 2761 1090; x_wconf 90' lang='lat' dir='ltr'><strong>in</strong></span> <span class='ocrx_word' id='word_1_613' title='bbox 2785 1039 3053 1109; x_wconf 88' lang='lat' dir='ltr'><strong>animam;</strong></span> <span class='ocrx_word' id='word_1_614' title='bbox 3083 1027 3326 1106; x_wconf 79' lang='lat' dir='ltr'><strong>exercete</strong></span> <span class='ocrx_word' id='word_1_615' title='bbox 3353 1069 3447 1110; x_wconf 89' lang='lat' dir='ltr'><strong>vos</strong></span> <span class='ocrx_word' id='word_1_616' title='bbox 3478 1057 3529 1112; x_wconf 94' lang='lat' dir='ltr'><strong>in</strong></span> <span class='ocrx_word' id='word_1_617' title='bbox 3555 1062 3763 1118; x_wconf 86' lang='lat' dir='ltr'><strong>miseri-</strong></span> 
     </span>
    </p>
   </div>
   <div class='ocr_carea' id='block_1_69' title="bbox 2150 1118 3759 1217">
    <p class='ocr_par' dir='ltr' id='par_1_69' title="bbox 2150 1118 3759 1217">
     <span class='ocr_line' id='line_1_69' title="bbox 2150 1118 3759 1217; baseline 0.024 -47"><span class='ocrx_word' id='word_1_618' title='bbox 2150 1118 2391 1188; x_wconf 88' lang='lat' dir='ltr'><strong>cordia,</strong></span> <span class='ocrx_word' id='word_1_619' title='bbox 2433 1136 2678 1181; x_wconf 84' lang='lat' dir='ltr'><strong>exercete</strong></span> <span class='ocrx_word' id='word_1_620' title='bbox 2702 1143 2798 1184; x_wconf 86' lang='lat' dir='ltr'><strong>vos</strong></span> <span class='ocrx_word' id='word_1_621' title='bbox 2838 1129 2891 1186; x_wconf 91' lang='lat' dir='ltr'><strong>in</strong></span> <span class='ocrx_word' id='word_1_622' title='bbox 2925 1134 3280 1210; x_wconf 87' lang='lat' dir='ltr'><strong>eleemosynis</strong></span> <span class='ocrx_word' id='word_1_623' title='bbox 3301 1185 3316 1210; x_wconf 94' lang='lat'><strong>,</strong></span> <span class='ocrx_word' id='word_1_624' title='bbox 3350 1143 3400 1198; x_wconf 92' lang='lat' dir='ltr'><strong>in</strong></span> <span class='ocrx_word' id='word_1_625' title='bbox 3425 1146 3672 1217; x_wconf 89' lang='lat' dir='ltr'><strong>jejuniis,</strong></span> <span class='ocrx_word' id='word_1_626' title='bbox 3707 1155 3759 1210; x_wconf 91' lang='lat' dir='ltr'><strong>in</strong></span> 
     </span>
    </p>
   </div>
   <div class='ocr_carea' id='block_1_70' title="bbox 2174 1210 3755 1309">
    <p class='ocr_par' dir='ltr' id='par_1_70' title="bbox 2174 1210 3755 1309">
     <span class='ocr_line' id='line_1_70' title="bbox 2174 1210 3755 1309; baseline 0.023 -48"><span class='ocrx_word' id='word_1_627' title='bbox 2174 1210 2523 1269; x_wconf 88' lang='lat' dir='ltr'><strong>orationibus.</strong></span> <span class='ocrx_word' id='word_1_628' title='bbox 2554 1215 2648 1270; x_wconf 87' lang='lat' dir='ltr'><strong>His</strong></span> <span class='ocrx_word' id='word_1_629' title='bbox 2686 1220 2827 1274; x_wconf 91' lang='lat' dir='ltr'><strong>enim</strong></span> <span class='ocrx_word' id='word_1_630' title='bbox 2859 1237 3150 1295; x_wconf 87' lang='lat' dir='ltr'><strong>purgantur</strong></span> <span class='ocrx_word' id='word_1_631' title='bbox 3177 1210 3493 1301; x_wconf 30' lang='lat' dir='ltr'><strong>quotidiana.</strong></span> <span class='ocrx_word' id='word_1_632' title='bbox 3519 1210 3755 1309; x_wconf 80' lang='lat' dir='ltr'><strong>peccata,</strong></span> 
     </span>
    </p>
   </div>
   <div class='ocr_carea' id='block_1_71' title="bbox 2173 1389 3758 1494">
    <p class='ocr_par' dir='ltr' id='par_1_71' title="bbox 2173 1389 3758 1494">
     <span class='ocr_line' id='line_1_71' title="bbox 2173 1389 3758 1494; baseline 0.025 -51"><span class='ocrx_word' id='word_1_633' title='bbox 2173 1389 2507 1462; x_wconf 81' lang='lat' dir='ltr'><strong>fragilitatem</strong></span> <span class='ocrx_word' id='word_1_634' title='bbox 2531 1397 2836 1457; x_wconf 90' lang='lat' dir='ltr'><strong>humanam.</strong></span> <span class='ocrx_word' id='word_1_635' title='bbox 2859 1404 2976 1462; x_wconf 88' lang='lat' dir='ltr'><strong>Noli</strong></span> <span class='ocrx_word' id='word_1_636' title='bbox 3004 1409 3095 1464; x_wconf 90' lang='lat' dir='ltr'><strong>illa</strong></span> <span class='ocrx_word' id='word_1_637' title='bbox 3120 1425 3481 1487; x_wconf 84' lang='lat' dir='ltr'><strong>contemnere,</strong></span> <span class='ocrx_word' id='word_1_638' title='bbox 3500 1389 3630 1494; x_wconf 72' lang='lat' dir='ltr'><strong>quia</strong></span> <span class='ocrx_word' id='word_1_639' title='bbox 3646 1389 3758 1483; x_wconf 50' lang='grc' dir='ltr'>ἰιιί-</span> 
     </span>
    </p>
   </div>
   <div class='ocr_carea' id='block_1_72' title="bbox 2171 1488 3754 1579">
    <p class='ocr_par' dir='ltr' id='par_1_72' title="bbox 2171 1488 3754 1579">
     <span class='ocr_line' id='line_1_72' title="bbox 2171 1488 3754 1579; baseline 0.026 -45"><span class='ocrx_word' id='word_1_640' title='bbox 2171 1495 2303 1537; x_wconf 87' lang='lat' dir='ltr'><strong>nora</strong></span> <span class='ocrx_word' id='word_1_641' title='bbox 2327 1494 2486 1552; x_wconf 89' lang='lat' dir='ltr'><strong>sunt;</strong></span> <span class='ocrx_word' id='word_1_642' title='bbox 2515 1488 2608 1542; x_wconf 89' lang='lat' dir='ltr'><strong>sed</strong></span> <span class='ocrx_word' id='word_1_643' title='bbox 2638 1491 2786 1558; x_wconf 92' lang='lat' dir='ltr'><strong>time,</strong></span> <span class='ocrx_word' id='word_1_644' title='bbox 2818 1496 2939 1564; x_wconf 90' lang='lat' dir='ltr'><strong>quia</strong></span> <span class='ocrx_word' id='word_1_645' title='bbox 2973 1499 3122 1568; x_wconf 91' lang='lat' dir='ltr'><strong>plura</strong></span> <span class='ocrx_word' id='word_1_646' title='bbox 3151 1515 3294 1560; x_wconf 90' lang='lat' dir='ltr'><strong>sunt.</strong></span> <span class='ocrx_word' id='word_1_647' title='bbox 3325 1488 3615 1579; x_wconf 78' lang='lat' dir='ltr'><strong>Attendite,</strong></span> <span class='ocrx_word' id='word_1_648' title='bbox 3647 1518 3754 1573; x_wconf 85' lang='lat' dir='ltr'><strong>fra-</strong></span> 
     </span>
    </p>
   </div>
   <div class='ocr_carea' id='block_1_73' title="bbox 2168 1666 3750 1770">
    <p class='ocr_par' dir='ltr' id='par_1_73' title="bbox 2168 1666 3750 1770">
     <span class='ocr_line' id='line_1_73' title="bbox 2168 1666 3750 1770; baseline 0.027 -54"><span class='ocrx_word' id='word_1_649' title='bbox 2168 1666 2318 1734; x_wconf 74' lang='lat' dir='ltr'><strong>quasi</strong></span> <span class='ocrx_word' id='word_1_650' title='bbox 2356 1666 2473 1735; x_wconf 89' lang='lat' dir='ltr'><strong>leo,</strong></span> <span class='ocrx_word' id='word_1_651' title='bbox 2505 1679 2564 1724; x_wconf 91' lang='lat' dir='ltr'><strong>ut</strong></span> <span class='ocrx_word' id='word_1_652' title='bbox 2594 1687 2701 1727; x_wconf 89' lang='lat' dir='ltr'><strong>uno</strong></span> <span class='ocrx_word' id='word_1_653' title='bbox 2728 1689 2909 1732; x_wconf 91' lang='lat' dir='ltr'><strong>morsu</strong></span> <span class='ocrx_word' id='word_1_654' title='bbox 2937 1691 3118 1750; x_wconf 83' lang='lat' dir='ltr'><strong>guttur</strong></span> <span class='ocrx_word' id='word_1_655' title='bbox 3142 1666 3392 1760; x_wconf 79' lang='lat' dir='ltr'><strong>frangat:</strong></span> <span class='ocrx_word' id='word_1_656' title='bbox 3419 1696 3512 1750; x_wconf 91' lang='lat' dir='ltr'><strong>sed</strong></span> <span class='ocrx_word' id='word_1_657' title='bbox 3546 1708 3600 1754; x_wconf 92' lang='lat' dir='ltr'><strong>et</strong></span> <span class='ocrx_word' id='word_1_658' title='bbox 3639 1666 3750 1770; x_wconf 66' lang='lat' dir='ltr'><strong>ple:</strong></span> 
     </span>
    </p>
   </div>
   <div class='ocr_carea' id='block_1_74' title="bbox 2168 1758 3754 1858">
    <p class='ocr_par' dir='ltr' id='par_1_74' title="bbox 2168 1758 3754 1858">
     <span class='ocr_line' id='line_1_74' title="bbox 2168 1758 3754 1858; baseline 0.027 -52"><span class='ocrx_word' id='word_1_659' title='bbox 2168 1768 2395 1826; x_wconf 85' lang='lat' dir='ltr'><strong>rumque</strong></span> <span class='ocrx_word' id='word_1_660' title='bbox 2434 1758 2621 1817; x_wconf 67' lang='lat' dir='ltr'><strong>bestia:</strong></span> <span class='ocrx_word' id='word_1_661' title='bbox 2659 1765 2877 1822; x_wconf 76' lang='lat' dir='ltr'><strong>minuta:</strong></span> <span class='ocrx_word' id='word_1_662' title='bbox 2916 1772 3094 1828; x_wconf 74' lang='lat' dir='ltr'><strong>multze</strong></span> <span class='ocrx_word' id='word_1_663' title='bbox 3122 1758 3330 1834; x_wconf 82' lang='lat' dir='ltr'><strong>necant.</strong></span> <span class='ocrx_word' id='word_1_664' title='bbox 3363 1782 3416 1838; x_wconf 89' lang='lat' dir='ltr'><strong>Si</strong></span> <span class='ocrx_word' id='word_1_665' title='bbox 3446 1758 3754 1858; x_wconf 76' lang='lat' dir='ltr'><strong>projiciatur</strong></span> 
     </span>
    </p>
   </div>
   <div class='ocr_carea' id='block_1_75' title="bbox 2167 1845 3748 1948">
    <p class='ocr_par' dir='ltr' id='par_1_75' title="bbox 2167 1845 3748 1948">
     <span class='ocr_line' id='line_1_75' title="bbox 2167 1845 3748 1948; baseline 0.028 -51"><span class='ocrx_word' id='word_1_666' title='bbox 2167 1845 2451 1948; x_wconf 69' lang='lat' dir='ltr'><strong>quisquam</strong></span> <span class='ocrx_word' id='word_1_667' title='bbox 2487 1851 2537 1948; x_wconf 77' lang='lat' dir='ltr'><strong>in</strong></span> <span class='ocrx_word' id='word_1_668' title='bbox 2577 1853 2750 1910; x_wconf 91' lang='lat' dir='ltr'><strong>locum</strong></span> <span class='ocrx_word' id='word_1_669' title='bbox 2793 1860 3054 1928; x_wconf 88' lang='lat' dir='ltr'><strong>pulicibus</strong></span> <span class='ocrx_word' id='word_1_670' title='bbox 3085 1867 3296 1936; x_wconf 91' lang='lat' dir='ltr'><strong>plenum</strong></span> <span class='ocrx_word' id='word_1_671' title='bbox 3317 1914 3331 1938; x_wconf 91' lang='lat'><strong>,</strong></span> <span class='ocrx_word' id='word_1_672' title='bbox 3359 1845 3611 1948; x_wconf 75' lang='lat' dir='ltr'><strong>numquid</strong></span> <span class='ocrx_word' id='word_1_673' title='bbox 3643 1845 3748 1942; x_wconf 72' lang='lat' dir='ltr'><strong>non</strong></span> 
     </span>
    </p>
   </div>
   <div class='ocr_carea' id='block_1_76' title="bbox 2167 1938 3745 2031">
    <p class='ocr_par' dir='ltr' id='par_1_76' title="bbox 2167 1938 3745 2031">
     <span class='ocr_line' id='line_1_76' title="bbox 2167 1938 3745 2031; baseline 0.027 -43"><span class='ocrx_word' id='word_1_674' title='bbox 2167 1938 2391 1992; x_wconf 79' lang='lat' dir='ltr'><strong>moritur</strong></span> <span class='ocrx_word' id='word_1_675' title='bbox 2421 1940 2531 1996; x_wconf 84' lang='lat' dir='ltr'><strong>ibi?</strong></span> <span class='ocrx_word' id='word_1_676' title='bbox 2558 1943 2672 2000; x_wconf 86' lang='lat' dir='ltr'><strong>Non</strong></span> <span class='ocrx_word' id='word_1_677' title='bbox 2704 1957 2828 2004; x_wconf 86' lang='lat' dir='ltr'><strong>sunt</strong></span> <span class='ocrx_word' id='word_1_678' title='bbox 2864 1953 3076 2022; x_wconf 89' lang='lat' dir='ltr'><strong>quidem</strong></span> <span class='ocrx_word' id='word_1_679' title='bbox 3117 1960 3345 2028; x_wconf 88' lang='lat' dir='ltr'><strong>majores</strong></span> <span class='ocrx_word' id='word_1_680' title='bbox 3373 1982 3386 2018; x_wconf 91' lang='lat'><strong>:</strong></span> <span class='ocrx_word' id='word_1_681' title='bbox 3419 1938 3521 2024; x_wconf 77' lang='lat' dir='ltr'><strong>sed</strong></span> <span class='ocrx_word' id='word_1_682' title='bbox 3540 1938 3745 2031; x_wconf 76' lang='lat' dir='ltr'><strong>inﬁrma</strong></span> 
     </span>
    </p>
   </div>
   <div class='ocr_carea' id='block_1_77' title="bbox 2165 2033 3746 2122">
    <p class='ocr_par' dir='ltr' id='par_1_77' title="bbox 2165 2033 3746 2122">
     <span class='ocr_line' id='line_1_77' title="bbox 2165 2033 3746 2122; baseline 0.027 -43"><span class='ocrx_word' id='word_1_683' title='bbox 2165 2035 2248 2082; x_wconf 91' lang='lat' dir='ltr'><strong>est</strong></span> <span class='ocrx_word' id='word_1_684' title='bbox 2288 2037 2474 2085; x_wconf 88' lang='lat' dir='ltr'><strong>natura</strong></span> <span class='ocrx_word' id='word_1_685' title='bbox 2519 2033 2776 2103; x_wconf 89' lang='lat' dir='ltr'><strong>humana,</strong></span> <span class='ocrx_word' id='word_1_686' title='bbox 2817 2056 2937 2111; x_wconf 61' lang='lat' dir='ltr'><strong>quae</strong></span> <span class='ocrx_word' id='word_1_687' title='bbox 2970 2046 3130 2102; x_wconf 85' lang='lat' dir='ltr'><strong>etiam</strong></span> <span class='ocrx_word' id='word_1_688' title='bbox 3168 2051 3535 2115; x_wconf 88' lang='lat' dir='ltr'><strong>minutissimis</strong></span> <span class='ocrx_word' id='word_1_689' title='bbox 3564 2062 3746 2122; x_wconf 88' lang='lat' dir='ltr'><strong>bestiis</strong></span> 
     </span>
    </p>
   </div>
   <div class='ocr_carea' id='block_1_78' title="bbox 2163 2117 3744 2227">
    <p class='ocr_par' dir='ltr' id='par_1_78' title="bbox 2163 2117 3744 2227">
     <span class='ocr_line' id='line_1_78' title="bbox 2163 2117 3744 2227; baseline 0.027 -56"><span class='ocrx_word' id='word_1_690' title='bbox 2163 2117 2396 2176; x_wconf 89' lang='lat' dir='ltr'><strong>interimi</strong></span> <span class='ocrx_word' id='word_1_691' title='bbox 2423 2132 2616 2192; x_wconf 89' lang='lat' dir='ltr'><strong>potest.</strong></span> <span class='ocrx_word' id='word_1_692' title='bbox 2641 2127 2730 2185; x_wconf 89' lang='lat' dir='ltr'><strong>Sic</strong></span> <span class='ocrx_word' id='word_1_693' title='bbox 2751 2139 2807 2186; x_wconf 88' lang='lat' dir='ltr'><strong>et</strong></span> <span class='ocrx_word' id='word_1_694' title='bbox 2829 2135 3034 2192; x_wconf 87' lang='lat' dir='ltr'><strong>modica</strong></span> <span class='ocrx_word' id='word_1_695' title='bbox 3061 2152 3274 2209; x_wconf 88' lang='lat' dir='ltr'><strong>peccata</strong></span> <span class='ocrx_word' id='word_1_696' title='bbox 3297 2163 3312 2200; x_wconf 88' lang='lat'><strong>:</strong></span> <span class='ocrx_word' id='word_1_697' title='bbox 3332 2152 3604 2211; x_wconf 88' lang='lat' dir='ltr'><strong>attenditis</strong></span> 
     </span>
    </p>
   </div>
   <div class='ocr_carea' id='block_1_79' title="bbox 2162 2212 3745 2305">
    <p class='ocr_par' dir='ltr' id='par_1_79' title="bbox 2162 2212 3745 2305">
     <span class='ocr_line' id='line_1_79' title="bbox 2162 2212 3745 2305; baseline 0.026 -41"><span class='ocrx_word' id='word_1_698' title='bbox 2162 2212 2369 2269; x_wconf 87' lang='lat' dir='ltr'><strong>modica</strong></span> <span class='ocrx_word' id='word_1_699' title='bbox 2394 2227 2550 2282; x_wconf 88' lang='lat' dir='ltr'><strong>sunt;</strong></span> <span class='ocrx_word' id='word_1_700' title='bbox 2579 2233 2783 2289; x_wconf 89' lang='lat' dir='ltr'><strong>cavete,</strong></span> <span class='ocrx_word' id='word_1_701' title='bbox 2815 2226 2938 2295; x_wconf 91' lang='lat' dir='ltr'><strong>quia</strong></span> <span class='ocrx_word' id='word_1_702' title='bbox 2965 2229 3116 2298; x_wconf 89' lang='lat' dir='ltr'><strong>plura</strong></span> <span class='ocrx_word' id='word_1_703' title='bbox 3144 2244 3285 2291; x_wconf 91' lang='lat' dir='ltr'><strong>sunt.</strong></span> <span class='ocrx_word' id='word_1_704' title='bbox 3311 2237 3482 2305; x_wconf 91' lang='lat' dir='ltr'><strong>Quam</strong></span> <span class='ocrx_word' id='word_1_705' title='bbox 3502 2212 3745 2305; x_wconf 52' lang='lat' dir='ltr'><strong>minutis:</strong></span> 
     </span>
    </p>
   </div>
   <div class='ocr_carea' id='block_1_80' title="bbox 2159 2303 3740 2400">
    <p class='ocr_par' dir='ltr' id='par_1_80' title="bbox 2159 2303 3740 2400">
     <span class='ocr_line' id='line_1_80' title="bbox 2159 2303 3740 2400; baseline 0.028 -45"><span class='ocrx_word' id='word_1_706' title='bbox 2159 2303 2292 2358; x_wconf 90' lang='lat' dir='ltr'><strong>sima</strong></span> <span class='ocrx_word' id='word_1_707' title='bbox 2318 2317 2442 2361; x_wconf 91' lang='lat' dir='ltr'><strong>sunt</strong></span> <span class='ocrx_word' id='word_1_708' title='bbox 2465 2324 2629 2379; x_wconf 89' lang='lat' dir='ltr'><strong>grana</strong></span> <span class='ocrx_word' id='word_1_709' title='bbox 2659 2329 2838 2371; x_wconf 69' lang='lat' dir='ltr'><strong>arente</strong></span> <span class='ocrx_word' id='word_1_710' title='bbox 2867 2336 2880 2372; x_wconf 87' lang='lat'><strong>:</strong></span> <span class='ocrx_word' id='word_1_711' title='bbox 2907 2320 2954 2374; x_wconf 91' lang='lat' dir='ltr'><strong>si</strong></span> <span class='ocrx_word' id='word_1_712' title='bbox 2993 2337 3167 2380; x_wconf 67' lang='lat' dir='ltr'><strong>arena:</strong></span> <span class='ocrx_word' id='word_1_713' title='bbox 3201 2332 3428 2400; x_wconf 81' lang='lat' dir='ltr'><strong>amplius</strong></span> <span class='ocrx_word' id='word_1_714' title='bbox 3463 2336 3517 2391; x_wconf 94' lang='lat' dir='ltr'><strong>in</strong></span> <span class='ocrx_word' id='word_1_715' title='bbox 3554 2355 3740 2400; x_wconf 87' lang='lat' dir='ltr'><strong>navem</strong></span> 
     </span>
    </p>
   </div>
   <div class='ocr_carea' id='block_1_81' title="bbox 2159 2394 3742 2490">
    <p class='ocr_par' dir='ltr' id='par_1_81' title="bbox 2159 2394 3742 2490">
     <span class='ocr_line' id='line_1_81' title="bbox 2159 2394 3742 2490; baseline 0.028 -45"><span class='ocrx_word' id='word_1_716' title='bbox 2159 2394 2427 2462; x_wconf 88' lang='lat' dir='ltr'><strong>mittatur,</strong></span> <span class='ocrx_word' id='word_1_717' title='bbox 2456 2403 2648 2472; x_wconf 86' lang='lat' dir='ltr'><strong>mergit</strong></span> <span class='ocrx_word' id='word_1_718' title='bbox 2674 2404 2815 2460; x_wconf 83' lang='lat' dir='ltr'><strong>illam</strong></span> <span class='ocrx_word' id='word_1_719' title='bbox 2847 2416 2905 2463; x_wconf 92' lang='lat' dir='ltr'><strong>ut</strong></span> <span class='ocrx_word' id='word_1_720' title='bbox 2929 2424 3128 2481; x_wconf 89' lang='lat' dir='ltr'><strong>pereat.</strong></span> <span class='ocrx_word' id='word_1_721' title='bbox 3157 2394 3324 2484; x_wconf 79' lang='lat' dir='ltr'><strong>Quam</strong></span> <span class='ocrx_word' id='word_1_722' title='bbox 3363 2394 3742 2490; x_wconf 55' lang='lat' dir='ltr'><strong>minutmsun—t</strong></span> 
     </span>
    </p>
   </div>
   <div class='ocr_carea' id='block_1_82' title="bbox 2155 2491 3740 2582">
    <p class='ocr_par' dir='ltr' id='par_1_82' title="bbox 2155 2491 3740 2582">
     <span class='ocr_line' id='line_1_82' title="bbox 2155 2491 3740 2582; baseline 0.027 -43"><span class='ocrx_word' id='word_1_723' title='bbox 2155 2497 2319 2582; x_wconf 66' lang='lat' dir='ltr'><strong>gutta:</strong></span> <span class='ocrx_word' id='word_1_724' title='bbox 2357 2491 2546 2582; x_wconf 64' lang='lat' dir='ltr'><strong>pluviae</strong></span> <span class='ocrx_word' id='word_1_725' title='bbox 2575 2511 2589 2548; x_wconf 90' lang='lat'><strong>:</strong></span> <span class='ocrx_word' id='word_1_726' title='bbox 2619 2512 2797 2554; x_wconf 90' lang='lat' dir='ltr'><strong>nonne</strong></span> <span class='ocrx_word' id='word_1_727' title='bbox 2822 2499 3038 2560; x_wconf 82' lang='lat' dir='ltr'><strong>ﬁumina</strong></span> <span class='ocrx_word' id='word_1_728' title='bbox 3067 2507 3322 2580; x_wconf 88' lang='lat' dir='ltr'><strong>implent,</strong></span> <span class='ocrx_word' id='word_1_729' title='bbox 3353 2525 3406 2570; x_wconf 91' lang='lat' dir='ltr'><strong>et</strong></span> <span class='ocrx_word' id='word_1_730' title='bbox 3429 2519 3616 2578; x_wconf 90' lang='lat' dir='ltr'><strong>domos</strong></span> <span class='ocrx_word' id='word_1_731' title='bbox 3638 2526 3740 2582; x_wconf 87' lang='lat' dir='ltr'><strong>de-</strong></span> 
     </span>
    </p>
   </div>
   <div class='ocr_carea' id='block_1_83' title="bbox 2149 2576 3735 2672">
    <p class='ocr_par' dir='ltr' id='par_1_83' title="bbox 2149 2576 3735 2672">
     <span class='ocr_line' id='line_1_83' title="bbox 2149 2576 3735 2672; baseline 0.026 -42"><span class='ocrx_word' id='word_1_732' title='bbox 2149 2576 2377 2647; x_wconf 89' lang='lat' dir='ltr'><strong>jiciunt?</strong></span> <span class='ocrx_word' id='word_1_733' title='bbox 2426 2581 2570 2654; x_wconf 93' lang='lat' dir='ltr'><strong>Ergo</strong></span> <span class='ocrx_word' id='word_1_734' title='bbox 2617 2587 2714 2642; x_wconf 89' lang='lat' dir='ltr'><strong>ista</strong></span> <span class='ocrx_word' id='word_1_735' title='bbox 2765 2592 2931 2648; x_wconf 92' lang='lat' dir='ltr'><strong>nolite</strong></span> <span class='ocrx_word' id='word_1_736' title='bbox 2978 2576 3343 2659; x_wconf 78' lang='lat' dir='ltr'><strong>contemnere.</strong></span> <span class='ocrx_word' id='word_1_737' title='bbox 3395 2606 3503 2666; x_wconf 82' lang='lat' dir='ltr'><strong>Sed</strong></span> <span class='ocrx_word' id='word_1_738' title='bbox 3544 2576 3735 2672; x_wconf 65' lang='lat' dir='ltr'><strong>dicturi</strong></span> 
     </span>
    </p>
   </div>
   <div class='ocr_carea' id='block_1_84' title="bbox 2153 2671 3736 2777">
    <p class='ocr_par' dir='ltr' id='par_1_84' title="bbox 2153 2671 3736 2777">
     <span class='ocr_line' id='line_1_84' title="bbox 2153 2671 3736 2777; baseline 0.026 -54"><span class='ocrx_word' id='word_1_739' title='bbox 2153 2671 2283 2725; x_wconf 91' lang='lat' dir='ltr'><strong>estis</strong></span> <span class='ocrx_word' id='word_1_740' title='bbox 2311 2689 2325 2726; x_wconf 88' lang='lat'><strong>:</strong></span> <span class='ocrx_word' id='word_1_741' title='bbox 2352 2673 2422 2728; x_wconf 87' lang='lat' dir='ltr'><strong>Et</strong></span> <span class='ocrx_word' id='word_1_742' title='bbox 2447 2677 2567 2745; x_wconf 86' lang='lat' dir='ltr'><strong>quis</strong></span> <span class='ocrx_word' id='word_1_743' title='bbox 2596 2689 2770 2747; x_wconf 87' lang='lat' dir='ltr'><strong>potest</strong></span> <span class='ocrx_word' id='word_1_744' title='bbox 2797 2683 2912 2739; x_wconf 89' lang='lat' dir='ltr'><strong>sine</strong></span> <span class='ocrx_word' id='word_1_745' title='bbox 2939 2685 3092 2743; x_wconf 79' lang='lat' dir='ltr'><strong>istis?</strong></span> <span class='ocrx_word' id='word_1_746' title='bbox 3115 2689 3192 2746; x_wconf 86' lang='lat' dir='ltr'><strong>Ne</strong></span> <span class='ocrx_word' id='word_1_747' title='bbox 3219 2692 3320 2750; x_wconf 91' lang='lat' dir='ltr'><strong>hoc</strong></span> <span class='ocrx_word' id='word_1_748' title='bbox 3345 2697 3552 2758; x_wconf 89' lang='lat' dir='ltr'><strong>diceres</strong></span> <span class='ocrx_word' id='word_1_749' title='bbox 3583 2705 3736 2777; x_wconf 86' lang='lat' dir='ltr'><strong>(quia</strong></span> 
     </span>
    </p>
   </div>
   <div class='ocr_carea' id='block_1_85' title="bbox 2151 2771 3733 2856">
    <p class='ocr_par' dir='ltr' id='par_1_85' title="bbox 2151 2771 3733 2856">
     <span class='ocr_line' id='line_1_85' title="bbox 2151 2771 3733 2856; baseline 0.025 -40"><span class='ocrx_word' id='word_1_750' title='bbox 2151 2778 2277 2819; x_wconf 92' lang='lat' dir='ltr'><strong>vere</strong></span> <span class='ocrx_word' id='word_1_751' title='bbox 2305 2781 2461 2822; x_wconf 90' lang='lat' dir='ltr'><strong>nemo</strong></span> <span class='ocrx_word' id='word_1_752' title='bbox 2485 2779 2660 2839; x_wconf 86' lang='lat' dir='ltr'><strong>potest</strong></span> <span class='ocrx_word' id='word_1_753' title='bbox 2679 2771 2725 2845; x_wconf 86' lang='grc'><strong>²)</strong></span> <span class='ocrx_word' id='word_1_754' title='bbox 2745 2815 2760 2839; x_wconf 89' lang='grc'><em>,</em></span> <span class='ocrx_word' id='word_1_755' title='bbox 2794 2775 2933 2832; x_wconf 86' lang='lat' dir='ltr'><strong>Deus</strong></span> <span class='ocrx_word' id='word_1_756' title='bbox 2957 2781 3262 2840; x_wconf 85' lang='lat' dir='ltr'><strong>misericors</strong></span> <span class='ocrx_word' id='word_1_757' title='bbox 3285 2789 3474 2846; x_wconf 91' lang='lat' dir='ltr'><strong>videns</strong></span> <span class='ocrx_word' id='word_1_758' title='bbox 3497 2771 3733 2856; x_wconf 71' lang='lat' dir='ltr'><strong>nostram</strong></span> 
     </span>
    </p>
   </div>
   <div class='ocr_carea' id='block_1_86' title="bbox 2149 2851 3731 2945">
    <p class='ocr_par' dir='ltr' id='par_1_86' title="bbox 2149 2851 3731 2945">
     <span class='ocr_line' id='line_1_86' title="bbox 2149 2851 3731 2945; baseline 0.026 -40"><span class='ocrx_word' id='word_1_759' title='bbox 2149 2851 2480 2922; x_wconf 86' lang='lat' dir='ltr'><strong>fragilitatem</strong></span> <span class='ocrx_word' id='word_1_760' title='bbox 2504 2899 2518 2922; x_wconf 86' lang='lat'><strong>,</strong></span> <span class='ocrx_word' id='word_1_761' title='bbox 2551 2864 2725 2930; x_wconf 90' lang='lat' dir='ltr'><strong>posuit</strong></span> <span class='ocrx_word' id='word_1_762' title='bbox 2752 2876 2936 2923; x_wconf 90' lang='lat' dir='ltr'><strong>contra</strong></span> <span class='ocrx_word' id='word_1_763' title='bbox 2964 2873 3216 2930; x_wconf 88' lang='lat' dir='ltr'><strong>remedia.</strong></span> <span class='ocrx_word' id='word_1_764' title='bbox 3247 2877 3376 2944; x_wconf 85' lang='lat' dir='ltr'><strong>Quae</strong></span> <span class='ocrx_word' id='word_1_765' title='bbox 3403 2892 3527 2938; x_wconf 89' lang='lat' dir='ltr'><strong>sunt</strong></span> 
     </span>
    </p>
   </div>
   <div class='ocr_carea' id='block_1_87' title="bbox 2147 2943 3730 3052">
    <p class='ocr_par' dir='ltr' id='par_1_87' title="bbox 2147 2943 3730 3052">
     <span class='ocr_line' id='line_1_87' title="bbox 2147 2943 3730 3052; baseline 0.027 -55"><span class='ocrx_word' id='word_1_766' title='bbox 2147 2943 2274 2999; x_wconf 79' lang='lat' dir='ltr'><strong>dia?</strong></span> <span class='ocrx_word' id='word_1_767' title='bbox 2315 2947 2820 3050; x_wconf 56' lang='lat' dir='ltr'><strong>Eileemosynarum,</strong></span> <span class='ocrx_word' id='word_1_768' title='bbox 2858 2960 3214 3037; x_wconf 91' lang='lat' dir='ltr'><strong>jejuniorum,</strong></span> <span class='ocrx_word' id='word_1_769' title='bbox 3245 2943 3541 3032; x_wconf 87' lang='lat' dir='ltr'><strong>orationum</strong></span> <span class='ocrx_word' id='word_1_770' title='bbox 3573 2999 3586 3034; x_wconf 89' lang='lat'><strong>:</strong></span> <span class='ocrx_word' id='word_1_771' title='bbox 3614 2943 3730 3052; x_wconf 81' lang='lat' dir='ltr'><strong>ipsa</strong></span> 
     </span>
    </p>
   </div>
   <div class='ocr_carea' id='block_1_88' title="bbox 2145 3039 3728 3138">
    <p class='ocr_par' dir='ltr' id='par_1_88' title="bbox 2145 3039 3728 3138">
     <span class='ocr_line' id='line_1_88' title="bbox 2145 3039 3728 3138; baseline 0.027 -49"><span class='ocrx_word' id='word_1_772' title='bbox 2145 3046 2271 3092; x_wconf 90' lang='lat' dir='ltr'><strong>sunt</strong></span> <span class='ocrx_word' id='word_1_773' title='bbox 2295 3039 2412 3094; x_wconf 87' lang='lat' dir='ltr'><strong>tria.</strong></span> <span class='ocrx_word' id='word_1_774' title='bbox 2447 3041 2513 3097; x_wconf 90' lang='lat' dir='ltr'><strong>Ut</strong></span> <span class='ocrx_word' id='word_1_775' title='bbox 2536 3056 2712 3100; x_wconf 87' lang='lat' dir='ltr'><strong>autem</strong></span> <span class='ocrx_word' id='word_1_776' title='bbox 2733 3063 2916 3106; x_wconf 85' lang='lat' dir='ltr'><strong>verum</strong></span> <span class='ocrx_word' id='word_1_777' title='bbox 2943 3053 3089 3111; x_wconf 86' lang='lat' dir='ltr'><strong>dicas</strong></span> <span class='ocrx_word' id='word_1_778' title='bbox 3114 3057 3166 3113; x_wconf 93' lang='lat' dir='ltr'><strong>in</strong></span> <span class='ocrx_word' id='word_1_779' title='bbox 3191 3064 3451 3135; x_wconf 88' lang='lat' dir='ltr'><strong>oratione,</strong></span> <span class='ocrx_word' id='word_1_780' title='bbox 3479 3039 3728 3138; x_wconf 72' lang='lat' dir='ltr'><strong>perfecta:</strong></span> 
     </span>
    </p>
   </div>
   <div class='ocr_carea' id='block_1_89' title="bbox 2145 3128 3728 3226">
    <p class='ocr_par' dir='ltr' id='par_1_89' title="bbox 2145 3128 3728 3226">
     <span class='ocr_line' id='line_1_89' title="bbox 2145 3128 3728 3226; baseline 0.026 -44"><span class='ocrx_word' id='word_1_781' title='bbox 2145 3128 2427 3199; x_wconf 77' lang='lat' dir='ltr'><strong>implenda:</strong></span> <span class='ocrx_word' id='word_1_782' title='bbox 2455 3146 2578 3190; x_wconf 90' lang='lat' dir='ltr'><strong>sunt</strong></span> <span class='ocrx_word' id='word_1_783' title='bbox 2606 3137 2980 3215; x_wconf 66' lang='lat' dir='ltr'><strong>eleemosynai.</strong></span> <span class='ocrx_word' id='word_1_784' title='bbox 3009 3147 3138 3215; x_wconf 66' lang='lat' dir='ltr'><strong>Quae</strong></span> <span class='ocrx_word' id='word_1_785' title='bbox 3161 3163 3286 3208; x_wconf 88' lang='lat' dir='ltr'><strong>sunt</strong></span> <span class='ocrx_word' id='word_1_786' title='bbox 3311 3128 3558 3226; x_wconf 65' lang='lat' dir='ltr'><strong>perfectae</strong></span> <span class='ocrx_word' id='word_1_787' title='bbox 3587 3128 3728 3222; x_wconf 55' lang='lat' dir='ltr'><strong>eice:-</strong></span> 
     </span>
    </p>
   </div>
   <div class='ocr_carea' id='block_1_90' title="bbox 2144 3225 3722 3320">
    <p class='ocr_par' dir='ltr' id='par_1_90' title="bbox 2144 3225 3722 3320">
     <span class='ocr_line' id='line_1_90' title="bbox 2144 3225 3722 3320; baseline 0.026 -46"><span class='ocrx_word' id='word_1_788' title='bbox 2144 3225 2418 3320; x_wconf 64' lang='lat' dir='ltr'><strong>tnosyme?</strong></span> <span class='ocrx_word' id='word_1_789' title='bbox 2446 3225 2510 3282; x_wconf 92' lang='lat' dir='ltr'><strong>Ut</strong></span> <span class='ocrx_word' id='word_1_790' title='bbox 2537 3243 2601 3282; x_wconf 80' lang='lat' dir='ltr'><strong>ex</strong></span> <span class='ocrx_word' id='word_1_791' title='bbox 2629 3245 2735 3299; x_wconf 87' lang='lat' dir='ltr'><strong>quo</strong></span> <span class='ocrx_word' id='word_1_792' title='bbox 2762 3233 2853 3288; x_wconf 89' lang='lat' dir='ltr'><strong>tibi</strong></span> <span class='ocrx_word' id='word_1_793' title='bbox 2883 3237 3144 3308; x_wconf 90' lang='lat' dir='ltr'><strong>abundat,</strong></span> <span class='ocrx_word' id='word_1_794' title='bbox 3180 3244 3274 3301; x_wconf 90' lang='lat' dir='ltr'><strong>des</strong></span> <span class='ocrx_word' id='word_1_795' title='bbox 3301 3225 3350 3304; x_wconf 79' lang='lat' dir='ltr'><strong>ei</strong></span> <span class='ocrx_word' id='word_1_796' title='bbox 3375 3252 3465 3320; x_wconf 93' lang='lat' dir='ltr'><strong>qui</strong></span> <span class='ocrx_word' id='word_1_797' title='bbox 3491 3268 3598 3311; x_wconf 91' lang='lat' dir='ltr'><strong>non</strong></span> <span class='ocrx_word' id='word_1_798' title='bbox 3624 3258 3722 3313; x_wconf 83' lang='lat' dir='ltr'><strong>ba-</strong></span> 
     </span>
    </p>
   </div>
   <div class='ocr_carea' id='block_1_91' title="bbox 2141 3311 3405 3402">
    <p class='ocr_par' dir='ltr' id='par_1_91' title="bbox 2141 3311 3405 3402">
     <span class='ocr_line' id='line_1_91' title="bbox 2141 3311 3405 3402; baseline 0.022 -35"><span class='ocrx_word' id='word_1_799' title='bbox 2141 3311 2267 3378; x_wconf 90' lang='lat' dir='ltr'><strong>bet;</strong></span> <span class='ocrx_word' id='word_1_800' title='bbox 2302 3325 2500 3373; x_wconf 90' lang='lat' dir='ltr'><strong>etcum</strong></span> <span class='ocrx_word' id='word_1_801' title='bbox 2533 3329 2584 3375; x_wconf 90' lang='lat' dir='ltr'><strong>te</strong></span> <span class='ocrx_word' id='word_1_802' title='bbox 2612 3320 2757 3378; x_wconf 79' lang='lat' dir='ltr'><strong>laedit</strong></span> <span class='ocrx_word' id='word_1_803' title='bbox 2784 3325 3005 3398; x_wconf 88' lang='lat' dir='ltr'><strong>aliquis,</strong></span> <span class='ocrx_word' id='word_1_804' title='bbox 3041 3332 3282 3402; x_wconf 86' lang='lat' dir='ltr'><strong>ignoscas</strong></span> <span class='ocrx_word' id='word_1_805' title='bbox 3311 3311 3405 3395; x_wconf 58' lang='lat' dir='ltr'><strong>illi:</strong></span> 
     </span>
    </p>
   </div>
   <div class='ocr_carea' id='block_1_92' title="bbox 2219 3407 3725 3514">
    <p class='ocr_par' dir='ltr' id='par_1_92' title="bbox 2219 3407 3725 3514">
     <span class='ocr_line' id='line_1_92' title="bbox 2219 3407 3725 3514; baseline 0.027 -53"><span class='ocrx_word' id='word_1_806' title='bbox 2219 3407 2306 3508; x_wconf 70' lang='grc' dir='ltr'>ιε.</span> <span class='ocrx_word' id='word_1_807' title='bbox 2339 3408 2444 3514; x_wconf 74' lang='lat' dir='ltr'><strong>Sed</strong></span> <span class='ocrx_word' id='word_1_808' title='bbox 2469 3427 2538 3467; x_wconf 89' lang='lat' dir='ltr'><strong>ne</strong></span> <span class='ocrx_word' id='word_1_809' title='bbox 2558 3417 2773 3485; x_wconf 89' lang='lat' dir='ltr'><strong>putetis,</strong></span> <span class='ocrx_word' id='word_1_810' title='bbox 2802 3418 3012 3490; x_wconf 88' lang='lat' dir='ltr'><strong>fratres,</strong></span> <span class='ocrx_word' id='word_1_811' title='bbox 3040 3427 3161 3496; x_wconf 90' lang='lat' dir='ltr'><strong>quia</strong></span> <span class='ocrx_word' id='word_1_812' title='bbox 3189 3430 3424 3492; x_wconf 90' lang='lat' dir='ltr'><strong>facienda</strong></span> <span class='ocrx_word' id='word_1_813' title='bbox 3451 3449 3574 3496; x_wconf 91' lang='lat' dir='ltr'><strong>sunt</strong></span> <span class='ocrx_word' id='word_1_814' title='bbox 3593 3457 3725 3514; x_wconf 85' lang='lat' dir='ltr'><strong>quo-</strong></span> 
     </span>
    </p>
   </div>
   <div class='ocr_carea' id='block_1_93' title="bbox 2143 3495 3722 3592">
    <p class='ocr_par' dir='ltr' id='par_1_93' title="bbox 2143 3495 3722 3592">
     <span class='ocr_line' id='line_1_93' title="bbox 2143 3495 3722 3592; baseline 0.027 -43"><span class='ocrx_word' id='word_1_815' title='bbox 2143 3495 2270 3552; x_wconf 88' lang='lat' dir='ltr'><strong>tidie</strong></span> <span class='ocrx_word' id='word_1_816' title='bbox 2297 3499 2576 3592; x_wconf 87' lang='lat' dir='ltr'><strong>adulteria,</strong></span> <span class='ocrx_word' id='word_1_817' title='bbox 2608 3516 2664 3561; x_wconf 89' lang='lat' dir='ltr'><strong>et</strong></span> <span class='ocrx_word' id='word_1_818' title='bbox 2688 3507 3042 3584; x_wconf 84' lang='lat' dir='ltr'><strong>eleemosynis</strong></span> <span class='ocrx_word' id='word_1_819' title='bbox 3070 3520 3393 3587; x_wconf 87' lang='lat' dir='ltr'><strong>quotidianis</strong></span> <span class='ocrx_word' id='word_1_820' title='bbox 3421 3495 3722 3592; x_wconf 58' lang='lat' dir='ltr'><strong>mundanda</strong></span> 
     </span>
    </p>
   </div>
   <div class='ocr_carea' id='block_1_94' title="bbox 2139 3591 3721 3688">
    <p class='ocr_par' dir='ltr' id='par_1_94' title="bbox 2139 3591 3721 3688">
     <span class='ocr_line' id='line_1_94' title="bbox 2139 3591 3721 3688; baseline 0.027 -49"><span class='ocrx_word' id='word_1_821' title='bbox 2139 3597 2285 3688; x_wconf 80' lang='lat' dir='ltr'><strong>sunt.</strong></span> <span class='ocrx_word' id='word_1_822' title='bbox 2310 3591 2391 3645; x_wconf 86' lang='lat' dir='ltr'><strong>Ad</strong></span> <span class='ocrx_word' id='word_1_823' title='bbox 2416 3592 2506 3646; x_wconf 88' lang='lat' dir='ltr'><strong>illa</strong></span> <span class='ocrx_word' id='word_1_824' title='bbox 2531 3597 2733 3664; x_wconf 85' lang='lat' dir='ltr'><strong>majora</strong></span> <span class='ocrx_word' id='word_1_825' title='bbox 2757 3602 2962 3657; x_wconf 89' lang='lat' dir='ltr'><strong>scelera</strong></span> <span class='ocrx_word' id='word_1_826' title='bbox 2987 3620 3092 3661; x_wconf 93' lang='lat' dir='ltr'><strong>non</strong></span> <span class='ocrx_word' id='word_1_827' title='bbox 3113 3610 3382 3671; x_wconf 87' lang='lat' dir='ltr'><strong>sufﬁciunt</strong></span> <span class='ocrx_word' id='word_1_828' title='bbox 3403 3623 3721 3688; x_wconf 67' lang='lat' dir='ltr'><strong>quotidiana:</strong></span> 
     </span>
    </p>
   </div>
   <div class='ocr_carea' id='block_1_95' title="bbox 2139 3677 3720 3772">
    <p class='ocr_par' dir='ltr' id='par_1_95' title="bbox 2139 3677 3720 3772">
     <span class='ocr_line' id='line_1_95' title="bbox 2139 3677 3720 3772; baseline 0.027 -42"><span class='ocrx_word' id='word_1_829' title='bbox 2139 3677 2492 3752; x_wconf 79' lang='lat' dir='ltr'><strong>eleemosynae</strong></span> <span class='ocrx_word' id='word_1_830' title='bbox 2511 3726 2524 3750; x_wconf 89' lang='lat'><strong>,</strong></span> <span class='ocrx_word' id='word_1_831' title='bbox 2556 3695 2610 3739; x_wconf 93' lang='lat' dir='ltr'><strong>ut</strong></span> <span class='ocrx_word' id='word_1_832' title='bbox 2634 3703 2695 3742; x_wconf 89' lang='lat' dir='ltr'><strong>ea</strong></span> <span class='ocrx_word' id='word_1_833' title='bbox 2726 3692 3002 3749; x_wconf 90' lang='lat' dir='ltr'><strong>mundent.</strong></span> <span class='ocrx_word' id='word_1_834' title='bbox 3032 3698 3189 3755; x_wconf 86' lang='lat' dir='ltr'><strong>Aliud</strong></span> <span class='ocrx_word' id='word_1_835' title='bbox 3216 3713 3298 3760; x_wconf 88' lang='lat' dir='ltr'><strong>est</strong></span> <span class='ocrx_word' id='word_1_836' title='bbox 3327 3677 3720 3772; x_wconf 28' lang='lat' dir='ltr'><strong>ubimutesﬂvi:</strong></span> 
     </span>
    </p>
   </div>
   <div class='ocr_carea' id='block_1_96' title="bbox 2139 3772 3717 3863">
    <p class='ocr_par' dir='ltr' id='par_1_96' title="bbox 2139 3772 3717 3863">
     <span class='ocr_line' id='line_1_96' title="bbox 2139 3772 3717 3863; baseline 0.027 -41"><span class='ocrx_word' id='word_1_837' title='bbox 2139 3777 2278 3838; x_wconf 88' lang='lat' dir='ltr'><strong>tam,</strong></span> <span class='ocrx_word' id='word_1_838' title='bbox 2309 3772 2452 3829; x_wconf 90' lang='lat' dir='ltr'><strong>aliud</strong></span> <span class='ocrx_word' id='word_1_839' title='bbox 2481 3785 2563 3830; x_wconf 89' lang='lat' dir='ltr'><strong>est</strong></span> <span class='ocrx_word' id='word_1_840' title='bbox 2593 3777 2680 3833; x_wconf 89' lang='lat' dir='ltr'><strong>ubi</strong></span> <span class='ocrx_word' id='word_1_841' title='bbox 2710 3782 2906 3840; x_wconf 88' lang='lat' dir='ltr'><strong>toleres</strong></span> <span class='ocrx_word' id='word_1_842' title='bbox 2931 3788 3111 3844; x_wconf 90' lang='lat' dir='ltr'><strong>vitam.</strong></span> <span class='ocrx_word' id='word_1_843' title='bbox 3145 3793 3236 3848; x_wconf 90' lang='lat' dir='ltr'><strong>Illa</strong></span> <span class='ocrx_word' id='word_1_844' title='bbox 3271 3802 3518 3856; x_wconf 88' lang='lat' dir='ltr'><strong>mutanda</strong></span> <span class='ocrx_word' id='word_1_845' title='bbox 3554 3815 3636 3861; x_wconf 90' lang='lat' dir='ltr'><strong>est</strong></span> <span class='ocrx_word' id='word_1_846' title='bbox 3658 3807 3717 3863; x_wconf 72' lang='grc' dir='ltr'><em>’τ</em></span> 
     </span>
    </p>
   </div>
   <div class='ocr_carea' id='block_1_97' title="bbox 2137 3860 3715 3968">
    <p class='ocr_par' dir='ltr' id='par_1_97' title="bbox 2137 3860 3715 3968">
     <span class='ocr_line' id='line_1_97' title="bbox 2137 3860 3715 3968; baseline 0.025 -54"><span class='ocrx_word' id='word_1_847' title='bbox 2137 3860 2180 3914; x_wconf 90' lang='lat' dir='ltr'><strong>si</strong></span> <span class='ocrx_word' id='word_1_848' title='bbox 2204 3863 2444 3918; x_wconf 73' lang='lat' dir='ltr'><strong>mtecbus</strong></span> <span class='ocrx_word' id='word_1_849' title='bbox 2465 3880 2604 3935; x_wconf 88' lang='lat' dir='ltr'><strong>eras,</strong></span> <span class='ocrx_word' id='word_1_850' title='bbox 2629 3871 2736 3924; x_wconf 92' lang='lat' dir='ltr'><strong>noli</strong></span> <span class='ocrx_word' id='word_1_851' title='bbox 2756 3887 2876 3929; x_wconf 89' lang='lat' dir='ltr'><strong>esse</strong></span> <span class='ocrx_word' id='word_1_852' title='bbox 2897 3880 3136 3935; x_wconf 55' lang='lat' dir='ltr'><strong>moechus</strong></span> <span class='ocrx_word' id='word_1_853' title='bbox 3163 3901 3176 3936; x_wconf 92' lang='lat'><strong>:</strong></span> <span class='ocrx_word' id='word_1_854' title='bbox 3204 3886 3249 3940; x_wconf 91' lang='lat' dir='ltr'><strong>si</strong></span> <span class='ocrx_word' id='word_1_855' title='bbox 3269 3885 3556 3947; x_wconf 83' lang='lat' dir='ltr'><strong>fornicator</strong></span> <span class='ocrx_word' id='word_1_856' title='bbox 3572 3910 3715 3968; x_wconf 86' lang='lat' dir='ltr'><strong>eras,</strong></span> 
     </span>
    </p>
   </div>
   <div class='ocr_carea' id='block_1_98' title="bbox 2137 3953 3717 4047">
    <p class='ocr_par' dir='ltr' id='par_1_98' title="bbox 2137 3953 3717 4047">
     <span class='ocr_line' id='line_1_98' title="bbox 2137 3953 3717 4047; baseline 0.025 -41"><span class='ocrx_word' id='word_1_857' title='bbox 2137 3953 2245 4008; x_wconf 88' lang='lat' dir='ltr'><strong>noli</strong></span> <span class='ocrx_word' id='word_1_858' title='bbox 2275 3955 2523 4012; x_wconf 89' lang='lat' dir='ltr'><strong>fornicari</strong></span> <span class='ocrx_word' id='word_1_859' title='bbox 2557 3977 2570 4012; x_wconf 87' lang='lat'><strong>:</strong></span> <span class='ocrx_word' id='word_1_860' title='bbox 2604 3961 2648 4015; x_wconf 88' lang='lat' dir='ltr'><strong>si</strong></span> <span class='ocrx_word' id='word_1_861' title='bbox 2688 3961 2980 4035; x_wconf 88' lang='lat' dir='ltr'><strong>homicida,</strong></span> <span class='ocrx_word' id='word_1_862' title='bbox 3023 3974 3128 4028; x_wconf 92' lang='lat' dir='ltr'><strong>noli</strong></span> <span class='ocrx_word' id='word_1_863' title='bbox 3166 3991 3287 4033; x_wconf 89' lang='lat' dir='ltr'><strong>esse</strong></span> <span class='ocrx_word' id='word_1_864' title='bbox 3325 3980 3585 4040; x_wconf 88' lang='lat' dir='ltr'><strong>homicida</strong></span> <span class='ocrx_word' id='word_1_865' title='bbox 3621 4007 3635 4042; x_wconf 89' lang='lat'><strong>:</strong></span> <span class='ocrx_word' id='word_1_866' title='bbox 3672 3953 3717 4047; x_wconf 79' lang='lat' dir='ltr'><strong>si</strong></span> 
     </span>
    </p>
   </div>
   <div class='ocr_carea' id='block_1_99' title="bbox 2135 4045 3718 4138">
    <p class='ocr_par' dir='ltr' id='par_1_99' title="bbox 2135 4045 3718 4138">
     <span class='ocr_line' id='line_1_99' title="bbox 2135 4045 3718 4138; baseline 0.023 -39"><span class='ocrx_word' id='word_1_867' title='bbox 2135 4045 2250 4102; x_wconf 88' lang='lat' dir='ltr'><strong>ibas</strong></span> <span class='ocrx_word' id='word_1_868' title='bbox 2275 4047 2342 4102; x_wconf 89' lang='lat' dir='ltr'><strong>ad</strong></span> <span class='ocrx_word' id='word_1_869' title='bbox 2366 4051 2797 4108; x_wconf 88' lang='lat' dir='ltr'><strong>mathematicum</strong></span> <span class='ocrx_word' id='word_1_870' title='bbox 2827 4067 2883 4113; x_wconf 91' lang='lat' dir='ltr'><strong>et</strong></span> <span class='ocrx_word' id='word_1_871' title='bbox 2918 4060 2984 4115; x_wconf 90' lang='lat' dir='ltr'><strong>ad</strong></span> <span class='ocrx_word' id='word_1_872' title='bbox 3022 4073 3244 4122; x_wconf 70' lang='lat' dir='ltr'><strong>caeteras</strong></span> <span class='ocrx_word' id='word_1_873' title='bbox 3281 4065 3458 4138; x_wconf 85' lang='lat' dir='ltr'><strong>pestes</strong></span> <span class='ocrx_word' id='word_1_874' title='bbox 3492 4045 3718 4136; x_wconf 45' lang='lat' dir='ltr'><strong>sacrile;</strong></span> 
     </span>
    </p>
   </div>
   <div class='ocr_carea' id='block_1_100' title="bbox 2132 4139 3712 4241">
    <p class='ocr_par' dir='ltr' id='par_1_100' title="bbox 2132 4139 3712 4241">
     <span class='ocr_line' id='line_1_100' title="bbox 2132 4139 3712 4241; baseline 0.024 -49"><span class='ocrx_word' id='word_1_875' title='bbox 2132 4152 2256 4208; x_wconf 85' lang='lat' dir='ltr'><strong>gas,</strong></span> <span class='ocrx_word' id='word_1_876' title='bbox 2289 4139 2399 4209; x_wconf 90' lang='lat' dir='ltr'><strong>jam</strong></span> <span class='ocrx_word' id='word_1_877' title='bbox 2424 4141 2629 4199; x_wconf 90' lang='lat' dir='ltr'><strong>desine.</strong></span> <span class='ocrx_word' id='word_1_878' title='bbox 2670 4148 2958 4206; x_wconf 86' lang='lat' dir='ltr'><strong>Arbitraris</strong></span> <span class='ocrx_word' id='word_1_879' title='bbox 2981 4153 3123 4222; x_wconf 66' lang='lat' dir='ltr'><strong>haec,</strong></span> <span class='ocrx_word' id='word_1_880' title='bbox 3155 4160 3253 4215; x_wconf 92' lang='lat' dir='ltr'><strong>nisi</strong></span> <span class='ocrx_word' id='word_1_881' title='bbox 3294 4164 3408 4220; x_wconf 84' lang='lat' dir='ltr'><strong>ﬁeri</strong></span> <span class='ocrx_word' id='word_1_882' title='bbox 3447 4169 3712 4241; x_wconf 91' lang='lat' dir='ltr'><strong>desinant,</strong></span> 
     </span>
    </p>
   </div>
   <div class='ocr_carea' id='block_1_101' title="bbox 2133 4231 3717 4335">
    <p class='ocr_par' dir='ltr' id='par_1_101' title="bbox 2133 4231 3717 4335">
     <span class='ocr_line' id='line_1_101' title="bbox 2133 4231 3717 4335; baseline 0.026 -52"><span class='ocrx_word' id='word_1_883' title='bbox 2133 4231 2452 4300; x_wconf 89' lang='lat' dir='ltr'><strong>quotidianis</strong></span> <span class='ocrx_word' id='word_1_884' title='bbox 2473 4237 2827 4309; x_wconf 85' lang='lat' dir='ltr'><strong>eleemosynis</strong></span> <span class='ocrx_word' id='word_1_885' title='bbox 2853 4258 3009 4313; x_wconf 90' lang='lat' dir='ltr'><strong>posse</strong></span> <span class='ocrx_word' id='word_1_886' title='bbox 3032 4251 3308 4309; x_wconf 88' lang='lat' dir='ltr'><strong>mundari?</strong></span> <span class='ocrx_word' id='word_1_887' title='bbox 3333 4257 3424 4313; x_wconf 89' lang='lat' dir='ltr'><strong>Illa</strong></span> <span class='ocrx_word' id='word_1_888' title='bbox 3445 4261 3565 4318; x_wconf 91' lang='lat' dir='ltr'><strong>dico</strong></span> <span class='ocrx_word' id='word_1_889' title='bbox 3585 4231 3717 4335; x_wconf 61' lang='lat' dir='ltr'><strong>quo;</strong></span> 
     </span>
    </p>
   </div>
   <div class='ocr_carea' id='block_1_102' title="bbox 2133 4320 3711 4412">
    <p class='ocr_par' dir='ltr' id='par_1_102' title="bbox 2133 4320 3711 4412">
     <span class='ocr_line' id='line_1_102' title="bbox 2133 4320 3711 4412; baseline 0.025 -39"><span class='ocrx_word' id='word_1_890' title='bbox 2133 4320 2328 4377; x_wconf 90' lang='lat' dir='ltr'><strong>tidiana</strong></span> <span class='ocrx_word' id='word_1_891' title='bbox 2345 4336 2580 4393; x_wconf 82' lang='lat' dir='ltr'><strong>peccata,</strong></span> <span class='ocrx_word' id='word_1_892' title='bbox 2597 4342 2716 4398; x_wconf 74' lang='lat' dir='ltr'><strong>quae</strong></span> <span class='ocrx_word' id='word_1_893' title='bbox 2731 4340 2822 4384; x_wconf 90' lang='lat' dir='ltr'><strong>aut</strong></span> <span class='ocrx_word' id='word_1_894' title='bbox 2840 4348 2932 4402; x_wconf 92' lang='lat' dir='ltr'><strong>per</strong></span> <span class='ocrx_word' id='word_1_895' title='bbox 2950 4335 3183 4406; x_wconf 86' lang='lat' dir='ltr'><strong>linguam</strong></span> <span class='ocrx_word' id='word_1_896' title='bbox 3204 4341 3358 4401; x_wconf 89' lang='lat' dir='ltr'><strong>facile</strong></span> <span class='ocrx_word' id='word_1_897' title='bbox 3373 4320 3711 4412; x_wconf 60' lang='lat' dir='ltr'><strong>committun-</strong></span> 
     </span>
    </p>
   </div>
   <div class='ocr_carea' id='block_1_103' title="bbox 2134 4418 3710 4514">
    <p class='ocr_par' dir='ltr' id='par_1_103' title="bbox 2134 4418 3710 4514">
     <span class='ocr_line' id='line_1_103' title="bbox 2134 4418 3710 4514; baseline 0.023 -48"><span class='ocrx_word' id='word_1_898' title='bbox 2134 4420 2219 4467; x_wconf 89' lang='lat' dir='ltr'><strong>tur</strong></span> <span class='ocrx_word' id='word_1_899' title='bbox 2237 4454 2253 4480; x_wconf 94' lang='lat'><strong>,</strong></span> <span class='ocrx_word' id='word_1_900' title='bbox 2279 4423 2336 4469; x_wconf 91' lang='lat' dir='ltr'><strong>ut</strong></span> <span class='ocrx_word' id='word_1_901' title='bbox 2357 4426 2440 4471; x_wconf 92' lang='lat' dir='ltr'><strong>est</strong></span> <span class='ocrx_word' id='word_1_902' title='bbox 2467 4418 2684 4474; x_wconf 86' lang='lat' dir='ltr'><strong>verbum</strong></span> <span class='ocrx_word' id='word_1_903' title='bbox 2707 4421 2898 4478; x_wconf 88' lang='lat' dir='ltr'><strong>durum</strong></span> <span class='ocrx_word' id='word_1_904' title='bbox 2919 4466 2934 4491; x_wconf 94' lang='lat'><strong>,</strong></span> <span class='ocrx_word' id='word_1_905' title='bbox 2957 4438 3047 4482; x_wconf 91' lang='lat' dir='ltr'><strong>aut</strong></span> <span class='ocrx_word' id='word_1_906' title='bbox 3072 4444 3192 4486; x_wconf 92' lang='lat' dir='ltr'><strong>cum</strong></span> <span class='ocrx_word' id='word_1_907' title='bbox 3215 4435 3407 4492; x_wconf 89' lang='lat' dir='ltr'><strong>labitur</strong></span> <span class='ocrx_word' id='word_1_908' title='bbox 3433 4442 3621 4514; x_wconf 89' lang='lat' dir='ltr'><strong>aliquis</strong></span> <span class='ocrx_word' id='word_1_909' title='bbox 3657 4450 3710 4504; x_wconf 94' lang='lat' dir='ltr'><strong>in</strong></span> 
     </span>
    </p>
   </div>
   <div class='ocr_carea' id='block_1_104' title="bbox 2131 4506 3710 4607">
    <p class='ocr_par' dir='ltr' id='par_1_104' title="bbox 2131 4506 3710 4607">
     <span class='ocr_line' id='line_1_104' title="bbox 2131 4506 3710 4607; baseline 0.023 -49"><span class='ocrx_word' id='word_1_910' title='bbox 2131 4507 2295 4560; x_wconf 89' lang='lat' dir='ltr'><strong>risum</strong></span> <span class='ocrx_word' id='word_1_911' title='bbox 2335 4506 2741 4566; x_wconf 84' lang='lat' dir='ltr'><strong>immoderatum</strong></span> <span class='ocrx_word' id='word_1_912' title='bbox 2764 4555 2778 4578; x_wconf 91' lang='lat'><strong>,</strong></span> <span class='ocrx_word' id='word_1_913' title='bbox 2819 4525 2910 4570; x_wconf 90' lang='lat' dir='ltr'><strong>aut</strong></span> <span class='ocrx_word' id='word_1_914' title='bbox 2937 4519 2988 4573; x_wconf 93' lang='lat' dir='ltr'><strong>in</strong></span> <span class='ocrx_word' id='word_1_915' title='bbox 3019 4522 3318 4592; x_wconf 87' lang='lat' dir='ltr'><strong>hnjusmodi</strong></span> <span class='ocrx_word' id='word_1_916' title='bbox 3345 4506 3710 4607; x_wconf 44' lang='lat' dir='ltr'><strong>nugas-quoti-</strong></span> 
     </span>
    </p>
   </div>
   <div class='ocr_carea' id='block_1_105' title="bbox 2129 4595 3708 4700">
    <p class='ocr_par' dir='ltr' id='par_1_105' title="bbox 2129 4595 3708 4700">
     <span class='ocr_line' id='line_1_105' title="bbox 2129 4595 3708 4700; baseline 0.023 -51"><span class='ocrx_word' id='word_1_917' title='bbox 2129 4595 2332 4652; x_wconf 88' lang='lat' dir='ltr'><strong>dianas.</strong></span> <span class='ocrx_word' id='word_1_918' title='bbox 2378 4599 2433 4654; x_wconf 89' lang='lat' dir='ltr'><strong>ln</strong></span> <span class='ocrx_word' id='word_1_919' title='bbox 2487 4601 2616 4673; x_wconf 88' lang='lat' dir='ltr'><strong>ipsis</strong></span> <span class='ocrx_word' id='word_1_920' title='bbox 2669 4611 2937 4666; x_wconf 87' lang='lat' dir='ltr'><strong>concessis</strong></span> <span class='ocrx_word' id='word_1_921' title='bbox 2981 4626 3194 4682; x_wconf 86' lang='lat' dir='ltr'><strong>peccata</strong></span> <span class='ocrx_word' id='word_1_922' title='bbox 3233 4630 3375 4677; x_wconf 89' lang='lat' dir='ltr'><strong>sunt.</strong></span> <span class='ocrx_word' id='word_1_923' title='bbox 3418 4595 3566 4682; x_wconf 51' lang='lat' dir='ltr'><strong>&#39;Ctltl;</strong></span> <span class='ocrx_word' id='word_1_924' title='bbox 3599 4630 3708 4700; x_wconf 88' lang='lat' dir='ltr'><strong>ipsa</strong></span> 
     </span>
    </p>
   </div>
   <div class='ocr_carea' id='block_1_106' title="bbox 2130 4692 3708 4787">
    <p class='ocr_par' dir='ltr' id='par_1_106' title="bbox 2130 4692 3708 4787">
     <span class='ocr_line' id='line_1_106' title="bbox 2130 4692 3708 4787; baseline 0.025 -45"><span class='ocrx_word' id='word_1_925' title='bbox 2130 4705 2296 4746; x_wconf 79' lang='lat' dir='ltr'><strong>uxore</strong></span> <span class='ocrx_word' id='word_1_926' title='bbox 2334 4692 2378 4747; x_wconf 91' lang='lat' dir='ltr'><strong>si</strong></span> <span class='ocrx_word' id='word_1_927' title='bbox 2413 4696 2690 4752; x_wconf 84' lang='lat' dir='ltr'><strong>exceditur</strong></span> <span class='ocrx_word' id='word_1_928' title='bbox 2723 4701 3111 4763; x_wconf 88' lang='lat' dir='ltr'><strong>concumbendi</strong></span> <span class='ocrx_word' id='word_1_929' title='bbox 3149 4713 3337 4769; x_wconf 86' lang='lat' dir='ltr'><strong>modus</strong></span> <span class='ocrx_word' id='word_1_930' title='bbox 3368 4692 3708 4787; x_wconf 76' lang='lat' dir='ltr'><strong>procreandis</strong></span> 
     </span>
    </p>
   </div>
   <div class='ocr_carea' id='block_1_107' title="bbox 2125 4779 3708 4871">
    <p class='ocr_par' dir='ltr' id='par_1_107' title="bbox 2125 4779 3708 4871">
     <span class='ocr_line' id='line_1_107' title="bbox 2125 4779 3708 4871; baseline 0.022 -35"><span class='ocrx_word' id='word_1_931' title='bbox 2125 4779 2308 4838; x_wconf 92' lang='lat' dir='ltr'><strong>liberis</strong></span> <span class='ocrx_word' id='word_1_932' title='bbox 2327 4783 2568 4855; x_wconf 89' lang='lat' dir='ltr'><strong>debitus,</strong></span> <span class='ocrx_word' id='word_1_933' title='bbox 2593 4789 2702 4859; x_wconf 90' lang='lat' dir='ltr'><strong>jam</strong></span> <span class='ocrx_word' id='word_1_934' title='bbox 2724 4805 2997 4863; x_wconf 90' lang='lat' dir='ltr'><strong>peccatum</strong></span> <span class='ocrx_word' id='word_1_935' title='bbox 3017 4810 3119 4856; x_wconf 91' lang='lat' dir='ltr'><strong>est.</strong></span> <span class='ocrx_word' id='word_1_936' title='bbox 3153 4803 3233 4858; x_wconf 83' lang='lat' dir='ltr'><strong>Ad</strong></span> <span class='ocrx_word' id='word_1_937' title='bbox 3263 4779 3584 4868; x_wconf 63' lang='lat' dir='ltr'><strong>hocetenim</strong></span> <span class='ocrx_word' id='word_1_938' title='bbox 3606 4779 3708 4871; x_wconf 57' lang='lat' dir='ltr'><strong>du;</strong></span> 
     </span>
    </p>
   </div>
   <div class='ocr_carea' id='block_1_108' title="bbox 2125 4872 3706 4966">
    <p class='ocr_par' dir='ltr' id='par_1_108' title="bbox 2125 4872 3706 4966">
     <span class='ocr_line' id='line_1_108' title="bbox 2125 4872 3706 4966; baseline 0.025 -42"><span class='ocrx_word' id='word_1_939' title='bbox 2125 4872 2264 4928; x_wconf 90' lang='lat' dir='ltr'><strong>citur</strong></span> <span class='ocrx_word' id='word_1_940' title='bbox 2290 4890 2422 4929; x_wconf 86' lang='lat' dir='ltr'><strong>uxor</strong></span> <span class='ocrx_word' id='word_1_941' title='bbox 2451 4895 2463 4930; x_wconf 94' lang='lat'><strong>:</strong></span> <span class='ocrx_word' id='word_1_942' title='bbox 2493 4895 2614 4934; x_wconf 89' lang='lat' dir='ltr'><strong>nam</strong></span> <span class='ocrx_word' id='word_1_943' title='bbox 2640 4881 2692 4936; x_wconf 91' lang='lat' dir='ltr'><strong>id</strong></span> <span class='ocrx_word' id='word_1_944' title='bbox 2719 4885 2876 4940; x_wconf 88' lang='lat' dir='ltr'><strong>etiam</strong></span> <span class='ocrx_word' id='word_1_945' title='bbox 2905 4890 3093 4946; x_wconf 67' lang='lat' dir='ltr'><strong>tabulae</strong></span> <span class='ocrx_word' id='word_1_946' title='bbox 3119 4893 3372 4966; x_wconf 90' lang='lat' dir='ltr'><strong>indicant,</strong></span> <span class='ocrx_word' id='word_1_947' title='bbox 3404 4903 3490 4958; x_wconf 92' lang='lat' dir='ltr'><strong>ubi</strong></span> <span class='ocrx_word' id='word_1_948' title='bbox 3519 4908 3706 4963; x_wconf 86' lang='lat' dir='ltr'><strong>scribi-</strong></span> 
     </span>
    </p>
   </div>
   <div class='ocr_carea' id='block_1_109' title="bbox 2127 4968 3706 5061">
    <p class='ocr_par' dir='ltr' id='par_1_109' title="bbox 2127 4968 3706 5061">
     <span class='ocr_line' id='line_1_109' title="bbox 2127 4968 3706 5061; baseline 0.023 -42"><span class='ocrx_word' id='word_1_949' title='bbox 2127 4975 2247 5034; x_wconf 89' lang='lat' dir='ltr'><strong>tur,</strong></span> <span class='ocrx_word' id='word_1_950' title='bbox 2278 4968 2586 5028; x_wconf 88' lang='lat' dir='ltr'><strong>Liberorum</strong></span> <span class='ocrx_word' id='word_1_951' title='bbox 2617 4982 3063 5045; x_wconf 85' lang='lat' dir='ltr'><strong>procreandorum</strong></span> <span class='ocrx_word' id='word_1_952' title='bbox 3095 5003 3275 5046; x_wconf 88' lang='lat' dir='ltr'><strong>causa.</strong></span> <span class='ocrx_word' id='word_1_953' title='bbox 3309 4992 3531 5061; x_wconf 89' lang='lat' dir='ltr'><strong>Quando</strong></span> <span class='ocrx_word' id='word_1_954' title='bbox 3555 5008 3608 5053; x_wconf 91' lang='lat' dir='ltr'><strong>tu</strong></span> <span class='ocrx_word' id='word_1_955' title='bbox 3632 5004 3706 5057; x_wconf 88' lang='lat' dir='ltr'><strong>uti</strong></span> 
     </span>
    </p>
   </div>
   <div class='ocr_carea' id='block_1_110' title="bbox 2125 5064 3704 5150">
    <p class='ocr_par' dir='ltr' id='par_1_110' title="bbox 2125 5064 3704 5150">
     <span class='ocr_line' id='line_1_110' title="bbox 2125 5064 3704 5150; baseline 0.022 -37"><span class='ocrx_word' id='word_1_956' title='bbox 2125 5074 2290 5116; x_wconf 78' lang='lat' dir='ltr'><strong>uxore</strong></span> <span class='ocrx_word' id='word_1_957' title='bbox 2317 5064 2545 5134; x_wconf 89' lang='lat' dir='ltr'><strong>amplius</strong></span> <span class='ocrx_word' id='word_1_958' title='bbox 2577 5083 2736 5138; x_wconf 88' lang='lat' dir='ltr'><strong>quam</strong></span> <span class='ocrx_word' id='word_1_959' title='bbox 2769 5077 3058 5133; x_wconf 89' lang='lat' dir='ltr'><strong>necessitas</strong></span> <span class='ocrx_word' id='word_1_960' title='bbox 3088 5087 3536 5150; x_wconf 87' lang='lat' dir='ltr'><strong>procreandorum</strong></span> <span class='ocrx_word' id='word_1_961' title='bbox 3569 5089 3704 5148; x_wconf 86' lang='lat' dir='ltr'><strong>libe-</strong></span> 
     </span>
    </p>
   </div>
   <div class='ocr_carea' id='block_1_111' title="bbox 2121 5155 3703 5250">
    <p class='ocr_par' dir='ltr' id='par_1_111' title="bbox 2121 5155 3703 5250">
     <span class='ocr_line' id='line_1_111' title="bbox 2121 5155 3703 5250; baseline 0.023 -46"><span class='ocrx_word' id='word_1_962' title='bbox 2121 5165 2302 5206; x_wconf 87' lang='lat' dir='ltr'><strong>rorum</strong></span> <span class='ocrx_word' id='word_1_963' title='bbox 2323 5155 2482 5224; x_wconf 87' lang='lat' dir='ltr'><strong>cogit,</strong></span> <span class='ocrx_word' id='word_1_964' title='bbox 2511 5159 2763 5228; x_wconf 90' lang='lat' dir='ltr'><strong>volueris,</strong></span> <span class='ocrx_word' id='word_1_965' title='bbox 2789 5163 2898 5231; x_wconf 91' lang='lat' dir='ltr'><strong>jam</strong></span> <span class='ocrx_word' id='word_1_966' title='bbox 2930 5181 3198 5237; x_wconf 89' lang='lat' dir='ltr'><strong>peccatum</strong></span> <span class='ocrx_word' id='word_1_967' title='bbox 3226 5183 3309 5231; x_wconf 86' lang='lat' dir='ltr'><strong>est</strong></span> <span class='ocrx_word' id='word_1_968' title='bbox 3332 5194 3344 5230; x_wconf 89' lang='lat'><strong>:</strong></span> <span class='ocrx_word' id='word_1_969' title='bbox 3371 5188 3422 5233; x_wconf 90' lang='lat' dir='ltr'><strong>et</strong></span> <span class='ocrx_word' id='word_1_970' title='bbox 3445 5180 3554 5250; x_wconf 89' lang='lat' dir='ltr'><strong>ipsa</strong></span> <span class='ocrx_word' id='word_1_971' title='bbox 3580 5185 3703 5239; x_wconf 82' lang='lat' dir='ltr'><strong>talia</strong></span> 
     </span>
    </p>
   </div>
   <div class='ocr_carea' id='block_1_112' title="bbox 2122 5248 3704 5342">
    <p class='ocr_par' dir='ltr' id='par_1_112' title="bbox 2122 5248 3704 5342">
     <span class='ocr_line' id='line_1_112' title="bbox 2122 5248 3704 5342; baseline 0.021 -46"><span class='ocrx_word' id='word_1_972' title='bbox 2122 5254 2335 5314; x_wconf 87' lang='lat' dir='ltr'><strong>peccata</strong></span> <span class='ocrx_word' id='word_1_973' title='bbox 2359 5250 2678 5318; x_wconf 77' lang='lat' dir='ltr'><strong>quotidiana:</strong></span> <span class='ocrx_word' id='word_1_974' title='bbox 2704 5248 3054 5331; x_wconf 71' lang='lat' dir='ltr'><strong>eleemosynaa</strong></span> <span class='ocrx_word' id='word_1_975' title='bbox 3078 5266 3352 5322; x_wconf 84' lang='lat' dir='ltr'><strong>mundam.</strong></span> <span class='ocrx_word' id='word_1_976' title='bbox 3378 5270 3434 5325; x_wconf 91' lang='lat' dir='ltr'><strong>ln</strong></span> <span class='ocrx_word' id='word_1_977' title='bbox 3456 5248 3585 5342; x_wconf 86' lang='lat' dir='ltr'><strong>ipsis</strong></span> <span class='ocrx_word' id='word_1_978' title='bbox 3606 5276 3704 5330; x_wconf 85' lang='lat' dir='ltr'><strong>ali-</strong></span> 
     </span>
    </p>
   </div>
   <div class='ocr_carea' id='block_1_113' title="bbox 2119 5338 3703 5426">
    <p class='ocr_par' dir='ltr' id='par_1_113' title="bbox 2119 5338 3703 5426">
     <span class='ocr_line' id='line_1_113' title="bbox 2119 5338 3703 5426; baseline 0.024 -38"><span class='ocrx_word' id='word_1_979' title='bbox 2119 5338 2340 5404; x_wconf 85' lang='lat' dir='ltr'><strong>mentis,</strong></span> <span class='ocrx_word' id='word_1_980' title='bbox 2372 5355 2490 5411; x_wconf 67' lang='lat' dir='ltr'><strong>quae</strong></span> <span class='ocrx_word' id='word_1_981' title='bbox 2529 5345 2708 5415; x_wconf 91' lang='lat' dir='ltr'><strong>utique</strong></span> <span class='ocrx_word' id='word_1_982' title='bbox 2746 5363 2994 5408; x_wconf 90' lang='lat' dir='ltr'><strong>concessa</strong></span> <span class='ocrx_word' id='word_1_983' title='bbox 3029 5365 3184 5426; x_wconf 89' lang='lat' dir='ltr'><strong>sunt,</strong></span> <span class='ocrx_word' id='word_1_984' title='bbox 3224 5360 3269 5415; x_wconf 91' lang='lat' dir='ltr'><strong>si</strong></span> <span class='ocrx_word' id='word_1_985' title='bbox 3309 5361 3443 5420; x_wconf 86' lang='lat' dir='ltr'><strong>forte</strong></span> <span class='ocrx_word' id='word_1_986' title='bbox 3477 5338 3703 5426; x_wconf 78' lang='lat' dir='ltr'><strong>excedis</strong></span> 
     </span>
    </p>
   </div>
   <div class='ocr_carea' id='block_1_114' title="bbox 2117 5428 3694 5526">
    <p class='ocr_par' dir='ltr' id='par_1_114' title="bbox 2117 5428 3694 5526">
     <span class='ocr_line' id='line_1_114' title="bbox 2117 5428 3694 5526; baseline 0.023 -45"><span class='ocrx_word' id='word_1_987' title='bbox 2117 5428 2357 5496; x_wconf 87' lang='lat' dir='ltr'><strong>modum,</strong></span> <span class='ocrx_word' id='word_1_988' title='bbox 2383 5440 2437 5486; x_wconf 92' lang='lat' dir='ltr'><strong>et</strong></span> <span class='ocrx_word' id='word_1_989' title='bbox 2463 5436 2688 5505; x_wconf 91' lang='lat' dir='ltr'><strong>amplius</strong></span> <span class='ocrx_word' id='word_1_990' title='bbox 2713 5441 2908 5510; x_wconf 91' lang='lat' dir='ltr'><strong>accipis</strong></span> <span class='ocrx_word' id='word_1_991' title='bbox 2931 5459 3087 5512; x_wconf 88' lang='lat' dir='ltr'><strong>quam</strong></span> <span class='ocrx_word' id='word_1_992' title='bbox 3113 5463 3330 5507; x_wconf 87' lang='lat' dir='ltr'><strong>necesse</strong></span> <span class='ocrx_word' id='word_1_993' title='bbox 3352 5463 3451 5521; x_wconf 93' lang='lat' dir='ltr'><strong>est,</strong></span> <span class='ocrx_word' id='word_1_994' title='bbox 3485 5471 3694 5526; x_wconf 81' lang='lat' dir='ltr'><strong>peccas.</strong></span> 
     </span>
    </p>
   </div>
   <div class='ocr_carea' id='block_1_115' title="bbox 2181 5544 3354 5630">
    <p class='ocr_par' dir='ltr' id='par_1_115' title="bbox 2181 5544 3354 5630">
     <span class='ocr_line' id='line_1_115' title="bbox 2181 5544 3354 5630; baseline 0 0"><span class='ocrx_word' id='word_1_995' title='bbox 2181 5544 2199 5630; x_wconf 69' lang='grc' dir='ltr'><strong>ξ</strong></span> <span class='ocrx_word' id='word_1_996' title='bbox 2221 5544 2292 5630; x_wconf 54' lang='lat' dir='ltr'><strong>El?</strong></span> <span class='ocrx_word' id='word_1_997' title='bbox 2307 5550 2689 5630; x_wconf 57' lang='lat' dir='ltr'><strong>f‘E:_°_.‘.B&#39;S?:.§‘</strong></span> <span class='ocrx_word' id='word_1_998' title='bbox 2709 5558 2791 5630; x_wconf 53' lang='grc' dir='ltr'><strong>εξ.</strong></span> <span class='ocrx_word' id='word_1_999' title='bbox 2812 5560 2864 5604; x_wconf 67' lang='grc' dir='ltr'><strong>εί</strong></span> <span class='ocrx_word' id='word_1_1000' title='bbox 2885 5562 3013 5616; x_wconf 60' lang='grc' dir='ltr'><strong>¹λ⁰νου</strong></span> <span class='ocrx_word' id='word_1_1001' title='bbox 3037 5573 3069 5609; x_wconf 80' lang='grc' dir='ltr'><em>α</em></span> <span class='ocrx_word' id='word_1_1002' title='bbox 3090 5560 3354 5630; x_wconf 56' lang='lat' dir='ltr'><strong><em>890W-</em></strong></span> 
     </span>
    </p>
   </div>
   <div class='ocr_carea' id='block_1_116' title="bbox 2179 5606 3698 5690">
    <p class='ocr_par' dir='ltr' id='par_1_116' title="bbox 2179 5606 3698 5690">
     <span class='ocr_line' id='line_1_116' title="bbox 2179 5606 3698 5690; baseline 0.024 -38"><span class='ocrx_word' id='word_1_1003' title='bbox 2179 5606 2287 5690; x_wconf 51' lang='grc' dir='ltr'>ξιιμ</span> <span class='ocrx_word' id='word_1_1004' title='bbox 2306 5610 2525 5690; x_wconf 67' lang='lat' dir='ltr'><strong>ponnulli</strong></span> <span class='ocrx_word' id='word_1_1005' title='bbox 2565 5620 2673 5690; x_wconf 44' lang='lat' dir='ltr'><strong>MISS;</strong></span> <span class='ocrx_word' id='word_1_1006' title='bbox 2710 5613 2794 5681; x_wconf 71' lang='lat' dir='ltr'><strong>Alii</strong></span> <span class='ocrx_word' id='word_1_1007' title='bbox 2830 5606 3078 5669; x_wconf 68' lang='lat' dir='ltr'><strong>verocum</strong></span> <span class='ocrx_word' id='word_1_1008' title='bbox 3557 5642 3698 5688; x_wconf 71' lang='lat' dir='ltr'><strong>nano</strong></span> 
     </span>
    </p>
   </div>
   <div class='ocr_carea' id='block_1_117' title="bbox 2114 5673 3208 5796">
    <p class='ocr_par' dir='ltr' id='par_1_117' title="bbox 2114 5673 3208 5796">
     <span class='ocr_line' id='line_1_117' title="bbox 2114 5673 3208 5749; baseline 0.025 -36"><span class='ocrx_word' id='word_1_1009' title='bbox 2114 5674 2279 5732; x_wconf 84' lang='lat' dir='ltr'><strong>potest.</strong></span> <span class='ocrx_word' id='word_1_1010' title='bbox 2306 5676 2433 5729; x_wconf 84' lang='lat' dir='ltr'><strong>l.ov.,</strong></span> <span class='ocrx_word' id='word_1_1011' title='bbox 2459 5685 2565 5734; x_wconf 61' lang='grc' dir='ltr'><strong>(ικαὶ</strong></span> <span class='ocrx_word' id='word_1_1012' title='bbox 2583 5673 2758 5725; x_wconf 77' lang='lat' dir='ltr'><strong>habere</strong></span> <span class='ocrx_word' id='word_1_1013' title='bbox 2777 5689 2913 5728; x_wconf 80' lang='lat' dir='ltr'><strong>nemo</strong></span> <span class='ocrx_word' id='word_1_1014' title='bbox 2929 5693 3020 5732; x_wconf 84' lang='lat' dir='ltr'><strong>non</strong></span> 
     </span>
     <span class='ocr_line' id='line_1_118' title="bbox 2182 5729 2994 5796; baseline 0.023 -19"><span class='ocrx_word' id='word_1_1015' title='bbox 2182 5730 2204 5763; x_wconf 78' lang='grc'>⁸</span> <span class='ocrx_word' id='word_1_1016' title='bbox 2226 5729 2414 5796; x_wconf 72' lang='lat' dir='ltr'><strong>Aliquot</strong></span> <span class='ocrx_word' id='word_1_1017' title='bbox 2435 5740 2524 5786; x_wconf 78' lang='lat' dir='ltr'><strong>Mss</strong></span> <span class='ocrx_word' id='word_1_1018' title='bbox 2546 5782 2562 5796; x_wconf 75' lang='lat'><strong>,</strong></span> <span class='ocrx_word' id='word_1_1019' title='bbox 2589 5735 2671 5787; x_wconf 73' lang='lat' dir='ltr'><strong>illa</strong></span> <span class='ocrx_word' id='word_1_1020' title='bbox 2695 5738 2888 5794; x_wconf 71' lang='lat' dir='ltr'><strong>vitanda</strong></span> <span class='ocrx_word' id='word_1_1021' title='bbox 2908 5749 2994 5796; x_wconf 74' lang='lat' dir='ltr'><strong>est.</strong></span> 
     </span>
    </p>
   </div>
  </div>
