4014 6310
227 289 301 346 sa
1468 240 1477 247 ’
1686 266 1849 324 sum

1958 265 2051 321 IX.
3423 273 3498 334 90

227 403 547 473 Quotidiana
582 409 709 458 sunt
744 400 844 456 ista
885 413 1004 470 qua:
1044 396 1165 454 dico
1197 413 1212 452 :
1243 394 1336 449 sed
1377 401 1553 449 tamen
1600 397 1817 462 peccata
1869 438 1879 459 ε
1921 388 2044 444 dem
2073 388 2336 447 homines.
2378 392 2511 449 Mala
2538 401 2623 450 est
2643 394 2659 426 ¹
2686 396 2905 453 avaritia
2935 414 2950 453 :
2978 396 3199 468 palliare
3224 411 3284 454 se
3312 399 3500 455 volunt

229 504 388 561 sunt;
418 504 474 549 et
500 508 607 548 non
633 501 758 548 sunt
782 490 915 545 levia
935 530 951 555 ,
977 488 1100 559 quia
1130 488 1297 556 plura.
1328 484 1459 552 Quia
1488 497 1616 539 vero
1643 482 1819 552 quoti-

232 589 388 644 diana
416 596 473 643 et
497 586 743 657 plurima,
776 582 1007 639 timenda
1031 589 1114 636 est
1138 579 1289 635 ruina
1316 576 1692 641 multitudinis,
1720 575 1820 630 etsi

227 696 333 736 non
389 675 793 749 magnitudinis.
838 674 983 729 Talia
1035 678 1253 743 peccata
1306 669 1560 733 dicimus,
1608 667 1820 733 fratres,

230 770 559 844 quotidianis
601 766 959 837 eleemosynis
1001 778 1157 833 posse
1198 760 1460 817 mandari.
1516 759 1623 815 Sed
1666 758 1824 815 facite

230 864 639 933 eleemosynas,
681 869 737 915 et
770 859 934 913 nolite
962 871 1192 912 cessare.
1224 853 1495 910 Attendite
1530 853 1691 907 vitam
1727 868 1823 908 ve-

230 967 392 1011 stram
422 954 789 1026 quotidianam
814 951 943 1022 ipsis
968 948 1199 1022 peccatis
1224 948 1621 1015 scaturientem,
1649 946 1826 1002 minu-

232 1049 295 1103 tis
322 1049 457 1117 ipsis
484 1047 628 1103 dico.

299 1162 538 1219 CAPUT
595 1161 715 1218 Xll.
743 1193 816 1203 —
852 1161 941 1219 i9.
988 1162 1203 1218 Etcum
1237 1160 1368 1216 facis
1404 1160 1821 1231 eleemosynam,

233 1270 338 1310 non
366 1256 605 1325 superbe
631 1254 829 1320 facias,
869 1269 968 1310 nec
996 1253 1075 1309 sic
1102 1268 1225 1309 ores
1251 1251 1695 1323 quemadmodum
1736 1250 1827 1305 ille

234 1347 566 1403 Pharisa'us.
619 1346 725 1402 Sed
769 1357 942 1402 tamen
968 1345 1097 1421 quid
1137 1346 1209 1400 ibi
1245 1345 1415 1399 dixit?
1457 1344 1647 1415 Jejuno
1677 1343 1749 1396 bis
1771 1342 1827 1396 in

234 1439 468 1505 sabbato,
500 1438 723 1493 decimas
744 1438 810 1492 do
836 1438 1060 1492 omnium
1085 1452 1405 1507 quacumque
1424 1434 1652 1505 possideo
1674 1431 1825 1506 (Luc.

236 1545 402 1594 mn,
460 1529 571 1601 12).
599 1529 667 1584 Ει
716 1529 949 1585 nondum
993 1527 1141 1583 fusus
1188 1539 1304 1583 erat
1346 1529 1563 1598 sanguis
1592 1526 1826 1580 Domini.

240 1620 472 1675 Tantum
503 1636 603 1691 pro
630 1622 782 1676 nobis
807 1620 1036 1691 pretium
1064 1619 1367 1688 accepimus
1387 1660 1403 1685 ,
1432 1626 1486 1673 et
1513 1618 1701 1672 saltem
1731 1630 1831 1670 nec

241 1721 448 1767 tantum
490 1727 811 1783 erogamus,
867 1720 1124 1782 quantum
1172 1710 1493 1765 Pharisaeus.
1550 1708 1618 1763 Et
1668 1708 1832 1762 habes

239 1804 345 1858 alio
389 1804 515 1858 loco
543 1814 729 1873 aperte
772 1804 1039 1859 dicentem
1071 1802 1389 1866 Dominum,
1437 1799 1554 1855 Nisi
1602 1798 1834 1853 abunda-

241 1895 361 1948 verit
381 1895 594 1965 justitia
624 1904 787 1949 vestra
816 1894 929 1964 plus
957 1909 1110 1964 quam
1140 1892 1435 1947 Scribarum
1463 1901 1509 1944 et
1542 1889 1835 1944 Pharist-

241 2002 352 2039 rum
373 2025 388 2048 ,
434 2002 539 2037 non
586 1984 837 2038 intrabitis
864 1984 918 2036 in
969 1998 1180 2053 regnum
1230 1980 1470 2035 caelorum
1497 1981 1522 2053 (
1552 1979 1743 2033 Matth.
1778 1993 1833 2043 v,

242 2075 354 2143 20).
374 2075 525 2147 Ergo
553 2076 627 2130 illi
653 2075 781 2129 dant
807 2075 1061 2137 decimas;
1087 2083 1140 2129 ιιι
1167 2074 1212 2129 si
1235 2073 1578 2129 centesimam
1600 2071 1835 2138 dederis,

245 2166 450 2236 aliquid
482 2183 735 2237 magnum
767 2176 819 2223 te
859 2166 1050 2223 fecisse
1096 2165 1363 2238 gloriaris.
1413 2165 1658 2221 Attendis
1695 2165 1837 2219 enim

246 2257 368 2327 quid
398 2258 543 2312 alius
565 2273 671 2312 non
699 2256 882 2324 faciat,
912 2274 1017 2312 non
1043 2257 1169 2328 quid
1198 2266 1248 2312 te
1271 2257 1614 2327 jubeatDeus
1639 2256 1835 2309 facere.

249 2348 454 2403 Metiris
486 2358 539 2403 te
568 2349 635 2403 de
664 2350 1064 2420 comparatione
1099 2348 1294 2418 pejoris
1316 2389 1331 2414 ,
1364 2363 1467 2402 non
1497 2348 1565 2402 de
1602 2346 1842 2417 jussione

250 2442 511 2496 melioris.
558 2442 676 2497 Non
703 2443 825 2512 quia
870 2442 959 2497 ille
989 2441 1121 2495 nihil
1167 2441 1325 2507 facit,
1359 2440 1479 2495 ideo
1507 2449 1561 2494 tu
1592 2453 1839 2508 magnum

250 2535 455 2605 aliquid
486 2534 622 2590 facis
654 2555 667 2591 :
699 2536 795 2590 sed
824 2535 945 2605 quia
974 2535 1235 2605 gaudetur
1257 2535 1273 2565 ¹
1319 2533 1384 2587 ad
1414 2530 1661 2603 quaedam
1690 2530 1846 2585 mini-

255 2642 336 2681 ma
383 2643 552 2696 opera
584 2636 758 2682 vestra
804 2628 951 2698 (quia
981 2636 1125 2681 tanta
1152 2636 1235 2681 est
1264 2625 1518 2681 sterilitas
1543 2633 1718 2679 vestra
1742 2666 1756 2689 ,
1790 2632 1849 2678 ut

254 2718 321 2772 ad
351 2718 571 2773 modica
601 2718 943 2789 gaudeatur),
976 2719 1125 2789 quasi
1154 2718 1326 2773 securi
1354 2717 1507 2772 vobis
1535 2714 1847 2770 blandimini

255 2811 321 2866 de
350 2812 595 2866 minimis
621 2812 802 2882 granis
830 2812 1290 2882 eleemosynarum
1312 2852 1326 2875 ,
1355 2819 1410 2865 et
1448 2822 1670 2864 acervos
1706 2807 1846 2863 oblio

255 2902 525 2956 viscimini
574 2910 938 2970 peccatorum.
986 2901 1258 2957 Protulisti
1307 2899 1443 2955 forte
1490 2899 1676 2955 nescio
1718 2896 1847 2969 quid

260 3011 510 3066 parvum,
542 2995 687 3066 quod
712 2996 847 3050 alius
875 3003 968 3050 aut
994 3010 1098 3049 non
1134 2994 1346 3061 habuit,
1375 3004 1466 3047 aut
1495 3008 1599 3047 non
1631 2991 1850 3062 protulit

260 3103 381 3143 cum
412 3088 666 3144 haberet.
698 3088 815 3143 Noli
846 3087 1120 3143 attendere
1150 3096 1270 3157 post
1298 3095 1349 3141 te
1379 3086 1496 3157 quis
1525 3101 1631 3140 non
1669 3084 1848 3150 faciat,

261 3182 353 3237 sed
382 3182 515 3253 quid
554 3190 606 3236 te
640 3181 823 3251 jubeat
851 3181 989 3236 Deus
1019 3180 1213 3236 facere.
1256 3180 1535 3235 Postremo
1559 3221 1574 3246 ,
1603 3193 1769 3250 quare
1799 3179 1851 3232 in

263 3274 382 3329 istis
426 3274 802 3329 affectionibus
846 3274 1189 3329 saecularibus
1236 3289 1342 3329 non
1385 3274 1539 3328 vobis
1586 3272 1856 3328 sufﬁciunt

266 3380 403 3435 quos
454 3365 838 3434 prmccssistis,
881 3365 973 3421 sed
1004 3366 1165 3420 vultis
1205 3379 1323 3420 esse
1360 3364 1586 3428 divites,
1620 3364 1853 3435 aequales

265 3456 554 3512 ditioribus
582 3458 777 3513 vobis?
815 3457 931 3513 Non
958 3457 1229 3512 attenditis
1255 3466 1480 3527 quantos
1503 3456 1850 3527 pauperiores

266 3548 651 3604 transcenditis
682 3568 695 3603 :
724 3551 939 3605 vincere
958 3550 1117 3604 vultis
1142 3550 1379 3605 ditiores.
1410 3549 1515 3605 Sed
1543 3550 1594 3603 in
1618 3550 1856 3604 eleemo-

271 3640 425 3711 synis
471 3639 698 3695 habetur
746 3642 954 3696 modus.
1010 3642 1106 3696 Hic
1151 3641 1376 3707 dicitur,
1421 3640 1537 3695 .lam
1584 3654 1860 3710 usquequo

273 3731 463 3785 facio?
508 3740 567 3787 et
593 3733 697 3787 illic
724 3748 829 3787 non
871 3732 1098 3799 dicitur,
1143 3732 1365 3800 Quantis
1412 3731 1663 3786 divitibus
1703 3732 1863 3786 ditior

275 3840 395 3878 sum
425 3826 452 3878 ?
504 3824 622 3879 Non
689 3826 1034 3881 attenduntur
1086 3835 1348 3898 egestates
1397 3824 1862 3881 innumerabilium

275 3916 649 3971 mendicorum
672 3960 687 3985 ,
734 3932 839 3972 non
880 3918 1238 3989 respiciuntur
1266 3920 1590 3989 posteriores
1620 3919 1865 3973 multitu—

276 4006 440 4062 dines
468 4022 758 4076 pauperum
787 4027 798 4061 :
829 4008 922 4063 sed
946 4010 1182 4077 paucitas
1210 4008 1619 4078 praecedentium
1646 4009 1866 4064 divitum

279 4108 403 4152 ante
434 4099 621 4154 oculos
656 4100 888 4170 ponitur.
929 4099 1036 4155 Cur
1062 4099 1115 4154 in
1142 4115 1305 4170 opere
1330 4100 1472 4155 bono
1500 4116 1607 4156 non
1635 4102 1867 4156 attendi-

282 4198 367 4244 tur
421 4190 511 4245 ille
565 4189 854 4246 Zaccbxeus
884 4234 899 4257 ,
955 4193 1045 4262 qui
1095 4192 1372 4247 dimidium
1416 4208 1597 4248 rerum
1652 4209 1869 4249 suarum

282 4280 430 4336 dedit
455 4283 777 4351 pauperibus
810 4282 959 4353 (Luc.
985 4300 1105 4353 xu,
1134 4286 1233 4355 8)?
1260 4285 1364 4341 Sed
1392 4294 1580 4355 optare
1607 4286 1868 4356 cogimur.

283 4382 341 4425 ut
386 4374 696 4428 attendatur
739 4375 930 4429 saltem
978 4376 1066 4431 ille
1108 4376 1446 4443 Phariszeus,
1498 4377 1589 4448 qui
1632 4378 1870 4433 omnium

284 4481 403 4535 qua:
430 4466 745 4535 possidebat
771 4466 1009 4523 decimas
1034 4467 1214 4525 dabat.

354 4577 448 4634 20.
477 4577 603 4633 Noli
631 4594 852 4648 parcere
893 4580 1154 4635 thesauris
1186 4580 1401 4638 caducis
1425 4624 1439 4648 ,
1486 4580 1751 4637 thesauris
1780 4597 1873 4636 va-

286 4673 389 4726 nis.
455 4671 578 4725 Noli
633 4671 732 4726 sub
783 4673 1012 4742 imagine
1066 4673 1276 4744 pietatis
1326 4689 1521 4743 augere
1572 4677 1871 4744 pecuniam.

287 4764 438 4819 Filiis
461 4765 595 4819 meis
620 4779 778 4819 servo
802 4782 816 4821 :
843 4780 1033 4835 magna
1053 4766 1346 4833 excusatio,
1370 4765 1520 4820 Filiis
1542 4767 1674 4820 meis
1697 4781 1870 4820 servo.

285 4860 625 4915 Videamus:
661 4868 839 4913 servat
887 4859 978 4913 tibi
1032 4868 1180 4929 pater
1227 4867 1381 4922 tuus,
1435 4874 1613 4913 servas
1653 4868 1706 4913 tu
1754 4858 1875 4912 ﬁliis

291 4953 397 5005 tuis
418 4994 432 5016 ,
464 4950 554 5005 ﬁlii
583 4950 658 5005 tui
690 4951 811 5005 filiis
838 4950 948 5004 suis
973 4992 988 5016 ,
1019 4958 1076 5005 et
1100 4950 1178 5005 sic
1206 4965 1301 5018 per
1326 4965 1515 5004 omnes
1539 4993 1553 5017 ,
1603 4960 1656 5005 et
1702 4951 1877 5005 nullus

288 5041 528 5097 facturus
554 5051 639 5096 est
667 5050 931 5110 praecepta
959 5041 1073 5096 Dei.
1116 5041 1292 5109 Quare
1319 5055 1423 5095 non
1454 5041 1526 5094 illi
1558 5042 1735 5110 potius
1777 5042 1876 5095 im-

288 5137 480 5208 pendis
506 5136 720 5200 omnia,
771 5136 861 5206 qui
902 5144 954 5190 te
998 5134 1121 5189 fecit
1161 5150 1227 5190 ex
1270 5135 1481 5189 nihilo?
1526 5134 1625 5203 Qui
1655 5145 1704 5190 te
1731 5135 1874 5203 fecit,

290 5231 403 5299 ipse
430 5239 483 5283 te
511 5227 679 5296 pascit
705 5242 772 5281 ex
798 5226 881 5280 bis
908 5241 1026 5297 qum
1061 5226 1222 5292 fecit,
1271 5226 1386 5295 ipse
1428 5226 1595 5294 pascit
1638 5236 1690 5281 et
1738 5227 1878 5282 filios

292 5332 430 5377 tuos.
474 5321 663 5392 Neque
705 5322 847 5375 enim
879 5320 1069 5374 melius
1092 5320 1380 5373 committis
1409 5320 1542 5373 filios
1570 5329 1687 5375 tuos
1716 5322 1879 5391 patri-

292 5415 475 5471 monio
502 5424 600 5469 tuo
623 5416 645 5446 ³
666 5455 682 5481 ,
713 5428 873 5485 quam
904 5412 1141 5469 Creatori
1175 5420 1284 5467 tuo.
1311 5410 1379 5468 Et
1403 5413 1733 5467 mentiuntur
1757 5412 1877 5484 qui-

355 5623 372 5655 ι
399 5622 473 5672 sic
494 5628 592 5668 Am.
619 5624 693 5667 Β.
718 5625 768 5667 et
796 5624 899 5667 Mss.
926 5621 983 5666 At
1014 5621 1145 5677 Lov.,
1181 5612 1417 5681 gaudetis.
1440 5620 1494 5667 Et
1509 5613 1649 5681 paulo
1671 5612 1812 5678 infra,
1829 5620 1879 5667 ut

293 5685 357 5735 ad
375 5682 568 5733 modica
586 5682 811 5746 gaudeat.

398 5770 473 5820 sic
489 5768 709 5831 potiores
733 5773 835 5816 Mss.
863 5770 920 5815 At
939 5771 1072 5826 Lov.,
1092 5761 1210 5828 ﬁliis
1231 5761 1325 5814 tuis
1351 5762 1693 5827 patrimonium
1723 5768 1873 5815 tuum.

1925 482 2141 538 nomine
2162 483 2373 553 pietatis
2396 526 2412 553 ,
2452 496 2507 541 et
2533 486 2780 545 dealbare
2799 530 2814 555 ,
2861 502 2917 545 ut
2939 492 3089 561 quasi
3122 499 3333 561 propter
3362 492 3501 548 ﬁlios

1926 573 2207 629 videantur
2233 590 2445 633 servare
2489 577 2730 635 homines
2752 624 2767 647 ,
2816 581 2957 651 quod
2988 592 3205 653 propter
3230 584 3505 638 avaritiam

1931 677 2164 722 servant.
2212 669 2344 724 Nam
2373 680 2430 724 ut
2456 673 2709 728 noveritis
2750 676 2875 745 quia
2919 677 2996 731 sic
3027 678 3337 748 plerumque
3373 693 3507 732 con—

1929 760 2103 831 tingit,
2133 761 2326 818 dicitur
2354 763 2421 818 de
2446 780 2713 836 quoquam
2750 787 2763 822 :
2795 769 2968 835 Quare
3000 785 3104 825 non
3130 770 3254 826 facit
3276 772 3508 827 eleemo-

1932 856 2163 925 synam?
2206 855 2340 923 Quia
2365 869 2541 912 servat
2569 859 2688 913 ﬁliis
2715 861 2843 915 suis.
2889 862 3162 933 Contingit
3202 873 3260 918 ut
3301 865 3508 919 amittat

1931 962 2097 1001 unum
2128 965 2142 1001 :
2175 948 2219 1003 si
2262 960 2479 1019 propter
2519 950 2653 1005 ﬁlios
2681 954 2963 1018 servabat,
3009 956 3181 1010 mittat
3209 964 3329 1025 post
3358 956 3505 1011 illum

1932 1049 2136 1108 partem
2160 1056 2331 1096 suam.
2372 1042 2547 1109 Quare
2578 1043 2719 1097 illam
2751 1053 2895 1098 tenet
2919 1046 2972 1098 in
3005 1047 3252 1109 sacculo,
3279 1057 3331 1101 et
3360 1048 3504 1101 illum

1931 1132 2182 1203 relinquit
2216 1134 2283 1189 ab
2325 1136 2536 1191 animo?
2578 1136 2760 1191 Redde
2800 1137 2873 1191 illi
2906 1139 3047 1208 quod
3072 1154 3223 1194 suum
3251 1149 3352 1204 est,
3388 1140 3510 1196 red-

1939 1224 2007 1279 de
2052 1226 2192 1294 quod
2245 1226 2317 1281 illi
2379 1228 2647 1283 servabas.
2693 1228 2931 1283 Mortuus
2984 1238 3103 1297 est,
3164 1230 3352 1299 inquit.
3408 1230 3509 1285 Sed

1933 1319 2207 1386 praecessit
2244 1319 2311 1374 ad
2359 1320 2525 1375 Deum
2552 1362 2566 1383 ,
2608 1336 2728 1390 pars
2775 1321 2941 1391 ipsius
2988 1323 3307 1392 pauperibus
3353 1323 3515 1378 debe-

1935 1414 2054 1473 tur;
2103 1409 2466 1482 illidebetur,
2498 1411 2562 1466 ad
2601 1428 2757 1482 quem
2800 1414 3067 1482 perrexit;
3118 1413 3330 1468 Christo
3357 1414 3518 1469 debe-

1937 1509 2056 1567 tur,
2097 1502 2162 1555 ad
2210 1504 2377 1572 ipsum
2405 1505 2545 1558 enim
2575 1506 2809 1573 perrexit
2839 1525 2850 1560 :
2880 1515 2935 1562 et
2958 1506 3071 1576 ipse
3098 1506 3259 1573 dixit,
3305 1506 3403 1571 Qui
3432 1506 3517 1559 uni

1937 1609 2001 1647 ea:
2026 1593 2245 1649 minimis
2270 1595 2378 1650 istis
2408 1596 2541 1665 fecit,
2569 1597 2693 1649 mihi
2720 1598 2873 1669 fecit;
2903 1607 2951 1652 et
2978 1600 3063 1667 qui
3090 1599 3179 1652 uni
3208 1615 3271 1652 ea:
3295 1598 3516 1651 minimis

1938 1685 2046 1739 istis
2078 1702 2176 1740 non
2207 1688 2356 1757 fecit,
2388 1690 2512 1742 mihi
2559 1706 2660 1744 non
2707 1690 2823 1759 fecit
2872 1690 3080 1762 (Matth.
3114 1707 3247 1755 xxv,
3276 1692 3365 1754 40,
3402 1690 3516 1761 45).

1939 1775 2044 1832 Sed
2072 1778 2198 1847 quid
2226 1778 2391 1833 dicis?
2415 1779 2581 1835 Servo
2601 1782 2848 1837 fratribus
2877 1783 3065 1852 ipsius.
3097 1782 3151 1838 Si
3177 1784 3378 1838 viveret
3408 1784 3517 1850 ille,

1942 1884 2049 1924 non
2079 1881 2194 1925 erat
2222 1887 2344 1926 cum
2374 1874 2484 1928 suis
2514 1874 2765 1930 fratribus
2793 1876 3105 1931 divisurus?
3148 1877 3191 1932 Ο
3221 1877 3349 1932 fides
3375 1894 3520 1930 mur-

1943 1964 2065 2017 tua!
2116 1963 2351 2020 Mortuus
2378 1976 2459 2022 est
2499 1969 2641 2022 enim
2684 1968 2820 2025 ﬁlius
2858 1972 3015 2025 tuus?
3044 1970 3310 2042 Quidquid
3352 1971 3522 2036 dicas,

1947 2064 2160 2111 mortuo
2181 2057 2344 2113 debes
2368 2060 2505 2129 quod
2533 2061 2652 2115 vivo
2686 2063 2957 2118 servabas.
2988 2063 3229 2119 Mortuus
3260 2074 3341 2118 est
3386 2064 3524 2118 filius

1946 2162 2138 2214 meus,
2184 2150 2278 2204 sed
2329 2159 2507 2207 tamen
2550 2163 2750 2222 partem
2800 2156 2889 2208 ﬁlii
2934 2156 3039 2210 mei
3077 2171 3234 2210 servo
3275 2154 3525 2209 fratribus

1947 2240 2134 2311 ipsius.
2174 2241 2261 2297 Sic
2286 2244 2462 2299 credis
2482 2246 2604 2315 quia
2632 2256 2873 2302 mortuus
2897 2248 3021 2302 est?
3047 2247 3101 2303 Si
3133 2264 3230 2319 pro
3256 2248 3347 2303 illo
3375 2246 3527 2302 Chri-

1949 2340 2063 2387 stus
2102 2343 2342 2389 mortuus
2370 2352 2474 2391 non
2523 2348 2639 2403 est,
2691 2349 2934 2395 mortuus
2980 2349 3060 2395 est
3089 2340 3203 2410 ipse
3234 2359 3246 2395 :
3276 2341 3320 2395 si
3350 2349 3524 2395 autem

1950 2433 2033 2479 est
2061 2425 2113 2479 in
2147 2435 2197 2481 te
2239 2426 2370 2481 fides
2391 2469 2405 2494 ,
2440 2429 2568 2485 vivit
2617 2430 2756 2486 ﬁlius
2787 2441 2927 2487 tuus.
2959 2431 3099 2486 Vivit
3127 2446 3382 2502 prorsus;
3424 2447 3528 2486 non

1952 2515 2185 2572 decessit
2208 2559 2221 2580 ,
2256 2518 2351 2573 sed
2392 2522 2682 2590 praecessit.
2726 2522 2841 2589 Qua
2885 2523 3057 2578 fronte
3080 2532 3335 2577 venturus
3381 2536 3440 2577 es
3465 2522 3531 2576 ad

1954 2606 2121 2661 ﬁlium
2154 2617 2300 2663 tuum
2331 2611 2418 2679 qui
2460 2612 2771 2681 praecessit,
2800 2612 2885 2666 cui
2916 2611 3241 2680 prtecedenti
3276 2627 3380 2665 non
3409 2610 3533 2664 mit-

1956 2699 2024 2753 tis
2055 2710 2257 2769 partcm
2289 2716 2440 2756 suam
2486 2702 2539 2755 in
2585 2702 2827 2758 ctelum?
2870 2704 2954 2756 An
2982 2718 3088 2757 non
3117 2709 3292 2771 potest
3316 2701 3449 2756 mitti
3481 2702 3533 2755 in

1956 2793 2196 2859 (caelum?
2224 2794 2405 2849 Potest
2427 2809 2662 2863 prorsus.
2693 2795 2827 2850 Audi
2856 2796 3027 2865 ipsum
3051 2795 3329 2850 Dominum
3356 2794 3537 2849 dicen-

1958 2892 2087 2950 tem,
2124 2883 2478 2938 Thesaurizate
2504 2884 2640 2940 vobis
2665 2885 2924 2940 thesauros
2953 2886 3007 2939 in
3033 2886 3159 2941 caelo
3193 2884 3300 2956 (Id.
3322 2900 3395 2952 vn,
3418 2884 3535 2956 20).

1958 2974 2015 3031 Si
2066 2990 2195 3045 ergo
2244 2975 2332 3030 ille
2378 2975 2661 3030 thesaurus
2712 2976 2902 3030 melius
2947 2975 3244 3031 custoditur
3280 2975 3334 3031 in
3379 2976 3537 3040 cmlo,

1960 3067 2214 3137 numquid
2247 3075 2373 3121 tunc
2417 3083 2523 3122 non
2562 3066 2855 3122 mittendus
2879 3069 2898 3099 ³
2939 3076 3023 3122 est
3053 3067 3194 3135 filio,
3241 3066 3453 3138 quando
3494 3067 3538 3121 si

1961 3159 2158 3214 missus
2185 3158 2384 3224 fuerit,
2417 3174 2521 3213 non
2555 3159 2786 3227 peribit?
2824 3158 3116 3214 Teuebitur
3146 3158 3230 3213 hic
3253 3158 3342 3214 ubi
3370 3165 3542 3226 potest

1963 3252 2169 3321 perire,
2218 3267 2323 3306 non
2370 3251 2599 3306 mittitur
2642 3251 2769 3306 illuc
2810 3251 2901 3306 ubi
2926 3249 3169 3306 Christus
3195 3258 3278 3305 est
3320 3248 3542 3305 custos?

1963 3342 2122 3400 Certe
2157 3358 2220 3398 ea
2270 3359 2388 3414 quae
2438 3345 2524 3400 hic
2572 3353 2757 3411 tenes,
2807 3353 2863 3399 et
2908 3360 3015 3399 non
3055 3344 3135 3399 vis
3185 3342 3397 3399 mittere
3426 3351 3547 3413 post

1967 3440 2129 3496 filium
2181 3450 2367 3509 tuum,
2420 3441 2614 3512 quibus
2666 3440 3052 3496 commendas?
3106 3439 3389 3495 Actoribus
3440 3439 3544 3493 tuis

1965 3533 2310 3589 commendas
2338 3532 2476 3587 illius
2523 3542 2724 3601 partem
2753 3532 2843 3603 qui
2890 3531 3203 3602 praecessit,
3245 3539 3300 3586 et
3334 3528 3547 3586 Christo

1968 3639 2076 3679 non
2102 3622 2449 3679 commendas
2476 3622 2543 3676 ad
2570 3638 2727 3693 quem
2756 3622 3068 3692 praecessit?
3115 3621 3196 3675 An
3222 3620 3444 3676 idoneus
3468 3629 3551 3676 est

1954 3717 2066 3779 tibi
2094 3724 2408 3786 procurator
2439 3724 2558 3769 tuus
2579 3755 2593 3779 ,
2623 3716 2799 3768 minus
2823 3712 3042 3767 idoneus
3066 3711 3352 3766 Christus?

2041 3806 2268 3863 CAPUT
2317 3806 2456 3861 Xlll.
2485 3835 2556 3845 --
2578 3804 2668 3859 21.
2700 3803 2905 3859 Videtis
2926 3845 2940 3868 ,
2987 3802 3178 3857 fratres
3198 3842 3213 3868 ,
3252 3801 3373 3871 quia
3402 3815 3551 3856 men-

1972 3901 2185 3956 dacium
2233 3908 2317 3955 est
2358 3897 2500 3969 quod
2529 3897 2712 3952 dicunt
2739 3896 3003 3958 homines,
3037 3894 3183 3950 Filiis
3209 3893 3342 3948 meis
3370 3907 3548 3947 servo.

1958 3994 2306 4069 (Mendacium
2337 4001 2419 4047 est
2442 4034 2457 4059 ,
2491 3994 2682 4047 fratres
2710 3990 2846 4055 mei,
2892 3987 3223 4044 mendacium
3252 3994 3334 4041 est
3363 4002 3375 4038 :
3407 3985 3552 4039 avari

1976 4095 2100 4144 Sunt
2128 4085 2391 4141 homines.
2440 4083 2539 4140 Vel
2589 4083 2668 4139 sic
2696 4091 2841 4137 certe
2868 4088 3125 4152 cogantur
3148 4077 3391 4134 conﬁteri
3414 4076 3553 4147 quod

1958 4181 2167 4249 (nolunt
2188 4220 2205 4246 ,
2236 4194 2358 4235 cum
2387 4177 2712 4234 erubescunt
2738 4184 2917 4230 tacere
2942 4172 3085 4243 quod
3111 4179 3235 4226 sunt
3265 4188 3278 4225 :
3310 4170 3552 4234 fundant,

1977 4280 2197 4328 vomant
2236 4271 2289 4325 in
2314 4269 2648 4324 confessione
2675 4266 2815 4337 quod
2863 4272 3092 4335 portant.
3136 4263 3327 4319 Pectus
3354 4261 3555 4332 premi-

1981 4374 2067 4419 tur
2092 4363 2305 4433 crapula
2352 4360 2644 4429 iniquitatis
2669 4375 2682 4422 ;
2724 4365 2936 4412 evomat
2977 4370 3093 4411 eam
3123 4353 3389 4410 confessio
3420 4371 3432 4407 :
3462 4350 3555 4408 sed

1980 4472 2089 4510 non
2113 4455 2305 4509 canino
2335 4468 2483 4507 more
2512 4450 2761 4519 redeatur
2784 4448 2848 4503 ad
2877 4448 3155 4502 vomitum.
3204 4446 3390 4500 Estote
3417 4444 3558 4499 chri-

1982 4547 2160 4603 stiani.
2208 4545 2374 4600 Valde
2411 4558 2598 4615 parum
2636 4550 2718 4596 est
2740 4540 2921 4594 vocari
2964 4537 3304 4593 christianos.
3356 4535 3557 4602 Quanta

1982 4638 2194 4695 donatis
2242 4633 2631 4692 histrionibus?
2679 4640 2873 4702 quanta
2924 4629 3135 4685 donatis
3181 4627 3560 4683 venatoribus?

1960 4740 2179 4802 quanta
2211 4729 2451 4797 turpibus
2481 4725 2765 4796 personis?
2809 4723 3029 4777 Donatis
3054 4722 3133 4776 eis
3172 4719 3263 4790 qui
3300 4734 3394 4773 vos
3421 4719 3559 4771 ocri-

1983 4822 2134 4877 dunt.
2165 4821 2267 4876 Per
2307 4820 2449 4891 ipsas
2491 4818 2634 4872 enim
2661 4815 3010 4870 exhibitiones
3040 4803 3367 4881 voluptatum
3398 4809 3561 4862 inter-

1986 4914 2171 4968 ficiunt
2209 4912 2413 4966 animas
2441 4919 2648 4963 vestras
2676 4924 2690 4959 :
2729 4914 2783 4961 et
2820 4903 3066 4959 insanitis
3092 4903 3210 4972 quis
3235 4902 3354 4970 plus
3381 4899 3559 4953 donet.

1985 5007 2041 5062 Si
2070 5004 2378 5061 insaniretis
2403 5002 2522 5072 quis
2565 5001 2682 5070 plus
2710 5006 2925 5063 servet,
2970 5011 3074 5050 non
3109 4994 3299 5048 essetis
3339 4990 3560 5045 ferendi.

1984 5100 2114 5167 Quis
2157 5098 2277 5168 plus
2325 5104 2501 5150 servet
2545 5091 2778 5148 insanire
2804 5132 2817 5155 ,
2860 5090 3095 5144 avaritize
3132 5094 3215 5141 est
3248 5103 3263 5138 :
3292 5084 3411 5154 quis
3452 5083 3565 5152 plus

1954 5214 1959 5215 ί
1985 5192 2148 5246 donet
2172 5189 2429 5252 insanire,
2459 5183 2781 5255 profusionis
2819 5190 2919 5237 est.
2946 5179 3057 5235 Nec
3082 5191 3297 5231 avarum
3328 5184 3378 5229 te
3406 5175 3563 5234 Deus,

1987 5298 2087 5339 nec
2116 5281 2391 5353 profusum
2423 5279 2553 5333 vult.
2582 5276 2859 5333 Collocare
2886 5282 2937 5328 te
2962 5270 3071 5325 vult
3100 5286 3218 5340 quae
3248 5268 3431 5331 habes,
3463 5282 3565 5318 nun

1995 5374 2278 5447 projicere.
2320 5371 2549 5427 Certatis
2588 5369 2707 5440 quis
2731 5367 2905 5423 vincat
2948 5363 3003 5419 in
3048 5361 3229 5433 pejus,
3282 5375 3389 5415 non
3429 5357 3568 5413 datis

1954 5551 1961 5557 ’
2053 5575 2069 5607 ι
2092 5574 2175 5622 Hic
2208 5567 2334 5631 apud
2367 5572 2477 5617 Lov.
2515 5561 2730 5624 additur,
2761 5560 3011 5626 inquiunt;
3043 5558 3170 5624 quod
3206 5557 3268 5607 ab
3299 5564 3396 5605 Am.
3418 5561 3492 5605 Er.
3519 5562 3567 5604 et

1988 5645 2091 5687 Mss.
2116 5638 2272 5684 abest.

1958 5730 1961 5731 ν
1988 5677 2300 5749 Ἵέῖἕίιῖέὲ.
2332 5692 2451 5743 aditi
2474 5702 2612 5750 vero,
2645 5692 2755 5739 tunc
2789 5686 3081 5749 mittendus;
3103 5682 3292 5742 sublata
3315 5677 3564 5746 partimin.

1987 5775 2097 5815 non.
3394 5790 3397 5793 ,
