4002 6474
484 319 546 396 si
1707 328 1766 386 s.
1807 327 2168 388 AUGUSTINI
2211 327 2509 387 unseen
3674 335 3748 393 οε

484 452 603 523 quis
629 449 695 504 sit
718 448 890 521 pejor.
921 434 987 504 Et
1011 447 1186 504 dicitis
1214 463 1228 500 :
1255 439 1545 501 Christiani
1570 445 1771 500 sumus.
1801 443 1880 499 Ad
1906 427 2057 500 favo;

482 559 594 598 rem
623 542 802 612 populi
833 540 1084 610 projicitis
1111 555 1196 593 res
1223 545 1426 592 vestras
1448 580 1461 603 ,
1508 537 1690 592 contra
1727 535 1872 606 iussa
1897 534 2055 590 Chri-

482 637 590 690 sti'
641 635 828 688 tenetis
869 647 953 687 res
995 635 1217 685 Vestras.
1267 629 1405 683 Ecce
1452 643 1556 682 non
1596 628 1749 698 jubet
1789 627 2053 693 Christus,

482 735 633 798 rogat
657 725 917 787 Christus,
948 730 1067 793 eget
1092 721 1355 776 Christus.
1387 719 1612 785 Esuriui,
1640 720 1767 774 dicit
1788 719 2052 786 Christus,

480 833 528 876 et
549 837 648 875 non
671 816 875 874 dedistis
894 817 1017 871 mihi
1041 815 1346 868 manducare
1369 813 1577 885 (ﬂatile.
1598 828 1724 877 xxv,
1747 811 1860 884 42).
1887 814 2056 882 Egere

479 913 646 967 voluit
675 920 886 981 propter
929 917 979 963 te
1001 949 1015 972 ,
1046 917 1102 962 ut
1133 907 1356 962 haberes
1405 905 1491 961 ubi
1523 906 1816 961 seminares
1845 905 2054 959 terrena

479 1021 597 1074 qua:
623 1002 805 1068 dedit,
851 1001 904 1054 et
948 1009 1181 1055 meteres
1205 1000 1365 1053 vitam
1401 1005 1674 1053 aeternam.
1713 996 1882 1052 Nolite
1921 997 2055 1067 pigri

478 1109 597 1150 esse
619 1105 673 1148 et
703 1093 839 1147 male
868 1091 1061 1146 securi.
1111 1091 1282 1144 Mores
1311 1089 1590 1144 emendate
1615 1130 1628 1147 .
1658 1095 1870 1158 peccata
1909 1087 2054 1142 redi-

477 1188 624 1240 mite.
653 1185 720 1240 Et
745 1201 865 1239 cum
902 1183 1015 1237 haec
1048 1182 1310 1245 feceritis,
1342 1182 1449 1236 Deo
1471 1180 1666 1250 gratias
1695 1181 1867 1249 agite,
1894 1194 1922 1234 a
1947 1194 2056 1250 quo

480 1279 762 1347 accepistis
791 1279 926 1332 bene
950 1277 1151 1331 vivere.
1185 1276 1250 1330 Et
1275 1275 1351 1329 sic
1375 1275 1421 1328 ei
1455 1275 1653 1344 gratias
1681 1265 1840 1344 agite,
1866 1280 1925 1328 ut
1949 1288 2054 1327 non

479 1370 746 1424 insultetis
779 1368 863 1422 his
889 1370 976 1438 qui
1005 1366 1237 1426 nondum
1265 1368 1401 1422 bene
1433 1367 1648 1431 vivunt;
1677 1365 1768 1420 sed
1795 1380 1888 1420 eos
1913 1366 2056 1434 ipsos

480 1460 720 1515 moribus
763 1461 952 1514 vestris
1002 1458 1308 1513 hortemini.
1356 1457 1482 1512 ilice
1529 1455 1800 1521 faciendo,
1851 1456 2055 1511 habetis

479 1553 770 1622 perfectam
797 1593 811 1618 ,
859 1558 1114 1621 quantum
1165 1552 1215 1605 in
1254 1549 1354 1604 hac
1381 1549 1486 1604 vita
1516 1557 1723 1620 potest,
1771 1549 2049 1618 justitiam.

479 1645 870 1698 Conversantes
907 1645 958 1696 iu
993 1643 1146 1697 bonis
1174 1642 1424 1712 operibus
1448 1683 1462 1708 ,
1509 1641 1562 1695 in
1609 1634 1968 1709 orationibus,
2002 1642 2054 1696 in

472 1736 690 1806 jejnniis
711 1777 723 1798 ,
767 1736 818 1789 in
850 1729 1208 1806 eleemosynis
1236 1743 1450 1804 propter
1478 1734 1674 1787 minuta
1707 1743 1920 1804 peccata
1942 1775 1956 1800 ,
2001 1741 2057 1789 et

480 1827 796 1881 abstinendo
823 1841 917 1879 vos
947 1826 1014 1880 ab
1054 1825 1158 1884 iliis
1188 1824 1393 1895 magnis
1425 1823 1655 1894 peccatis
1675 1867 1688 1892 ,
1721 1825 2054 1880 concordatis

477 1934 596 1974 cum
623 1918 928 1972 adversario
967 1934 983 1971 :
1023 1925 1078 1972 et
1115 1918 1286 1971 securi
1326 1915 1500 1972 dicitis
1537 1918 1588 1971 in
1630 1919 1871 1972 oratione
1896 1959 1909 1980 ,
1961 1917 2058 1973 Di:

476 2013 612 2064 mitte
637 2012 778 2065 nobis
805 2011 969 2069 debita
997 2019 1171 2064 nostra
1191 2052 1205 2076 ,
1246 2010 1375 2064 sicut
1400 2018 1446 2063 et
1473 2027 1562 2064 nos
1587 2012 1885 2066 dimittimus
1916 2004 2055 2066 debi-

478 2103 665 2156 toribus
691 2104 871 2158 nostris
911 2099 1022 2174 (Id.
1055 2118 1124 2156 Vl.
1158 2102 1270 2172 12).
1318 2101 1533 2156 Habetis
1569 2104 1710 2160 enim
1753 2103 1891 2172 quod
1919 2119 2054 2173 quo-

479 2193 606 2248 tidie
651 2193 799 2247 vobis
842 2193 1176 2258 dimittatur,
1236 2192 1323 2262 qui
1374 2192 1583 2247 habetis
1635 2193 1775 2262 quod
1819 2194 2056 2263 quotidie

476 2285 773 2339 dimittatis.
805 2285 892 2340 Sic
920 2284 1240 2339 ambulando
1268 2285 1442 2339 securi
1469 2286 1519 2347 in
1551 2284 1634 2340 via
1665 2301 1770 2341 non
1803 2287 2054 2344 timebitis

478 2376 751 2430 latrocinia
799 2377 993 2431 diaboli
1041 2395 1054 2432 :
1107 2378 1228 2447 quia
1273 2377 1514 2432 Christus
1551 2379 1690 2434 viam
1738 2388 1793 2435 et
1835 2389 2054 2437 stratam

479 2483 722 2541 magnam
753 2485 810 2526 se
841 2473 1012 2542 ipsum
1043 2473 1185 2540 fecit,
1227 2489 1322 2543 per
1349 2490 1508 2545 quam
1537 2475 1683 2530 ducit
1708 2474 1775 2529 ad
1808 2477 2046 2545 patriam.

478 2561 668 2616 Omnis
699 2562 770 2616 ibi
799 2565 1089 2631 securitas,
1128 2565 1303 2621 omnis
1330 2567 1478 2636 quies
1512 2585 1525 2620 :
1559 2567 1645 2622 ubi
1674 2576 1727 2622 et
1757 2568 1865 2637 ipsa
1897 2559 2057 2622 mise-

477 2655 725 2710 ricordia:
766 2651 926 2726 Opera
971 2658 1292 2725 cessabunt,
1338 2659 1458 2729 quia
1497 2659 1640 2715 nulla
1683 2660 1752 2714 ibi
1790 2661 1891 2715 erit
1920 2659 2056 2714 indi-

478 2749 653 2816 gentia
684 2749 1024 2804 miserorum.
1055 2751 1169 2804 Erit
1193 2765 1322 2821 ergo
1362 2751 1470 2805 illic
1499 2753 1773 2807 sabbatum
1807 2753 2054 2808 sabbato-

477 2857 626 2909 rum;
649 2851 706 2896 ut
723 2845 863 2914 quod
884 2845 967 2900 hic
983 2845 1369 2912 desideramus,
1406 2847 1475 2900 ibi
1499 2847 1845 2902 inveniamus.
1863 2849 2052 2904 Amen.

1042 2936 1272 2992 SERMO
1306 2937 1492 3008 xm.

552 3025 631 3081 De
647 3027 846 3096 judicio
873 3025 1163 3083 Salomonis
1187 3027 1316 3082 inter
1347 3028 1474 3082 duas
1498 3026 1730 3084 mulieres
1754 3032 1978 3086 meretri~

1234 3138 1314 3176 σεε
1321 3163 1334 3176 .

557 3211 610 3265 1.
665 3195 758 3265 Hei
788 3221 937 3282 gestae
965 3213 1208 3266 narratio.
1268 3212 1410 3267 inter
1461 3213 1592 3268 duas
1641 3213 1891 3270 mulieres
1928 3229 2052 3270 cer-

483 3311 655 3357 tantes
695 3302 762 3357 de
805 3303 1026 3372 parvulo
1073 3302 1180 3358 ﬁlio
1227 3304 1467 3360 mirabile
1505 3305 1760 3375 judicium
1809 3304 2054 3363 Salomo-

483 3395 567 3450 nis
627 3395 876 3466 pra-dicat
938 3395 1209 3466 Scriptura
1279 3397 1601 3467 Regnorum.
1651 3399 1915 3470 Scriptum
1973 3412 2057 3459 est

477 3489 618 3544 enim
645 3507 658 3543 :
709 3490 848 3545 Tum:
875 3491 1220 3562 apparuerunt
1246 3493 1361 3547 duae
1388 3493 1621 3549 mulieres
1643 3496 1925 3550 meretrices
1948 3499 2056 3569 regi

481 3577 779 3648 Solomoni,
829 3592 874 3635 et
919 3591 1156 3636 steterunt
1207 3584 1260 3638 in
1305 3589 1572 3651 conspectu
1626 3584 1734 3655 ejus
1759 3627 1774 3652 ,
1825 3595 1873 3640 et
1927 3587 2055 3643 dixit

478 3673 660 3727 mulier
683 3692 782 3727 una
811 3692 829 3729 :
857 3674 1236 3742 Animadverte,
1278 3676 1508 3745 domine,
1539 3667 1636 3748 ego.
1666 3688 1714 3732 et
1739 3678 1920 3733 mulier
1947 3680 2054 3735 lucc

479 3765 824 3822 habitabamus
848 3770 901 3822 in
936 3768 1084 3822 domo
1109 3781 1239 3836 una,
1281 3779 1328 3824 et
1365 3771 1537 3841 peperi
1563 3771 1614 3824 in
1643 3767 1789 3825 domo
1811 3814 1825 3839 ,
1859 3777 1905 3828 et
1929 3785 2052 3829 con-

479 3859 588 3928 tigit
635 3860 716 3913 die
757 3861 898 3914 tertia
945 3870 1207 3940 postquam
1258 3852 1459 3932 peperi,
1517 3865 1706 3934 peperit
1752 3853 1899 3918 etiam
1947 3868 2054 3922 Ιιωο

478 3953 658 4005 mulier
684 3953 884 4022 ﬁlium;
921 3945 966 4007 ei
993 3970 1190 4007 eramus
1214 3954 1266 4007 in
1296 3970 1395 4008 uno
1416 3997 1431 4023 ,
1463 3963 1511 4009 et
1535 3973 1634 4010 non
1663 3965 1767 4011 erat
1792 3959 2054 4029 quisquam

479 4043 732 4100 nobiscum
772 4058 950 4116 prmtcr
979 4047 1152 4100 ambas
1180 4064 1270 4101 nos
1313 4047 1366 4102 in
1396 4047 1544 4103 domo
1576 4065 1595 4103 :
1632 4059 1677 4104 et
1719 4061 1944 4107 mortuus
1981 4063 2052 4109 est

480 4136 616 4204 ﬁlius
644 4137 866 4190 mulieris
906 4137 1060 4206 hujus
1089 4154 1178 4208 per
1211 4149 1403 4192 noctem
1423 4180 1437 4204 ,
1486 4156 1604 4193 mox
1632 4141 1866 4196 dormivit
1901 4160 2053 4214 super

483 4243 637 4292 eum;
677 4237 722 4280 et
768 4228 984 4281 surrexit
1026 4226 1191 4281 media
1233 4238 1413 4296 nocte,
1461 4217 1507 4284 el
1551 4231 1663 4284 tulit
1698 4232 1859 4300 ﬁlium
1887 4250 2051 4290 meum

477 4317 539 4370 ab
568 4317 766 4371 usitellis
793 4320 915 4372 meis
940 4361 955 4385 ,
1001 4328 1046 4372 et
1090 4319 1352 4374 collocauit
1393 4321 1446 4374 in
1485 4322 1598 4376 sinu
1641 4339 1764 4388 suo,
1815 4334 1861 4379 et
1887 4326 2050 4395 ﬁlium

478 4419 622 4462 suum
650 4421 901 4462 mortuum
929 4409 982 4463 in
1017 4411 1133 4464 sinu
1167 4427 1318 4478 meo;
1357 4419 1403 4466 et
1435 4414 1630 4468 surrexi
1656 4431 1804 4470 mane
1828 4417 1950 4471 dare
1973 4418 2051 4473 lac

477 4504 584 4573 ﬁlio
613 4521 739 4568 meo,
773 4513 819 4558 et
847 4503 934 4558 ille
958 4513 1062 4557 erat
1091 4515 1320 4559 mortuus
1350 4522 1368 4560 :
1410 4506 1720 4561 consideravi
1748 4525 1857 4562 eum
1883 4527 2047 4578 mane,

475 4605 520 4649 ct
546 4612 656 4649 ecce
699 4612 799 4649 non
839 4604 945 4649 erat
987 4595 1124 4665 ﬁlius
1169 4611 1310 4652 meus
1366 4613 1510 4670 quem
1561 4601 1748 4670 peperi.
1812 4602 1880 4656 Et
1922 4603 2050 4659 dixit

473 4687 653 4740 mulier
685 4685 777 4740 illa
815 4686 918 4741 alia
953 4704 970 4741 :
1002 4683 1119 4742 Non
1142 4730 1156 4754 ,
1207 4688 1296 4742 sed
1332 4673 1468 4758 ﬁlius
1506 4706 1644 4744 meus
1679 4700 1750 4745 est
1790 4691 1875 4762 qui
1911 4695 2046 4762 vivit,

475 4779 612 4848 [ilius
655 4789 821 4832 autem
864 4787 980 4834 tuus
1032 4780 1119 4850 qui
1165 4790 1391 4834 mortuus
1447 4789 1539 4836 est.
1603 4781 1672 4835 Et
1715 4783 1827 4853 ipsa
1877 4785 2050 4841 dixit:

476 4869 631 4937 Non,
683 4871 820 4940 ﬁlius
867 4857 980 4925 tuus
1009 4879 1082 4925 est
1125 4871 1214 4924 ille
1240 4881 1500 4938 mortuus,
1547 4881 1594 4927 et
1635 4885 1773 4928 meus
1817 4877 1954 4945 ﬁlius
1979 4886 2050 4931 est

475 4961 558 5032 qui
585 4961 718 5014 vivit.
750 4961 817 5015 Et
847 4962 1026 5015 locutte
1055 4971 1172 5014 sunt
1210 4963 1261 5014 in
1297 4972 1562 5032 conspectu
1604 4963 1773 5036 Regis.
1815 4963 1883 5021 Et
1922 4969 2048 5024 dixit

476 5067 690 5122 operam
723 5053 841 5122 quis
877 5053 946 5107 sit
977 5052 1165 5107 melior
1203 5068 1217 5105 :
1258 5064 1416 5123 atque
1458 5055 1658 5110 utinam
1701 5072 1807 5112 non
1851 5058 2049 5116 daretis

470 5208 802 5322 ϋρῖὶῖιῗέἓιιθ
824 5217 928 5261 lia.
953 5212 1193 5272 omittunt,
1211 5208 1405 5266 Christi.
1423 5219 1474 5268 Et
1495 5215 1688 5278 quidam
1710 5218 1817 5281 ejus
1836 5217 1942 5270 1000
1963 5219 2050 5274 ha-

593 5305 610 5332 ,
634 5305 738 5320 υνοο

534 5353 606 5418 (a)
637 5341 766 5401 Nune
796 5353 999 5422 primum
1054 5353 1211 5416 prodit
1264 5369 1325 5406 ex
1372 5363 1480 5407 Mss.
1507 5361 1670 5424 Regio,
1705 5361 1976 5413 Colbertino
2000 5371 2053 5415 et

471 5413 728 5464 Victorino.
763 5421 814 5461 in
851 5415 1070 5465 eamdem
1100 5430 1207 5467 rem
1240 5427 1502 5469 censentur
1532 5421 1586 5469 in
1616 5424 1807 5473 Pessidii
1845 5424 2052 5473 lndiculo

471 5426 728 5464 γιαοηηο.
763 5426 814 5461 ιιι
851 5426 1070 5465 eamdem
1100 5430 1207 5467 rem
1240 5427 1502 5469 censentur
1532 5426 1586 5469 in‘
1616 5426 1807 5473 Pessidii
1845 5426 2052 5478 lndiculo

471 5475 845 5551 Sermonesduo
864 5489 875 5522 :
896 5475 1019 5551 alter
1044 5480 1092 5551 in
1113 5493 1217 5551 cap.
1236 5479 1284 5539 8,
1310 5482 1402 5551 sui_)
1423 5483 1527 5551 ipso
1549 5484 1705 5551 titulo,
1739 5503 1761 5532 «
1785 5494 1850 5535 De
1872 5488 2052 5551 Judicio

481 5537 802 5612 «galeri-tonis,
830 5553 850 5581 ι
882 5543 998 5612 (ηεξ.ἓ
1023 5539 1144 5612 alter
1168 5537 1217 5612 in
1245 5537 1350 5606 cap.
1370 5544 1417 5612 ἦ,
1443 5537 1542 5612 hac
1565 5537 1820 5612 inscriptus
1843 5549 2050 5608 ratione,

481 5615 504 5644 ι
526 5604 595 5673 ne
629 5598 816 5673 duabus
833 5599 1134 5673 mulieribus
1153 5604 1218 5653 de
1241 5598 1439 5667 paivulo
1459 5598 1852 5673 disceptaniibus,
1887 5598 2053 5673 contra

483 5677 506 5714 ς
524 5672 668 5732 supra
703 5663 919 5722 scriptos,
943 5679 964 5706 ι)
997 5663 1044 5711 id
1068 5671 1160 5732 est,
1193 5663 1360 5740 contra
1382 5663 1646 5738 Donatistas
1668 5684 1680 5718 :
1711 5663 2053 5732 quos'quidem

473 5713 806 5786 Schtsmatloos
824 5725 1062 5786 spectabit
1081 5725 1295 5780 historiae
1307 5729 1386 5782 hic
1407 5733 1662 5786 propositae
1681 5733 1916 5786 posterior
1929 5733 2052 5786 alle-

824 5741 1062 5786 specuum
1081 5741 1295 5780 omne
1307 5741 1386 5782 mc
1405 5741 1662 5796 propositas
1678 5745 1766 5797 Ρω

2163 445 2234 500 eis
2262 445 2372 501 Rea:
2407 462 2426 501 :
2474 444 2735 514 radicis,
2781 447 2883 504 Hic
2925 447 2998 505 est
3041 449 3178 519 ﬁlius
3221 445 3476 520 tuensqui
3502 447 3649 518 visit,
3692 461 3741 509 et

2161 535 2301 606 [ilius
2328 540 2437 610 ejus
2476 550 2698 594 mortuus
2725 550 2796 595 est
2810 559 2830 608 ;
2871 550 2922 596 et
2964 549 3016 597 tu
3058 544 3184 598 dicis
3210 584 3224 608 ,
3272 542 3429 610 Neu,
3479 545 3569 599 sed
3603 546 3742 614 ﬁlius

2161 639 2298 684 meus
2337 631 2452 684 vivit
2477 673 2491 696 ,
2543 641 2587 685 et
2626 632 2762 701 ﬁlius
2807 635 2916 704 ejus
2955 644 3180 688 mortuus
3219 644 3310 688 est.
3363 631 3428 688 Et
3466 636 3538 688 ait
3580 635 3741 692 Rem:

2160 721 2352 789 Aﬂ'erte
2399 723 2521 777 milii
2559 725 2881 780 praeliturum.
2940 725 3009 780 Et
3046 725 3326 781 obtulerunt
3361 729 3404 781 ei
3437 731 3742 785 machaeram

2159 814 2211 868 in
2240 807 2504 885 conspectu
2545 814 2716 886 Regis.
2773 815 2840 870 Et
2879 812 3005 871 dixit
3048 809 3160 871 Rex
3203 834 3222 871 :
3273 812 3487 874 Diuidite
3532 821 3745 890 puerum

2158 909 2244 977 qui
2280 909 2428 971 vivit,
2475 908 2527 961 in
2556 908 2684 962 duas
2709 907 2907 978 partes,
2951 917 2999 964 et
3028 911 3145 964 dalc
3178 911 3443 965 dimidium
3467 915 3573 981 ejus
3603 914 3740 980 huic,
3786 911 3788 913 ’

2159 1008 2204 1054 ei
2235 1000 2499 1054 dimidium
2529 1002 2637 1070 ejus
2666 999 2799 1056 huic.
2848 1000 2914 1056 Et
2947 1004 3201 1073 respondit
3241 1005 3418 1058 mulier
3453 1006 3600 1070 cuius
3632 1017 3742 1059 erat

2159 1093 2295 1162 ﬁlius
2322 1095 2407 1162 qui
2445 1094 2666 1162 vivebat,
2700 1106 2746 1149 et
2787 1096 2911 1150 dixit
2937 1096 3004 1149 ad
3035 1097 3238 1166 Regem,
3276 1093 3512 1169 quoniam
3540 1093 3744 1154 cantur-

2159 1182 2276 1256 bata
2298 1194 2369 1247 est
2398 1186 2543 1246 uulua
2579 1187 2688 1255 eius
2726 1202 2876 1258 super
2904 1189 3013 1256 ﬁlia
3041 1204 3168 1252 suo;
3199 1199 3252 1243 vel
3293 1190 3418 1252 dini!
3451 1206 3470 1243 :
3493 1190 3741 1252 Animad-

2157 1277 2332 1338 uertite
2351 1317 2367 1342 .
2397 1277 2597 1338 dandus
2615 1319 2628 1342 ,
2671 1279 2788 1340 date
2814 1281 2858 1336 ai
2898 1297 3137 1349 puerum.
3189 1291 3234 1342 et
3261 1282 3410 1338 nolite
3439 1299 3555 1344 sunt
3582 1295 3742 1344 morte,

2157 1365 2369 1436 Were.
2424 1366 2489 1429 Et
2532 1368 2638 1422 huic
2671 1368 2799 1422 dixit
2839 1384 2859 1423 :
2905 1369 3082 1444 Neque
3107 1371 3257 1434 mihi,
3305 1388 3465 1441 neque
3505 1373 3619 1432 huic
3651 1375 3736 1441 sit,

2157 1455 2245 1520 sed
2291 1455 2498 1518 dividite
2554 1459 2718 1528 illum.
2785 1459 2853 1520 Et
2903 1461 3162 1530 respondit
3210 1461 3356 1526 Rex,
3416 1473 3462 1518 et
3517 1463 3644 1530 dixit
3693 1465 3740 1524 ei

2159 1549 2358 1608 ntulisti
2385 1565 2496 1619 qui!
2523 1551 2651 1614 dixit
2674 1592 2687 1615 .
2732 1551 2861 1606 Date
2886 1569 3002 1614 euut
3030 1554 3106 1614 illi
3133 1593 3148 1618 ν
3181 1563 3227 1612 α
3255 1563 3412 1618 morte
3439 1555 3592 1620 nolite
3619 1572 3738 1616 cum

2158 1638 2386 1708 aﬁcere;
2419 1640 2553 1708 Quia
2576 1642 2682 1696 huic
2708 1651 2778 1706 est
2805 1653 2962 1708 mater
2983 1645 3094 1714 eius
3137 1645 3224 1715 (Ill
3248 1646 3374 1716 Reg.
3407 1661 3484 1713 ut.
3510 1645 3594 1710 16,
3616 1646 3739 1717 27).

2159 1729 2448 1796 Prudentis
2478 1733 2690 1802 quidem
2719 1735 2877 1804 Regis
2907 1735 3088 1790 divino
3118 1751 3342 1808 munero
3383 1752 3638 1801 concessa
3681 1737 3737 1802 in

2160 1819 2262 1884 hoc
2300 1821 2502 1891 judicio
2527 1824 2780 1882 mirabilis
2805 1825 3020 1886 eminet.
3067 1825 3186 1888 Non
3211 1827 3353 1890 enim
3383 1826 3562 1889 docuit
3583 1867 3598 1892 .
3645 1836 3742 1890 aut

2159 1916 2393 1985 oportuit
2421 1915 2579 1978 aliam
2599 1916 2841 1986 judicare
2869 1933 2991 1978 esse
3014 1927 3241 1996 ntatrem
3268 1919 3453 1990 pueri;
3486 1919 3584 1980 nisi
3614 1935 3739 1976 eam

2159 2022 2276 2079 qua:
2329 2007 2502 2065 illum.
2533 2009 2726 2066 iterum
2779 2009 3010 2079 quodam
3062 2009 3226 2072 modo
3274 2010 3520 2079 conuenit
3545 2049 3560 2076 ,
3613 2025 3740 2070 cum

2159 2100 2410 2170 Cognovit
2439 2101 2708 2167 ablatura;
2747 2110 2802 2158 et
2831 2102 3021 2162 iterum
3053 2101 3360 2171 parturivit,
3392 2100 3518 2163 dum
3546 2116 3577 2157 a
3606 2099 3739 2162 falsa

2160 2202 2330 2252 matre
2354 2193 2629 2259 defendit;
2681 2203 2736 2250 et
2783 2195 2975 2260 iterum
3024 2194 3263 2263 peperit,
3308 2193 3436 2256 dum
3483 2208 3590 2254 non
3616 2207 3740 2262 pcr-

2161 2285 2308 2342 misit
2332 2286 2524 2343 occidi;
2557 2286 2931 2344 Verumtamen
2958 2285 3095 2346 sicut
3125 2285 3299 2346 solent
3326 2284 3490 2344 divini
3525 2293 3742 2347 Veteres

2160 2375 2304 2433 Libri
2336 2376 2373 2440 ι,
2408 2391 2513 2431 non
2541 2377 2712 2434 solum
2751 2377 2830 2432 rei
2855 2385 3020 2446 gestia
3049 2375 3208 2438 ﬁdem
3231 2417 3248 2444 .
3288 2375 3384 2438 sed
3409 2376 3570 2434 etiam
3596 2375 3741 2432 iutu-

2160 2483 2234 2522 rtc
2277 2467 2550 2525 insinuare
2575 2467 2920 2538 mysterium;
2951 2465 3336 2530 consideranda
3362 2475 3444 2526 est
3472 2467 3572 2522 ista
3594 2463 3744 2533 εει-ῖς

2159 2567 2313 2630 plura
2337 2601 2353 2626 ,
2381 2568 2563 2622 utrum
2590 2558 2744 2616 nobis
2770 2559 2823 2614 in
2853 2557 3058 2623 duabus
3099 2557 3216 2614 istis
3240 2556 3552 2622 mulieribus
3575 2554 3743 2628 signi-

2157 2650 2372 2722 ﬁcatum
2404 2651 2602 2722 aliquid
2632 2651 3018 2722 lignatumque
3050 2650 3399 2718 demonstret.

2228 2743 2282 2800 8.
2344 2743 2578 2805 ﬂulierss
2606 2744 2721 2802 dua:
2743 2759 2913 2804 coram
2938 2743 3210 2808 Salomone
3235 2743 3486 2813 litigantes
3518 2744 3581 2809 de
3601 2743 3740 2812 ﬁlio,

2159 2838 2434 2909 Symgoga
2467 2847 2512 2896 et
2554 2837 2796 2898 Ecclesia.
2842 2835 3287 2898 Sacramentorum
3316 2838 3445 2904 vita,
3481 2835 3736 2900 Christus.

2160 2928 2229 2988 Et
2257 2930 2374 2986 dum
2397 2929 2608 2998 quidem
2632 2928 2843 2988 femina:
2861 2928 3138 3000 Synagoga
3157 2937 3214 2988 et
3234 2929 3469 2994 EccleSja
3493 2928 3545 2990 ill
3567 2927 3740 2998 prima

2158 3021 2294 3102 facie
2320 3022 2760 3084 considerationis
2801 3033 3087 3082 occurrunt
3120 3041 3133 3078 :
3161 3022 3438 3094 Synagoga
3481 3022 3622 3078 enim
3665 3021 3737 3078 ii-

2159 3114 2288 3174 lium
2333 3129 2484 3170 suum
2531 3113 2798 3178 Christum
2847 3130 2912 3172 ex
2950 3113 3151 3174 Judaois
3191 3113 3485 3176 secundum
3518 3127 3740 3174 carnem

2159 3216 2342 3267 malum
2372 3206 2635 3268 occidisse
2677 3207 3012 3266 convincitur
3046 3206 3317 3270 deﬁniens
3337 3248 3353 3275 ,
3396 3206 3448 3267 id
3485 3214 3566 3270 est
3594 3221 3740 3277 puc-

2159 3299 2326 3360 semis
2353 3300 2474 3354 vita:
2502 3298 2773 3368 sequendo
2802 3298 2995 3364 lucem,
3029 3298 3608 3369 manifestationemquc
3635 3311 3737 3353 ve-

2156 3391 2329 3464 ritatis
2379 3391 2431 3446 in
2488 3391 2664 3452 veritis
2727 3391 2935 3450 Domini
2981 3404 3090 3452 nou
3143 3390 3444 3460 intelligens
3484 3407 3499 3444 ε
3547 3404 3737 3448 verum

2157 3483 2318 3544 etiam
2347 3482 2602 3552 scriptum
2627 3491 2740 3549 est,
2769 3481 2966 3553 Surge,
3001 3481 3088 3552 qui
3127 3481 3315 3540 dormis
3338 3523 3352 3548 ,
3383 3490 3430 3538 st
3455 3497 3666 3552 casui-ge
3702 3499 3743 3544 α

2159 3574 2392 3640 mortuis,
2423 3581 2470 3630 et
2498 3573 2800 3636 manumisit
2825 3581 2870 3634 te
2889 3572 3116 3634 Christus.
3142 3571 3352 3645 (Esses.
3373 3572 3557 3645 v.14).
3583 3573 3742 3642 Quod

2157 3681 2285 3724 vero
2311 3674 2366 3722 et
2388 3665 2510 3726 duae
2532 3673 2586 3726 et
2614 3665 2743 3728 solae
2775 3665 2828 3728 in
2854 3679 2957 3726 una
3000 3663 3158 3728 domo
3202 3664 3598 3732 inhabitabant,
3627 3680 3740 3728 non

2157 3757 2385 3817 absurde
2411 3755 2536 3817 illud
2563 3754 2826 3826 significat
2844 3793 2860 3822 ,
2886 3754 3027 3826 quod
3055 3765 3248 3825 praeter
3273 3755 3740 3818 circumcisionem

2157 3858 2212 3914 et
2239 3848 2577 3918 primmdum,
2603 3846 2809 3912 nullum
2835 3846 2887 3913 in
2919 3845 3022 3910 hoc
3047 3845 3244 3904 mundo
3272 3845 3543 3916 religionis
3568 3861 3741 3916 genus

2155 3940 2427 4000 inventum
2465 3947 2548 4000 est
2579 3956 2593 3993 :
2626 3946 2682 3998 ut
2725 3937 2780 3993 in
2824 3951 3056 4012 persona
3094 3938 3250 3998 unius
3292 3937 3530 4010 mulieris
3571 3953 3740 3998 unum

2155 4047 2326 4104 genus
2353 4031 2786 4095 circumcisorum
2815 4031 3089 4094 hominum
3121 4030 3414 4095 constituas
3455 4031 3554 4090 sub
3579 4031 3741 4086 unius

2156 4123 2252 4186 Dei
2287 4132 2342 4186 et
2365 4123 2507 4186 cultu
2533 4129 2589 4180 et
2615 4121 2732 4192 lege
2765 4120 3248 4190 comprehensum;
3281 4119 3338 4184 in
3363 4120 3578 4177 alterius
3606 4135 3740 4177 vero

2155 4212 2393 4279 mulieris
2436 4225 2660 4281 persona
2699 4211 2998 4280 universam
3041 4210 3420 4280 pratputiorum
3455 4210 3740 4276 Cantiliu-

2157 4312 2265 4370 tem
2307 4303 2573 4370 idolorum
2613 4301 2778 4370 cultui
2817 4299 3049 4371 deditam
3101 4300 3384 4371 intelligas.
3429 4300 3740 4362 Meretrices

2155 4406 2336 4454 autem
2380 4396 2550 4462 arnbm
2589 4393 2806 4464 inerunt
2835 4410 2848 4448 :
2878 4393 3005 4462 dicit
3039 4393 3180 4448 enim
3207 4392 3494 4467 Apostolus
3521 4392 3740 4458 .ludzcos

2155 4497 2209 4542 ct
2236 4489 2453 4543 Graecos
2489 4500 2677 4540 omnes
2717 4483 2816 4538 sub
2842 4492 3058 4556 peccato
3085 4497 3206 4540 esse
3252 4481 3433 4554 (Boni.
3477 4499 3532 4540 tu
3556 4523 3570 4548 ,
3601 4481 3736 4553 25).

2155 4577 2340 4650 Omnis
2368 4577 2509 4650 enirn
2549 4575 2725 4630 anima
2751 4589 2867 4646 qu:e
2897 4573 3108 4628 deserta
3142 4574 3436 4643 aeternitate
3463 4575 3696 4630 veritatis
3718 4615 3736 4640 ,

2156 4645 2384 4723 terrenis
2414 4645 2659 4738 sordibus
2685 4664 3001 4742 delectatur,
3029 4664 3318 4720 fornicatur
3338 4680 3366 4718 a
3397 4664 3637 4720 Domino.
3669 4666 3743 4722 Et

2155 4759 2222 4822 dc
2241 4759 2424 4835 gentili
2448 4757 2660 4828 quidem
2689 4756 3038 4830 fornicatione
3061 4756 3280 4810 veniens
3301 4755 3536 4811 Ecclesia
3563 4758 3741 4814 mani-

2154 4853 2348 4920 festum
2388 4859 2468 4906 est
2501 4849 2640 4926 quod
2684 4864 2789 4916 non
2840 4847 3094 4903 occiderit
3128 4846 3398 4926 Christum
3427 4865 3440 4901 :
3473 4847 3566 4902 sed
3603 4864 3741 4932 quo-

2155 4945 2314 5018 modo
2352 4952 2523 4998 mater
2559 4941 2756 5016 Christi
2789 4943 2947 4996 etiam
2986 4942 3098 5010 ipsa
3136 4940 3237 5018 sit,
3269 4941 3600 5014 cogitandum
3631 4950 3737 4996 est.

2155 5036 2384 5104 Attende
2425 5035 2765 5108 Evangelium
2793 5075 2810 5106 ι
2849 5041 2903 5087 et
2940 5031 3060 5086 audi
3107 5031 3386 5106 Dominum
3425 5032 3738 5101 dicentem,

2160 5130 2256 5202 Qui
2295 5129 2460 5208 fecerit
2488 5119 2792 5180 uoluntatem
2834 5121 3007 5180 Patris
3037 5123 3168 5200 mei,
3199 5124 3279 5177 hic
3309 5134 3467 5178 mater
3504 5140 3646 5190 mea,
3687 5133 3742 5177 et

2155 5221 2332 5294 frater,
2366 5229 2411 5272 et
2432 5233 2574 5272 soror
2599 5227 2671 5270 est
2705 5215 2915 5294 (Matth.
2947 5232 3040 5288 xu,
3070 5215 3182 5286 50).
3212 5215 3312 5271 Ubi
3337 5231 3461 5286 ergo
3486 5213 3742 5270 dormivit

2157 5309 2292 5378 haec,
2335 5325 2440 5364 non
2469 5318 2526 5362 ut
2550 5305 2738 5364 somno
2768 5306 3106 5380 praefocaret,
3136 5305 3229 5361 sed
3270 5315 3444 5360 tamen
3475 5314 3529 5361 ut
3557 5314 3739 5375 posset

2157 5381 2206 5459 ei
2236 5411 2474 5476 mortuus
2505 5399 2762 5476 supponi,
2809 5408 2863 5454 et
2899 5399 3049 5454 vivus
3081 5397 3318 5454 auferri?
3346 5399 3426 5454 An
3455 5395 3592 5454 forte
3633 5397 3737 5455 hoc

2157 5479 2268 5562 est,
2303 5494 2440 5564 quod
2472 5495 2642 5564 ipsum
2669 5502 3064 5548 sacramentum
3109 5491 3559 5561 circumcisionis,
3592 5493 3734 5565 quod

2157 5586 2296 5657 apud
2329 5585 2540 5660 iudices
2561 5585 2670 5658 jam
2714 5592 2980 5639 mortuum
3017 5595 3374 5654 remanserat,
3411 5586 3534 5655 quia
3564 5595 3737 5642 totum

2158 5680 2223 5735 de
2247 5679 2335 5734 illo
2363 5659 2648 5732 earnaliter
2682 5676 2980 5731 sentiebant
3009 5695 3022 5732 :
3055 5675 3155 5733 hoc
3178 5692 3306 5752 ergo
3341 5683 3736 5746 sacramentum

2225 5796 2244 5842 δ
2268 5793 2533 5846 Victorinus
2553 5799 2656 5856 tta»,
2679 5789 2779 5846 dici
2799 5795 2982 5859 ueteres
2997 5789 3140 5848 Libri.
