4014 6310
224 325 297 384 93

224 430 683 502 circumcisionis,
710 419 852 502 quod
887 405 1028 494 apud
1063 405 1276 496 Iudaeos
1302 407 1406 480 non
1434 401 1678 487 vivebat,
1716 400 1802 480 qui

224 527 536 604 occiderant
581 517 874 596 Christum,
923 511 1012 595 qui
1061 508 1299 583 omnium.
1349 504 1805 574 sacrau'teutorum

226 623 329 677 vita
356 602 478 686 est;
521 582 769 688 quoniam
905 582 994 662 illo
1020 601 1248 657 vitaliter
1290 592 1632 668 intelligitur,
1667 582 1808 656 quod

225 714 366 788 apud
393 685 609 772 Iudaeos
633 703 910 776 visibiliter
936 695 1231 770 celebratur
1262 709 1276 745 :
1309 689 1409 744 hoc
1435 685 1607 753 itaque
1634 692 1809 748 sacra-

224 818 467 884 mentum
496 795 918 875 circumcisiouis
947 801 1196 859 tanquam
1217 781 1460 840 exanime
1481 788 1671 845 corpus
1697 770 1810 856 qui—

1067 883 1072 884 ,
1205 877 1233 884 -
1621 863 1782 884 .mu,

227 863 345 972 dam
379 863 561 962 Juda‘i.
582 865 826 968 volebant
852 883 1174 960 persuadere
1196 874 1515 950 Gentilibus,
1546 867 1633 938 qui
1660 863 1812 965 Chri-

227 960 322 1047 sto.
353 953 734 1064 crediderant:
773 953 909 1048 sicut
936 976 989 1040 in
1023 971 1239 1028 Actibus
1279 962 1650 1046 Apostolorum
1684 953 1810 1027 seri.

230 1095 377 1164 ptum
508 1121 524 1154 η
569 1069 806 1140 dicentes
838 1063 942 1125 non
977 1079 1132 1142 posse
1171 1075 1263 1123 eos
1301 1042 1421 1116 esse
1463 1051 1639 1107 salvos
1661 1087 1676 1114 ,
1711 1042 1813 1098 nisi

1098 1153 1138 1164 ..
1167 1154 1189 1164 -
1221 1153 1256 1164 _
1394 1143 1608 1164 ,,_,_M
1639 1146 1810 1164 Mm“

231 1143 423 1254 lierent
453 1143 763 1226 circumcisi
797 1165 927 1236 (Act.
957 1174 1043 1227 xv,
1092 1153 1190 1228 1)?
1221 1143 1612 1229 i’ersuadebant
1637 1146 1811 1202 autem

231 1243 331 1321 boc
359 1256 729 1334 ignorantibus
755 1256 985 1330 Legem,
1017 1261 1264 1324 tanquam
1298 1243 1349 1316 in
1383 1237 1615 1302 tenebris
1646 1230 1815 1286 noctis

235 1361 400 1413 lilium
438 1327 713 1410 mortuum
742 1321 1137 1421 supponentes:
1157 1337 1265 1392 Nec
1297 1344 1475 1404 tamen
1520 1325 1685 1402 potuit
1716 1321 1814 1376 ali-

234 1450 355 1522 quid
385 1450 566 1501 valere
592 1445 676 1520 illa
705 1437 998 1515 persuasio,
1026 1433 1126 1489 nisi
1152 1445 1270 1488 cum
1295 1424 1542 1488 Ecclesia:
1568 1416 1816 1480 Genlium

235 1507 294 1596 ex
337 1539 520 1616 aliqua
563 1507 720 1606 parte
740 1507 974 1605 stultitia:
995 1509 1231 1581 (somnus
1259 1516 1514 1586 obrepsit.
1545 1513 1710 1580 Quam
1742 1507 1816 1570 vi-

236 1633 391 1688 detur
419 1630 576 1702 quasi
604 1625 952 1688 dormientem
979 1615 1261 1688 Apostolus
1284 1610 1532 1672 excitare,
1561 1604 1815 1673 clamans,

241 1722 281 1776 0
311 1695 458 1776 stulti
508 1719 733 1784 Galam,
775 1713 885 1790 quis
925 1727 1010 1766 vos
1059 1701 1368 1780 fascinavit?
1397 1708 1451 1754 et
1490 1695 1644 1767 paulo
1674 1699 1816 1772 post,

239 1814 325 1870 Sic
356 1813 507 1868 stulti
534 1813 651 1866 estis
673 1853 687 1876 ,
716 1807 919 1890 inquit,
948 1813 1000 1858 ut
1024 1818 1138 1856 cum
1163 1797 1344 1872 spiritu
1370 1790 1613 1862 coeperitis
1633 1829 1646 1852 ,
1691 1800 1822 1839 nunc

239 1925 388 1964 carne
413 1877 833 1958 consummemini
864 1896 1058 1972 (Galat.
1088 1909 1166 1960 ut,
1192 1891 1243 1958 1,
1267 1889 1341 1958 5).
1374 1886 1644 1960 Tanquam
1672 1880 1716 1935 si
1745 1877 1824 1934 di-

239 2007 385 2054 ceret
414 2014 427 2049 :
464 1995 557 2050 Sic
586 1991 731 2048 stulti
760 1968 926 2053 estis,
955 1993 1013 2040 ut
1043 1999 1163 2039 cum
1200 1980 1347 2051 prius
1388 1971 1675 2030 habueritis
1716 1968 1822 2040 spi-

242 2089 431 2145 rituale
462 2101 601 2156 Opus
628 2084 804 2158 vivum
827 2122 842 2150 ,
875 2079 976 2133 hoc
1011 2075 1207 2130 amisso
1238 2078 1418 2150 postea
1448 2073 1712 2122 mortuum
1742 2074 1828 2114 ac-

243 2173 452 2250 cipiatis
494 2151 748 2230 alienum.
792 2153 909 2244 ipse
943 2167 1138 2262 quippe
1181 2161 1464 2233 Apostolus
1503 2155 1624 2210 alibi
1667 2151 1826 2219 dicit,

246 2248 474 2342 Spiritus
503 2269 605 2323 vita
631 2275 700 2321 est
730 2272 930 2336 propter
952 2248 1199 2352 iusiitiam
1217 2273 1236 2322 ;
1271 2263 1323 2309 et
1350 2251 1493 2316 alibi,
1526 2248 1717 2319 Sapere
1741 2262 1831 2296 au-

248 2373 341 2417 tem
367 2357 651 2415 secundant
675 2335 895 2418 carnem,
924 2335 1059 2405 mors
1089 2358 1159 2404 est
1186 2345 1356 2422 (Rom.
1383 2357 1502 2410 vm,
1521 2339 1606 2407 10,
1638 2337 1716 2409 6).
1741 2335 1832 2390 llis

248 2461 426 2509 autem
456 2461 624 2522 atque
661 2425 963 2518 huiusmodi
992 2442 1212 2498 vocibus
1257 2438 1346 2491 illa
1389 2442 1558 2490 mater
1585 2430 1832 2501 evigilat;

251 2555 304 2601 et
333 2544 390 2598 lit
418 2545 468 2599 ei
499 2556 679 2607 mane,
712 2553 832 2593 cum
859 2535 1022 2591 verbo
1053 2532 1166 2608 Dei,
1199 2530 1301 2606 hoc
1320 2536 1422 2596 est,
1452 2540 1571 2582 eum
1601 2519 1834 2586 Clu-isto,

254 2639 340 2708 qui
366 2625 679 2698 oriebatur,
711 2630 813 2684 hoc
841 2636 923 2684 est
946 2670 961 2693 ,
994 2624 1308 2708 loquebatur
1342 2620 1394 2675 in
1440 2615 1602 2674 Paulo
1629 2658 1644 2683 ,
1683 2612 1839 2688 Legis

257 2729 590 2785 illuminatur
621 2723 936 2779 obscuritas.
976 2701 1123 2774 lianc
1163 2716 1302 2784 enim
1339 2708 1680 2778 illuminavit,
1721 2720 1838 2781 cum

258 2827 349 2890 ait,
369 2823 537 2876 Dicite
583 2816 709 2873 mihi
737 2816 827 2872 sub
858 2814 989 2884 Lege
1017 2813 1232 2866 volentes
1262 2824 1384 2874 esse,
1415 2804 1597 2881 Legem
1627 2817 1724 2853 non
1755 2815 1844 2858 au,-

261 2889 444 2972 distis?
469 2913 733 2983 Scriplum
763 2917 833 2962 est
862 2907 992 2960 enim
1022 2903 1140 2976 quia
1169 2899 1422 2954 Abraham
1447 2896 1573 2948 duos
1601 2892 1731 2963 ﬁlios
1757 2889 1845 2941 Ita-

265 3011 400 3072 buit;
442 2979 607 3076 unum
639 3002 698 3055 de
736 2999 920 3054 ancilla
941 3039 954 3062 ,
997 3004 1044 3053 et
1071 3009 1230 3047 unum
1255 2993 1316 3044 de
1346 2989 1499 3057 libera
1530 3001 1547 3038 :
1577 2982 1661 3038 sed
1694 2982 1736 3035 is
1763 2979 1849 3058 qui

267 3104 326 3178 de
354 3099 584 3174 ancilla,
630 3091 906 3162 secundum
931 3103 1132 3164 carnem
1170 3091 1316 3138 natus
1343 3088 1444 3145 est;
1475 3077 1560 3156 qui
1596 3084 1761 3127 autem
1792 3071 1851 3124 de

269 3175 444 3256 libera,
477 3206 566 3259 per
581 3161 1029 3253 iepromissionent
1046 3195 1062 3242 ;
1094 3191 1207 3247 qua:
1229 3183 1344 3246 sunt
1364 3172 1415 3223 in
1443 3166 1703 3240 allegoria.
1732 3161 1854 3218 [Itec

273 3286 400 3338 enim
427 3291 545 3336 sunt
568 3281 668 3331 duo
695 3275 1046 3334 Testamenta;
1069 3283 1223 3322 unum
1246 3263 1444 3336 quidem
1465 3278 1494 3313 a
1515 3268 1680 3313 monte
1706 3256 1852 3320 Sina,

273 3381 324 3430 in
351 3376 639 3430 servitutem
668 3383 931 3445 generous,
961 3362 1096 3444 quod
1121 3369 1189 3414 est
1218 3359 1374 3434 Agar.
1408 3354 1537 3420 Sinq
1561 3352 1691 3406 enim
1718 3364 1858 3402 mons

275 3481 344 3526 est
365 3472 416 3523 in
444 3466 652 3530 Arabia,
683 3477 794 3537 qua:
820 3460 1086 3530 conjuncta
1114 3463 1184 3508 est
1216 3451 1349 3518 huic,
1378 3463 1489 3520 qua:
1518 3461 1648 3499 nunc
1673 3452 1741 3497 est
1767 3437 1859 3495 Je-

278 3560 500 3616 rusalem
527 3574 544 3612 :
571 3555 720 3617 servit
746 3552 877 3606 enim
913 3565 1026 3602 cum
1069 3545 1190 3618 ﬁliis
1230 3542 1353 3597 suis.
1391 3527 1517 3606 Quae
1551 3546 1716 3589 autem
1747 3546 1862 3586 sur-

282 3673 391 3716 sum
420 3661 492 3707 est
519 3646 807 3703 Jerusalem
828 3685 841 3707 ,
880 3621 1034 3715 libera
1066 3646 1136 3691 est
1170 3633 1364 3708 (Galat.
1392 3647 1465 3698 tv,
1501 3626 1716 3696 21-26).
1748 3623 1862 3678 Non

285 3761 410 3823 ergo
435 3743 666 3814 mirum,
708 3737 751 3791 si
781 3741 994 3814 propter
1022 3735 1226 3784 mortua
1264 3738 1423 3794 opera
1445 3763 1458 3788 ,
1500 3718 1564 3773 ad
1604 3732 1721 3771 eam
1751 3729 1866 3784 qum

288 3806 542 3894 deorsum
578 3841 660 3887 est
680 3873 697 3900 ,
737 3806 1013 3894 mortuus;
1043 3830 1096 3876 et
1126 3826 1338 3892 pr0ptcr
1368 3809 1689 3884 spiritualia,
1720 3806 1868 3861 vivus

292 3911 518 4010 pertinet
553 3925 621 3996 ad
656 3939 773 3979 eam
799 3934 917 4008 quae
947 3930 1157 3971 sursum
1197 3919 1277 3966 est
1303 3905 1617 3982 Jerusalem.
1660 3900 1789 3970 Quia
1819 3908 1870 3953 et

292 3989 444 4078 inferi
473 4019 726 4074 deorsum
769 3989 928 4088 sunt,
973 4020 1075 4080 quo
1111 4003 1378 4074 pertinent
1417 3993 1655 4051 mortui:
1698 3989 1873 4062 superi

294 4093 472 4188 autem
506 4120 743 4170 sursum,
763 4116 869 4178 quo
897 4082 1158 4180 pertinent
1180 4090 1306 4147 vivi.
1339 4090 1445 4142 llac
1471 4082 1871 4146 illuminatione,

294 4185 547 4279 tanquam
580 4214 736 4270 mane
767 4173 926 4260 facto,
950 4187 1194 4258 intelligit
1219 4180 1454 4238 Ecclesia
1483 4177 1700 4249 gratiam
1724 4173 1879 4243 Spiri-

297 4277 527 4359 tualem;
560 4291 826 4362 repellens
855 4304 882 4340 a
921 4300 979 4340 se
1013 4280 1226 4338 carnale
1253 4291 1384 4347 opus
1413 4273 1597 4344 Legis,
1632 4280 1877 4338 tanquam

303 4400 574 4448 mortuum
623 4384 886 4452 alienum;
925 4384 978 4446 et
1019 4373 1115 4428 sibi
1161 4368 1433 4424 vindicans
1475 4365 1646 4428 vivam
1684 4351 1838 4414 ﬁdem
1863 4399 1878 4424 ,

305 4484 558 4556 quoniam
586 4479 762 4550 justus
802 4488 864 4527 cx
887 4457 889 4460 l
910 4467 1010 4523 ﬁde
1037 4466 1163 4544 vivit
1191 4463 1367 4534 (Rom.
1398 4476 1448 4525 1,
1482 4457 1568 4528 17)
1598 4473 1610 4510 :
1643 4468 1798 4524 quam
1829 4451 1880 4528 in

307 4575 479 4640 Patris
520 4581 577 4626 et
618 4566 734 4623 Filii
773 4573 826 4619 et
865 4562 1093 4632 Spiritus
1139 4541 1306 4610 sancti
1342 4545 1555 4607 nomine
1602 4550 1884 4601 consecuta

301 4679 412 4734 est;
442 4674 502 4718 et
543 4661 665 4736 ideo
692 4668 938 4728 tanquam
981 4649 1280 4705 triduanum
1323 4643 1487 4697 lilium
1514 4649 1656 4694 certa
1687 4650 1884 4716 cogno-

304 4762 422 4823 scit,
452 4771 554 4812 nec
581 4767 705 4808 eum
735 4749 833 4805 sibi
863 4745 995 4815 eripi
1024 4741 1236 4823 patitur.

375 4854 428 4907 5.
497 4843 675 4901 Ιηάωὶ
733 4840 948 4920 gratiam
997 4819 1324 4888 cltristianam
1380 4823 1473 4879 sibi
1511 4821 1724 4876 debitam
1763 4819 1890 4889 {also

303 4945 573 5036 iactantes.
620 4911 768 5011 Nunc
802 4931 992 4986 clamet
1026 4925 1114 5004 illa
1159 4934 1310 4974 suum
1353 4931 1471 4971 esse
1508 4911 1849 4982 Evangelium
1875 4949 1888 4973 ,

618 5027 648 5036 --
672 5027 684 5036 -
727 5024 742 5036 -
781 5023 795 5036 ι
819 5023 852 5036 ο.
1010 5024 1048 5036 -.
1079 5029 1174 5036 _-_
1202 5025 1258 5036 ,η
1287 5015 1588 5036 "nmmum
1640 5002 1769 5036 Num
1793 4999 1888 5036 ,Ν

310 4999 563 5104 tanquam
588 5007 694 5083 sibi
712 5023 970 5082 debitum,
1001 5024 1054 5072 et
1079 4999 1174 5085 per
1202 5025 1260 5066 se
1285 5015 1610 5080 generatum.
1640 5002 1771 5056 Nam
1793 4999 1896 5055 hoc

314 5095 566 5183 dicebant
591 5117 853 5176 Gentibus
880 5116 931 5167 in
963 5112 1075 5181 ipsa
1104 5103 1463 5183 contentione,
1494 5099 1581 5183 qui
1608 5111 1670 5154 ex
1701 5095 1896 5150 Jttduzis

313 5217 606 5277 carnaliter
631 5208 926 5267 sentientes
957 5177 1292 5257 Christianos
1309 5181 1386 5249 se
1405 5177 1592 5247 (dicere
1617 5186 1894 5242 audebant.

316 5303 597 5381 Tanquam
626 5303 862 5360 debitum
892 5295 1032 5356 enim
1058 5289 1274 5363 iustitia:
1300 5301 1409 5342 sua:
1429 5283 1674 5346 dicebant
1692 5279 1901 5334 venisse

321 5372 694 5472 Evangelium.
723 5381 828 5450 Sed
856 5405 962 5444 non
991 5393 1109 5441 erat
1133 5395 1320 5438 eorum
1343 5420 1358 5446 ,
1389 5374 1531 5448 quod
1561 5372 1903 5443 spiritualiter

322 5508 432 5552 non
472 5463 735 5550 noverant
772 5484 814 5538 ί.
859 5477 1011 5550 Quod
1053 5487 1180 5545 ergo
1220 5467 1502 5525 Christiani
1539 5463 1864 5519 vocabantur
1888 5502 1902 5529 ,

327 5551 505 5642 alieno
532 5565 752 5639 nomine
779 5553 1088 5647 gloriantes,
1121 5551 1371 5636 tanquam
1399 5561 1490 5618 illa
1513 5557 1581 5615 de
1608 5557 1714 5613 lilio
1748 5569 1906 5627 quem

396 5762 412 5794 ¹
437 5766 536 5810 Duo
556 5765 687 5818 uss,
710 5750 794 5819 qui
807 5744 1118 5817 spiritualiter
1140 5747 1298 5797 tenere
1317 5750 1409 5791 non
1425 5737 1664 5788 noverant.

1690 282 1916 344 SERMO
1969 281 2038 338 X.

3417 261 3482 318 9-1

1912 409 2014 465 non
2060 392 2172 480 ipsa
2225 393 2538 474 pepererat,
2580 380 2736 446 etiam
2775 375 3099 456 eititendere
3143 370 3482 450 audebant‘;

1910 503 2031 543 cum
2061 455 2158 556 ipsi
2295 455 2542 560 operibus
2568 476 2726 554 Legis
2763 472 2980 536 excluso
3021 468 3290 534 intellectu
3333 455 3484 534 spiri4

1911 579 2040 636 tuali
2076 555 2418 656 tanquam-dc
2459 583 2680 639 corpore
2710 564 2885 635 eperis
2914 561 2992 634 sui
3041 559 3269 630 animant
3307 555 3483 626 ejcce:

1913 679 2048 742 rant,
2082 677 2133 722 ct
2163 635 2557 740 c‘xstinguemes
2588 656 2872 748 pmphetite
2904 653 3145 724 Spiritum
3175 635 3353 722 vivum
3376 687 3389 710 ,
3421 637 3487 718 ad

1912 759 2140 815 carnalia
2171 736 2330 826 opera
2357 735 2470 808 Sine
2501 735 2604 803 vita
2629 790 2641 810 ,
2675 747 2776 800 hoc
2804 754 2904 826 est,
2936 745 3050 798 sine
3085 739 3354 802 intellectu
3383 735 3488 814 spi-

1913 849 2087 926 rituali
2138 850 2502 910 remanserant
2528 858 2541 905 ;
2575 855 2691 920 qua:
2721 821 2975 900 Gentibus
3002 833 3159 889 etiam
3190 821 3489 906 supponere

1914 941 2226 1022 cupiebant,
2259 947 2312 991 ct
2349 934 2414 988 ab
2450 933 2526 987 eis
2567 940 2813 1000 tanquam
2842 926 3016 979 vivum
3049 922 3252 998 lilium,
3295 933 3487 992 nomen

1915 1015 2119 1086 auferre
2146 1013 2526 1084 Christianum.
2572 1022 2716 1090 Quos
2747 1015 2815 1084 ita
2859 1015 3048 1072 refellit
3086 1013 3368 1086 Apostolus
3389 1054 3402 1074 ,
3435 1021 3492 1064 ut

1915 1130 2062 1179 tanto
2081 1122 2250 1176 minus
2266 1115 2329 1171 ad
2348 1131 2440 1171 eos
2455 1114 2715 1185 pertinere
2733 1109 2871 1164 dicat
2886 1105 3104 1184 gratiam
3122 1102 3494 1176 Christianam,

1916 1225 2111 1290 quanto
2135 1213 2299 1284 magis
2325 1225 2440 1266 eam
2471 1207 2568 1262 sibi
2597 1215 2846 1278 tanquam
2876 1191 3105 1254 debitam
3129 1195 3421 1262 vindicant,
3441 1201 3492 1262 et

1917 1308 2064 1382 quasi
2089 1306 2205 1377 jure
2233 1317 2449 1375 operum
2489 1314 2634 1355 suam
2659 1285 2774 1351 esse
2795 1294 3106 1364 gloriantur.
3147 1286 3212 1340 Ei
3242 1286 3371 1354 enim
3412 1281 3494 1354 qui

1918 1408 2173 1470 operatur,
2211 1394 2408 1465 inquit,
2444 1406 2627 1444 merces
2657 1398 2756 1441 n'on
2782 1387 3054 1455 imputatur
3082 1375 3351 1433 secundum
3380 1389 3492 1444 gra-

1920 1496 2062 1560 tiam,
2092 1491 2179 1545 sed
2206 1487 2477 1544 secundum
2505 1483 2739 1540 debitum.
2775 1478 2840 1532 Ei
2865 1494 2977 1532 vero
2997 1475 3081 1544 qui
3111 1490 3211 1527 non
3238 1479 3494 1542 aperatttr,

1920 1583 2138 1638 credenti
2163 1589 2326 1633 autem
2349 1580 2401 1631 in
2427 1593 2538 1630 eum
2569 1574 2653 1644 qui
2673 1572 2800 1645 justi
2809 1570 2926 1638 [ἱεοι
2948 1566 3158 1642 impium
3183 1604 3196 1630 ,
3227 1562 3500 1631 deputatur

1922 1673 2047 1746 ﬁdes
2062 1671 2386 1742 adjustitiam
2407 1667 2575 1740 (Rom.
2600 1681 2669 1729 IV,
2696 1664 2748 1728 4,
2777 1663 2854 1728 5).
2879 1659 2943 1714 Et
2969 1649 3087 1712 ideo
3109 1657 3226 1710 illos
3245 1653 3401 1710 etiam
3429 1650 3496 1704 ab

1923 1779 2106 1819 eorum
2129 1775 2346 1815 numero
2371 1756 2624 1821 excludit,
2654 1753 2740 1824 qui
2769 1767 2834 1807 ex
2858 1747 3052 1814 Judtcis
3085 1754 3230 1800 recte
3258 1741 3489 1797 credide-

1922 1862 2077 1920 rant,
2129 1860 2182 1907 et
2220 1852 2392 1905 vivam
2440 1845 2870 1919 spiritualemque
2912 1839 3134 1914 gratiam
3181 1834 3498 1890 retinebant.

1926 1945 2066 2014 Quas
2105 1941 2354 2012 reliquias
2400 1937 2527 1993 dicit
2557 1933 2732 2008 populi
2763 1931 3066 1987 Judtnorum
3101 1926 3274 1982 salvas
3303 1923 3500 1998 factas,

1927 2053 2048 2093 cum
2085 2033 2365 2090 multitudo
2408 2033 2535 2088 isset
2580 2031 2629 2084 in
2675 2022 3069 2102 perditionem?
3101 2021 3189 2076 Sic
3227 2034 3341 2089 ergo
3378 2026 3424 2070 et
3451 2017 3504 2069 in

1931 2129 2023 2186 hoc
2067 2139 2282 2195 tempore
2306 2168 2322 2194 ,
2381 2123 2576 2202 inquit,
2618 2105 2844 2190 reliquie:
2883 2133 2968 2198 per
3010 2113 3294 2168 electione»:
3329 2108 3505 2182 gratiae

1931 2222 2084 2277 salva:
2110 2223 2255 2291 factw
2270 2225 2402 2272 sunt.
2432 2197 2490 2269 Si
2512 2222 2675 2268 autem
2699 2191 2896 2281 gratia,
2901 2208 3010 2278 jam
3033 2221 3130 2258 non
3153 2219 3214 2256 ea:
3239 2198 3467 2278 aperibus
3491 2212 3508 2247 :

1933 2273 2156 2383 alioquin
2181 2309 2348 2380 gratia
2363 2307 2476 2378 jam
2502 2321 2602 2358 non
2632 2273 3024 2373 est'gratia'ﬂd.
3050 2311 3128 2360 XI,
3161 2294 3214 2359 5,
3350 2289 3414 2345 Ut
3439 2289 3510 2364 illi

1935 2402 2284 2460 excludantur
2307 2415 2336 2453 a
2361 2397 2546 2469 gratia,
2578 2395 2665 2465 qui
2692 2403 2936 2470 tanquam
2960 2402 3112 2442 suum
3145 2382 3434 2462 proprium,
3463 2378 3512 2432 id

1939 2504 2049 2558 est,
2079 2491 2328 2560 operibus
2357 2489 2465 2541 suis
2507 2485 2743 2540 debitum
2771 2489 2824 2536 et
2857 2480 3036 2534 datum
3081 2469 3347 2542 Evangelii
3379 2485 3514 2538 prte-

1940 2559 2396 2641 miumiviudicant
2424 2597 2436 2632 :
2471 2577 2618 2648 quasi
2657 2576 2918 2629 clamante
2949 2570 3242 2640 Synagoga,
3272 2559 3419 2615 Meus
3449 2569 3518 2615 est

1943 2677 2131 2733 Filius.
2185 2674 2288 2730 Sed
2340 2667 2732 2731 mentiebatur;
2780 2667 3058 2733 acceperat
3103 2660 3242 2713 enim
3297 2671 3416 2710 eum
3465 2663 3520 2707 et

1945 2771 2059 2842 ipsa
2095 2788 2107 2823 :
2141 2767 2232 2822 sed
2260 2779 2419 2834 super
2445 2778 2563 2817 eum
2595 2753 2902 2820 dormiens,
2935 2752 2986 2807 id
3017 2760 3131 2815 est,
3179 2747 3403 2818 superbe
3433 2760 3520 2799 sa-

1945 2841 2100 2932 piens
2129 2861 2427 2915 necaverat.
2461 2849 2722 2921 Vigilabat
2746 2855 2918 2900 autem
2947 2844 3055 2914 jam
3100 2841 3197 2895 ista
3238 2846 3440 2900 mater,
3473 2842 3526 2888 et

1950 2953 2279 3023 lntelligebat
2303 2992 2318 3016 ,
2351 2963 2455 3003 non
2497 2943 2699 3000 meritis
2737 2941 2882 3004 suis,
2926 2925 3046 3007 quia
3084 2932 3333 2989 meretrix
3377 2939 3523 2992 erat,

1953 3047 2044 3102 scd
2094 3044 2259 3116 gratia
2314 3040 2407 3095 Dei
2461 3038 2558 3093 sibi
2622 3035 2783 3112 lilium
2834 3045 2952 3086 esse
2998 3040 3340 3087 concessum,
3396 3035 3530 3090 opus

1953 3137 2199 3194 videlicet
2237 3130 2554 3200 evangelicae
2595 3125 2745 3188 lidei,
2788 3122 2926 3194 quod
2968 3122 3019 3174 in
3055 3119 3172 3173 sinu
3205 3114 3380 3170 cordis
3427 3128 3530 3166 nu-

1957 3231 2084 3287 trire
2111 3228 2372 3298 cupiebat.
2403 3223 2580 3291 Itaque
2603 3219 2690 3273 illa
2713 3216 2931 3288 gloriam
2960 3211 3233 3267 hominum
3267 3205 3535 3277 quaerebat

1960 3325 2012 3378 in‘
2045 3322 2220 3376 alieno
2263 3317 2373 3373 lilio
2402 3331 2414 3369 :
2444 3314 2558 3368 haec
2596 3311 2843 3366 allectum
2885 3303 3183 3361 dilectionis
3209 3300 3452 3356 servabat
3482 3297 3534 3352 in

1962 3429 2077 3469 SUO.

2034 3507 2086 3560 4.
2133 3502 2382 3556 Adversus
2425 3493 2732 3568 hypocrisim
2774 3491 2845 3546 sic
2883 3485 3195 3549 certandum,
3229 3492 3284 3542 ut
3313 3489 3542 3535 caveatur

1969 3594 2244 3669 periculum
2274 3589 2574 3646 schismatis.
2620 3582 2755 3638 Illud
2789 3589 2962 3634 autem
2993 3579 3129 3632 inter
3157 3575 3338 3628 ambas
3369 3571 3544 3640 regale

1965 3664 2216 3758 iudicium
2243 3680 2372 3736 nihil
2402 3676 2541 3733 aliud
2569 3689 2668 3729 nos
2691 3672 2955 3734 admonet,
2989 3668 3090 3721 nisi
3119 3675 3175 3721 ut
3205 3680 3298 3734 pro
3323 3664 3545 3716 veritate

1970 3786 2234 3832 certemus
2260 3815 2273 3839 ,
2303 3780 2356 3826 et
2384 3767 2710 3838 expellamus
2735 3759 3050 3833 bypocrisim
3091 3765 3336 3823 tanquam
3365 3752 3544 3805 falsam

1972 3877 2216 3932 matrem,
2241 3879 2270 3918 a
2300 3858 2560 3932 spirituali
2585 3855 2830 3911 Ecclesiae
2851 3851 2991 3906 dono
3017 3859 3261 3917 tanquam
3289 3845 3354 3898 ab
3378 3842 3550 3897 alieno

1976 3961 2097 4015 vivo
2110 3957 2238 4022 lilio;
2248 3969 2344 4009 nec
2360 3951 2617 4022 patiamur
2627 3963 2742 4002 eam
2761 3941 3020 3999 dominari
3033 3953 3296 3995 concessae
3313 3936 3428 3990 aliis
3441 3949 3553 4004 gra-

1976 4051 2086 4117 tim,
2104 4063 2223 4119 qua-3
2242 4059 2391 4100 suam
2427 4037 2692 4098 custodire
2709 4051 2814 4091 non
2843 4034 3027 4104 potuit.
3051 4030 3156 4086 Sed
3183 4031 3283 4083 hoc
3303 4027 3550 4082 faciamus

1979 4139 2328 4198 defendentes
2356 4143 2514 4204 atque
2547 4136 2812 4186 certantes
2839 4141 2943 4206 non
2972 4139 3137 4200 usque
3165 4120 3228 4174 ad
3266 4119 3555 4190 perieulum

1981 4231 2274 4290 divisionis.
2307 4227 2399 4283 Illa
2430 4224 2572 4279 enim
2599 4218 2862 4277 sententia
2884 4214 3095 4287 iudicis,
3121 4227 3239 4267 cum
3267 4211 3422 4288 jussit
3443 4224 3561 4278 par-

1983 4326 2170 4381 vulum
2201 4319 2384 4385 dividi,
2417 4331 2520 4370 non
2552 4322 2636 4368 est
2663 4285 3173 4377 unitatisipraccisio,
3198 4285 3291 4357 sed
3322 4300 3561 4370 probatio

1985 4413 2277 4473 charitatis.
2308 4406 2612 4465 Salomonis
2637 4403 2778 4459 enim
2801 4414 3014 4463 nomen,
3037 4398 3173 4451 sicut
3203 4393 3372 4448 Latini
3402 4394 3564 4447 inter-

1987 4514 2281 4582 pretantur,
2304 4500 2588 4557 Pacllicum
2610 4504 2711 4551 est.
2739 4493 2850 4548 Rex
2875 4504 3002 4545 vero
3028 4487 3277 4558 pacilicus
3306 4500 3412 4540 non
3439 4484 3567 4537 dila-

1988 4579 2134 4661 cerat
2171 4599 2441 4663 membra,
2484 4608 2602 4665 qua:
2633 4590 2834 4646 unitate
2859 4597 3017 4656 atque
3042 4582 3324 4638 concordia
3356 4579 3566 4633 vitalem

1993 4695 2238 4766 spiritum
2283 4689 2559 4745 continent
2599 4701 2614 4738 :
2663 4680 2755 4736 sed
2808 4675 3056 4733 minando
3103 4671 3302 4727 invenit
3346 4671 3567 4723 matrem

1990 4761 2260 4848 veram,et
2279 4775 2564 4852 iudicando
2591 4780 2800 4844 separat
2821 4769 3026 4824 falsam.
3059 4765 3115 4820 Si
3142 4763 3267 4832 ergo
3292 4761 3356 4815 ad
3385 4761 3569 4827 hujus-

1994 4877 2138 4934 modi
2185 4851 2532 4929 tentationem
2569 4873 2785 4922 ventum
2813 4861 3003 4924 fuerit,
3032 4873 3100 4912 ne
3130 4853 3301 4910 unitas
3330 4851 3572 4906 christia-

1995 4986 2081 5025 na:
2107 4969 2290 5040 gratia:
2316 4963 2588 5020 dividatur
2609 5001 2624 5027 ,
2666 4958 2924 5014 docemur
2958 4953 3164 5016 dicere,
3197 4947 3324 5001 Date
3350 4946 3424 4999 illi
3453 4959 3574 5015 pue-

1998 5047 2131 5126 rum,
2163 5065 2354 5113 tantum
2377 5056 2523 5110 vivat.
2551 5051 2665 5107 Non
2694 5051 2836 5104 enim
2863 5047 3118 5101 honorem
3152 5039 3352 5118 matris,
3376 5035 3468 5091 sed
3497 5051 3578 5088 sa-

2001 5153 2164 5208 lutem
2193 5149 2287 5204 lllii
2313 5190 2328 5216 ,
2361 5160 2479 5217 quin
2519 5151 2690 5199 mater
2730 5153 2856 5196 vera
2883 5145 2966 5192 est
3006 5131 3213 5210 quaerit.
3255 5127 3581 5196 Ubicumque

2003 5243 2094 5300 ille
2120 5241 2292 5307 fuerit,
2322 5240 2441 5310 plus
2461 5251 2579 5293 eum
2603 5230 2894 5305 possidebit
2912 5227 3118 5284 sincera
3139 5219 3354 5279 dilectio
3374 5219 3579 5285 matris,

2006 5351 2165 5409 quam
2189 5333 2337 5388 falsa:
2363 5329 2657 5400 usurpatio.

2079 5429 2134 5486 Β,
2179 5426 2351 5480 Altera
2390 5425 2605 5502 duarum
2643 5411 2908 5496 mulierum
2937 5411 3256 5484 signiﬁcatio.
3283 5408 3412 5463 Item
3431 5402 3586 5460 video

2010 5519 2307 5592 significare
2334 5499 2462 5570 istas
2484 5513 2616 5568 duas
2645 5509 2896 5565 mulieres
2924 5509 2976 5561 in
3012 5520 3115 5560 una
3141 5503 3299 5558 domo
3319 5541 3335 5567 ,
3362 5499 3467 5554 duo
3495 5511 3590 5567 ge-
3634 5552 3638 5555 .

2013 5626 2142 5670 nera
2172 5609 2446 5665 hominum
2473 5605 2528 5660 in
2553 5618 2655 5658 una
2684 5600 2918 5656 Ecclesia
2947 5613 3152 5659 mnum
3178 5606 3362 5659 eorum
3389 5591 3444 5664 in
3466 5589 3581 5662 qui.

2082 5726 2101 5758 ι
2125 5715 2429 5774 ωιὺεηὶἣω
2441 5724 2546 5779 η..
2566 5710 2793 5766 um.
