4014 6310
472 227 543 286 95
873 211 880 218 '
1703 223 1761 280 s.
1804 221 2172 278 AUGUS’i'lNl
2211 223 2514 284 EPISCOPI
3072 180 3074 182 V
3689 231 3762 294 oe

463 344 566 402 bus
591 359 715 401 vera
744 345 976 401 charitas
1000 351 1209 415 regnat,
1232 341 1458 396 alterum
1482 352 1667 393 eorum
1691 339 1745 394 in
1773 327 1967 410 quibus
1989 338 2060 394 si-

467 440 692 496 mulatio
713 441 1035 495 dominatur.
1062 437 1134 494 Ut
1159 436 1256 490 ista
1280 435 1386 489 duo
1405 434 1622 489 omnino
1647 443 1898 504 tauquam
1928 431 2062 488 duas

465 533 720 588 mulieres
742 534 1060 594 intueamur,
1092 529 1429 583 dilectionem
1451 535 1505 581 et
1529 526 1944 581 simulationem.
1974 526 2064 579 Di-

464 625 748 682 lectionem
776 627 970 695 quippe
997 622 1266 677 simulatio
1289 620 1546 675 fallaciter
1573 620 1826 674 imitatur.
1852 619 1921 673 Et
1941 618 2060 673 ideo

465 717 621 776 istam
649 729 801 774 cavet
827 717 1114 788 Apostolus
1134 757 1149 783 ,
1182 731 1300 770 cum
1331 714 1459 769 dicit
1489 731 1501 766 :
1535 712 1749 767 Dilectio
1769 713 1877 767 sine
1900 713 2062 766 simu-

467 813 655 868 latione
679 811 852 885 (Rom.
896 827 992 875 xu,
1023 809 1102 881 9).
1137 809 1389 877 Quamvis
1415 808 1558 862 enim
1588 807 1829 861 habitent
1868 806 1921 860 in
1957 820 2062 859 una

465 901 626 957 domo
653 901 901 971 quamdiu
941 901 1222 955 reticulum
1256 897 1385 954 illud
1431 897 1798 967 evangelicum
1846 897 1898 951 in
1928 897 2062 952 mari

467 1003 583 1059 est,
615 994 877 1065 simulque
900 993 1068 1048 bonos
1108 1001 1162 1046 et
1190 991 1359 1046 malos
1385 993 1588 1062 pisces,
1619 991 1793 1046 donec
1820 989 1885 1044 ad
1915 990 2062 1044 littus

465 1083 818 1154 perducatur,
852 1085 1075 1139 includit
1107 1083 1316 1156 (Matth.
1353 1099 1468 1148 xui,
1493 1084 1582 1151 47,
1609 1083 1736 1152 48);
1769 1091 1940 1137 tamen
1967 1097 2061 1137 sua

464 1190 625 1245 Opera
687 1178 908 1246 singulae
971 1177 1190 1232 faciunt.
1243 1176 1548 1231 Meretrices
1600 1183 1777 1230 autem
1847 1175 2064 1229 fuerunt

465 1267 671 1332 ambae;
703 1269 821 1337 quia
854 1284 1041 1323 omnes
1067 1284 1131 1322 ex
1158 1267 1444 1336 cupiditate
1472 1267 1650 1322 saeculi
1678 1276 2063 1321 convertuntur

466 1357 533 1413 ad
560 1359 780 1430 gratiam
811 1359 924 1422 Dei,
952 1375 1052 1414 nec
1078 1359 1144 1414 de
1173 1359 1436 1428 prioribus
1461 1357 1679 1427 justitia:
1705 1357 1910 1412 meritis
1939 1372 2063 1411 vere

465 1462 642 1522 potest
671 1454 946 1522 quisquam
978 1452 1210 1522 gloriari.
1241 1451 1489 1505 Meretrix
1519 1460 1694 1506 autem
1726 1450 1866 1519 quod
1897 1449 2061 1503 forni-

463 1553 631 1604 catur,
666 1543 830 1613 ipsius
857 1554 938 1598 est
973 1563 986 1598 :
1019 1543 1158 1613 quod
1189 1542 1348 1597 habet
1383 1543 1568 1609 lilium,
1611 1542 1704 1597 Dei
1731 1552 1832 1598 est.
1864 1541 2063 1596 Omnes

464 1635 606 1689 enim
654 1635 897 1689 homines
937 1637 1004 1692 ab
1042 1651 1150 1690 uno
1193 1635 1302 1689 Deo
1329 1644 1569 1689 creature
1601 1634 1913 1688 formantur.
1956 1635 2064 1689 Nec

465 1725 762 1779 mirandum
801 1737 902 1787 est,
929 1726 1069 1796 quod
1095 1727 1258 1780 etiam
1290 1727 1340 1779 in
1369 1727 1601 1796 peccatis
1625 1724 1898 1779 hominum
1925 1726 2063 1780 Deus

466 1817 604 1872 bene
636 1827 905 1888 operatur.
935 1819 1064 1872 Nam
1097 1819 1256 1873 etiam
1285 1819 1351 1872 de
1381 1819 1584 1873 scelere
1613 1817 1764 1874 Judic
1791 1819 2064 1874 traditoris

464 1909 719 1963 Dominus
751 1920 932 1964 noster
952 1911 1175 1964 salutem
1204 1909 1424 1964 humani
1450 1909 1662 1980 generis
1685 1916 1936 1977 operatus
1959 1918 2059 1962 est.

463 1999 569 2056 Sed
603 2002 702 2055 hoc
730 2001 968 2065 interest,
1005 2002 1146 2071 quod
1177 2001 1244 2056 de
1273 2001 1528 2070 cujusque
1561 2010 1780 2070 peccato
1816 2016 1934 2054 cum
1962 2000 2062 2054 ali-

464 2093 590 2164 quid
627 2095 750 2148 boni
783 2095 921 2149 Dens
948 2093 1170 2161 fecerit,
1202 2095 1513 2164 plerumque
1542 2093 1593 2147 id
1623 2093 1788 2146 nollet
1817 2092 1906 2146 ille
1939 2108 2062 2161 pec-

463 2195 613 2241 cator
643 2204 654 2239 :
687 2201 790 2240 non
833 2189 1009 2242 solum
1050 2189 1172 2258 quia
1211 2203 1330 2241 cum
1372 2194 1598 2256 peccat,
1645 2181 1750 2240 non
1785 2202 1850 2240 eo
1883 2194 2065 2256 peccat

465 2278 668 2345 animo,
697 2293 800 2349 qua
831 2280 1161 2348 providentia
1191 2280 1328 2333 Deus
1349 2279 1416 2332 de
1447 2285 1664 2348 peccato
1685 2277 1798 2348 ejus
1815 2287 2064 2346 operatur

470 2368 730 2437 justitiam
761 2367 906 2440 (non
952 2370 1092 2424 enim
1119 2368 1222 2424 hoc
1261 2369 1438 2423 animo
1463 2368 1626 2424 Judas
1657 2368 1871 2423 tradidit
1907 2368 2063 2423 Chri-

461 2472 602 2518 stum
625 2505 640 2528 ,
674 2478 780 2534 quo
823 2465 998 2518 animo
1015 2463 1259 2518 Christus
1287 2478 1345 2518 se
1388 2462 1521 2516 tradi
1569 2476 1754 2530 passus
1782 2461 1930 2533 est);
1968 2461 2061 2516 sed

466 2555 626 2610 etiam
653 2556 776 2626 quia
809 2557 1006 2624 peccati
1051 2555 1132 2610 sui
1160 2563 1407 2609 eventum
1431 2595 1446 2620 ,
1477 2568 1598 2607 cum
1631 2553 1682 2606 in
1710 2552 1907 2622 aliquid
1951 2568 2062 2607 me-

465 2644 590 2710 lius,
620 2645 759 2716 quod
788 2646 902 2717 ipse
923 2646 1108 2712 nollet,
1140 2646 1418 2715 pervenire
1441 2645 1771 2715 cognoverit,
1799 2644 1942 2699 dolet
1970 2659 2064 2713 po—

381 2769 386 2774 υ
466 2738 570 2793 tius
587 2753 744 2808 quam
768 2737 1276 2808 lietatur.Tanquam
1295 2737 1340 2792 si
1359 2752 1618 2792 venenum
1635 2737 1826 2808 aliquis
1845 2737 2062 2793 inimico

466 2831 745 2901 :egrotanti
767 2830 896 2886 dare
916 2831 1136 2900 cupiens
1162 2831 1371 2884 fallatur
1392 2831 1444 2884 in
1461 2831 1640 2898 specie
1661 2830 2058 2897 medicamenti,

465 2937 519 2982 et
539 2927 681 2982 aliud
710 2943 805 2997 pro
834 2928 940 2982 alio
969 2928 1200 2983 salutare
1239 2925 1438 2996 aliquid
1477 2926 1695 2992 offerat;
1727 2925 1818 2980 fiat
1846 2934 1899 2981 et
1921 2941 2063 2998 mger

462 3035 625 3076 sanus
655 3021 749 3076 Dei
777 3020 1036 3076 beneficio
1059 3063 1074 3088 ,
1103 3020 1192 3090 qui
1221 3019 1426 3074 facinus
1453 3019 1652 3074 inimici
1689 3020 1806 3088 ejus
1831 3034 2060 3074 conxer-

462 3121 577 3169 tere
621 3113 789 3168 voluit
824 3114 876 3167 in
916 3113 1139 3167 salutem
1175 3129 1187 3164 :
1221 3111 1359 3182 quod
1401 3103 1578 3166 tamen
1615 3125 1734 3166 cum
1777 3111 1948 3166 malus
1974 3111 2061 3168 ille

461 3204 794 3274 cognoverit,
825 3203 894 3259 de
922 3205 1148 3259 sanitate
1177 3203 1430 3267 hominis,
1455 3218 1574 3272 qua:
1606 3218 1699 3271 per
1727 3217 1915 3256 manus
1945 3202 2060 3272 ejus

461 3305 609 3365 gesta
641 3304 741 3359 est,
764 3295 1050 3349 cruciatur.
1076 3295 1130 3350 Si
1155 3303 1331 3349 autem
1366 3295 1617 3349 meretrix
1640 3305 1956 3362 conceptum
1997 3293 2062 3348 fi-

463 3386 592 3442 lium
623 3389 847 3443 libenter
874 3388 1086 3452 haheat,
1121 3403 1218 3442 nec
1245 3387 1484 3453 libidine,
1517 3403 1615 3442 nec
1641 3388 1861 3442 avaritia
1892 3388 2058 3459 turpis

461 3480 727 3536 mercedis
754 3481 977 3551 impulsa
1009 3480 1304 3537 abortiouis
1336 3480 1526 3549 poculo
1551 3480 1619 3534 de
1645 3481 1942 3536 visceribus
1962 3481 2060 3547 eji-

460 3573 568 3628 ciat
585 3572 726 3642 quod
751 3583 1095 3642 conceperat,
1125 3588 1190 3626 nc
1214 3572 1450 3642 peccanti
1475 3570 1772 3627 fecunditas
1793 3571 2060 3626 contradi-

461 3675 578 3730 cat;
625 3665 887 3734 cupiditas
931 3667 1060 3731 illa,
1108 3681 1225 3735 qua:
1252 3663 1518 3719 deﬂuebat
1560 3665 1612 3719 in
1650 3664 1945 3734 plurimos,
1991 3663 2058 3718 ad

461 3772 626 3812 unum
647 3757 737 3811 Dei
769 3756 964 3811 donum
987 3757 1003 3788 ⁸
1031 3771 1286 3810 conversa
1312 3795 1326 3819 ,
1361 3772 1464 3810 non
1486 3755 1596 3824 jam
1624 3754 1888 3825 cupiditas
1911 3797 1924 3818 ,
1964 3754 2059 3811 sed

461 3848 676 3904 dilectio
706 3848 1082 3903 nominabitur.
1115 3847 1410 3902 Meretricis
1448 3863 1574 3917 ergo
1623 3846 1760 3901 filius
1799 3856 1942 3902 recte
1976 3849 2057 3902 in-

461 3940 718 4010 telligitur
756 3941 921 4010 gratia
963 3940 1292 4010 peccatricis.
1332 3939 1407 3994 Ex
1451 3949 1631 3994 vetere
1669 3950 1846 3995 autem
1891 3940 2058 4009 turpi-

463 4032 646 4087 tudine
692 4047 858 4086 novus
913 4031 1080 4087 homo
1135 4039 1287 4088 natus
1338 4029 1664 4102 indulgentia
1719 4040 2057 4101 peccatorum

463 4133 548 4180 est
573 4126 616 4175 ³.

540 4216 596 4272 6.
651 4215 982 4272 Simulatores
1018 4215 1072 4270 in
1119 4215 1350 4270 Ecclesia
1397 4215 1538 4270 bonis
1557 4215 1800 4286 aperariis
1822 4215 2063 4284 posterio-

463 4325 565 4364 res.
605 4309 860 4363 Dominus
902 4323 1028 4380 ergo
1057 4317 1111 4363 et
1154 4309 1208 4363 in
1247 4309 1364 4378 ipso
1411 4322 1631 4363 numero
1657 4307 2056 4377 discipulorum,

464 4401 708 4471 quamvis
731 4415 795 4455 ex
824 4400 1194 4470 peccatoribus
1223 4415 1411 4454 omnes
1449 4399 1708 4470 elegerit,
1745 4398 1947 4469 priores
1980 4407 2061 4452 ta-

469 4509 592 4548 men
621 4493 776 4562 elegit
802 4502 1238 4562 perseveraturos
1269 4492 1321 4546 in
1351 4491 1652 4552 dilectione,
1685 4505 1841 4560 quam
1870 4489 2061 4545 Judam

466 4585 850 4639 simulatorem.
898 4582 1016 4638 Non
1057 4591 1138 4639 est
1178 4581 1391 4653 quidem
1433 4582 1686 4651 scriptum
1729 4596 1836 4651 quo
1874 4580 2062 4636 ordine

466 4679 668 4734 electus
695 4679 793 4744 sit;
842 4677 934 4732 sed
978 4687 1153 4732 tamen
1183 4685 1366 4730 notum
1412 4683 1494 4729 est
1529 4683 1653 4729 ante
1691 4673 1836 4726 illum
1864 4672 2062 4728 electos

469 4769 638 4824 honos
662 4787 677 4835 ;
707 4777 760 4823 et
787 4784 892 4823 non
924 4767 1118 4822 frustra
1142 4767 1356 4822 ultimus
1383 4773 1694 4820 numeratur
1714 4762 1823 4833 (1d.
1848 4780 1901 4824 x,
1927 4763 2060 4834 i4).

468 4862 533 4916 Et
559 4871 681 4934 post
706 4861 915 4916 Domini
945 4859 1311 4915 ascensionem
1350 4854 1726 4925 omnibus‘qui
1766 4861 1920 4908 erant
1957 4870 2064 4910 uno

469 4956 520 5008 in
568 4956 686 5010 loco
732 4954 962 5025 Spiritus
1007 4962 1241 5018 sanctus,
1288 4949 1578 5006 secundum
1631 4948 2062 5017 pollicitationem

470 5048 675 5104 Domini
704 5048 936 5118 desuper
962 5046 1156 5101 missus
1183 5086 1198 5111 ,
1241 5044 1447 5098 infusus
1476 5051 1559 5097 est
1589 5055 1603 5096 :
1630 5057 1662 5096 a
1687 5040 1878 5111 quibus
1903 5041 2067 5111 cmpit

474 5140 744 5208 Ecclesia,
775 5140 899 5197 boni
931 5145 1084 5194 erant
1109 5179 1122 5203 ,
1151 5145 1206 5191 et
1240 5136 1358 5190 sine
1381 5132 1721 5188 simulatione
1749 5131 2062 5201 diligebant.

472 5232 660 5288 Postea
692 5247 821 5303 ergo
849 5227 1118 5286 simulatio
1149 5225 1312 5297 coepit
1345 5223 1555 5292 operari
1601 5223 1654 5275 in
1697 5220 1933 5276 Ecclesia
1967 5238 1982 5275 :
2011 5230 2068 5276 et

471 5323 591 5377 ideo
621 5323 836 5378 dilectio
881 5321 1027 5392 prior
1056 5317 1281 5388 peperit.
1315 5313 1513 5370 Triduo
1561 5321 1738 5368 autem
1779 5311 1950 5381 major
1985 5322 2068 5368 est

472 5417 674 5474 fructus
700 5414 1022 5478 dilectionis,
1056 5420 1116 5466 ut
1139 5411 1251 5480 jam
1279 5408 1447 5479 possit
1471 5407 1687 5478 agnosci
1715 5405 2061 5472 continentia,

472 5517 529 5568 et
553 5509 758 5580 justitia
782 5549 798 5577 ,
841 5514 897 5562 et
921 5501 1248 5575 exspectatio
1292 5498 1610 5556 futurorum.
1637 5496 1914 5554 Simulatio
1931 5513 2067 5590 vero

541 5667 559 5700 ί
592 5672 770 5724 Forte,
807 5663 947 5713 dono.
1003 5717 1148 5728 Ἀ
1246 5716 1275 5728 Δ,

537 5729 560 5764 ³
581 5717 846 5780 Victorinus
866 5732 968 5787 ιιι,
995 5717 1308 5785 intelligentia
1328 5719 1631 5784 peccatorum
1647 5718 1736 5771 est.

2168 342 2272 398 etsi
2319 345 2622 415 pepererit,
2665 347 2717 402 id
2762 357 2881 417 est,
2921 349 3131 407 etiamsi
3168 350 3235 406 ad
3271 350 3520 422 exiguum
3551 359 3761 423 tempus

2169 444 2507 506 peccatorum
2534 439 2848 496 remissione
2866 441 3041 497 lietata
3071 441 3250 506 fuerit,
3281 452 3529 513 tanquam
3569 459 3763 500 somno

2169 529 2440 584 saecularis
2462 530 2766 598 cupiditatis
2789 549 3044 604 oppressa
3059 577 3075 602 ,
3104 549 3222 590 cum
3249 534 3317 591 de
3341 551 3435 606 spe
3461 537 3760 593 caelestium

2169 615 2376 687 dejecta
2430 622 2769 690 praemiorum
2825 625 2878 678 in
2931 633 3195 681 terrenam
3249 629 3488 696 requiem
3543 639 3762 699 gravato

2169 709 2334 764 corde
2363 709 2624 777 reliditur,
2655 715 2804 782 quasi
2834 713 3104 770 dormiens
3131 716 3322 771 eﬂ'ocat
3352 718 3757 789 indulgentiam,

2168 815 2326 870 quam
2371 801 2640 858 credendo
2685 808 3026 860 meruerat‘.
3076 807 3233 862 Tales
3280 819 3458 863 autem
3512 810 3768 868 homines

2170 893 2374 948 malunt
2397 893 2616 963 justitia:
2653 897 2868 952 nomine
2890 939 2905 965 ,
2934 914 3090 969 quam
3119 901 3341 956 veritate
3370 903 3634 970 gaudere;
3664 906 3765 960 bo-

2169 1001 2400 1056 numque
2425 1003 2560 1058 opus
2601 989 2836 1046 alienum
2884 1007 2978 1061 per
3021 991 3275 1049 obscuras
3310 993 3579 1064 fallacias,
3610 998 3764 1067 quasi

2169 1091 2266 1146 per
2295 1091 2504 1134 noctem
2533 1082 2708 1136 vivum
2738 1082 2902 1138 ﬁlium
2924 1126 2938 1149 ,
2967 1085 3275 1141 mentiendo
3299 1086 3364 1141 ad
3387 1102 3446 1142 se
3472 1089 3764 1145 transferre

2167 1179 2447 1226 conantur.
2474 1172 2583 1228 Nec
2621 1175 2792 1230 solum
2833 1177 3058 1233 aliorum
3098 1179 3234 1233 bona
3278 1195 3441 1251 opera
3469 1182 3571 1237 sibi
3601 1199 3764 1238 usur-

2168 1273 2320 1333 pant,
2348 1265 2442 1320 sed
2478 1267 2595 1320 aliis
2633 1269 2793 1323 etiam
2827 1270 3082 1339 objiciunt
3113 1273 3316 1328 scelera
3347 1289 3440 1329 sua
3463 1273 3538 1346 (a)
3562 1317 3577 1344 ,
3605 1277 3758 1346 quasi

2169 1363 2438 1410 mortuum
2467 1356 2630 1412 lilium
2662 1370 3043 1429 supponentes.
3397 1373 3402 1376 ’

2241 1447 2294 1501 7.
2350 1447 2717 1504 Simulatorum
2760 1453 2902 1522 fraus
2943 1453 2997 1507 in
3040 1454 3192 1510 bonos
3217 1457 3492 1525 operarios.
3539 1459 3764 1527 Quando

2170 1547 2345 1594 autem
2376 1540 2701 1596 simulationi
2723 1551 2925 1597 tantum
2952 1543 3148 1613 licebit,
3172 1555 3232 1601 ut
3255 1547 3392 1602 falso
3415 1549 3635 1617 justitia:
3663 1567 3764 1606 no-

2169 1631 2332 1698 mine,
2362 1632 2509 1686 nullo
2541 1634 2872 1702 prohibente,
2901 1637 3176 1706 glorietur,
3205 1648 3260 1694 et
3287 1641 3560 1710 spirituale
3586 1643 3765 1700 vivum

2169 1739 2324 1794 opus,
2351 1730 2491 1796 quod
2519 1727 2631 1796 ipsa
2669 1744 2772 1785 non
2809 1731 3010 1800 genuit,
3041 1742 3094 1787 et
3117 1733 3259 1803 quod
3299 1735 3354 1789 in
3381 1751 3440 1791 se
3479 1721 3766 1806 aliquando

2168 1831 2444 1889 genuerat,
2480 1822 2714 1890 pondere
2741 1825 3096 1881 crudelissimi
3123 1831 3336 1898 soporis
3364 1832 3657 1900 exstinxit,
3695 1833 3764 1888 ad

2169 1908 2415 1966 fallacem
2443 1912 2752 1981 jactantiam
2777 1917 3000 1972 materni
3031 1920 3260 1975 nominis
3283 1923 3513 1992 applicet
3537 1925 3666 1992 sibi,
3709 1934 3766 1981 et

2173 2004 2375 2058 scelera
2407 2019 2500 2058 sua
2532 2004 2684 2061 bonis
2715 2017 2874 2078 atque
2906 2009 3275 2068 innocentibus
3317 2014 3614 2084 objiciendo
3639 2032 3768 2087 sup-

2172 2097 2376 2164 ponat?
2404 2096 2630 2164 Quando
2667 2115 2794 2170 ergo
2824 2101 3094 2157 simulatio
3122 2104 3192 2158 ita
3221 2107 3479 2175 regnabit,
3515 2108 3613 2162 nisi
3640 2125 3764 2164 cum

2169 2189 2460 2246 abundabit
2486 2192 2756 2262 iniquitas,
2790 2194 2842 2250 id
2867 2204 2968 2262 est,
2994 2198 3229 2253 tenebrae
3253 2212 3591 2269 peccatorum
3613 2203 3762 2272 quasi

2168 2295 2309 2334 cazca
2341 2292 2499 2338 nocte
2529 2284 2892 2353 praevalebunt
2916 2304 2930 2350 ;
2977 2295 3034 2344 et
3069 2291 3355 2362 refrigescet
3382 2294 3602 2348 Charitas
3625 2294 3763 2349 mnt-

2170 2383 2333 2427 torum
2357 2373 2572 2444 (Matth.
2593 2393 2741 2444 xxiv,
2774 2380 2883 2450 12),
2909 2380 2960 2434 id
2989 2390 3090 2449 est,
3121 2384 3300 2452 operis
3326 2385 3614 2454 spiritualis
3642 2397 3762 2442 tan-

2168 2480 2324 2534 quam
2366 2465 2470 2520 vivi
2501 2469 2649 2537 pueri
2695 2477 2867 2525 mater
2913 2471 3254 2529 obdormiet?
3283 2474 3483 2530 Tamen
3527 2478 3646 2546 quia
3689 2479 3762 2533 ita

2169 2559 2457 2630 refrigescet
2485 2561 2727 2627 eharitas,
2760 2571 2818 2618 ut
2844 2565 3195 2636 negligentius
3227 2566 3452 2633 ferveat;
3483 2583 3590 2623 non
3618 2569 3760 2624 enim

2169 2649 2368 2705 dictum
2395 2662 2499 2718 est,
2527 2652 2743 2708 Penitns
2772 2657 3157 2727 exstinguetur,
3186 2667 3244 2712 ut
3268 2661 3487 2714 omnino
3515 2676 3618 2715 non
3647 2662 3714 2716 sit
3740 2678 3757 2715 :

2168 2742 2250 2798 sic
2273 2741 2527 2798 dormivit
2555 2744 2670 2799 haec
2698 2755 2888 2812 mater,
2921 2757 2978 2801 ut
3004 2762 3107 2801 non
3131 2749 3401 2805 occideret
3430 2751 3625 2816 lilium;
3665 2751 3762 2807 sed

2172 2845 2346 2890 tamen
2387 2835 2660 2892 fraudibus
2687 2837 3039 2892 simulationis
3069 2837 3272 2894 dederit
3303 2840 3499 2896 locum.
3526 2841 3628 2897 Sed
3668 2857 3762 2896 cx-

2170 2926 2493 2998 pergefacta,
2515 2943 2638 2983 cum
2669 2929 3014 2998 impietatem,
3044 2945 3201 3000 quam
3229 2930 3343 3000 ipsa
3374 2948 3478 2987 non
3507 2932 3649 2999 fecit,
3691 2932 3762 2988 ab

2168 3020 2251 3076 eis
2289 3021 2380 3091 qui
2411 3019 2726 3075 faciuntsibi
2757 3021 2914 3090 objici
2956 3005 3192 3088 viderit,
3217 3031 3270 3078 et
3308 3024 3568 3093 spirituali
3597 3038 3761 3094 opere

2167 3111 2370 3182 gratite,
2414 3127 2572 3182 quam
2598 3111 2881 3166 custodivit
2900 3153 2914 3179 ,
2939 3113 3114 3168 cernit
3142 3113 3534 3170 simulationem
3561 3116 3761 3171 audere

2166 3204 2402 3277 gloriari,
2431 3220 2490 3260 se
2511 3205 2802 3276 iniquitatis
2822 3207 3194 3276 operatricem,
3218 3207 3608 3263 simulationem
3633 3224 3760 3265 vero

2168 3306 2393 3352 matrem
2415 3296 2540 3352 boni
2562 3297 2739 3365 operis
2761 3297 3042 3362 nominari,
3068 3298 3269 3367 pacifici
3289 3297 3488 3354 Judicis
3510 3299 3764 3370 implorat

2166 3389 2443 3445 auxilium.
2464 3388 2596 3444 Nam
2615 3387 2864 3444 Salomon
2889 3389 3146 3444 Pacificus
3173 3390 3568 3460 interpretatur.
3587 3390 3760 3458 Quem

2166 3479 2409 3534 videmus
2434 3479 2564 3535 duas
2591 3480 2873 3549 protulisse
2893 3480 3182 3536 sententias
3215 3499 3228 3535 :
3260 3481 3485 3552 primam
3509 3491 3758 3553 tanquam

2167 3570 2493 3641 ignorantis;
2536 3571 2778 3625 ultimam
2823 3585 2951 3626 vero
2987 3586 3107 3626 cum
3147 3571 3427 3626 manifesta
3455 3573 3760 3644 cognitione

2163 3663 2468 3734 judicantis.
2521 3660 2801 3718 Certamen
2855 3662 3068 3734 pietatis
3122 3663 3292 3731 prima
3336 3663 3620 3732 proponit;
3666 3662 3761 3718 dat

2167 3756 2444 3828 prmmium
2473 3755 2704 3812 secunda
2731 3755 2918 3810 victori
2954 3773 2966 3808 :
3001 3755 3051 3808 in
3081 3755 3248 3824 prima
3283 3755 3535 3824 probatur
3564 3763 3756 3823 mater,

2170 3849 2222 3903 in
2250 3849 2430 3904 ultima
2455 3848 2666 3903 lintatur
2697 3865 2710 3902 :
2743 3846 2795 3900 in
2823 3846 2992 3916 prima
3024 3845 3160 3900 tiens
3189 3846 3348 3899 mittit
3373 3860 3556 3900 semen
3577 3861 3755 3911 suum,

2169 3940 2220 3995 in
2244 3939 2476 3996 secunda
2503 3955 2622 3994 cum
2653 3939 3007 3993 exsultatione
3034 3945 3267 4007 reportat
3293 3937 3592 4007 manipulos
3629 3955 3759 3996 suos

2170 4030 2339 4100 (Psal.
2364 4047 2523 4095 cxxv,
2555 4029 2632 4099 6).
2658 4029 2806 4097 Quod
2836 4028 3063 4097 pertinet
3083 4027 3150 4082 ad
3175 4027 3280 4082 duo
3307 4036 3546 4098 tempora
3573 4029 3760 4088 Eccle-

2168 4123 2262 4177 sia:
2287 4165 2302 4189 ,
2329 4137 2447 4192 qua}
2491 4121 2743 4174 Dominus
2769 4119 3012 4174 Christus
3031 4118 3192 4187 judex
3224 4118 3472 4188 pacificus
3513 4121 3761 4177 modera-

2171 4226 2253 4270 tur
2277 4231 2290 4279 ;
2315 4229 2475 4269 unum
2505 4213 2645 4283 quod
2671 4227 2812 4266 nunc
2831 4219 2932 4276 est,
2957 4211 3178 4265 alterum
3207 4209 3348 4282 quod
3375 4209 3608 4267 futurum
3633 4222 3752 4269 est:

2173 4308 2224 4362 in
2252 4307 2353 4362 isto
2384 4305 2691 4375 probamur,
2715 4303 2766 4357 in
2790 4303 2879 4356 illo
2899 4316 3238 4357 coronamur.

2239 4399 2293 4456 8.
2349 4397 2529 4451 Honor
2571 4395 2805 4466 praprius
2841 4402 3187 4448 contenmatur
3231 4400 3286 4446 ut
3328 4392 3568 4448 Ecclesia:
3634 4395 3754 4449 uni-

2172 4502 2248 4546 tas
2283 4500 2518 4545 servetur.
2548 4488 2649 4543 Sed
2677 4488 2816 4542 nulla
2857 4487 3027 4557 major
3053 4487 3206 4541 estin
3245 4486 3443 4542 Christi
3468 4486 3706 4543 Ecclesia
3727 4489 3754 4522 ¹

2171 4583 2413 4654 probatio
2434 4579 2726 4644 charitatis,
2751 4594 2907 4649 quam
2931 4593 3051 4632 cum
3077 4578 3235 4634 etiam
3269 4578 3438 4632 honor
3472 4580 3584 4648 ipse
3609 4621 3623 4645 ,
3666 4577 3756 4648 qui

2170 4674 2308 4744 apud
2333 4673 2576 4727 homines
2603 4671 2813 4726 videtur
2839 4685 2980 4736 esse,
3004 4670 3382 4734 contemnitur,
3422 4685 3488 4724 ne
3515 4670 3757 4725 membra

2171 4765 2372 4836 parvuli
2401 4763 2724 4828 dividantur,
2750 4772 2804 4818 et
2834 4761 3048 4816 unitatis
3069 4761 3292 4817 discidio
3317 4760 3604 4817 christiana
3627 4763 3758 4818 dila-

2174 4859 2347 4912 nictur
2375 4856 2652 4911 infirmitas
2679 4855 2774 4928 (b).
2825 4855 2961 4910 Dicit
2995 4855 3137 4910 enim
3183 4855 3469 4926 Apostolus
3507 4865 3757 4926 tanquam

2171 4961 2394 5005 matrem
2424 4963 2482 5004 se
2504 4946 3078 5018 exliihuisse‘parvulis,
3113 4947 3167 5002 in
3187 4947 3379 5018 quibus
3405 4947 3600 5002 bonum
3625 4962 3759 5019 opus

2237 5063 2252 5093 ³
2279 5070 2380 5110 Duo
2396 5069 2523 5120 Mss.,
2544 5059 2805 5120 itwenerat.

2158 5123 2164 5130 ’
2235 5126 2255 5155 ²
2291 5130 2448 5173 Forte.
2477 5119 2751 5173 ECcless'am.

2163 5223 2166 5226 ~
2235 5160 2309 5259 (ai
2322 5160 2696 5259 6ἕᾷνὲιῖἱῖἓὲ
2703 5160 2996 5259 animae
3013 5181 3380 5259 οοηξεξξφξιεει
3393 5195 3517 5259 suos
3535 5189 3762 5259 Averse-

2174 5245 2267 5298 nus
2287 5245 2338 5296 in
2368 5247 2511 5310 Epist.
2551 5248 2630 5310 76,
2667 5260 2716 5294 ιι.
2741 5246 2798 5305 2,
2835 5246 3038 5310 scribit:
3073 5263 3095 5289 ii
3119 5245 3318 5310 Majores
3350 5245 3685 5310 enim_vestri,
3713 5247 3762 5310 in

2182 5329 2204 5357 ii
2225 5306 2430 5382 quorum
2453 5308 2687 5382 sacrilega
2701 5309 2995 5382 praecisione
3019 5306 3365 5382 perseveretis,
3388 5306 3582 5382 quidam
3603 5308 3762 5382 gestis

2181 5392 2204 5420 ι
2227 5367 2596 5433 municipalibus
2626 5367 2818 5422 codices
2858 5367 3049 5418 sanctos
3087 5374 3139 5416 et
3178 5367 3494 5433 instrumenta
3536 5367 3762 5433 Ecciesize

2182 5455 2205 5484 ι
2227 5429 2621 5497 persecutoribus
2658 5433 2976 5497 tradiderunt,
3021 5435 3116 5478 etc.
3150 5437 3218 5478 De
3241 5429 3761 5497 criinine__tradi_tionis,

2182 5517 2204 5545 ι
2227 5491 2290 5547 de
2323 5510 2420 5560 quo
2443 5496 2532 5557 ipsi
2552 5498 2684 5560 inter
2707 5509 2763 5560 se
2791 5494 3277 5560 jam_oonseusemnt,
3310 5492 3546 5560 inauditos
3567 5491 3764 5560 damna-

2182 5579 2205 5609 ι
2225 5551 2420 5610 venint.
2449 5551 2474 5602 ιῑ
2510 5558 2626 5607 vide
2659 5551 2808 5619 Epist:
2837 5555 2944 5614 105,
2976 5566 3026 5602 ιι.
3065 5551 3113 5615 2,
3150 5560 3203 5604 et
3229 5559 3390 5603 Enarr.
3426 5554 3476 5604 in
3507 5553 3629 5603 Psal.
3666 5555 3762 5617 10,

2174 5637 2225 5675 η’
2239 5622 2314 5750 (iii
2335 5684 2412 5766 sic.
2428 5682 2521 5752 ipsi
2542 5649 2742 5749 quidem
2760 5676 2984 5734 catholid
3005 5677 3238 5744 episcopi,
3262 5677 3496 5730 honorem
3515 5690 3659 5730 suum
3674 5691 3764 5743 ιιι-ο
