4014 6310
211 381 284 438 91
1677 361 1907 422 SERMO
1943 361 2035 420 Xl.
3420 371 3488 432 98

211 492 582 565 evangelicum
608 491 834 555 fecerat;
857 503 963 544 non
987 489 1118 558 ipse,
1141 484 1234 541 sed
1253 484 1418 555 gratia
1440 481 1529 538 Dei
1547 495 1666 537 cum
1689 479 1799 534 illo.

209 588 341 642 Nam
365 587 457 640 illa
479 585 732 640 meretrix
753 598 846 637 sua
870 596 976 636 non
996 588 1204 652 poterat
1223 578 1402 633 dicere
1423 574 1520 629 nisi
1549 580 1762 644 peccata
1789 587 1801 623 :

207 680 408 734 donum
435 688 619 734 autem
650 675 988 733 fecunditatis
1023 689 1086 728 ex
1113 673 1240 726 Deo.
1274 671 1443 724 Tanto
1469 677 1645 721 autem
1688 679 1804 718 am-

211 775 347 841 phus
371 769 620 839 diligitur
637 768 808 839 gratia
834 765 1105 830 donanti,
1137 769 1334 832 quanto
1359 759 1674 828 supplicium
1711 755 1806 810 de-

212 864 457 916 bebatur.
486 863 555 916 Et
581 862 716 916 bene
744 860 811 914 de
836 858 1116 914 meretrice
1144 855 1399 909 Dominus
1423 854 1496 905 ait
1525 870 1537 905 ε
1567 849 1659 904 Cni
1685 849 1804 919 plu-

208 956 392 1006 rimum
421 953 716 1012 dimittitur,
749 950 1026 1021 plurimum
1052 948 1214 1017 diligit
1234 945 1380 1016 (Luc.
1415 959 1507 1005 vn,
1527 944 1641 1008 47).
1672 941 1805 995 Dicit

206 1059 330 1114 ergo
369 1045 650 1114 apostolus
676 1043 870 1096 Paulus
902 1059 915 1094 :
947 1039 1136 1093 Factus
1156 1054 1264 1091 sum
1296 1035 1533 1107 parvulus
1563 1034 1616 1086 in
1643 1031 1803 1085 medio

206 1150 447 1200 rastrum,
475 1147 717 1204 tanquam
741 1135 784 1188 si
809 1133 982 1187 nutrix
999 1133 1162 1200 foveat
1182 1131 1314 1198 ﬁlios
1337 1144 1452 1193 suo;
1474 1126 1514 1196 (Ι
1541 1124 1716 1178 Thess.
1740 1140 1797 1190 ιι,

207 1229 280 1298 7).
331 1226 441 1280 Sed
473 1242 600 1281 cum
631 1225 696 1279 ad
720 1224 1011 1294 periculum
1039 1230 1250 1276 ventum
1283 1219 1457 1281 fuerit,
1485 1233 1588 1286 quo
1613 1231 1803 1286 parvu-

207 1323 284 1374 lus
304 1321 604 1386 dividatur,
627 1335 747 1374 cum
775 1317 874 1373 sibi
901 1317 1156 1370 honorem
1185 1314 1372 1368 falsum
1398 1311 1663 1366 simulatio
1683 1309 1802 1362 vin-

207 1414 374 1477 dicat,
423 1423 480 1466 et
525 1411 768 1466 scindere
814 1419 995 1480 parata
1035 1417 1118 1462 est
1159 1406 1450 1468 unitatem;
1496 1408 1801 1458 contemnat

207 1516 376 1557 mater
405 1503 670 1557 honorem
717 1515 869 1555 suum
893 1542 906 1565 ,
939 1499 1063 1553 dum
1090 1497 1254 1551 ﬁlium
1291 1495 1466 1548 videat
1505 1493 1796 1562 integrum,

205 1597 494 1665 vivumque
543 1603 749 1658 servet;
783 1607 850 1646 ne
895 1590 1038 1656 forte,
1068 1603 1188 1642 cum
1225 1587 1461 1642 debitum
1503 1583 1800 1638 visceribus

204 1689 311 1742 suis
339 1687 607 1740 honorem
634 1683 952 1755 pertinacius
979 1680 1237 1743 vindicat,
1266 1677 1357 1733 det.
1384 1678 1554 1730 locum
1579 1674 1798 1729 simula-

209 1779 332 1833 tioni
369 1795 466 1848 per
489 1776 808 1831 maclueram
835 1773 1135 1828 schismatis
1162 1771 1365 1824 inlirtna
1397 1768 1632 1822 membra
1660 1766 1800 1820 divi-

203 1873 349 1927 dere.
404 1872 559 1925 Dicat
608 1884 736 1939 ergo
779 1869 1010 1922 Charitas
1049 1874 1252 1931 mater,
1297 1864 1429 1917 Date
1457 1863 1534 1916 illi
1564 1878 1792 1933 puerum.

206 1966 325 2017 Siue
355 1963 649 2026 occasione,
676 1962 776 2015 sive
805 1960 1004 2013 veritate
1039 1957 1267 2011 Christus
1295 1955 1619 2008 annuntietur
1645 1951 1797 2024 (ΡΙιὶ-

204 2057 325 2126 lipp.
357 2071 396 2121 ι,
430 2055 546 2123 l8).
580 2053 638 2107 in
684 2051 862 2124 Moyse
897 2050 1129 2106 charitas
1155 2049 1378 2112 clamat,
1427 2045 1669 2109 Domine,
1706 2053 1794 2098 aut

202 2152 402 2218 ignosce
433 2145 563 2208 illis,
589 2155 676 2197 aut
698 2144 810 2197 dele
833 2159 909 2195 me
939 2141 999 2196 de
1021 2142 1146 2194 libro
1173 2150 1257 2192 tuo
1287 2139 1478 2210 (Exod.
1501 2153 1674 2200 χχχιι,
1701 2135 1790 2200 51,

203 2239 311 2308 5'2).
343 2239 401 2293 In
434 2236 724 2291 Pharisaais
751 2243 927 2289 autem
955 2230 1222 2286 simulatio
1260 2231 1488 2298 loquitur
1509 2269 1524 2293 ,
1553 2227 1614 2282 Si
1643 2226 1792 2280 diuti-

203 2332 413 2384 serimus
444 2344 566 2382 etmt
590 2369 604 2393 ,
639 2327 838 2380 omium
866 2323 1084 2377 Romani
1111 2364 1124 2385 ,
1157 2333 1201 2374 et
1229 2320 1409 2374 tollunt
1436 2319 1577 2372 nobis
1599 2326 1792 2388 gentem

203 2431 245 2474 et
272 2421 442 2472 locum
473 2419 656 2491 (Joan.
678 2433 755 2481 ιι,
787 2417 900 2484 48).
929 2414 1042 2469 Non
1074 2413 1212 2468 enim
1247 2411 1541 2472 veritatem,
1573 2410 1665 2464 sed
1694 2423 1792 2464 n0-

205 2526 325 2565 men
352 2509 608 2563 volebant
640 2508 834 2561 habere
849 2505 1066 2575 justitia:
1090 2543 1104 2567 ,
1153 2512 1206 2556 et
1254 2501 1511 2555 honorem
1557 2500 1790 2554 debitum

202 2603 354 2671 justis
381 2617 482 2671 per
513 2600 770 2653 fallaciam
803 2608 980 2652 tenere
1008 2595 1307 2665 cupiebant.
1341 2593 1538 2649 Tamen
1566 2607 1792 2662 regnans

205 2696 255 2747 in
308 2696 389 2748 eis
434 2692 714 2746 simulatio
759 2687 1064 2745 cathedram
1105 2687 1271 2756 Moysi
1308 2686 1496 2741 sedere
1537 2685 1792 2754 permissa

206 2795 302 2849 est,
337 2795 396 2838 ut
424 2785 533 2838 dici
564 2791 743 2852 posset
769 2798 798 2834 a
832 2781 1090 2843 Domino,
1127 2779 1250 2843 Qua:
1275 2779 1466 2842 dicunt,
1495 2777 1682 2847 facile;
1703 2775 1795 2832 sed

204 2893 313 2945 quc
337 2876 539 2943 faciunt
564 2917 578 2938 ,
611 2879 776 2944 facere
799 2873 953 2926 nolite
979 2870 1188 2942 (Matth.
1214 2885 1351 2923 χχιιι
1371 2910 1384 2933 ,
1413 2869 1489 2939 5).
1527 2867 1594 2924 Ut
1623 2868 1792 2922 hono-

207 2987 312 3026 rem
359 2969 560 3023 falsum
605 2967 878 3031 habentes,
920 2964 1142 3018 veritate
1188 2971 1361 3016 tamen
1401 2961 1792 3030 Scripturarum

207 3061 458 3130 parvulos
491 3059 837 3127 inﬁrmosque
863 3055 1143 3110 nutrirent.
1172 3052 1448 3109 Simulatio
1471 3052 1612 3107 enim
1639 3066 1792 3107 suum

208 3153 363 3206 habet
386 3151 592 3214 scelus,
619 3164 724 3219 quo
746 3163 939 3202 novum
965 3146 1255 3210 hominem,
1277 3160 1434 3214 quem
1459 3159 1552 3213 per
1571 3143 1792 3214 gratiam

207 3243 455 3298 donantis
487 3248 802 3310 acceperat,
834 3237 1069 3309 pondere
1097 3252 1206 3292 suae
1230 3236 1562 3290 dormitionis
1589 3235 1794 3290 exstin-

209 3339 280 3390 xit
307 3354 319 3387 :
353 3334 453 3390 sed
475 3335 562 3388 lac
589 3332 706 3386 ﬁdei
729 3330 868 3402 quod
898 3329 1074 3396 habet,
1102 3345 1210 3382 non
1230 3338 1308 3383 est
1325 3330 1457 3398 ejus.
1481 3328 1613 3396 Quia
1635 3329 1792 3384 etiam

211 3435 395 3481 necato
416 3424 670 3495 parvulo,
697 3423 786 3492 qui
808 3429 1174 3476 renascentem
1197 3419 1356 3473 vitam
1381 3418 1659 3490 signiﬁcat,
1683 3419 1792 3488 jam

211 3520 258 3572 in
286 3518 445 3571 malis
479 3514 718 3569 moribus
746 3512 1010 3567 simulatio
1039 3510 1322 3565 constituta
1347 3550 1362 3574 ,
1395 3509 1589 3563 retinet
1616 3517 1791 3564 tamen

209 3611 257 3665 in
285 3609 572 3673 memoria,
601 3617 847 3676 tanquam
875 3605 928 3659 in
956 3604 1226 3666 uberibus,
1252 3603 1412 3658 verba
1443 3603 1559 3657 ﬁdei
1589 3603 1792 3657 doctri-

209 3716 439 3771 namque
469 3700 814 3754 christianam
835 3739 852 3764 ,
881 3713 997 3766 qua:
1023 3695 1270 3751 omnibus
1296 3693 1361 3748 ad
1392 3694 1679 3748 Ecclesiam
1704 3709 1795 3748 ve-

213 3793 481 3847 nientibus
516 3790 758 3844 traditur.
790 3789 868 3843 Ex
914 3788 1015 3843 isto
1056 3788 1192 3842 lacte
1221 3796 1428 3856 poterat
1468 3787 1624 3840 etiam
1663 3786 1792 3841 falsa

213 3893 380 3937 mater
404 3897 551 3938 verte
595 3890 768 3934 tamen
799 3879 921 3933 ﬁdei
960 3893 1176 3933 succum
1213 3879 1418 3948 sngenti
1461 3878 1682 3947 parvulo
1708 3878 1792 3932 in-

211 3973 452 4028 fundere.
502 3971 631 4026 lude
667 3986 854 4026 secura
883 3979 966 4025 est
992 3985 1114 4024 vera
1146 3979 1354 4034 mater,
1402 3985 1521 4024 cum
1563 3970 1718 4023 etiam
1763 3985 1793 4024 a

215 4066 621 4120 simulatoribus
659 4065 712 4118 in
761 4063 998 4118 Ecclesia
1044 4065 1292 4134 parvulus
1335 4063 1450 4133 ejus
1498 4063 1792 4118 divinarum

217 4159 612 4226 Scripturarum
635 4155 908 4210 catholicae
933 4155 1052 4210 ﬁdei
1082 4156 1216 4210 lacte
1247 4157 1498 4220 nutritur,
1525 4171 1646 4210 cum
1675 4171 1796 4226 pro-

216 4249 374 4303 hibita
403 4249 672 4303 divisione
698 4247 874 4301 unitas
912 4247 1056 4301 salva
1082 4256 1166 4301 est
1187 4289 1201 4314 ,
1232 4257 1286 4301 et
1314 4249 1576 4302 sententia
1601 4249 1796 4318 judicis

216 4341 417 4406 ultima,
450 4354 556 4408 qua
585 4338 828 4392 ultimum
855 4335 1048 4392 Christi
1074 4338 1331 4407 judicium
1363 4339 1634 4409 ﬁguratur,
1667 4355 1793 4408 pro-

216 4432 330 4486 bata
359 4431 602 4486 cbaritas
620 4471 634 4496 ,
662 4445 778 4500 quae
811 4437 1026 4500 propter
1052 4431 1276 4484 salutem
1311 4431 1510 4499 parvuli
1536 4440 1589 4485 et
1618 4433 1794 4486 unita-

218 4525 279 4579 tis
298 4524 695 4580 ﬁrmamentum
722 4522 881 4576 etiam
906 4521 1229 4576 simulationi
1252 4521 1510 4577 honorem
1535 4523 1714 4587 cessit,
1739 4532 1797 4577 ut

214 4631 452 4672 amorem
482 4623 671 4670 tenens
704 4615 1150 4685 complexumque
1195 4615 1370 4670 vitalis
1404 4615 1588 4686 gratiae
1611 4656 1626 4682 ,
1655 4631 1795 4671 sem-

217 4709 423 4777 piterno
446 4705 557 4778 pia:
582 4705 768 4760 matris
789 4706 1006 4775 praemio
1033 4706 1351 4775 perfruatur.

739 4818 967 4876 saeuo
1003 4818 1075 4874 x1
1105 4823 1121 4844 ·
1152 4818 1254 4892 (a).

600 4911 678 4966 De
705 4911 824 4967 Elia
856 4920 902 4967 et
937 4913 1088 4966 vidua
1116 4911 1420 4982 Sareptana.

280 5008 332 5062 i.
370 5006 545 5076 Opera
579 5005 778 5075 pietatis
803 5020 937 5058 nunc
967 5003 1201 5074 temporis
1229 5003 1523 5056 exercenda.
1543 5001 1798 5056 Dominus

218 5099 354 5154 Dcits
383 5107 569 5153 noster
595 5097 781 5150 nolens
805 5096 1034 5165 aliquem
1057 5103 1297 5149 nostrum
1321 5093 1514 5164 perire,
1547 5093 1800 5148 excolens

220 5191 513 5246 Ecclesiam
557 5204 708 5242 suam
743 5189 1082 5258 velutagrum
1115 5201 1290 5254 suum,
1311 5200 1554 5256 quatrens
1571 5184 1797 5264 fructum

219 5280 283 5334 de
307 5281 595 5335 arboribus
623 5281 753 5343 suis,
780 5288 1057 5348 antequam
1087 5288 1295 5348 tempus
1311 5278 1516 5333 securis
1531 5274 1796 5345 adveniat,

218 5391 512 5463 (sustentanda
533 5390 756 5463 Ecclesiae
775 5403 892 5463 pace
915 5390 1166 5463 deponere
1188 5391 1366 5463 parati,
1379 5391 1594 5463 scribunt
1611 5389 1668 5463 a_d
1686 5396 1804 5463 tuar-

219 5455 448 5503 ceilinum
469 5454 744 5504 Collationis
774 5452 1162 5516 Carthaginensis
1193 5452 1307 5501 cum
1340 5452 1594 5516 Donatistis
1627 5453 1802 5516 habita:

221 5518 562 5579 (Ingnitorem.
593 5518 642 5564 in
681 5516 883 5579 Epistola
929 5514 1055 5564 inter
1093 5514 1685 5579 Augustinianas4128,n_.
1715 5514 1747 5562 5
1788 5527 1800 5562 :

232 5597 254 5623 ι
276 5577 339 5626 .in
363 5593 482 5628 vero
518 5578 602 5628 ille
623 5579 687 5627 de
709 5577 848 5627 uelis
879 5580 928 5626 in
960 5577 1182 5627 membra
1206 5579 1414 5627 hmnana
1450 5577 1721 5636 descendit,
1751 5583 1805 5626 ιιι

284 5665 356 5726 (a)
381 5665 520 5724 Alias,
548 5665 604 5714 18
627 5667 754 5715 inter
778 5664 999 5716 Homilias
1017 5667 1094 5715 50.

289 5749 304 5765 '
332 5750 612 5798 neceusitns
644 5747 814 5798 fuitad
843 5749 965 5800 duos
994 5751 1057 5799 cl.
1081 5751 1204 5802 duos
1237 5766 1330 5803 rm.
1378 5759 1430 5806 et
1471 5750 1531 5802 ad
1561 5762 1638 5815 gr.
1679 5760 1722 5798 r.
1755 5762 1803 5798 v.

232 5817 326 5864 Αω.
349 5817 424 5861 Er.
449 5819 550 5864 Par.
584 5817 715 5864 ων..

1911 493 2032 532 cum
2082 491 2300 536 necesse
2353 477 2449 535 erit
2477 481 2492 512 ί
2524 480 2877 540 infructuosas
2921 485 3138 542 arbores
3181 500 3475 558 amputare,

1909 585 2013 626 non
2042 581 2212 627 cessat
2236 573 2542 639 admonere,
2571 588 2628 632 ut
2649 593 2766 632 cum
2801 589 3005 648 tempus
3031 589 3131 646 est,
3155 589 3208 635 et
3238 596 3356 635 cum
3390 584 3481 638 Dei

1907 662 2173 730 adjutorio
2213 665 2266 719 in
2297 675 2476 721 nostra
2521 676 2778 737 potestate
2823 671 3099 737 consistit,
3143 673 3277 727 bona
3319 689 3477 743 opera

1907 754 2179 811 faciamus.
2207 758 2336 812 Cum
2366 759 2506 813 enim
2534 762 2802 816 transierit
2822 773 3025 834 tempus
3046 765 3178 819 bene
3204 766 3482 832 operandi,

1896 864 2012 903 non
2057 859 2222 906 restat
2268 853 2366 906 nisi
2415 853 2722 923 recipiendi.
2778 856 2941 911 Nemo
2987 859 3076 911 tibi
3122 859 3357 912 dicturus
3399 867 3482 913 est

1898 943 2026 1010 "post
2067 945 2505 1000 resurrectionem
2553 957 2880 1003 mortuorum
2909 950 2959 1004 in
2987 966 3147 1020 regno
3167 953 3278 1014 Dei,
3306 952 3470 1005 Fran-

1904 1048 1970 1103 ge
1997 1035 2247 1089 esurienti
2279 1052 2466 1106 panem
2521 1047 2701 1102 tuum;
2751 1040 2870 1109 quia
2923 1057 3024 1095 non
3065 1043 3300 1096 invenies
3350 1058 3472 1097 esu-

1905 1126 2148 1180 rientem.
2197 1127 2362 1182 Nemo
2388 1128 2625 1183 dicturus
2655 1141 2771 1197 est,
2807 1130 2946 1184 Vesti
3000 1132 3214 1196 nudum,
3249 1133 3332 1186 ubi
3359 1147 3478 1187 om-
3524 1139 3534 1150 '

1904 1220 2048 1271 nium
2100 1219 2270 1272 tunica
2317 1219 2684 1275 immortalitas
2725 1222 2844 1276 erit.
2891 1221 3057 1276 Nemo
3107 1223 3340 1278 dicturus
3368 1235 3473 1291 est,

1904 1308 2125 1379 Suscipe
2173 1312 2504 1381 peregrinum
2542 1312 2692 1382 (Isai.
2739 1331 2894 1382 Lvut,
2932 1315 3021 1386 7),
3074 1315 3160 1369 ubi
3201 1332 3384 1371 omnes
3426 1317 3478 1370 in

1904 1402 2073 1471 patria
2100 1417 2191 1456 sua
2218 1404 2415 1458 vivent.
2464 1404 2593 1458 Nam
2623 1405 2782 1459 modo
2807 1422 2989 1460 sumus
3035 1406 3156 1460 inde
3197 1407 3476 1475 peregrini.

1903 1491 2072 1547 Nemo
2097 1494 2256 1559 dicet,
2280 1495 2442 1549 Visita
2471 1511 2688 1565 (egrum,
2709 1495 2795 1550 ubi
2815 1507 2897 1550 est
2920 1498 3117 1550 sanitas
3137 1498 3478 1566 sempiterna.

1901 1584 2072 1641 Nemo
2099 1586 2258 1651 dicet,
2283 1587 2457 1657 Sepeli
2487 1597 2774 1654 mortuum,
2801 1589 2892 1643 ubi
2927 1606 3070 1644 mors
3100 1591 3340 1644 moritur.
3377 1589 3478 1646 ista

1890 1677 2078 1730 omnia
2121 1677 2330 1746 pietatis
2375 1678 2550 1734 ofﬁcia
2595 1681 2646 1733 in
2689 1679 2792 1733 vita
2822 1689 3017 1735 aeterna
3050 1684 3345 1737 necessaria
3375 1698 3478 1737 non

1901 1777 2076 1832 erunt,
2107 1768 2197 1821 ubi
2229 1770 2340 1822 sola
2361 1785 2461 1840 pax
2488 1771 2591 1824 erit
2618 1781 2670 1825 et
2695 1771 2873 1825 lmtitia
2910 1773 3252 1842 sempiterna.
3286 1775 3340 1828 lu
3371 1774 3475 1829 isto

1900 1867 2076 1913 autem
2106 1868 2346 1928 tempore
2369 1904 2384 1928 ,
2431 1871 2487 1916 nt
2529 1865 2833 1919 noverimus
2868 1876 3120 1935 quantum
3153 1866 3302 1921 nobis
3328 1883 3479 1921 cont-

1903 1951 2121 2004 mendat
2150 1953 2292 2007 Deus
2313 1968 2473 2024 opera
2497 1956 2896 2020 misericordiae,
2919 1958 3076 2010 etiam
3101 1959 3242 2026 ipsos
3267 1968 3478 2014 sanctos

1898 2054 2024 2094 suos
2047 2057 2204 2110 egere
2232 2042 2390 2109 fecit;
2423 2053 2476 2097 ut
2499 2061 2617 2098 eum
2643 2045 2771 2100 ﬁunt
2799 2046 2881 2100 hic
2908 2047 3060 2102 amici
3082 2046 3148 2101 de
3175 2063 3476 2102 mammona

1896 2133 2188 2202 iniquitatis
2213 2177 2227 2200 ,
2263 2136 2519 2204 recipiant
2558 2146 2612 2192 et
2649 2137 2748 2206 ipsi
2787 2139 2985 2192 amicos
3026 2154 3152 2192 suos
3195 2141 3245 2193 iu
3274 2151 3472 2194 aeterna

1897 2224 2232 2280 tabernacula
2260 2225 2410 2296 (Luc.
2446 2244 2560 2294 tm,
2587 2229 2643 2300 9)
2675 2246 2689 2282 :
2722 2229 2772 2284 id
2799 2239 2900 2295 est,
2932 2240 2988 2284 ut
3016 2247 3134 2285 cum
3165 2232 3331 2286 servis
3360 2232 3473 2298 Dei,

1899 2315 1986 2384 qui
2013 2315 2138 2369 dum
2173 2316 2370 2387 jugiter
2396 2319 2502 2372 Deo
2541 2329 2758 2383 vacant,
2787 2321 3066 2389 aliquoties
3100 2321 3368 2391 indigent,
3399 2322 3475 2377 illi

1897 2407 1986 2476 qui
2013 2408 2209 2464 habent
2234 2411 2417 2465 mundi
2445 2411 2686 2476 divitias,
2734 2413 3122 2484 eleemosyuam
3163 2415 3471 2486 largiuntur,

1898 2501 2164 2570 quomodo
2203 2517 2296 2557 eos
2340 2504 2624 2574 participes
2670 2505 2867 2560 faciunt
2895 2506 2946 2560 in
2993 2516 3200 2562 terrena
3231 2509 3478 2564 substan-

1897 2592 2004 2656 tia,
2051 2593 2128 2646 sic
2168 2608 2289 2648 cum
2331 2596 2434 2650 illis
2472 2607 2672 2666 partem
2716 2597 2914 2652 habere
2951 2610 3260 2654 mereantur
3288 2601 3338 2656 in
3370 2603 3475 2656 vita

1895 2691 2094 2738 aeterna
2125 2687 2167 2737 ³.

1965 2773 2019 2827 2.
2052 2773 2198 2828 Elius
2212 2778 2280 2829 ad
2305 2792 2572 2847 pauperem
2597 2779 2798 2832 viduam
2825 2780 3106 2849 pascendus
3129 2798 3218 2834 cur
3236 2782 3471 2836 mittitur.

1898 2863 2148 2920 Mandare
2174 2865 2313 2922 Deus
2337 2869 2584 2938 quomodo
2618 2871 2928 2941 intelligitur.
2973 2872 3082 2927 Hoc
3112 2873 3218 2928 dixi
3260 2883 3476 2944 propter

1895 2954 2177 3012 lectionem
2208 2957 2508 3028 Regnorum
2533 3000 2548 3026 ,
2579 2976 2735 3030 quam
2761 2963 2930 3031 primo
2955 2963 3270 3020 audivimus.
3315 2965 3477 3020 Num-

1897 3049 2022 3119 quid
2054 3050 2190 3105 Deus
2236 3050 2501 3106 defecerat
2555 3067 2773 3122 pascere
2817 3069 3026 3108 servum
3074 3070 3224 3109 suum
3269 3057 3477 3112 Eliam?

1898 3141 2084 3198 Nonne
2105 3144 2200 3209 illi,
2229 3145 2347 3214 quia
2368 3144 2869 3213 deeranthomines,
2898 3149 3048 3203 alites
3074 3149 3477 3204 ministrabant?

1898 3235 2088 3292 Nonne
2114 3237 2186 3292 illi
2209 3253 2397 3306 panem
2426 3237 2678 3294 afferebat
2704 3253 2896 3294 corvus
2924 3257 3100 3308 mane,
3125 3251 3176 3296 et
3197 3242 3260 3296 ad
3292 3257 3478 3313 vespe—

1899 3343 2013 3382 ram
2046 3330 2272 3384 carnes?
2311 3329 2553 3384 Ostendit
2581 3345 2708 3401 ergo
2738 3331 2879 3386 Deus
2907 3333 3026 3401 quia
3055 3334 3195 3390 unde
3225 3333 3472 3403 voluerit,

1899 3430 1952 3476 et
1976 3422 2243 3492 quomodo
2271 3423 2522 3488 voluerit,
2557 3433 2726 3492 potest
2765 3439 2980 3494 pascere
3014 3442 3196 3480 servos
3227 3443 3350 3481 suos
3379 3444 3392 3480 :
3425 3436 3479 3482 et

1900 3522 2072 3566 tamen
2105 3522 2162 3567 ιιι
2207 3523 2386 3582 posset
2412 3521 2541 3578 feum
2587 3516 2829 3585 religiosa
2864 3516 3014 3569 vidua
3059 3532 3302 3586 pascere,
3355 3518 3480 3573 fecit

1899 3621 2019 3660 eum
2058 3621 2235 3675 egere.
2292 3605 2514 3674 Egestas
2539 3607 2730 3659 animae
2766 3616 2961 3661 sanctae
3007 3608 3057 3662 in
3100 3608 3476 3663 abundantiam

1899 3713 2048 3751 versa
2076 3708 2156 3750 est
2175 3696 2365 3749 animae
2387 3697 2666 3765 religioszn.
2692 3697 2803 3750 Non
2828 3705 3034 3765 poterat
3059 3698 3198 3751 Elias
3225 3699 3292 3752 de
3313 3700 3478 3754 mise-

1899 3787 2122 3843 ricordia
2153 3787 2245 3841 Dei
2272 3787 2398 3841 dare
2424 3787 2523 3841 sibi
2549 3828 2562 3851 ,
2593 3787 2730 3857 quod
2758 3788 3049 3856 laguucnlze
3076 3788 3254 3842 dedit?
3276 3789 3478 3844 Videtis

1900 3893 2110 3948 nempe,
2140 3887 2193 3933 et
2220 3877 2556 3931 manifestum
2594 3885 2706 3943 est,
2733 3878 2871 3948 quod
2903 3878 3184 3948 aliquando
3213 3880 3351 3934 servi
3384 3881 3479 3936 Dei

1900 3970 2020 4024 ideo
2044 3985 2147 4023 non
2187 3970 2384 4024 habent
2407 4011 2422 4036 ,
2449 3979 2506 4023 ut
2531 3970 2820 4040 probentur
2844 3972 2930 4039 qui
2961 3971 3172 4026 habent.
3203 3972 3269 4026 Et
3299 3981 3478 4028 tamen

1899 4063 1989 4118 illa
2036 4062 2194 4117 vidua
2244 4062 2374 4116 nihil
2422 4062 2689 4116 habebat:
2729 4062 2871 4133 quod
2917 4064 2987 4117 illi
3036 4065 3294 4135 reliquum
3339 4077 3476 4133 erat,

1902 4152 2108 4206 ﬁnitum
2141 4153 2348 4218 fuerat,
2377 4162 2431 4208 et
2456 4168 2575 4207 cum
2605 4153 2712 4206 suis
2750 4153 2870 4206 ﬁliis
2901 4153 3156 4208 moritura
3182 4164 3313 4209 erat.
3346 4156 3478 4212 Pro-

1899 4248 2058 4301 cessit
2074 4261 2220 4316 ergo,
2244 4255 2302 4300 ut
2322 4245 2522 4300 faceret
2547 4246 2645 4300 sibi
2671 4261 2880 4315 panem,
2906 4246 3158 4316 colligere
3177 4247 3282 4302 duo
3303 4249 3476 4318 ligna:

1900 4348 1954 4393 et
1980 4348 2104 4392 tunc
2127 4353 2245 4392 eam
2273 4337 2402 4391 vidit
2428 4336 2590 4391 Elias.
2621 4337 2768 4390 Tunc
2795 4353 2910 4391 eam
2941 4337 3098 4390 homo
3129 4338 3217 4392 Dei
3246 4340 3476 4408 videbat,

1902 4428 2112 4499 quando
2155 4429 2242 4482 illa
2285 4427 2392 4481 duo
2443 4428 2578 4498 ligna
2626 4429 2916 4497 quaerebat.
2969 4429 3159 4483 Mulier
3184 4430 3270 4484 illa
3299 4441 3478 4501 typum

1899 4519 2118 4590 gerebat
2143 4518 2396 4573 Ecclesia:
2425 4535 2438 4571 :
2471 4526 2524 4572 et
2546 4519 2666 4588 quia
2695 4519 2800 4572 duo
2830 4518 2968 4588 ligna
3007 4535 3219 4573 crucem
3261 4522 3477 4590 faciunt,

1900 4612 2170 4683 quaerebat
2193 4612 2469 4675 moritura,
2489 4612 2629 4665 unde
2645 4625 2856 4680 semper
2875 4620 3016 4666 esset
3038 4612 3258 4668 victura.
3284 4615 3485 4670 Adum-

1901 4707 2056 4760 brato
2084 4719 2210 4774 ergo
2239 4703 2524 4774 mysterio,
2560 4704 2702 4759 Elias
2726 4705 2955 4774 loquitur
2979 4706 3044 4760 ad
3080 4723 3195 4762 eam
3220 4708 3356 4777 quod
3386 4723 3482 4761 au-

1901 4797 2032 4852 divit
2065 4817 2077 4852 :
2107 4806 2286 4851 narrat
2322 4797 2408 4850 illa
2435 4796 2834 4866 dispositionem
2861 4813 3042 4866 suam,
3083 4801 3392 4854 morituram
3422 4817 3480 4856 se

1903 4890 2049 4955 dicit,
2068 4904 2188 4944 cum
2205 4889 2648 4943 consummaverit
2669 4890 2806 4958 quod
2834 4894 3104 4946 remansit.
3128 4892 3227 4948 Ubi
3249 4902 3331 4948 est
3353 4909 3482 4962 ergo

1903 4983 2045 5054 quod
2067 4983 2319 5037 Dominus
2335 4981 2540 5037 dixerat
2567 4982 2716 5048 Elim,
2750 4982 2884 5036 Vade
2912 4985 2963 5038 in
2983 4987 3198 5056 Sarepla
3218 4986 3480 5051 Sidoniw;

1903 5075 1971 5128 ibi
1997 5075 2130 5128 enim
2157 5074 2391 5127 mandavi
2418 5073 2582 5128 vidum
2604 5116 2618 5140 ,
2651 5083 2703 5126 ut
2733 5085 2906 5145 pascat
2936 5077 3022 5129 te?
3069 5075 3269 5130 Videtis
3295 5091 3480 5145 quem-

1907 5165 2188 5220 admodum
2222 5165 2442 5220 mandat
2478 5166 2617 5221 Dens
2637 5207 2651 5231 ,
2685 5183 2789 5219 non
2820 5166 2870 5219 in
2903 5183 3030 5221 aure
3051 5208 3064 5230 ,
3097 5167 3189 5220 sed
3220 5167 3272 5220 itt
3299 5168 3480 5222 corde.

1915 5289 1937 5339 ά
1959 5293 2175 5355 membra
2195 5292 2300 5353 ejus
2323 5305 2561 5355 essemus,
2584 5301 2635 5344 et
2656 5307 2764 5350 nos,
2787 5307 2851 5342 ne
2876 5295 2977 5355 ipsa
3011 5294 3117 5355 ejus
3139 5296 3355 5345 membra
3378 5311 3484 5347 cru-

1914 5371 1938 5400 α
1957 5352 2057 5403 deli
2093 5354 2328 5404 divisione
2365 5353 2618 5415 lanientur,
2647 5357 2708 5404 de
2733 5352 2975 5404 cathedris
2994 5352 3296 5406 descendere
3327 5359 3486 5407 formi-

1915 5433 1938 5462 ι
1959 5415 2163 5480 damus?
2188 5423 2281 5465 etc.
2301 5425 2412 5480 Nam
2435 5431 2530 5480 qua
2549 5417 2706 5466 fronte
2729 5419 2778 5466 in
2803 5419 2962 5480 futuro
2999 5418 3177 5467 saeculo
3199 5421 3486 5480 promissum

1917 5495 1939 5523 ι
1959 5490 1988 5526 a
2004 5477 2186 5526 Christo
2220 5477 2523 5539 Sperabinius
2545 5480 2794 5538 honorem,
2819 5481 2859 5528 si
2883 5477 3258 5530 christianamin
3281 5481 3370 5531 hoc
3390 5495 3482 5532 sa!-

1917 5559 1940 5588 ι
1961 5539 2070 5590 culo
2093 5548 2258 5590 noster
2282 5542 2432 5589 honor
2453 5542 2650 5603 impedit
2675 5541 2944 5590 unitatem?
2967 5559 2988 5584 ν

1974 5628 1990 5656 ι
2019 5633 2144 5684 Mss,
2166 5622 2245 5672 cui
2267 5636 2455 5674 necesse
2475 5623 2584 5674 erit.

1973 5689 1993 5718 ³
2015 5689 2087 5736 Sic
2106 5687 2288 5749 aliquot
2309 5696 2411 5736 Mss.
2439 5685 2522 5734 Alii
2557 5700 2673 5736 vero
2693 5699 2803 5737 cum
2827 5689 2994 5749 editis,
3022 5694 3070 5738 ut
3094 5699 3215 5749 cum,
3401 5695 3490 5740 Det

1910 5750 1996 5822 ρὶι,
2028 5747 2334 5822 ἀφηλὶιθὶζξν
2355 5759 2452 5822 Deo
2474 5755 2655 5810 vacem,
2683 5749 2928 5814 aliquoties
2948 5747 3177 5816 indigna,
3199 5747 3369 5801 ili"...
3392 5763 3490 5805 nte-

1912 5813 2139 5868 relnmlur
2159 5813 2208 5863 iu
2233 5813 2324 5864 vita
2339 5818 2536 5864 retenta.
