4002 6488
548 405 619 466 99
1073 459 1079 466 .
1238 355 1241 358 ῂ
1776 406 1836 464 S.
1873 405 2239 474 AUGUSTth
2277 411 2581 476 EPISCOPI

548 523 814 595 Numquid
859 523 1084 594 legimus
1124 521 1246 592 quia
1285 519 1480 576 missus
1517 527 1602 575 est
1639 521 1831 592 aliquis
1870 524 2128 593 propheta
2225 583 2228 586 ,

549 617 618 672 ad
647 617 789 671 illam
815 615 1112 680 mulierem,
1136 621 1189 666 et
1213 611 1411 666 dictum
1438 621 1522 668 est
1545 613 1615 681 ei,
1641 614 1766 668 Haec
1791 613 1921 668 dicit
1951 615 2131 670 Domi-

547 723 647 763 nus
665 748 679 773 ,
708 706 975 762 Venturus
999 713 1081 758 est
1110 703 1177 758 ad
1206 713 1256 758 te
1278 703 1523 760 esuriens
1549 719 1735 769 servus
1759 719 1910 760 meus
1928 745 1944 772 ,
1969 720 2035 760 ex
2064 721 2130 762 eo

546 798 687 870 quod
732 797 894 856 babes
936 796 1176 851 ministra
1217 796 1290 850 illi
1323 813 1336 850 :
1365 796 1594 866 inopiam
1638 798 1743 852 noli
1774 797 1997 864 timere;
2029 813 2129 868 ego

545 889 800 960 supplebo
830 886 967 958 quod
1009 885 1260 942 dederis?
1309 887 1421 952 Hoc
1446 887 1494 942 ei
1521 887 1719 942 dictum
1749 905 1850 942 non
1881 890 2125 959 legimus.
2203 893 2211 901 '

545 979 654 1036 Nec
682 979 782 1034 hoc
827 977 1080 1048 legimus,
1132 977 1273 1048 quod
1316 977 1367 1033 in
1411 978 1614 1033 somnis
1657 979 1722 1034 ad
1772 995 1889 1034 eam
1927 984 2125 1036 tuissus

543 1072 702 1128 fuerit
741 1072 997 1141 angelus,
1048 1080 1102 1125 et
1144 1070 1575 1144 prmnuntiaverit
1615 1072 1781 1126 Ellam
1807 1074 2126 1129 esurientem

544 1179 663 1220 esse
691 1173 1004 1232 venturum,
1037 1173 1090 1226 et
1130 1163 1196 1218 de
1235 1162 1325 1218 illo
1352 1163 1616 1232 pascendo
1637 1164 1824 1234 aliquis
1853 1166 2128 1221 mulierem

543 1257 688 1313 illam
715 1256 1069 1313 admonuerit.
1097 1256 1198 1311 Sed
1227 1255 1440 1311 mandat
1465 1257 1608 1312 Deus
1635 1257 1785 1312 miris
1808 1259 1980 1313 modis
2002 1301 2015 1326 ,
2037 1260 2128 1330 qui

545 1349 598 1403 in
631 1348 1036 1418 cogitationibus
1075 1347 1323 1417 loquitur.
1376 1349 1607 1403 Dicimus
1649 1351 1931 1406 mandasse
1961 1351 2128 1408 Deum

545 1439 811 1510 loquendo
846 1439 898 1493 in
923 1431 1118 1505 corde,
1151 1439 1481 1508 suggerendo
1508 1440 1648 1510 quod
1687 1456 1818 1511 opus
1845 1452 1978 1508 erat,
2009 1459 2128 1513 per-

543 1529 814 1593 suadendo
856 1530 996 1600 quod
1023 1530 1148 1586 utile
1169 1539 1280 1596 erat
1308 1530 1552 1586 rationali
1589 1533 1778 1587 animm
1807 1535 1976 1589 viduae
2005 1550 2125 1590 mu-

541 1621 708 1677 lieris.
740 1622 829 1678 Sic
868 1624 1024 1677 etiam
1055 1623 1104 1676 in
1130 1621 1409 1693 Propltetis
1437 1623 1678 1692 legimus,
1711 1625 1851 1695 quod
1873 1626 2126 1695 Dominus

541 1715 871 1770 mandaverit
886 1716 1071 1778 vermi,
1097 1724 1156 1776 ut
1179 1715 1393 1770 roderet
1406 1715 1636 1771 radicem
1654 1717 1939 1772 cucurbita:
1958 1719 2128 1787 (Iona:

541 1823 622 1876 tv,
650 1808 725 1879 7).
757 1807 896 1876 Quid
920 1817 1022 1874 est,
1050 1808 1334 1874 Maudavit,
1369 1808 1500 1875 nisi,
1527 1810 1631 1864 Cor
1658 1812 2010 1880 praeparavit?
2037 1812 2125 1868 ln-

542 1899 833 1969 spiratione
860 1900 1036 1968 itaque
1065 1899 1308 1964 Domini,
1354 1899 1509 1954 vidua
1537 1901 1841 1966 illamulier
1868 1918 1958 1957 cor
1990 1920 2125 1973 pra:-

538 2000 780 2061 paratum
801 1989 1028 2045 habebat
1051 1990 1119 2044 ad
1140 1990 1516 2046 obediendum.
1560 1992 1700 2047 'l‘alis
1724 2003 1974 2061 venerat,
2005 1995 2123 2057 talis

536 2095 657 2136 cum
685 2081 800 2136 Elia
843 2081 1173 2151 loquebatur.
1222 2081 1322 2148 Qui
1351 2090 1464 2136 erat
1490 2083 1540 2136 in
1569 2083 1683 2138 Elia
1715 2093 1770 2142 ut
1792 2086 2119 2155 praeciperet,

536 2173 651 2244 ipse
697 2183 810 2229 erat
849 2175 903 2230 in
941 2173 1096 2228 vidua
1145 2182 1203 2228 ut
1241 2174 1500 2229 ubediret.
1562 2174 1734 2241 Vade,
1767 2176 1966 2246 inquit,
1997 2178 2122 2239 inihi

538 2267 680 2342 prius
709 2271 792 2338 {ac
820 2267 882 2321 de
903 2277 1126 2338 egestate
1149 2277 1278 2334 tua;
1321 2284 1423 2328 non
1463 2268 1714 2331 deﬁcient
1756 2270 1948 2326 divitia:
1994 2281 2117 2330 tum.
2169 2311 2180 2317 -

534 2357 916 2422 Patrimonium
947 2359 1092 2415 eiiim
1134 2360 1340 2428 viduae,
1391 2361 1658 2416 modicum
1700 2374 1813 2418 erat
1857 2363 2038 2420 farinae
2066 2375 2121 2421 et

533 2450 797 2504 modicum
829 2450 932 2505 olei
965 2468 978 2503 :
1010 2450 1108 2506 hoc
1133 2451 1399 2515 modicum
1427 2468 1534 2510 non
1563 2453 1777 2512 defecit.
1805 2456 1934 2523 Quis
1954 2458 2112 2514 habet

539 2540 698 2595 talem
725 2540 902 2596 villam
933 2541 993 2593 ίῖ
1045 2541 1294 2606 Libenter
1319 2542 1474 2600 vidua
1503 2559 1715 2608 servum
1749 2546 1842 2600 Dei
1872 2548 2086 2604 esurien
2111 2576 2119 2593 ν

537 2640 641 2686 tem
675 2632 941 2702 pascebat,
975 2633 1094 2702 quia
1123 2635 1499 2702 patrimonium
1525 2637 1639 2704 ejus
1661 2637 1711 2690 in
1739 2638 1890 2693 clavo
1919 2641 2117 2710 pende-

532 2722 638 2776 bat.
668 2723 803 2790 Quid
833 2723 1036 2778 felicius
1061 2724 1159 2778 hac
1186 2727 1535 2794 paupertate?
1563 2725 1618 2782 Si
1647 2727 1730 2783 hic
1759 2730 1879 2790 talia
1904 2733 2112 2803 recipit,

529 2814 704 2884 qualia
731 2815 780 2868 in
812 2813 919 2868 ﬁne
938 2815 1208 2886 sperabit?

599 2905 653 2959 '5.
679 2902 933 2958 Bonorum
959 2921 1165 2976 operum
1186 2922 1371 2960 merces
1384 2923 1486 2961 non
1500 2909 1594 2963 ista
1609 2917 1827 2981 tempore
1840 2916 2112 2984 speranda.

531 2991 657 3049 Ideo
679 2994 781 3050 hoc
801 2995 928 3062 dixi,
951 3003 1009 3050 ut
1030 2997 1396 3053 seminationis
1414 3007 1612 3054 nostra».
1641 3003 1965 3069 mercedem,
1999 3013 2112 3063 non

532 3086 635 3142 isto
684 3095 922 3157 tempore
970 3103 1075 3158 quo
1121 3089 1445 3144 seminamns
1486 3106 1781 3160 speremus.
1829 3094 1928 3150 Hic
1969 3099 2112 3160 enim

529 3176 789 3232 bonorum
820 3193 1039 3248 operum
1080 3194 1307 3234 messem
1337 3196 1455 3238 cum
1499 3181 1679 3237 labore
1707 3184 1933 3240 serimus
1953 3225 1970 3252 ,
2015 3189 2111 3251 sed

531 3269 584 3332 in
609 3267 790 3324 futuro
812 3268 1013 3324 fructus
1036 3270 1175 3324 illius
1193 3285 1312 3325 cum
1338 3271 1530 3340 gaudio
1550 3273 1893 3343 colligemus;
1916 3291 2108 3341 secum-

525 3358 652 3414 dum
683 3359 814 3414 illud
840 3359 981 3431 quod
1011 3361 1268 3430 scriptum
1294 3371 1406 3429 est,
1442 3363 1632 3420 Euntes
1660 3364 1798 3426 ibant
1825 3377 1873 3422 et
1897 3371 2104 3440 ﬂebant,

525 3452 772 3508 mittentes
799 3453 991 3506 semina
1017 3469 1146 3519 sua;
1194 3454 1442 3507 venientes
1470 3465 1633 3510 autem
1669 3458 1861 3514 venient
1884 3476 1996 3514 eum
2019 3477 2110 3518 ea:-

525 3542 795 3598 sultatione
815 3583 830 3608 ,
878 3552 1133 3612 portantes
1163 3543 1446 3614 manipulos
1475 3561 1592 3598 suos
1622 3545 1791 3617 (Psal.
1822 3563 1998 3616 cxxv,
2026 3551 2104 3622 6).

527 3631 661 3688 Illud
690 3616 830 3688 enim
861 3648 957 3704 pro
983 3636 1134 3704 signo
1159 3635 1350 3690 factum
1381 3644 1479 3700 est,
1513 3616 1741 3708 nonpro
1785 3639 1944 3697 dono.
1971 3616 2104 3701 Nam

525 3722 570 3776 si
599 3723 756 3778 vidua
798 3723 884 3778 illa
915 3725 1053 3798 quod
1098 3725 1240 3796 pavit
1285 3727 1550 3781 hominem
1583 3728 1716 3796 Dei,
1756 3731 1841 3786 hic
1880 3736 2101 3804 recepit,

523 3829 630 3870 non
656 3823 739 3872 est
761 3832 1009 3888 magnum
1041 3815 1180 3889 quod
1205 3819 1521 3887 seminavit;
1567 3823 1688 3891 quia
1729 3839 1832 3878 non
1857 3842 2101 3897 magnam

523 3919 756 3980 segetem
785 3910 1023 3964 messuit.
1075 3911 1388 3980 Temporale
1416 3922 1496 3966 est
1535 3913 1673 3982 quod
1709 3918 1942 3987 accepit,
1995 3933 2100 3974 non

523 4000 856 4056 deiicientem
870 4000 1089 4056 farinam
1115 4041 1131 4067 ,
1152 4017 1248 4056 nec
1259 4003 1573 4058 diminutum
1591 4006 1794 4076 qolcum,
1824 4024 2101 4080 quousque

523 4089 673 4146 daret
702 4092 840 4146 Deus
873 4092 1100 4162 pluviam
1141 4108 1303 4164 super
1334 4105 1524 4151 terram
1559 4096 1647 4168 (Ill
1674 4097 1800 4170 Reg.
1829 4101 1981 4172 xvn).
2021 4104 2100 4160 Ae

522 4165 600 4240 sic
625 4192 748 4239 tunc
771 4184 939 4255 magis
963 4185 1122 4254 caspit
1143 4201 1319 4256 egere,
1351 4165 1823 4259 quando‘dignat’us
1848 4202 1930 4248 est
1959 4196 2100 4254 Deus

523 4273 705 4353 pluere
738 4293 752 4330 :
787 4283 910 4329 tunc
935 4276 1074 4330 enim
1100 4275 1400 4330 laboratum
1437 4287 1571 4344 erat,
1601 4292 1967 4351 exspectatura
1987 4289 2099 4358 agri

522 4365 724 4422 fructus
765 4377 820 4421 et
860 4366 1165 4422 collectura.
1225 4369 1446 4435 Quando
1490 4378 1665 4426 autem
1711 4389 1817 4429 non
1863 4377 2094 4450 pluebat,

519 4457 689 4512 victus
730 4457 845 4527 ejus
891 4457 958 4512 de
1004 4457 1143 4514 facili
1198 4460 1464 4516 veniebat.
1513 4460 1730 4532 Signum
1775 4466 1877 4523 hoc
1921 4469 2096 4540 ipsum

519 4546 658 4628 quod
689 4548 828 4602 Deus
847 4548 920 4603 illi
948 4548 1016 4603 ad
1040 4564 1236 4620 paucos
1257 4551 1370 4607 dies
1392 4554 1729 4624 praestiterat,
1756 4559 1959 4628 signum
1981 4572 2097 4626 erat

517 4637 707 4693 futurae
729 4639 867 4703 vitae,
903 4639 990 4694 ubi
1008 4655 1215 4695 merces
1237 4651 1418 4698 nostra
1442 4643 1668 4700 deﬁcere
1688 4649 1873 4704 nescit.
1905 4650 2094 4710 Farina

515 4739 698 4785 nostra
743 4731 883 4786 Deus
927 4731 1049 4786 erit.
1101 4732 1377 4798 Quomodo
1419 4735 1508 4790 illa
1550 4753 1651 4808 per
1695 4740 1819 4796 illos
1846 4743 1962 4802 dies
1986 4761 2092 4804 non

516 4826 844 4891 defecerunt,
871 4826 947 4880 sic
975 4825 1063 4881 ille
1092 4842 1195 4881 non
1225 4827 1437 4885 deﬁciet
1463 4831 1512 4884 in
1539 4841 1796 4901 aeternum
1827 4838 1867 4889 '.
1911 4837 2094 4900 Talcm

516 4917 818 4974 mercedem
839 4931 1135 4986 speremus,
1163 4919 1373 4988 quando
1405 4920 1542 4976 bona
1563 4921 1786 4980 facimus
1810 4943 1824 4982 :
1851 4944 1920 4984 ne
1958 4929 2092 4990 forte

514 5006 706 5076 aliquis
740 5019 975 5064 vestrum
1024 5015 1253 5062 tentetur
1298 5009 1388 5064 tali
1435 5013 1787 5086 cogitatione,
1835 5027 1890 5074 ut
1923 5019 2086 5092 dicat,

515 5095 735 5155 Pascam
777 5101 1009 5171 aliquem
1055 5114 1264 5156 servum
1310 5101 1402 5158 Dei
1433 5105 1785 5177 esurientem,
1819 5120 1878 5165 ut
1903 5111 2089 5184 lagena

515 5204 633 5246 mea
675 5207 781 5248 non
829 5192 1076 5259 deliciat,
1131 5201 1184 5248 et
1230 5193 1283 5248 in
1329 5211 1461 5266 cupa
1500 5213 1618 5255 mea
1657 5215 1867 5272 semper
1909 5205 2089 5266 vinum

515 5281 800 5338 inveniam.
853 5285 968 5340 Noli
1012 5286 1112 5341 hoc
1159 5287 1246 5342 hic
1287 5305 1543 5358 quaerere.
1588 5293 1799 5349 Semina
1845 5313 2085 5368 securus,

513 5372 704 5428 messis
735 5379 820 5428 tua
865 5375 1036 5432 s’c‘rius
1079 5377 1288 5443 veniet,
1337 5381 1538 5438 tardius
1584 5386 1802 5443 veniet:
1832 5385 1928 5446 sed
1964 5385 2086 5450 cum

512 5467 748 5532 venerit,
775 5469 933 5521 linem
959 5483 1062 5523 non
1092 5468 1324 5529 habebit.

577 5599 594 5630 ι
619 5597 737 5677 editi
774 5597 1007 5677 mendgse
1032 5600 1274 5677 enitebant
1291 5639 1325 5677 ,ι
1351 5605 1562 5658 vidmzm.
1593 5614 1662 5675 Et.
1680 5610 1822 5672 paulo
1844 5613 1988 5677 infra,
2033 5625 2087 5668 ut

763 5659 1014 5722 pendebat.
1057 5670 1268 5730 Uterque
1292 5657 1445 5722 decus
1474 5657 2086 5729 ’emenaaitiii"aii"iiiamil

801 5797 862 5834 na
881 5781 1135 5855 ..uscriptis.
1151 5839 1160 5850 .
1176 5795 1234 5865 Al.
1251 5779 1314 5865 in.
1339 5793 1498 5856 editis,
1521 5808 1609 5860 Per
1645 5795 1750 5852 illos
1791 5813 1884 5853 non
1909 5803 2084 5868 defecit

513 5841 636 5896 dies.
658 5859 728 5896 su:
748 5798 829 5896 ille
847 5799 950 5896 dies
972 5860 1066 5896 non
1087 5847 1275 5896 deﬁciet
1296 5869 1346 5896 m
1367 5863 1614 5896 mtnrnum-

513 5835 636 5906 dies,
656 5835 829 5898 sicilia
847 5835 950 5898 diei
972 5835 1070 5900 no‘n
1079 5835 1616 5916 *ieﬁzat‘a'zai’ﬁ.

2787 535 3015 596 sentio
3042 541 3134 598 xu
3163 545 3181 568 ι
3201 543 3302 617 (a).

2236 616 2314 673 De
2333 636 2392 674 eo
2411 623 2545 690 quod
2569 626 2810 695 scriptum
2839 641 2911 685 est
2937 633 2990 687 in
3007 632 3124 700 Job,
3155 616 3269 708 cap.
3297 655 3344 706 t,
3373 640 3407 696 6
3428 683 3444 709 ,
3466 643 3534 700 Et
3558 659 3688 703 ecce
3716 655 3814 704 vc-

2308 724 2506 768 nerunt
2538 719 2728 788 Angeli
2757 721 2809 776 in
2852 737 3193 795 conspectum
3235 731 3366 799 Dei,
3407 745 3464 790 et
3490 736 3734 795 diabolus
3759 743 3814 797 in

2305 802 2482 858 medio
2514 821 2697 862 eorum
2719 849 2735 876 ,
2780 820 2898 880 etc.,
2933 825 2980 868 et
3026 817 3090 872 de
3125 833 3184 876 eo
3239 823 3374 889 quod
3421 825 3476 880 in
3534 827 3810 900 Evangelia

2305 895 2518 965 dicitur,
2557 899 2746 956 Matth.
2779 920 2838 970 ν,
2866 907 2934 974 8,
2989 909 3134 965 Beati
3157 913 3248 982 qui
3297 930 3428 984 puro
3458 929 3581 974 sunt
3623 895 3810 981 co-rde.

2305 990 2551 1057 quoniam
2573 993 2672 1061 ipsi
2688 995 2852 1052 Deum
2873 998 3125 1056 videbunt
3146 1020 3160 1056 :
3186 1016 3362 1062 contra
3383 1007 3692 1068 Manio/tatas
3714 1015 3812 1085 (ὁ).

2304 1101 2528 1160 CAPUT
2557 1106 2834 1166 PRIMUM.
2866 1143 2936 1154 ——-
2952 1117 3003 1170 1.
3022 1106 3485 1180 Manichworuntin
3499 1125 3679 1182 librant
3715 1131 3816 1186 Job

2235 1189 2514 1250 calumnia.
2546 1197 2599 1252 In
2622 1201 2812 1258 divinis
2834 1213 2886 1260 et
2913 1209 3109 1265 sanctis
3123 1215 3390 1269 veteribus
3407 1216 3582 1273 Liliris
3599 1220 3808 1277 fraudu-

2231 1285 2526 1344 lentissima
2565 1292 2769 1350 fallacia
2813 1297 3130 1357 Manichmos
3169 1305 3440 1376 insidiari,
3469 1309 3576 1380 jam
3619 1324 3812 1371 vestrae

2234 1379 2530 1446 prudentia:
2552 1426 2566 1451 ,
2598 1385 2928 1446 dilectissimi
2963 1392 3154 1450 fratres
3173 1439 3188 1464 ,
3219 1398 3349 1454 satis
3391 1379 3665 1469 probatum
3696 1423 3818 1462 esse

2229 1473 2572 1530 conﬁdimus.
2619 1479 2903 1537 Ol'ferimus
2933 1493 3108 1542 tamen
3138 1489 3310 1544 adhuc
3338 1507 3524 1548 eorum
3551 1497 3700 1552 dolos
3732 1501 3818 1554 in-

2223 1563 2533 1631 spiciendos
2555 1569 2826 1627 obtutibus
2847 1576 3020 1632 cordis
3051 1581 3210 1635 vestri
3241 1599 3256 1634 :
3284 1591 3341 1636 ut
3367 1599 3471 1639 non
3495 1588 3666 1643 solum
3697 1607 3813 1660 cos,

2230 1664 2483 1722 quantum
2512 1660 2577 1714 ad
2597 1675 2692 1717 vos
2722 1667 2987 1735 pertinet,
3020 1670 3227 1728 evitetls
3252 1717 3265 1740 ,
3298 1677 3391 1730 sed
3414 1679 3571 1734 etiam
3603 1690 3657 1736 ut
3677 1682 3816 1740 alios

2221 1746 2468 1804 inﬁrmos
2494 1757 2549 1806 et
2576 1752 2872 1813 divinarum
2916 1757 3198 1818 lectionum
3243 1767 3436 1836 rudes,
3484 1779 3542 1825 ut
3585 1775 3812 1845 quisque

2227 1847 2464 1894 vestrum
2492 1851 2668 1912 potest
2690 1889 2704 1912 ,
2737 1849 2935 1923 evitare
2972 1860 3129 1923 atque
3169 1865 3511 1915 contemnere
3552 1862 3812 1920 doceatis.

2224 1929 2381 1998 Apud
2405 1931 2506 1988 Job
2522 1937 2774 2006 scriptum
2801 1922 2904 2008 est:
2935 1922 3197 2012 inquiunt,
3226 1947 3357 2003 Ecce
3370 1963 3607 2006 venerunt
3636 1957 3816 2025 Angela

2223 2021 2280 2074 in
2310 2035 2628 2095 conspectum
2653 2028 2765 2095 Dei,
2795 2041 2841 2084 et
2861 2033 3091 2090 diabolus
3115 2038 3166 2092 in
3187 2042 3354 2096 medio
3376 2059 3564 2098 eorum.
3589 2045 3658 2100 Et
3679 2021 3818 2105 Deus

2224 2113 2298 2165 ait
2337 2115 2536 2171 diabolo
2562 2135 2581 2172 .'
2610 2119 2756 2177 Unde
2785 2125 2962 2180 venis?
3007 2128 3109 2192 Qui
3149 2137 3456 2200 responderis
3495 2138 3622 2193 dixit
3652 2157 3672 2194 :
3699 2142 3818 2196 Cir-

2225 2201 2395 2260 citiens
2425 2216 2582 2262 totum
2613 2213 2778 2267 orbem
2805 2217 2984 2272 adveni
3004 2220 3121 2274 huc.
3153 2222 3268 2288 Hie,
3299 2225 3561 2296 inquiunt,
3587 2229 3816 2287 demon-

2225 2305 2422 2352 stratur
2446 2300 2714 2358 diabolum
2737 2315 2840 2361 non
2872 2310 3045 2364 solum
3089 2313 3286 2370 vidisse
3314 2317 3499 2384 Deum,
3525 2321 3614 2376 sed
3643 2325 3809 2379 etiam

2221 2386 2458 2444 locutum
2485 2406 2606 2448 esse
2636 2409 2753 2450 cum
2785 2413 2868 2452 eo.
2900 2399 2954 2453 lu
2975 2400 3262 2474 Evan'gelio
3287 2411 3461 2462 autem
3484 2410 3631 2479 dicit,
3664 2412 3815 2470 Beati

2221 2479 2307 2545 qui
2333 2496 2459 2548 puro
2494 2493 2612 2536 sunt
2647 2487 2829 2554 corde,
2865 2493 3100 2559 quoniam
3138 2495 3237 2564 ipsi
3267 2496 3428 2552 Deum
3469 2503 3732 2570 videbunt;
3757 2516 3814 2561 et

2221 2566 2414 2624 iterum
2458 2572 2625 2641 dicit,
2679 2575 2792 2648 Ego
2841 2595 2952 2633 sum
2996 2584 3202 2653 janua;
3252 2599 3394 2642 nemo
3443 2599 3603 2662 potest
3644 2597 3814 2650 venire

2219 2662 2290 2714 ad
2321 2663 2546 2734 Patrem,
2576 2669 2674 2723 nisi
2699 2687 2787 2741 per
2811 2687 2889 2726 me
2919 2674 3092 2745 (Joan.
3123 2693 3177 2744 χ,
3209 2680 3260 2746 7,
3289 2690 3336 2736 et
3363 2697 3474 2751 xxv,
3499 2687 3574 2757 6).
3603 2687 3812 2745 Deinde

2219 2753 2516 2826 adiungunt
2541 2762 3020 2834 ratiocinationem,
3053 2768 3290 2826 dicentes
3321 2791 3334 2827 :
3360 2774 3416 2828 Si
3446 2753 3604 2846 igitur
3625 2779 3675 2833 hi
3700 2780 3804 2836 soli

2219 2843 2306 2915 qui
2331 2853 2454 2902 sunt
2481 2865 2615 2920 puro
2643 2853 2808 2909 corde
2833 2856 3014 2911 vident
3034 2859 3221 2928 Deum,
3251 2843 3488 2932 quonam
3507 2869 3663 2924 modo
3689 2881 3813 2927 s‘or-

2220 2936 2497 2996 didissimo
2544 2953 2598 2997 et
2651 2945 3076 3005 immundissimo
3126 2955 3289 3010 corde
3344 2957 3581 3016 diabolus
3635 2965 3813 3032 potuit

2218 3029 2397 3085 videre
2426 3031 2632 3088 Deum?
2661 3044 2752 3090 aut
2775 3039 3000 3108 qualiter
3025 3055 3122 3113 per
3142 3044 3358 3114 januar‘n
3383 3091 3396 3112 ,
3431 3049 3530 3105 hoc
3553 3029 3670 3118 est,
3708 3063 3811 3123 per

2216 3120 2485 3178 Christum
2535 3125 2865 3196 ingreditur?
2919 3133 3112 3188 lterum
3171 3138 3485 3207 Apostolus,
3533 3120 3805 3214 inquiunt,

2217 3219 2440 3271 testatur
2481 3227 2534 3274 et
2576 3220 2895 3292 continuat,
2945 3225 3126 3281 dicens
3175 3230 3315 3297 quod
3359 3245 3531 3303 neque
3580 3235 3794 3292 Princi-

2215 3314 2308 3378 pes
2329 3349 2345 3375 ,
2384 3325 2558 3382 neque
2583 3311 2908 3384 Potestates,
2935 3325 3107 3388 neque
3142 3319 3375 3378 Virtutes
3407 3325 3571 3380 Deum
3597 3341 3806 3397 cogno-

2213 3410 2422 3456 Verum.

2281 3489 2504 3551 CAPUT
2531 3495 2763 3554 ll.—2.
2810 3500 3134 3557 Calttmniosa
3177 3506 3387 3576 objectio
3439 3509 3695 3565 Adimanti
3735 3529 3804 3568 ea:

2211 3585 2473 3656 Apostolo.
2516 3587 2780 3660 Principes
2804 3593 2955 3661 hujus
2978 3594 3168 3650 suiatli.
3200 3597 3452 3654 Saeculum
3481 3614 3794 3671 peccatores.

2210 3674 2454 3731 Diabolus
2512 3679 2741 3750 princeps
2807 3684 3015 3752 peccati.
3070 3686 3343 3742 Calumnia
3406 3691 3615 3760 quidem
3673 3694 3801 3751 illo-

2209 3779 2326 3821 rum
2351 3767 2432 3822 his
2458 3770 2676 3824 Omnino
2708 3773 2884 3828 verbis
2925 3775 3194 3846 hucusque
3236 3783 3570 3850 proponitur,
3613 3789 3664 3839 et
3705 3801 3796 3842 re-

2209 3860 2333 3912 *ενα
2359 3860 2581 3928 qumstio
2609 3867 2690 3916 e'st
2718 3864 2960 3932 prudenti
2994 3867 3320 3925 discutienda
3348 3873 3653 3930 christiano.
3675 3875 3789 3934 Sed

2207 3963 2325 4005 eam
2350 3952 2664 4008 calumniam
2691 3958 3094 4025 preponentium
3123 3957 3330 4016 aninms
3349 3962 3492 4031 facit,
3521 3977 3576 4020 ut
3597 3968 3792 4025 si'mili-

2207 4046 2286 4094 ter
2315 4040 2586 4110 imperitos
2612 4043 2677 4098 ad
2718 4045 2818 4100 sibi
2851 4048 3177 4103 credendum
3203 4065 3231 4105 a
3262 4053 3606 4110 saluberrima
3637 4058 3792 4115 Scri-

2206 4139 2474 4199 pturarum
2507 4137 2819 4190 auctoritate
2845 4139 3212 4209 detorqueant.
3253 4143 3356 4198 Sed
3381 4147 3553 4215 primo
3581 4149 3646 4204 ab
3669 4150 3791 4206 istis

2205 4222 2394 4278 vellem
2421 4239 2658 4293 quarrere
2686 4266 2699 4289 ,
2737 4227 2824 4280 ubi
2856 4228 3164 4286 Adimantus
3198 4233 3334 4303 apud
3361 4235 3667 4304 Apostolum
3707 4240 3791 4296 le-

2205 4315 2377 4385 gerit;
2407 4331 2529 4370 nam
2575 4317 2752 4372 talium
2790 4321 3171 4377 calumniarum
3207 4325 3306 4380 iste
3347 4329 3674 4399 conscriptor
3700 4339 3788 4389 est

2205 4403 2276 4477 (c)
2311 4424 2326 4460 :
2354 4407 2545 4461 vellem
2574 4423 2702 4479 ergo
2731 4409 2935 4466 diceret
2975 4412 3061 4467 ubi
3111 4414 3297 4484 legerit
3332 4425 3609 4475 testantem
3637 4422 3787 4492 Apo-

2201 4498 2394 4552 stolum
2421 4508 2474 4554 et
2493 4500 2894 4558 conﬁrmantem
2920 4544 2933 4569 ,
2965 4512 3022 4558 ut
3042 4505 3170 4560 dicit
3189 4548 3204 4572 ,
3251 4509 3392 4577 quod
3421 4515 3595 4582 neque
3619 4514 3783 4570 Prin-

2201 4587 2371 4659 cipes,
2400 4604 2574 4660 neque
2599 4591 2914 4660 Potestates,
2942 4607 3110 4666 neque
3130 4597 3362 4655 Virtutes
3385 4599 3555 4658 Deum
3583 4609 3784 4676 cogno-

2200 4689 2424 4742 verunt;
2451 4689 2572 4736 cum
2611 4682 2864 4740 Dominus
2902 4688 3060 4741 etiam
3089 4687 3357 4745 hominum
3383 4693 3436 4747 in
3463 4703 3523 4750 se
3550 4697 3782 4752 creden-

2200 4769 2330 4844 tium
2381 4770 2525 4826 dicat
2577 4772 2811 4843 Angelos
2857 4777 3093 4846 quotidie
3137 4779 3318 4836 videre
3367 4783 3553 4840 aciem
3598 4786 3784 4847 'Patrl's

2200 4859 2406 4932 (Matth.
2441 4879 2573 4918 xvnt
2593 4905 2605 4928 ,
2641 4863 2752 4935 l0).
2797 4866 2909 4921 Nisi
2941 4868 3079 4924 forte
3107 4870 3231 4930 illud
3251 4873 3397 4942 quod
3425 4875 3616 4933 Paulus
3639 4894 3780 4949 apo-

2197 4952 2362 5006 stolus
2383 4953 2455 5007 ait
2479 4971 2492 5006 :
2522 4954 2838 5025 Sapientiam
2861 4957 3110 5028 loquimur
3133 4962 3264 5018 inter
3291 4965 3551 5034 perfectos,
3573 4971 3780 5038 sapien-

2197 5042 2318 5096 tiam
2342 5052 2508 5098 autem
2541 5061 2641 5098 non
2669 5045 2821 5116 hujus
2859 5049 3032 5103 δαισαιὶ
3050 5090 3065 5114 ,
3111 5068 3269 5120 neque
3311 5056 3593 5126 principum
3617 5061 3780 5132 hujus

2195 5134 2365 5190 saeculi
2381 5175 2397 5202 ,
2431 5137 2516 5205 qui
2556 5147 2860 5194 evacuantur
2885 5155 2904 5193 :
2929 5141 3018 5195 sed
3061 5145 3312 5213 loquimur
3351 5147 3446 5202 Dei
3475 5153 3778 5220 sapientiam

2194 5226 2246 5280 in
2259 5227 2511 5296 mysterio,
2528 5245 2639 5299 qua:
2650 5230 2940 5287 abscondita
2951 5244 3044 5299 est,
3058 5252 3205 5304 quam
3221 5241 3487 5309 praeﬁnivit
3497 5241 3634 5298 Deus
3653 5259 3778 5304 ante

2193 5315 2380 5371 saecula
2403 5317 2455 5371 in
2483 5319 2696 5389 gloriam
2730 5332 2950 5378 nostram
2973 5367 2989 5394 ,
3017 5343 3167 5398 quam
3192 5345 3336 5385 nemo
3363 5333 3646 5406 principum
3671 5337 3778 5394 Itu-

2255 5413 2274 5432 ’
2297 5420 2549 5467 Correctus
2570 5430 2664 5486 ope
2695 5420 2910 5472 codicum
2942 5436 3019 5487 gr.
3059 5423 3193 5475 Ulim.
3219 5434 3320 5478 Par.
3351 5436 3456 5483 Lov.

2273 5487 2566 5584 filiasue
2589 5503 3210 5584 Diversislll.‘
3263 5581 3279 5584 _
3330 5572 3359 5584 η

2345 5558 2625 5639 sermonm]:
2648 5564 2780 5639 bime
2791 5572 2924 5639 aptat
2945 5568 3180 5639 eossidius
3198 5570 3246 5619 in
3263 5572 3490 5639 Indiculo,
3511 5587 3618 5639 cap.
3641 5577 3688 5627 2.

2275 5623 2322 5684 c)
2346 5623 2643 5702 Adiinantmn
2665 5627 2903 5702 Manicle
2941 5628 3224 5702 diSCiplll-lyn
3253 5623 3769 5702 confutav'it'ABgI—tsti-

2190 5681 2524 5765 nus‘peculiari
2544 5700 2717 5765 opere,
2753 5690 3032 5765 quodnopus
3055 5681 3102 5740 in
3129 5692 3215 5765 lib.
3246 5681 3277 5742 l'
3296 5681 3764 5765 instruct;

2189 5758 2238 5793 n.
2280 5747 2324 5806 1,
2362 5747 2628 5824 recensetis
2657 5750 2734 5824 ait.
2757 5747 2785 5797 ;“
2805 5769 2826 5796 α
2848 5747 3036 5824 Aliquas
3071 5763 3199 5824 sane
3223 5747 3518 5824 earumdem,
3539 5747 3771 5824 (idaea—t6:

2197 5823 2222 5892 ξ
2241 5811 2556 5892 9293τ.ξ;ξιεξξξ
2571 5808 2912 5892 9123919939?
2926 5808 3109 5892 Essem,
3125 5822 3179 5892 st
3191 5808 3768 5892 Ψςινὲςιξιεοοάὲοὲὶῥὲίὶ.

2197 5885 2220 5915 ι
2243 5867 2548 5923 nonularilms
2570 5870 2906 5923 ecclesiasticis
2926 5867 3230 5928 Saﬁnouibus
3248 5867 3436 5931 εὸιγίέῖ
