4014 6310
499 312 601 375 M3

495 442 643 490 certo
666 442 720 491 et
742 442 1040 506 opportuno
1065 440 1303 504 tempore
1323 431 1387 488 ad
1411 432 1643 503 speciem
1668 432 1905 488 veritatis
1929 432 2070 501 ejus-

495 527 619 583 dem
651 544 831 585 vemre
860 530 1090 599 possitis.
1125 528 1271 583 Sicut
1299 528 1441 582 enim
1472 526 1760 598 Apostolus
1794 527 1953 591 dicit,
1991 526 2073 579 hic

496 629 750 675 manentes
784 637 992 692 corpore
1009 660 1024 686 ,
1062 620 1441 692 peregrinamur
1464 636 1496 673 a
1524 619 1778 687 Domino;
1806 636 1893 691 per
1917 619 2071 689 ﬁdem

493 724 627 763 emm
652 709 996 773 ambulamus,
1026 726 1127 763 non
1156 725 1245 778 per
1270 710 1483 778 speciem
1519 708 1600 780 (ll
1629 708 1750 764 Cor.
1780 726 1812 763 ν
1833 751 1847 773 ,
1878 710 1911 764 6
1930 749 1947 775 ,
1979 706 2069 782 7).

492 801 573 855 Ad
610 802 840 870 speciem
879 809 1057 856 autem
1097 801 1316 855 visionis
1357 800 1560 865 Patris,
1609 800 1739 855 fides
1781 801 2069 856 christiana

490 893 746 961 perducit.
775 892 921 948 Unde
941 894 1194 947 Dominus
1212 892 1343 947 dicit
1368 909 1381 945 :
1408 890 1573 945 Nemo
1594 893 1724 946 venit
1744 893 1812 946 ad
1835 890 2063 958 Patrem,

488 984 585 1036 nisi
609 1000 697 1052 per
723 1000 799 1036 me
829 981 1012 1055 (Joan.
1045 1000 1153 1046 xiv,
1186 982 1276 1054 6).
1306 983 1431 1038 Sine
1456 997 1615 1038 causa
1646 998 1773 1054 ergo
1800 982 1890 1038 isti
1916 999 2067 1053 quae-

488 1084 609 1127 runt
629 1116 643 1139 ,
685 1075 952 1145 quomodo
983 1075 1225 1129 diabolus
1252 1074 1317 1129 ad
1350 1076 1514 1129 Deum
1551 1077 1720 1145 potuit
1753 1077 1937 1131 venire
1970 1091 2068 1146 per

486 1163 772 1219 Christum.
822 1166 1070 1221 Diabolus
1115 1166 1257 1220 enim
1305 1166 1371 1220 ad
1418 1167 1561 1221 illam
1604 1168 2065 1236 contemplationis

486 1256 861 1312 beatitudinem
890 1273 995 1313 non
1028 1268 1200 1328 potest
1223 1261 1534 1329 pervenire,
1565 1275 1669 1330 quo
1696 1276 1789 1315 eos
1818 1261 1905 1330 qui
1933 1276 2064 1331 puro

485 1358 607 1401 sunt
636 1350 796 1404 corde
827 1350 955 1405 lides
981 1352 1266 1405 christiana
1295 1349 1556 1422 perducit.
1591 1352 1700 1407 Nec
1733 1353 1852 1407 ideo
1886 1362 2061 1409 tamen

484 1440 724 1495 diabolus
753 1456 938 1496 vocem
969 1442 1061 1496 Dei
1087 1442 1351 1513 loquentis
1372 1443 1553 1498 audire
1574 1459 1677 1498 non
1700 1445 1897 1513 potuit;
1926 1446 2062 1500 sicut

484 1530 631 1583 multi
673 1532 914 1585 homines
952 1533 1108 1587 etiam
1153 1534 1240 1603 qui
1288 1548 1390 1588 non
1434 1535 1776 1591 crediderunt
1812 1536 2057 1605 Christo,

480 1629 765 1690 potuerunt
802 1639 988 1678 vocem
1033 1625 1216 1681 audire
1267 1625 1333 1681 de
1376 1627 1514 1681 caelo
1555 1627 1780 1682 dicentis
1820 1628 1949 1695 Dei,
1992 1628 2060 1683 Et

479 1714 753 1782 clariﬁcavi
778 1725 823 1769 et
843 1718 1130 1785 clari/icabo
1156 1735 1173 1775 :
1197 1733 1317 1773 cum
1343 1719 1593 1774 Dominus
1613 1720 1853 1786 dixisset,
1880 1719 2055 1787 Pater,

477 1803 703 1872 clariﬁca
730 1805 920 1859 Filium
948 1817 1097 1861 tuum
1117 1806 1229 1877 (Id.
1260 1824 1358 1873 xu,
1389 1809 1486 1874 28,
1515 1809 1629 1879 27).

546 1894 771 1951 CAPUT
810 1895 897 1951 Vl.
922 1927 995 1938 —
1013 1898 1065 1953 6.
1100 1898 1168 1953 In
1195 1910 1512 1969 conspectum
1540 1901 1635 1954 Dei
1662 1903 1851 1956 venisse
1878 1904 2055 1958 diabo-

473 1983 610 2051 lum,
661 1987 888 2056 quidsit.
936 1988 1089 2055 Quod
1140 1998 1314 2045 autem
1345 1992 1599 2061 scriptum
1646 2002 1759 2058 est,
1787 1992 2053 2049 diabolum

471 2077 682 2132 venisse
708 2079 759 2131 in
788 2089 1132 2149 conSpectum
1172 2082 1299 2148 Dei;
1339 2098 1444 2137 non
1485 2083 1605 2139 ideo
1640 2086 1895 2155 scriptum
1934 2095 2050 2153 est,

470 2167 594 2236 quia
629 2168 902 2238 quisquam
941 2179 1116 2239 potest
1155 2172 1437 2242 aliquando
1473 2184 1813 2244 conspectum
1846 2176 1941 2232 Dei
1968 2176 2052 2231 fu-
2113 2238 2118 2243 _

2104 2265 2116 2347 ἱ
2157 2272 2338 2329 Jesum
2365 2272 2632 2329 Christum
2656 2275 2825 2331 Deum
2863 2290 2983 2331 esse
3009 2291 3115 2330 non
3163 2285 3392 2347 negent,
3437 2286 3492 2332 et
3513 2277 3628 2331 sine
3652 2291 3744 2331 as-

469 2270 619 2326 gere,
649 2258 797 2327 cujus
827 2260 997 2315 oculis
1023 2270 1212 2316 cuncta
1238 2263 1474 2331 subjecta
1502 2274 1653 2332 sunt,
1684 2273 1739 2321 et
1764 2266 1850 2321 cui
1876 2267 2051 2324 cordis

468 2349 751 2418 cujuslibet
775 2352 1105 2421 profunditas
1132 2365 1274 2424 patet
1297 2372 1311 2407 :
1334 2355 1427 2410 sed
1450 2356 1572 2426 quia
1594 2357 1647 2411 in
1671 2366 1877 2413 secreto
1901 2374 2056 2415 crea-
2093 2342 2108 2389 ⁵

470 2447 602 2494 tura;
641 2451 757 2496 acta
795 2452 951 2508 sunt,
992 2460 1111 2514 quae
1151 2444 1420 2515 Scriptura
1463 2449 1726 2516 narravit,
1770 2458 2051 2520 propterea

464 2529 721 2600 scriptum
760 2542 875 2600 est,
919 2534 988 2588 Et
1024 2551 1139 2590 ecce
1174 2547 1410 2592 venerunt
1442 2540 1619 2610 Ληρειὶ
1650 2541 1702 2594 in
1731 2555 2048 2611 conspectum

464 2621 593 2688 Dei;
635 2627 876 2694 quamvis
912 2643 943 2682 a
982 2640 1274 2699 conspectu
1320 2632 1413 2686 Dei
1460 2649 1726 2703 nunquam
1771 2637 2042 2692 recedant.

463 2713 808 2786 Quocumque
848 2717 990 2773 enim
1028 2713 1328 2788 mittuntur",
1371 2723 1442 2778 ibi
1484 2740 1695 2795 quoque
1734 2737 1927 2795 praesto
1965 2736 2049 2784 est

462 2816 781 2875 conspectus
804 2809 919 2864 Dei.
957 2810 1061 2865 Sed
1099 2812 1206 2867 illic
1232 2813 1445 2883 proprie
1471 2825 1788 2885 conspectus
1827 2818 1921 2873 Dei
1961 2818 2044 2874 di-

460 2898 621 2964 citur,
647 2913 752 2968 quo
777 2899 1042 2957 humanus
1066 2918 1171 2958 non
1200 2913 1373 2973 potest
1396 2917 1675 2975 penetrare
1697 2920 2042 2979 conspectus;

458 2989 597 3044 sicut
620 3000 746 3046 sunt
770 3002 975 3048 secreta
1004 2996 1363 3051 conscientiae.
1395 2997 1680 3068 Pr0pterea
1709 3015 1830 3055 cum
1862 3002 2046 3059 redar-

458 3080 670 3150 guimus
710 3085 1054 3141 mentientem
1075 3127 1091 3153 ,
1134 3103 1240 3142 non
1279 3104 1401 3145 eum
1425 3090 1650 3148 dicimus
1678 3094 1729 3148 in
1756 3105 2041 3166 conspectu

457 3171 554 3227 Dei
584 3172 816 3228 locutum
840 3192 856 3240 ;
889 3177 1009 3246 quia
1037 3192 1143 3232 non
1170 3178 1272 3235 hoc
1299 3179 1506 3237 locutus
1532 3193 1616 3238 est
1636 3224 1651 3251 ,
1678 3188 1819 3255 quod
1848 3186 1901 3241 in
1926 3188 2043 3243 ani-

457 3279 546 3319 mo
572 3265 690 3335 ejus
712 3268 968 3337 conspicit
996 3270 1157 3337 Deus,
1182 3286 1287 3342 quo
1309 3284 1650 3344 conspectum
1676 3277 1907 3348 dirigere
1933 3297 2040 3337 non

458 3366 633 3427 potest
662 3358 840 3415 homo.
872 3361 1005 3429 Quia
1034 3378 1161 3434 ergo
1190 3364 1304 3421 haec
1332 3374 1437 3420 tam
1467 3368 1693 3425 latenter
1719 3382 1866 3440 gesta
1893 3382 2035 3441 sunt,

456 3457 519 3504 ut
562 3449 782 3505 indicari
824 3452 1126 3509 hominibus
1174 3471 1269 3525 per
1312 3456 1613 3528 Scripturas
1650 3470 1894 3528 sanctas,
1936 3465 2039 3520 nisi

457 3541 655 3598 Sancto
679 3544 877 3613 Spiritu
902 3547 1192 3615 revelante,
1222 3565 1331 3604 non
1359 3562 1597 3621 possent,
1621 3553 2037 3625 inconspectum

455 3634 550 3689 Dei
578 3644 788 3691 ventum
819 3653 961 3704 esse,
990 3648 1149 3709 atque
1178 3641 1248 3696 ibi
1277 3652 1424 3713 gesta
1454 3660 1575 3700 esse
1602 3660 1905 3705 narrantur.

526 3726 749 3782 CAPUT
789 3728 900 3783 Vll.
926 3760 998 3770 —
1022 3732 1073 3785 7.
1105 3732 1368 3796 Quomodo
1407 3737 1637 3793 diabolus
1667 3742 1763 3810 fuit
1791 3743 1844 3797 in
1872 3746 2038 3802 medio

450 3815 776 3907 Angelorum.
843 3820 996 3887 Quod
1052 3833 1228 3879 autem
1282 3826 1526 3883 diabolus
1554 3831 1606 3884 in
1650 3833 1828 3889 medio
1856 3838 2037 3907 Ange-

452 3904 623 3960 lorum
659 3906 785 3973 fuit,
827 3911 870 3963 si
904 3913 1074 3968 bonos
1103 3915 1336 3985 Angelos
1364 3917 1641 3990 intelligis,
1671 3923 1749 3979 sic
1778 3925 1830 3980 in
1861 3904 2036 3985 medio

418 4046 423 4049 .
451 4012 635 4052 eorum
663 3999 897 4071 intellige
920 4002 1209 4072 diabolum,
1236 4008 1371 4063 sicut
1395 4026 1521 4065 reus
1548 4012 1597 4066 in
1627 4015 1803 4071 medio
1824 4021 2035 4089 appari-

452 4096 624 4143 torum
662 4090 829 4159 judici
862 4094 1157 4152 audiendus
1194 4100 1410 4155 assistit.
1445 4103 1559 4158 Non
1587 4107 1731 4162 enim
1760 4109 2030 4182 Scriptura

449 4181 683 4238 declarat
707 4187 889 4255 quales
917 4189 991 4242 illi
1020 4190 1207 4261 Angell
1242 4191 1456 4249 fuerint.
1488 4195 1543 4253 Si
1571 4208 1747 4256 autem
1776 4203 1828 4257 in
1856 4181 2033 4263 medio

447 4276 758 4346 angelorum
783 4280 1075 4349 malorum,
1116 4283 1245 4352 quid
1272 4286 1463 4341 mirum
1496 4299 1607 4356 est,
1649 4294 1937 4366 principem
1970 4313 2033 4354 ac

447 4364 636 4421 ducem
663 4369 811 4424 turba
838 4372 1199 4428 ministrorum
1223 4390 1441 4431 suorum
1465 4394 1584 4436 esse
1609 4364 2030 4443 circumdatum?

445 4456 502 4514 Si
528 4467 702 4514 autem
730 4462 783 4515 in
812 4473 1131 4532 conspectum
1160 4465 1254 4521 Dei
1282 4469 1424 4538 quod
1453 4471 1651 4528 dictum
1682 4484 1797 4541 est,
1831 4476 1909 4532 sic
1935 4494 2028 4534 ac-

445 4550 645 4619 cipias,
684 4560 741 4606 ut
779 4553 852 4607 illi
890 4554 943 4608 in
981 4566 1325 4626 conspectum
1362 4561 1459 4616 Dei
1502 4565 1746 4633 veniant,
1788 4570 1877 4637 qui
1920 4584 2028 4625 non

444 4645 617 4699 solum
660 4648 1057 4716 conspiciuntur
1102 4651 1169 4707 ab
1210 4666 1313 4718 eo,
1359 4655 1453 4710 sed
1493 4658 1653 4711 etiam
1697 4663 2029 4731 conspiciunt

444 4750 597 4800 eum;
641 4737 719 4791 sic
759 4738 1161 4811 intelligendum
1199 4752 1282 4799 est
1318 4744 1372 4800 in
1414 4750 1592 4804 medio
1633 4765 1819 4807 eorum
1865 4753 2026 4812 fuisse

443 4828 746 4896 diabolum,
779 4840 835 4885 ut
861 4840 1036 4888 tamen
1069 4835 1237 4891 Deum
1258 4878 1274 4905 ,
1306 4853 1463 4907 quem
1494 4840 1593 4911 ipsi
1620 4842 1902 4914 videbant,
1938 4849 2026 4905 ille

444 4936 549 4976 non
587 4922 810 4989 viderit;
851 4932 910 4978 ut
942 4926 1101 4980 etiam
1129 4942 1224 4997 per
1256 4929 1485 5000 aliquem
1514 4943 1817 4991 sanctorum
1845 4938 2025 5010 Ange-

442 5012 614 5067 lorum
650 5014 791 5070 Deus
824 5014 1039 5072 diabolo
1069 5018 1139 5073 sit
1166 5019 1392 5075 locutus.
1432 5021 1542 5077 Nec
1581 5032 1758 5081 tamen
1795 5028 1848 5083 in
1888 5030 2025 5089 libro

442 5103 698 5172 scriptum
728 5114 831 5173 est,
863 5107 965 5161 nisi
992 5106 1138 5162 Dixit
1168 5107 1322 5163 Deus.
1353 5109 1501 5167 Sicut
1529 5114 1687 5170 etiam
1716 5117 1768 5173 in
1799 5123 2024 5193 negotiis

444 5194 698 5265 publicis,
741 5214 1043 5270 quanquam
1086 5200 1337 5271 pleraque
1378 5218 1474 5273 per
1516 5222 1817 5277 praeconem
1857 5215 2023 5285 judex

442 5286 706 5359 loquatur,
726 5290 920 5360 judicis
942 5299 1118 5349 tamen
1141 5308 1357 5361 nomen,
1374 5310 1494 5351 cum
1515 5297 1674 5355 Gesta
1696 5305 2018 5376 scribuntur,

442 5392 549 5436 non
592 5381 753 5436 etiam
798 5384 1058 5452 prmeonis
1101 5383 1371 5440 inseritur.
1414 5386 1563 5444 Sicut
1609 5403 1785 5450 autem
1830 5399 2021 5469 aliquis

441 5471 602 5527 homo
627 5474 830 5529 visione
854 5474 1162 5545 prophetica
1178 5476 1443 5549 indignus,
1460 5490 1636 5550 potest
1650 5494 1821 5544 tamen
1838 5490 1887 5545 in
1904 5508 2019 5548 me-

439 5564 530 5620 dio
547 5566 931 5635 Prophetarum
945 5574 1110 5635 stare,
1130 5576 1189 5623 ut
1212 5576 1415 5625 tantum
1427 5572 1609 5629 audiat
1634 5579 1775 5647 quod
1806 5597 1900 5650 per
1925 5599 2020 5640 eos

439 5656 568 5713 dicit
591 5656 865 5723 Dominus,
897 5672 995 5713 nec
1022 5669 1197 5715 tamen
1223 5660 1401 5719 videat
1424 5666 1567 5736 quod
1593 5668 1665 5724 illi
1692 5670 1873 5728 vident
1899 5694 1911 5730 :
1940 5677 2017 5732 sic

441 5751 612 5827 potuit
634 5759 690 5807 et
712 5749 956 5809 diabolus
977 5768 1098 5811 esse
1134 5757 1189 5812 in
1231 5757 1409 5816 medio
1444 5773 1748 5821 sanctorum
1784 5768 2016 5841 Angelo-

1718 316 1777 371 S.
1817 309 1956 372 AUC
1965 306 2182 370 USTINI
2229 305 2533 370 EPISCOPI

3656 325 3763 384 1οι

2183 443 2299 483 rum
2332 430 2497 485 Deum
2524 429 2845 498 videntium,
2886 446 2983 505 per
3015 448 3149 507 quos
3181 435 3392 493 audiret
3419 450 3606 494 vocem
3636 440 3760 510 Dei,

2182 536 2339 591 quem
2364 523 2546 578 videre
2574 525 2690 595 ipse
2716 542 2821 582 non
2848 539 3047 598 posset.

2248 612 2475 670 CAPUT
2513 614 2645 671 VIII.
2666 647 2738 658 —
2754 617 2808 673 8.
2846 618 3120 676 Manichci
3139 637 3201 677 ea:
3217 622 3328 695 ipsa
3340 640 3516 679 eorum
3535 625 3767 682 doctrina

2176 708 2402 777 refutati.
2455 708 2522 763 Et
2558 711 2983 767 machinamenta
3042 714 3255 784 quidem
3309 716 3760 786 Manicbmorum,

2176 807 2428 868 quantum
2457 800 2524 855 ad
2551 800 2688 857 hanc
2711 806 3058 873 quieslionem
3088 808 3348 876 pertinet,
3378 810 3558 865 multis
3585 812 3762 867 modis

2174 892 2347 946 soluta
2376 907 2496 949 esse
2542 896 2869 965 perspicitis,
2921 907 3105 953 utnon
3133 899 3242 968 jam
3272 902 3467 969 putetis
3489 944 3505 968 ,
3552 902 3760 957 charis-

2174 983 2295 1036 simi
2330 983 2553 1051 fratres,
2593 1001 2721 1041 vere
2768 987 3034 1043 diabolum
3084 990 3162 1045 sic
3212 991 3441 1047 locutum
3481 1006 3601 1047 esse
3636 1009 3757 1049 cum

2174 1073 2323 1141 Deo,
2376 1085 2432 1130 ut
2470 1078 2630 1131 etiam
2676 1078 2863 1133 faciem
2910 1080 3184 1147 veritatis,
3211 1097 3368 1152 quam
3418 1097 3550 1153 pura
3597 1084 3759 1140 corda

2170 1166 2533 1235 conSpiciunt,
2562 1168 2743 1223 videre
2767 1170 3030 1237 potuerit;
3057 1181 3148 1226 aut
3174 1172 3239 1227 ad
3267 1173 3409 1227 illam
3439 1176 3758 1244 contempla-

2168 1255 2370 1311 tionem
2416 1258 2757 1315 beatitudinis
2798 1266 3034 1327 venerit,
3065 1279 3171 1333 quo
3208 1279 3365 1319 nemo
3395 1265 3495 1319 nisi
3528 1280 3622 1335 per
3651 1266 3759 1320 Do-

2169 1350 2370 1403 minum
2413 1352 2596 1407 .lesum
2637 1354 2907 1409 Christum
2938 1357 3123 1411 venire
3153 1358 3497 1426 permittitur.
3530 1358 3634 1413 Sed
3670 1368 3754 1412 ta-

2167 1455 2289 1495 men
2312 1442 2532 1496 multum
2556 1444 2790 1499 admiror
2811 1446 3081 1501 hominum
3106 1447 3322 1502 istorum
3347 1449 3750 1519 impudentiam,

2165 1535 2254 1603 qui
2276 1533 2345 1589 de
2371 1536 2575 1592 visione
2602 1539 2909 1593 substantia:
2935 1538 3127 1594 divina:
3148 1541 3456 1595 calumniari
3486 1542 3638 1596 nobis
3659 1556 3753 1597 vo-

2166 1624 2312 1690 lunt,
2354 1635 2407 1681 et
2438 1627 2490 1681 id
2519 1628 2659 1697 quod
2697 1631 2951 1699 scriptum
2980 1647 3083 1685 non
3113 1640 3197 1686 est
3233 1632 3300 1687 de
3337 1632 3621 1701 Scripturis
3650 1648 3753 1688 no-

2165 1718 2291 1773 stris
2321 1720 2685 1784 mentiuntur,
2737 1721 2878 1790 quod
2926 1722 3090 1777 Deum
3137 1722 3381 1777 diabolus
3422 1723 3645 1789 viderit;
3694 1731 3753 1778 et

2164 1818 2365 1863 tantam
2396 1811 2517 1866 hinc
2544 1812 2794 1867 invidiam
2822 1812 3057 1869 conﬂare
3084 1824 3379 1879 conantur,
3428 1825 3485 1870 ut
3511 1816 3751 1886 quisquis

2162 1900 2501 1956 exhorrtterit
2524 1944 2538 1968 ,
2565 1913 2620 1958 et
2642 1904 2912 1975 indignum
2940 1920 3059 1960 esse
3078 1906 3393 1974 judicaverit
3423 1916 3478 1961 ut
3502 1907 3749 1963 diabolus

2162 1994 2351 2048 viderit
2390 1996 2555 2050 Deum
2576 2036 2591 2063 ,
2622 1999 2831 2066 penitus
2858 2013 2887 2050 a
2912 1998 3207 2053 divinarum
3238 2000 3627 2069 Scripturarum
3652 2014 3749 2054 au-

2160 2070 2437 2154 ctoritate,
2491 2088 2783 2157 suspiciosa
2816 2090 3109 2160 ignorantia
3146 2106 3252 2145 non
3282 2091 3579 2161 intelligens
3604 2089 3748 2160 quod

2159 2179 2411 2248 scriptum
2438 2190 2553 2247 est,
2583 2190 2851 2236 avertatur
2875 2200 2887 2236 :
2916 2198 3035 2238 cum
3066 2184 3167 2253 ipsi
3196 2184 3477 2238 Dominum
3505 2193 3747 2239 nostrum

2157 2368 2461 2437 sumptione
2512 2368 2727 2422 humani
2776 2369 3016 2439 corporis
3048 2385 3170 2425 eum
3216 2369 3519 2425 hominibus
3573 2384 3742 2440 appa-

2155 2460 2327 2514 ruisse
2358 2457 2678 2530 contingant.

2224 2550 2448 2607 CAPUT
2490 2551 2578 2605 IX.
2619 2582 2691 2592 —
2722 2552 2775 2608 9.
2808 2552 3081 2609 Manichtet'
3119 2554 3377 2609 Christum
3413 2553 3611 2608 diabolo
3659 2553 3739 2607 vi-

2154 2652 2267 2699 sum
2305 2661 2407 2699 non
2456 2654 2660 2714 negant.
2718 2646 2897 2717 Angeli
2942 2664 3029 2717 per
3077 2664 3248 2702 verum
3301 2664 3483 2717 corpus
3530 2661 3735 2701 assum-

2153 2748 2293 2810 ptum
2339 2747 2605 2809 apparent.
2632 2770 2704 2780 -—
2723 2739 2946 2806 Quando
2981 2756 3109 2812 ergo
3136 2740 3378 2796 diabolus
3418 2749 3625 2795 tentare
3643 2754 3741 2801 αυτ

2152 2844 2245 2886 sus
2291 2841 2373 2887 est
2402 2831 2681 2886 Dominum
2726 2832 2935 2903 (Matth.
2981 2849 3066 2899 tv,
3110 2833 3287 2905 l-ll),
3320 2849 3440 2889 cum
3484 2850 3607 2890 eum
3650 2833 3738 2887 vi-

2151 2921 2338 2989 deret,
2379 2924 2506 2994 quid
2552 2924 2802 2980 videbat?
2830 2926 2884 2981 Si
2923 2942 3116 2996 corpus
3143 2928 3259 2997 ejus
3288 2928 3533 2995 videbat,
3563 2928 3736 2985 habe-

2150 3012 2240 3068 bat
2264 3030 2390 3084 ergo
2419 3015 2677 3070 Dominus
2705 3032 2897 3086 corpus
2916 3058 2931 3083 ,
2962 3017 3102 3088 quod
3142 3019 3327 3073 nolunt
3355 3019 3544 3089 perditi
3569 3021 3739 3075 conﬁ-

2150 3106 2270 3160 teri.
2302 3107 2357 3162 Si
2388 3118 2562 3162 autem
2593 3124 2786 3178 corpus
2814 3126 2919 3164 non
2946 3110 3209 3177 habebat,
3238 3112 3349 3182 ipsa
3378 3113 3553 3167 divina
3598 3113 3733 3169 sub-

2149 3198 2340 3252 stantia
2368 3198 2564 3254 diaboli
2605 3201 2773 3255 oculis
2799 3201 3143 3270 subjacebat:
3176 3217 3333 3271 quam
3379 3217 3482 3257 non
3512 3203 3730 3269 vident,

2146 3291 2248 3346 nisi
2292 3292 2381 3361 qui
2424 3307 2556 3362 puro
2594 3304 2717 3347 sunt
2760 3294 2953 3361 corde,
2986 3295 3123 3349 sicut
3144 3311 3211 3349 ex
3240 3296 3525 3366 Evangelio
3575 3298 3734 3353 nobis

2146 3381 2247 3452 ipsi
2286 3394 2725 3439 commemorant.
2775 3384 2818 3440 Ο
2862 3386 3161 3455 importuna
3210 3388 3422 3443 caecitas
3448 3386 3733 3445 haeretico-

2145 3475 2298 3528 rum!
2349 3475 2456 3529 Cur
2499 3474 2797 3545 Scripturas
2837 3486 3080 3543 nostras,
3124 3477 3265 3548 quod
3298 3479 3460 3533 Deum
3486 3479 3732 3536 diabolus

2144 3565 2375 3631 viderit,
2418 3567 2746 3621 mendaciter
2766 3568 2971 3637 arguis;
3005 3576 3059 3623 et
3088 3569 3328 3638 negando
3353 3584 3545 3640 corpus
3571 3570 3731 3626 Chri-

2146 3658 2243 3725 sti,
2266 3658 2496 3713 divinam
2519 3659 2633 3727 ejus
2659 3658 3006 3713 substantiam
3037 3659 3232 3714 diaboli
3262 3661 3427 3715 oculis
3455 3661 3729 3729 publicare

2142 3752 2278 3806 velle
2306 3751 2675 3807 convinceris?
2722 3753 2805 3807 An
2833 3750 2971 3807 forte
2993 3795 3007 3815 ,
3053 3753 3191 3807 sicut
3215 3754 3394 3809 dicere
3418 3755 3620 3822 solent,
3653 3756 3729 3811 ita

2143 3857 2251 3896 non
2279 3843 2505 3897 habebat
2524 3858 2716 3913 corpus
2736 3842 3022 3898 humanum
3040 3885 3056 3910 ,
3084 3854 3143 3898 ut
3170 3860 3229 3899 se
3254 3855 3428 3901 tamen
3456 3847 3608 3917 quasi
3631 3846 3729 3901 ba-

2141 3931 2269 3987 bere
2294 3934 2655 3988 monstraret?
2684 3934 2813 3999 Quis
2857 3948 2986 4004 ergo
3013 3935 3187 3989 verius
3225 3944 3279 3988 et
3305 3937 3502 3991 rectius
3526 3938 3725 4004 sentit,

2141 4024 2349 4091 insani,
2379 4023 2465 4094 qui
2494 4025 2663 4079 credit
2701 4026 2866 4081 Deum
2897 4026 3128 4079 locutum
3150 4041 3270 4082 esse
3307 4041 3426 4081 cum
3471 4028 3723 4099 diabolo,

2140 4130 2204 4170 an
2232 4116 2321 4185 qui
2346 4116 2518 4171 credit
2544 4116 2709 4170 Deum
2738 4132 2847 4171 non
2871 4118 3042 4172 solum
3071 4133 3189 4173 cum
3211 4118 3421 4173 diabolo
3449 4120 3681 4178 locutum
3702 4165 3720 4192 ,

2137 4206 2234 4261 sed
2262 4206 2419 4262 etiam
2448 4206 2659 4261 diabolo
2675 4221 2793 4263 esse
2822 4208 3100 4264 mentitum
3121 4209 3144 4262 ἲ
3164 4209 3429 4276 Quosdam
3452 4212 3592 4267 enim
3623 4229 3723 4268 an-

2137 4300 2283 4371 gelos
2308 4299 2551 4353 humanis
2578 4300 2747 4354 oculis
2784 4302 3125 4370 apparuisse,
3181 4302 3448 4373 Scriptura
3478 4319 3721 4360 comme-

2136 4398 2345 4445 morat:
2373 4390 2466 4445 sed
2488 4390 2668 4461 utique
2694 4393 2940 4461 potestati
2960 4407 3144 4446 eorum
3170 4408 3479 4464 corpoream
3509 4405 3723 4452 creatu-

2135 4496 2249 4535 ram
2279 4480 2350 4535 ita
2379 4482 2630 4536 Dominus
2650 4481 2915 4549 subdidit,
2940 4492 2998 4538 ut
3022 4483 3127 4539 illis
3153 4487 3303 4540 eam‘
3328 4502 3422 4556 pro
3448 4488 3721 4545 voluntate

2134 4572 2425 4642 coeptaret.
2454 4572 2605 4628 Unde
2629 4573 2820 4640 etilli,
2849 4577 3089 4644 quamvis
3114 4590 3220 4631 non
3249 4579 3355 4632 nati
3385 4594 3451 4633 ex
3478 4578 3673 4635 femina
3692 4620 3714 4649 ,

2133 4677 2318 4717 verum
2362 4672 2539 4718 tamen
2579 4678 2773 4734 corpus
2816 4664 3155 4731 habuerunt,
3202 4667 3345 4737 quod
3387 4684 3450 4723 ex
3481 4669 3718 4739 qualibet

2132 4754 2311 4823 specie
2339 4754 2391 4807 in
2420 4754 2715 4825 quamlibet
2737 4756 2967 4825 speciem
2999 4771 3093 4826 pro
3121 4758 3202 4813 sui
3239 4759 3520 4814 ministerii
3554 4769 3716 4831 atque

2132 4844 2294 4899 ofﬁcii
2333 4846 2540 4901 ratione
2590 4856 2990 4913 converterent;
3032 4864 3100 4903 ex
3151 4864 3274 4904 vera
3306 4852 3566 4906 tamenin
3612 4867 3713 4909 ve-

2131 4950 2266 4991 ram.
2293 4936 2410 4991 Non
2435 4938 2577 4992 enim
2599 4946 2653 4992 et
2676 4937 2791 5007 ipse
2815 4938 3069 4994 Dominus
3091 4954 3211 4995 cum
3236 4956 3427 5012 aquam
3453 4944 3718 4999 convertit

2131 5029 2184 5083 in
2210 5029 2410 5097 vinum,
2438 5038 2531 5085 aut
2551 5045 2743 5101 aquam
2764 5032 2952 5088 falsam
2976 5073 2992 5099 ,
3018 5042 3109 5089 aut
3132 5035 3310 5090 vinum
3332 5034 3521 5092 falsum
3546 5036 3713 5094 fuisse

2130 5135 2412 5192 possumus
2434 5122 2630 5179 dicere.

2200 5214 2423 5272 CAPUT
2463 5215 2530 5271 Χ.
2544 5246 2616 5257 -
2636 5216 2722 5273 l0.
2738 5216 2968 5275 Christus
2993 5219 3193 5276 diabolo
3215 5222 3464 5292 quomodo
3486 5240 3708 5295 appare-

2129 5309 2310 5361 bat.—
2334 5306 2506 5365 Omne
2534 5313 2714 5381 itaque
2736 5325 2930 5381 corpus
2948 5352 2964 5378 ,
2993 5314 3144 5381 cujus
3170 5322 3252 5369 est
3280 5322 3465 5370 natura
3492 5323 3547 5371 et
3572 5316 3707 5372 ordo

2127 5399 2435 5468 mutabilis,
2476 5400 2543 5456 ad
2598 5411 2783 5457 nutum
2825 5404 3705 5478 omnipotentissimiConditoris,

2127 5492 2179 5545 in
2206 5506 2568 5562 quascumque
2598 5494 2798 5563 species
2822 5493 2977 5549 fuerit
2998 5506 3398 5562 commutatum,
3428 5513 3457 5551 a
3482 5499 3709 5571 veritate

2127 5585 2376 5638 tamenin
2416 5598 2515 5640 suo
2535 5599 2731 5654 genere
2756 5600 2862 5639 non
2888 5586 3091 5641 recedit
3121 5605 3135 5642 :
3168 5589 3415 5658 quoniam
3444 5604 3703 5660 quacum—

2124 5690 2227 5747 que
2272 5676 2527 5731 varietate
2572 5684 2839 5743 mutetur,
2886 5686 2941 5733 Θῑ
2985 5692 3176 5751 corpus
3213 5690 3385 5736 tamen
3435 5689 3489 5737 et
3514 5697 3702 5740 verum

2189 5783 2207 5815 ί
2243 5788 2400 5843 Forte,
2427 5795 2543 5833 ea...
2568 5788 2891 5846 coaptat-clm.

3584 5892 3685 5906 ’ναι
