4014 6310
210 260 316 317 105

210 388 403 444 corpus
429 385 556 429 esse
584 383 693 425 non
739 365 955 423 desinit.
1004 354 1115 421 Sed
1142 378 1263 418 cum
1293 361 1391 421 isti,
1411 373 1624 414 omnem
1655 367 1806 411 uatu-

211 483 322 526 ram
348 478 673 535 corpoream
693 504 708 529 ,
734 476 840 515 non
865 459 935 514 ab
972 458 1335 526 omnipotente
1361 451 1635 508 conditore
1663 449 1803 515 Deo,

210 558 301 616 sed
322 574 353 613 a
380 555 730 612 tenebrarum
758 561 915 623 gente
934 591 950 616 ,
974 549 1155 605 nescio
1174 562 1299 617 qua,
1330 560 1449 601 esse
1468 544 1805 610 confingant;

212 648 500 721 quatrimus
524 646 595 700 ab
611 646 709 709 eis,
738 642 995 698 Dominus
1021 647 1202 694 noster
1220 637 1377 692 Jesus
1401 634 1642 690 Christus
1665 631 1808 687 unde

213 752 401 809 corpus
431 734 808 805 assumpscrit.
843 732 901 787 Si
929 731 1071 787 enim
1099 728 1304 783 nullum
1330 740 1524 797 corpus
1550 739 1672 780 eum
1723 737 1810 777 as-

216 828 509 899 sumpsisse
557 826 738 881 dicunt
760 864 775 888 ,
806 822 932 894 quid
976 829 1091 878 erat
1132 818 1261 875 illud
1288 816 1431 887 quod
1460 814 1704 870 humanis
1734 820 1814 867 at-

215 938 310 996 que
335 920 622 991 corporeis
647 917 817 974 oculis
838 911 1161 987 apparebat?
1186 913 1291 967 Aut
1310 910 1451 966 enim
1477 906 1811 963 mendacium

215 1012 607 1085 phantasmatis
631 1017 748 1065 erat
768 1049 783 1073 ,
815 1007 956 1078 quod
982 1004 1309 1062 exsecrabile
1334 1011 1417 1057 est
1441 999 1695 1056 credere:
1718 1006 1811 1053 aut

214 1105 255 1160 si
299 1104 478 1171 ipsam
517 1101 756 1156 divinam
786 1097 1135 1170 substantiam
1186 1109 1335 1149 suam
1388 1091 1531 1146 nulla
1574 1088 1816 1159 corporis

216 1192 588 1263 assumptione
626 1188 873 1244 humanis
903 1187 1076 1242 oculis
1100 1200 1223 1240 eum
1252 1184 1645 1239 demonstrasse
1683 1195 1815 1234 con-

216 1286 463 1350 tendunt,
492 1293 549 1338 et
578 1283 718 1337 hanc
739 1282 898 1337 etiam
920 1277 1165 1334 diabolus
1190 1276 1354 1342 vidit_;
1380 1274 1469 1330 ubi
1493 1282 1573 1329 est
1592 1271 1732 1342 quod
1763 1272 1815 1326 in

219 1381 311 1435 ista
331 1378 639 1450 quaestione
660 1373 987 1429 calumniosa
1009 1385 1139 1426 voce
1168 1369 1501 1440 proclamant
1521 1406 1534 1426 ,
1563 1364 1707 1419 Beati
1733 1364 1819 1433 qui

220 1485 340 1539 paro
365 1477 492 1521 sunt
527 1465 682 1520 corde
700 1464 941 1535 quoniam
970 1461 1068 1531 ipsi
1100 1458 1264 1513 Deum
1292 1456 1564 1512 videbunt?
1600 1453 1751 1522 Quod
1772 1453 1818 1507 si

220 1558 347 1612 forte
377 1556 612 1620 dicunt,
660 1553 893 1608 divinam
939 1559 993 1605 et
1021 1549 1289 1619 propriam
1329 1544 1681 1600 substantiam
1713 1542 1819 1595 Do-

221 1647 345 1704 mini
367 1663 483 1701 non
516 1646 677 1699 talem
707 1658 826 1700 esse
854 1641 993 1710 apud
1020 1640 1233 1695 Patrem
1252 1679 1266 1703 ,
1302 1636 1515 1708 qualem
1539 1649 1598 1690 se
1626 1633 1679 1687 in
1709 1641 1818 1686 ter-

221 1742 290 1795 ris
326 1740 504 1794 voluit
547 1738 695 1792 nullo
739 1742 1014 1803 assumpto
1065 1744 1291 1801 corpore
1333 1726 1657 1789 ostendere;
1695 1722 1819 1794 quid

223 1832 355 1887 aliud
377 1833 549 1886 etiam
569 1870 585 1896 ,
617 1829 717 1884 nisi
745 1828 874 1881 locis
894 1836 949 1881 et
974 1823 1304 1894 temporibus
1329 1835 1448 1876 esse
1474 1818 1779 1874 mutabilem
1802 1853 1817 1882 ,

222 1922 400 1977 miseri
429 1917 822 1976 crediderunt?
847 1916 963 1971 Non
988 1916 1130 1971 enim
1159 1914 1338 1983 legere
1379 1912 1593 1974 volunt,
1625 1916 1717 1962 aut
1741 1907 1823 1961 in-

224 2016 463 2083 telligere
495 2012 653 2067 facile
682 2018 904 2081 possunt
944 2005 1083 2079 quod
1118 2021 1214 2076 per
1236 2004 1551 2075 prophetam
1593 2002 1818 2066 dicitur,

227 2105 445 2159 Mutabis
473 2121 533 2158 ea
552 2146 567 2169 ,
600 2113 644 2158 et
682 2105 1044 2165 mutabuntur;
1079 2109 1133 2153 tu
1166 2108 1337 2152 autem
1369 2098 1501 2151 idem
1530 2098 1638 2167 ipse
1661 2112 1712 2149 es
1731 2135 1746 2161 ,
1774 2104 1822 2148 et

225 2199 337 2252 anni
360 2199 441 2251 tui
473 2215 580 2251 non
607 2196 840 2265 deﬁcient
861 2192 1031 2266 (Psal.
1057 2208 1130 2257 αι,
1152 2190 1243 2258 27,
1270 2190 1362 2259 28)
1391 2207 1404 2244 :
1441 2188 1648 2259 etquod
1671 2189 1720 2241 in
1743 2186 1825 2259 di-

224 2287 350 2342 vina:
372 2287 671 2357 Sapientize
702 2285 889 2339 litteris
908 2284 974 2337 de
1000 2282 1111 2353 ipsa
1137 2280 1408 2349 Sapientia
1434 2280 1689 2349 scriptum
1712 2284 1814 2343 est,

226 2378 284 2432 In
310 2395 365 2434 se
395 2380 515 2447 ipsa
543 2393 753 2431 manens
773 2418 788 2443 ,
816 2377 1019 2429 innovat
1048 2372 1217 2426 omnia
1239 2370 1395 2445 (Sap.
1422 2386 1516 2437 vu,
1545 2370 1657 2441 27).

290 2468 526 2525 CAPUT
550 2468 747 2523 XL—i
765 2469 780 2522 Ι
796 2506 809 2519 .
832 2465 1089 2537 Urgentur
1111 2462 1402 2527 Manichaei,
1425 2460 1560 2533 quod
1579 2462 1654 2515 sol
1677 2477 1825 2532 quem

230 2562 381 2615 Deum
399 2570 609 2631 putant,
627 2577 659 2612 a
672 2560 818 2613 malis
837 2557 1080 2611 videatur.
1099 2554 1403 2610 Secundum
1418 2554 1628 2609 illorum
1645 2562 1823 2608 autem

227 2668 438 2710 sensum
460 2691 477 2719 ,
506 2654 554 2708 si
584 2653 704 2724 quis
733 2653 813 2708 eis
841 2652 1013 2715 dicat,
1045 2649 1181 2719 Quid
1210 2663 1338 2721 ergo
1363 2647 1628 2703 miramini
1647 2688 1664 2715 ,
1692 2646 1738 2701 si
1764 2655 1819 2701 ct

228 2746 366 2801 Deus
393 2745 628 2799 mutavit
653 2744 886 2814 speciem
912 2742 1201 2798 divinitatis
1227 2756 1339 2796 suae
1358 2782 1374 2808 ,
1407 2749 1464 2795 ut
1493 2748 1675 2809 posset
1700 2753 1825 2793 eum

226 2839 309 2905 qui
356 2836 528 2892 corde
574 2834 949 2892 sordidissimo
971 2842 1054 2889 est
1081 2833 1363 2899 diabolus,
1417 2831 1641 2896 intueri,
1690 2830 1828 2885 sicut

228 2928 293 2983 de
311 2930 532 2985 Christo
577 2928 689 2983 Deo
717 2927 868 2983 vobis
910 2925 1158 2982 videtur?
1200 2924 1328 2996 quid
1362 2922 1671 2994 responsuri
1720 2922 1827 2977 sint

230 3019 428 3074 nescio.
466 3018 604 3085 Quia
634 3026 690 3073 et
718 3032 986 3087 nunquam
1038 3016 1219 3071 dicere
1260 3015 1376 3070 ausi
1427 3024 1580 3082 sunt,
1614 3014 1827 3068 Patrem

230 3121 279 3166 et
307 3111 508 3165 Filium
540 3110 643 3164 nisi
688 3109 845 3163 unius
874 3122 994 3163 esse
1035 3105 1466 3161 substantianet
1512 3104 1556 3159 si
1612 3104 1829 3158 alterius

230 3217 347 3257 esse
394 3201 717 3257 substantia:
762 3199 955 3255 Filium
986 3198 1255 3263 dicerent,
1286 3205 1467 3266 posset
1498 3196 1575 3251 eis
1604 3211 1828 3264 respon-

230 3291 381 3359 deri,
415 3292 574 3347 Unde
622 3292 776 3361 igitur
797 3289 977 3354 scitis,
1007 3296 1185 3342 utrum
1231 3300 1354 3341 cum
1395 3286 1552 3341 Patre
1600 3302 1667 3339 an
1707 3301 1830 3340 cum

235 3381 366 3436 Filio
412 3382 653 3437 locutum
701 3395 820 3435 esse
864 3378 1169 3444 diabolum,
1225 3386 1374 3431 vetus
1425 3376 1512 3429 illa
1558 3375 1830 3445 Scriptura

231 3470 659 3527 commemorat?
694 3469 893 3524 Deinde
934 3469 1222 3538 quterimus
1246 3508 1260 3533 ,
1288 3466 1465 3522 Solem
1496 3467 1653 3519 istum
1687 3465 1833 3519 videt

232 3563 480 3617 diabolus
501 3604 513 3627 ,
544 3577 612 3615 an
643 3577 746 3615 non
774 3560 953 3615 videt?
986 3559 1042 3614 Si
1092 3559 1265 3623 videt,
1301 3556 1564 3627 quomodo
1593 3572 1721 3627 ergo
1748 3557 1830 3611 sol

234 3655 370 3709 Deus
404 3664 527 3721 est,
577 3669 735 3722 quem
780 3651 1023 3707 diabolus
1051 3650 1234 3706 videt?
1265 3650 1319 3705 Si
1346 3665 1450 3703 non
1480 3648 1652 3713 videt,
1696 3648 1824 3703 mali

232 3755 411 3799 tamen
442 3760 569 3799 eum
603 3743 845 3798 homines
873 3743 1085 3807 vident;
1113 3741 1380 3812 quomodo
1402 3756 1527 3811 ergo
1556 3741 1695 3795 Deus
1714 3750 1796 3795 est
1817 3803 1832 3825 θ

234 3853 387 3905 quem
412 3836 600 3891 vident
619 3836 709 3905 qui
736 3850 839 3889 non
868 3851 999 3905 puro
1020 3844 1142 3889 sunt
1163 3833 1362 3888 corde?
1386 3835 1489 3887 Aut
1516 3833 1559 3887 si
1584 3840 1640 3887 ut
1665 3832 1833 3886 videri

237 3935 456 3995 posset,
486 3927 646 3981 etiam
676 3928 787 3997 ipse
829 3934 1059 3981 mutatus
1085 3933 1201 3989 est,
1230 3933 1284 3979 et
1308 3940 1412 3977 non
1446 3923 1545 3977 hoc
1566 3932 1650 3978 est
1692 3923 1833 3993 quod

239 4017 486 4081 videtur;
536 4015 664 4085 quid
713 4016 756 4069 si
803 4017 1053 4085 ergo'vos
1082 4013 1223 4068 aliud
1269 4012 1580 4077 ostenditis,
1614 4022 1668 4066 et
1693 4011 1835 4066 aliud

238 4109 394 4171 cstis,
449 4116 509 4160 ut
560 4106 751 4160 imitari
795 4107 953 4160 etiam
982 4105 1183 4170 solem,
1231 4120 1337 4159 non
1367 4112 1568 4157 tantum
1612 4102 1836 4157 adorare

239 4198 495 4267 possitis?
526 4198 596 4252 Et
625 4207 799 4252 tamen
828 4198 872 4252 si
895 4212 987 4252 eos
1013 4197 1309 4265 interroges
1328 4233 1343 4263 ,
1392 4204 1569 4249 utrum
1598 4210 1836 4249 commu-

241 4290 412 4343 tabilis
449 4299 541 4341 aut
590 4287 1037 4342 incommutabilis
1066 4288 1134 4341 sit
1159 4287 1335 4340 divina
1373 4285 1696 4349 substantia,
1730 4300 1833 4339 non

241 4390 462 4449 possunt
514 4379 618 4433 nisi
656 4378 1140 4433 incommutabilem
1168 4377 1382 4442 dicere,
1416 4392 1521 4431 non
1567 4376 1711 4430 ducti
1752 4390 1837 4429 ra-

243 4472 380 4525 tione
412 4473 455 4533 ¹,
508 4470 605 4525 sed
646 4470 848 4539 pudore
876 4469 1100 4525 confusi.
1129 4470 1311 4524 Restat
1340 4484 1468 4537 ergo
1490 4477 1546 4523 ut
1576 4477 1836 4538 cogantur

245 4562 411 4629 fateri,
439 4562 721 4616 Dominum
742 4572 977 4615 nostrum
1007 4560 1186 4615 Jesum
1210 4558 1478 4613 Christum
1501 4557 1713 4612 aliunde
1743 4572 1829 4612 as-

244 4656 531 4725 sumpsisse
558 4669 771 4724 corpus,
802 4662 858 4707 ut
883 4651 1126 4706 humanis
1146 4651 1312 4705 oculis
1339 4656 1638 4719 appareret.
1683 4647 1835 4715 Quod

246 4747 287 4801 si
334 4746 608 4809 fatentur,
659 4760 840 4815 qurero
889 4744 1028 4797 unde
1078 4741 1446 4809 assumpserit.
1505 4739 1562 4794 Si
1613 4739 1680 4793 de
1736 4738 1838 4793 hoc

247 4838 441 4891 mundo
472 4837 697 4902 dicunt,
726 4851 907 4906 quer
949 4834 1115 4903 ipsius
1143 4832 1326 4887 mundi
1368 4830 1505 4885 unde
1528 4832 1595 4884 sit
1620 4844 1831 4899 corpus.

246 4928 507 4984 Continuo
546 4926 677 4980 mihi
702 4968 717 4992 ,
768 4926 843 4979 De
877 4925 1213 4979 tenebrarum
1253 4930 1439 4992 gente,
1489 4919 1831 4991 respondent.

248 5018 287 5072 Ο
339 5020 478 5073 mira
525 5016 822 5072 dementia!
881 5014 987 5069 Cur
1040 5028 1201 5083 ergo,
1253 5012 1463 5078 miseri,
1514 5012 1565 5065 in
1613 5024 1837 5079 corpore

250 5109 533 5163 Saivaloris
562 5106 759 5161 timetis
780 5116 990 5161 uterum
1031 5103 1279 5172 virginis,
1314 5111 1368 5157 et
1391 5111 1603 5172 gentem
1629 5100 1833 5157 daemo-

251 5217 364 5254 num
396 5216 503 5252 non
535 5194 773 5252 timetis?
1654 5260 1657 5263 Α

312 5289 541 5344 CAPUT
581 5287 785 5341 Xll.—
810 5285 897 5340 12.
926 5283 1153 5341 Christus
1191 5300 1279 5338 cur
1324 5299 1387 5336 ex
1434 5283 1621 5353 femina
1664 5292 1834 5338 natus.

258 5380 415 5435 Filius
462 5379 561 5432 Dei
614 5395 714 5431 non
746 5385 819 5431 est
868 5386 1088 5429 mutatus
1139 5391 1228 5446 per
1251 5374 1666 5427 incarnationem.
1725 5373 1834 5428 Nos

253 5470 460 5541 quidem
493 5468 793 5525 universam
839 5476 1086 5521 naturam
1112 5466 1350 5537 corporis
1379 5465 1444 5520 ab
1470 5465 1833 5534 omnipotente

251 5562 525 5618 conditore
561 5561 671 5615 Deo
718 5575 836 5614 esse
881 5558 1229 5628 proﬁtemur:
1262 5566 1316 5612 et
1355 5565 1632 5628 propterea
1660 5556 1845 5617 unde-7

312 5675 329 5706 ί
355 5680 436 5722 Ms.
461 5672 816 5731 Gemtaaensis,
838 5683 932 5719 non
956 5666 1135 5719 ratione
1155 5667 1297 5719 docti.

530 5758 755 5816 SANCT.‘
794 5757 1062 5814 AUGUST.
1086 5751 1138 5813 γ

1706 243 1891 299 ΕἰὶΜΟ
1930 244 2044 298 XII.

3384 254 3488 308 106

1863 356 1884 371 '
1912 373 2141 427 eumque
2170 358 2423 413 Dominus
2465 371 2646 416 noster
2683 369 2979 416 assumeret
3023 375 3250 432 corpus,
3289 362 3359 417 de
3395 378 3492 420 sua

1912 460 2154 506 creatura
2183 452 2364 520 utique
2390 462 2686 507 assumeret
2710 470 2723 505 :
2751 452 2844 508 sed
2865 467 2929 507 ex
2960 451 3157 508 femina
3185 453 3368 509 maluit
3396 454 3497 510 Ιιιιε

1914 542 2055 596 milis
2086 542 2124 607 ί,
2152 542 2240 611 qui
2279 541 2344 595 ad
2373 541 2696 596 liberandum
2730 535 2985 612 perditam
3012 552 3308 600 creaturam
3334 562 3502 602 vene-

1913 641 2029 699 rat,
2062 647 2181 702 quae
2205 648 2298 702 per
2318 622 2571 687 feminam
2596 632 2739 701 lapsa
2765 642 2865 688 est.
2899 632 3049 689 Unde
3090 644 3372 706 utrumque
3407 651 3499 692 se-

1915 741 2039 779 xum
2065 726 2248 780 volens
2288 724 2339 777 in
2378 739 2526 794 spem
2553 726 2911 780 renovationis
2949 735 3001 780 et
3022 728 3373 797 reparationis
3401 731 3501 784 ad-

1916 816 2146 882 ducere,
2201 815 2406 870 virilem
2438 815 2489 869 in
2538 830 2643 885 quo
2682 826 3015 883 nasceretur,
3074 817 3359 874 femineum
3407 836 3501 890 per

1917 924 2074 979 quem
2107 918 2414 964 nasceretur
2435 951 2450 976 ,
2480 909 2657 979 elegit.
2691 909 2797 963 Vos
2816 918 2992 964 autem
3012 912 3098 981 qui
3123 912 3503 969 exhorrescitis

1919 1011 2063 1055 casta
2094 1000 2311 1069 virginis
2336 1000 2540 1055 viscera
2561 1042 2575 1067 ,
2617 1000 2828 1071 eligite,
2860 1002 3110 1067 obsecro,
3143 1005 3281 1060 unde
3323 1006 3505 1061 Domis

1920 1104 2022 1147 nus
2060 1104 2257 1159 corpus
2306 1101 2618 1147 assumeret.
2674 1089 2857 1146 Dicitis
2908 1108 3064 1148 omne
3112 1108 3301 1165 corpus
3331 1100 3505 1168 gentis

1920 1183 2260 1238 tenebrarum
2291 1198 2410 1237 esse
2436 1183 2806 1237 substantiam.
2857 1184 3049 1254 Eligite
3074 1201 3231 1256 ergo,
3273 1198 3329 1243 tit
3353 1190 3459 1245 dixi
3484 1232 3503 1259 ,

1920 1276 2062 1330 unde
2097 1290 2290 1344 corpus
2317 1275 2483 1329 Filius
2506 1276 2597 1329 Dei
2628 1275 2849 1331 deberet
2891 1286 3182 1332 assumere.
3215 1281 3296 1333 An
3324 1282 3470 1350 perdi
3494 1315 3506 1325 -

1921 1367 2072 1422 distis
2119 1366 2472 1437 respondendi
2503 1368 2705 1432 lucem,
2758 1368 2879 1438 quia
2905 1370 3138 1425 tenebrat
3187 1370 3337 1426 vobis
3368 1389 3505 1444 quo-

1921 1474 2147 1528 cumque
2175 1460 2358 1514 oculos
2399 1461 2807 1525 converteritis,
2854 1464 3181 1518 occurrunt?
3227 1466 3334 1521 Sed
3381 1479 3507 1525 caro

1922 1552 2162 1608 mortalis
2182 1594 2196 1616 ,
2226 1553 2502 1623 inquiunt,
2535 1552 2744 1607 videtur
2771 1554 3109 1608 immundior.
3163 1556 3400 1614 Recitate
3430 1561 3510 1615 eis

1922 1642 2231 1713 Apostolum
2253 1684 2268 1708 ,
2303 1642 2487 1698 Omnia
2512 1644 2701 1697 munda
2726 1645 2923 1698 mundis
2948 1661 2965 1699 :
2995 1655 3047 1700 et
3074 1649 3290 1702 recitate
3318 1647 3369 1704 in
3416 1664 3512 1706 eos

1924 1736 2236 1806 Apostolum
2259 1780 2275 1799 ,
2310 1733 2595 1789 Immundis
2631 1747 2799 1790 autem
2840 1736 2885 1791 et
2912 1732 3232 1808 inﬁdelibus,
3275 1743 3403 1797 nihil
3438 1753 3513 1798 est

1923 1829 2205 1891 mundum;
2226 1829 2313 1881 sed
2340 1829 2537 1897 polluta
2564 1836 2682 1883 sunt
2708 1846 2876 1884 eorum
2902 1840 2946 1885 et
2972 1849 3109 1886 mens
3132 1844 3179 1886 et
3208 1837 3514 1891 conscientia

1926 1917 2052 1988 (Tit.
2084 1935 2121 1984 l,
2155 1918 2265 1981 15).
2297 1918 2354 1974 Si
2383 1929 2559 1973 autem
2604 1936 2708 1973 non
2740 1917 2954 1987 dicunt,
2990 1922 3347 1990 linmundior;
3375 1928 3467 1981 sed
3493 1970 3511 1992 ,

1928 2009 2189 2064 lnlirmior
2222 2027 2234 2062 :
2277 2011 2641 2065 consentimus
2671 2012 2854 2081 plane;
2884 2022 2938 2067 et
2984 2013 3102 2068 ideo
3140 2013 3383 2072 Christus
3432 2028 3515 2073 est

1927 2110 2106 2156 nostra
2120 2102 2358 2166 firmitas,
2377 2103 2497 2172 quia
2514 2118 2634 2157 eum
2659 2114 2833 2158 nostra
2854 2121 2957 2159 non
2977 2109 3512 2172 mutavitinfirmitas.

1927 2193 2024 2249 llic
2052 2208 2283 2263 agnosco
2306 2196 2580 2265 pr0phetae
2621 2196 2762 2250 illam
2810 2214 3028 2262 vocem,
3069 2196 3292 2256 Mutabis
3331 2221 3426 2271 ea,
3466 2216 3516 2260 et

1928 2286 2287 2352 mutabuntur;
2308 2295 2361 2339 tu
2388 2296 2554 2339 autem
2580 2284 2711 2341 idem
2739 2288 2846 2359 ipse
2875 2306 2925 2343 es
2946 2331 2959 2354 ,
2989 2300 3035 2344 et
3058 2286 3179 2345 anni
3199 2294 3272 2346 tui
3299 2311 3398 2348 non
3424 2296 3517 2349 de-

1929 2370 2117 2445 ﬁcient.
2148 2374 2260 2430 Non
2288 2377 2459 2431 solum
2485 2378 2627 2433 enim
2658 2394 2761 2433 non
2788 2395 2911 2435 eum
2933 2382 3154 2437 mutavit
3191 2383 3242 2437 in
3282 2384 3517 2441 deterius

1929 2466 2208 2523 infirmitas
2250 2470 2459 2536 carnis,
2510 2470 2601 2524 sed
2631 2470 2699 2524 ab
2736 2486 2802 2525 eo
2832 2472 2882 2525 in
2932 2474 3120 2529 melius
3149 2476 3260 2547 ipsa
3313 2486 3515 2533 mutata

1930 2568 2030 2613 est.
2058 2558 2150 2613 Sol
2176 2559 2275 2614 iste
2302 2570 2592 2629 corporeus
2616 2602 2629 2625 ,
2660 2570 2816 2631 quem
2844 2577 3039 2633 corpus
3066 2582 3168 2620 non
3220 2582 3341 2623 esse
3369 2562 3516 2623 arbi—

1930 2650 2175 2719 trantur(
2207 2666 2373 2721 usque
2394 2652 2527 2706 adeo
2554 2669 2650 2717 nec
2666 2652 2791 2723 quid
2817 2655 2887 2707 sit
2909 2670 3104 2725 corpus
3125 2698 3139 2723 ,
3174 2658 3515 2730 intelligunt,

1930 2741 2019 2811 qui
2047 2741 2113 2795 de
2157 2741 2522 2811 spiritualibus
2566 2742 3014 2812 diSputationibus
3044 2761 3103 2802 se
3148 2746 3404 2804 fallaciter
3426 2751 3517 2821 ja-

1930 2832 2097 2901 etant)
2128 2851 2140 2886 :
2171 2830 2251 2887 sol
2278 2848 2405 2902 ergo
2434 2834 2532 2888 iste
2570 2847 2876 2903 corporeus,
2899 2844 3097 2891 tantum
3150 2839 3271 2909 quia
3298 2842 3519 2898 cmleste

1930 2940 2125 2995 corpus
2167 2934 2281 2991 est,
2312 2924 2573 2979 illuminat
2603 2936 2793 2981 terram
2816 2966 2831 2993 ,
2880 2943 2976 2983 nec
3003 2930 3069 2984 ab
3097 2945 3158 2985 ea
3188 2926 3299 3001 ipse
3323 2927 3518 2988 obscae-

1932 3024 2116 3080 ratur;
2148 3016 2311 3070 siccat
2359 3032 2586 3086 aquam,
2632 3032 2732 3072 nec
2776 3015 2896 3074 inde
2944 3017 3314 3090 humectatur;
3363 3022 3522 3083 solvit

1931 3107 2153 3178 glaciem
2176 3149 2192 3175 ,
2225 3122 2327 3163 nec
2373 3108 2494 3163 inde
2539 3108 2806 3180 frigescit;
2837 3106 2992 3166 durat
3020 3113 3223 3182 limum,
3254 3133 3349 3172 nec
3395 3112 3521 3175 inde

1935 3198 2215 3256 mollescit.
2246 3198 2316 3256 Et
2342 3201 2597 3255 Dominus
2627 3212 2809 3257 noster
2835 3203 2990 3259 Jesus
3018 3205 3260 3263 Christus
3285 3208 3518 3265 Verbum

1937 3292 2107 3347 Patris
2132 3334 2146 3357 ,
2173 3308 2267 3360 per
2289 3293 2428 3363 quod
2460 3288 2594 3348 facta
2623 3300 2749 3348 sunt
2774 3295 2949 3349 omnia
2972 3297 3139 3352 virtus
3180 3307 3234 3354 et
3261 3301 3520 3370 sapientia

1937 3378 2065 3451 Dei,
2088 3385 2283 3455 ubique
2306 3400 2540 3456 praesens
2558 3428 2574 3453 ,
2599 3381 2794 3457 ubique
2818 3398 3056 3445 secretus
3074 3432 3089 3455 ,
3123 3388 3315 3463 ubique
3342 3404 3483 3449 totus
3502 3435 3518 3459 ,

1938 3492 2196 3546 nusquam
2253 3474 2518 3543 inclusus,
2572 3475 2891 3551 pertendens
2924 3495 2953 3533 a
2996 3477 3098 3535 fine
3136 3498 3301 3552 usque
3346 3485 3413 3539 ad
3461 3476 3524 3539 fi-

1939 3583 2059 3621 nem
2091 3564 2296 3621 fortiter
2320 3608 2335 3632 ,
2379 3576 2434 3622 ct
2479 3564 2765 3637 diSponeus
2802 3569 2980 3624 omnia
3018 3575 3287 3639 suaviter,
3334 3576 3524 3632 timent

1941 3653 2179 3712 infelices
2199 3699 2212 3721 ,
2246 3674 2312 3712 ne
2335 3670 2440 3713 non
2473 3660 2702 3728 potuerit
2731 3660 2806 3713 sic
2828 3658 3095 3715 hominem
3122 3674 3395 3720 assumere
3415 3709 3429 3733 ,
3464 3678 3524 3724 ut

1940 3751 2227 3806 vivificaret
2248 3746 2511 3816 mortalia,
2539 3768 2637 3806 nec
2663 3752 2729 3806 ab
2754 3756 2831 3807 eis
2856 3749 3293 3821 mortificaretur;
3321 3760 3523 3815 sancti-

1940 3838 2123 3897 ficaret
2143 3856 2379 3903 carnem,
2403 3857 2505 3896 nec
2521 3836 2643 3896 inde
2665 3838 3016 3912 pollueretur;
3045 3840 3360 3905 dissolveret
3380 3866 3524 3906 mor.-

1942 3940 2048 3987 tem
2067 3973 2082 3997 ,
2114 3946 2213 3988 nec
2232 3926 2353 3986 inde
2377 3930 2656 4002 ligaretur;
2687 3941 2914 3989 mutaret
2935 3935 2985 3989 in
3009 3951 3067 3990 se
3089 3936 3354 3994 hominem
3378 3981 3394 4008 ,
3424 3958 3524 3997 nec

1942 4022 1994 4076 in
2021 4022 2289 4077 hominem
2315 4023 2649 4076 mutarethr?
2674 4022 2830 4077 Aliud
2851 4039 2916 4078 ex
2940 4020 3044 4079 alio
3062 4022 3333 4097 disputare
3356 4071 3370 4097 ,
3401 4046 3526 4102 pru-

1942 4122 2059 4184 pter
2086 4112 2434 4183 quorumdam
2464 4112 2828 4168 titubationem
2857 4154 2872 4178 ,
2921 4124 2974 4169 ct
2998 4114 3346 4185 periculosam
3374 4121 3525 4176 infir-

1941 4204 2177 4261 mitatem
2203 4205 2354 4272 fidei,
2393 4205 2651 4274 compulsi
2693 4221 2895 4262 sumus.
2943 4208 3093 4275 Quod
3120 4219 3297 4265 autem
3334 4214 3524 4269 attinet

1942 4297 2007 4351 ad
2036 4297 2358 4366 propositam
2381 4297 2758 4365 qumstionem,
2808 4314 3105 4369 quanquam
3133 4298 3221 4355 illa
3251 4302 3523 4374 Scriptura

1944 4388 2030 4459 (de
2050 4404 2149 4457 qua
2178 4380 2413 4440 insidiari
2452 4402 2607 4456 quam
2637 4387 2916 4442 illuminari
2944 4390 3271 4463 maluerant)
3300 4387 3463 4447 Deum
3492 4411 3523 4449 a

1942 4478 2152 4533 diabolo
2182 4478 2353 4532 visum
2393 4493 2512 4533 esse
2540 4494 2644 4532 non
2678 4480 2898 4548 probet;
2942 4481 3158 4537 videant
3203 4492 3379 4540 tamen
3423 4480 3521 4556 ipsi

1941 4567 2206 4639 quomodo
2252 4583 2383 4637 gens
2410 4568 2745 4623 tenebrarum
2778 4566 3007 4625 divinam
3055 4572 3401 4629 substantiam
3440 4576 3523 4631 vi-

1942 4659 2069 4713 dere
2120 4659 2384 4727 potuerit,
2415 4658 2624 4728 quando
2645 4667 2768 4714 ante
2792 4674 3021 4731 pugnam
3042 4702 3055 4725 ,
3102 4675 3205 4733 qua
3249 4664 3443 4719 bonum
3469 4674 3524 4720 et

1942 4746 2138 4803 malum
2165 4748 2346 4803 dicunt
2373 4764 2494 4803 esse
2524 4752 2871 4805 commixtum
2891 4791 2906 4817 ,
2953 4753 3154 4807 nullum
3203 4750 3378 4809 adhuc
3401 4770 3523 4811 cor-

1942 4855 2042 4910 pus
2066 4840 2239 4894 divina
2266 4839 2557 4895 substantia
2579 4882 2593 4905 ,
2644 4849 2700 4895 ut
2721 4844 2788 4898 ab
2809 4841 2964 4898 hoste
2986 4858 3083 4898 suo
3110 4844 3274 4900 videri
3303 4855 3519 4915 posset,

1941 4940 2320 5001 assumpserat.
2354 4928 2431 4985 Ex
2470 4948 2575 5002 quo
2603 4943 2960 5003 cognoscant,
2989 4932 3180 4989 frustra
3211 4951 3269 4991 se
3292 4936 3521 4992 catholi-

1941 5040 2018 5079 cae
2041 5018 2161 5078 fidei
2194 5024 2525 5077 firmamenta
2557 5018 2689 5080 velle
2719 5025 3046 5091 subvertere,
3075 5040 3194 5079 eum
3220 5041 3344 5081 suas
3373 5026 3522 5083 fabu-

1942 5117 2020 5170 las
2048 5116 2288 5169 ruinosas
2326 5114 2797 5186 qualibuscumque
2826 5116 3231 5185 responsionum
3259 5116 3481 5175 destinis
3501 5116 3521 5151 ⁸

1942 5208 2113 5263 fulciri
2155 5222 2259 5262 non
2307 5206 2530 5275 possint.
2930 5203 2933 5207 ’

2006 5364 2023 5394 ί
2049 5362 2184 5419 mliti,
2209 5360 2433 5423 [entiriam
2455 5359 2622 5423 maluit
2644 5358 2892 5410 Inmrtlem.’
2912 5364 2966 5409 At
2983 5368 3062 5411 Ms.
3087 5360 3443 5423 Germanensls,
3461 5370 3523 5414 ea!

1940 5423 2121 5494 [etiam
2147 5421 2315 5494 maluit
2339 5421 2563 5494 humilis;
2580 5436 2790 5494 moxque
2811 5424 3141 5494 prosequitur,
3260 5421 3523 5488 perituram

1942 5482 2468 5554 WeW.qus
2493 5496 2686 5554 ιλτιιερβῖ
2709 5482 3090 5554 {enervatam
3109 5482 3196 5537 esi-

2006 5549 2027 5578 ³
2051 5547 2184 5609 Ediii,
2210 5543 2616 5609 disputationime
2637 5543 2805 5609 Melius
2816 5551 2897 5594 Ms.
2923 5543 3279 5609 Germanensis,
3307 5543 3521 5597 destinis.

1944 5616 2044 5670 vox
2066 5606 2270 5657 fulcrum
2288 5603 2587 5670 significatus,
2618 5606 2763 5668 quale
2791 5608 3095 5670 extrinsecus
3132 5603 3323 5659 fabrica
3358 5609 3525 5670 apponi

1946 5668 2087 5719 solet.
2117 5670 2231 5719 vide
2266 5668 2544 5731 Appendicis
2565 5678 2839 5718 sermonem
2866 5670 2908 5730 i,
2934 5683 2982 5718 n.
3006 5668 3053 5717 2.

2763 5751 3091 5819 ίοααινα.)
