4002 6454
509 316 611 374 1θῖ

1008 430 1234 489 SERMO
1271 429 1424 486 χιιιο
1453 428 1553 502 (α).

504 542 583 598 De
607 560 664 598 eo
715 520 850 615 quod
875 542 1116 615 scriptum
1142 550 1216 598 est
1240 543 1293 596 in
1317 539 1525 597 Psalmo
1551 555 1609 605 ιι,
1639 539 1727 607 10,
1750 537 2078 608 ,Ει-ιιάἰιιιῑυί,

888 648 1075 689 omnes
1103 632 1192 704 qui
1210 632 1460 704 judicatis
1477 640 1692 687 terram.

656 744 854 795 Habitus
870 743 931 793 ad
955 751 1164 793 Mensam
1184 744 1337 794 sancti
1356 742 1592 817 Cypriani,
1610 755 1659 792 vr
1677 739 1768 791 cal.
1784 741 1889 804 jun.
1918 740 1936 772 ί

573 844 796 902 CAPUT
851 845 1129 902 PRIMUM.
1172 875 1242 887 -
1290 846 1344 900 ι.
1390 843 1606 899 Terram
1660 843 1895 916 judicare
1934 842 2078 913 quid.

501 964 574 977 —-
600 934 911 1000 Erudimini,
949 951 1121 991 omnes
1173 934 1263 1005 qui
1320 932 1567 1005 judicatis
1603 943 1807 987 terram.
1860 932 2082 991 Terram

498 1025 766 1096 judicare,
807 1035 889 1082 est
939 1040 1136 1097 corpus
1159 1025 1399 1082 domare.
1449 1023 2083 1093 AudiamusApostolum

502 1120 827 1190 iudicantem
869 1127 1102 1181 terram:
1137 1117 1259 1173 Non
1284 1118 1355 1175 sic
1385 1132 1573 1190 pugno,
1602 1117 1793 1189 inquit,
1838 1126 2082 1182 tanquam

506 1226 674 1266 aerem
701 1211 896 1267 credens
922 1226 944 1275 ;
983 1210 1073 1266 sed
1093 1217 1288 1283 castigo
1312 1227 1498 1281 corpus
1533 1226 1697 1265 meum
1723 1218 1770 1263 et
1792 1210 1849 1262 in
1873 1208 2083 1263 seruitu-

505 1310 605 1355 tem
621 1301 815 1373 redigo,
830 1288 894 1356 ne
918 1305 1046 1372 forte
1063 1302 1177 1358 aliis
1198 1301 1478 1373 praedicans
1493 1300 1601 1370 ipse
1626 1299 1868 1369 reprobus
1896 1298 2081 1369 alliciar

499 1389 562 1465 (1
588 1392 704 1448 Cor.
725 1408 801 1457 ix,
829 1392 900 1449 26
919 1402 967 1448 et
993 1393 1108 1462 27).
1135 1392 1273 1449 Audi
1290 1407 1438 1463 ergo,
1461 1390 1957 1461 terra,judicantcm
1970 1398 2082 1445 ter.-

496 1499 611 1539 ram
637 1502 651 1548 ;
678 1493 733 1538 et
766 1484 945 1554 judtca
971 1494 1188 1549 terram,
1219 1500 1287 1541 ne
1312 1484 1388 1540 sis
1419 1491 1578 1538 terra.
1623 1482 1678 1538 Si
1710 1482 1852 1537 enim
1880 1488 2077 1536 terram

493 1574 833 1642 iudicaveris,
867 1575 1060 1633 caelum
1093 1574 1219 1641 eris,
1252 1581 1306 1630 et
1335 1573 1392 1633 iu
1420 1583 1472 1631 te
1491 1571 1681 1629 factam
1703 1571 1930 1643 gloriam
1965 1570 2069 1625 Do-

496 1664 627 1717 mini
677 1665 971 1723 enarrabis.
1027 1664 1161 1721 Caeli
1208 1665 1351 1721 enim
1402 1670 1656 1721 enarraut
1717 1661 1936 1732 gloriam
1983 1659 2077 1715 Dei

495 1757 516 1824 (
547 1753 695 1810 Psal.
723 1772 867 1822 xvm,
897 1753 993 1829 2).
1025 1754 1081 1812 Si
1136 1764 1313 1811 autem
1340 1763 1538 1811 terram
1580 1770 1686 1811 non
1729 1751 2070 1821 iudicaveris,

494 1853 636 1901 terra
666 1848 792 1901 eris.
818 1846 873 1902 Si
901 1854 1077 1902 autem
1106 1855 1249 1901 terra
1276 1845 1459 1909 fueris,
1502 1844 1570 1899 ad
1611 1859 1735 1900 eum
1781 1841 2075 1914 pertinebis

496 1936 583 1991 cui
629 1935 830 2002 dictum
866 1943 971 2004 est,
1023 1934 1233 1993 Terram
1281 1934 1610 1993 manducabis
1638 1932 1792 2007 (Gen.
1829 1948 1907 2000 ιιι,
1942 1930 2072 2003 id).

496 2027 729 2081 Audiam
755 2041 883 2098 ergo
892 2026 1098 2097 judices
1121 2036 1279 2082 terrae
1308 2044 1321 2081 ε
1353 2039 1552 2096 corpus
1581 2024 1860 2095 castigent,
1895 2022 2074 2079 libidi-

492 2133 588 2173 nes
615 2116 847 2186 frenent,
869 2126 1050 2173 ament
1069 2117 1409 2188 sapientiam,
1440 2116 1660 2171 vincant
1683 2115 2073 2186 concupiscen-

490 2206 616 2262 tiam
647 2223 661 2260 :
689 2215 745 2263 et
781 2216 838 2262 ut
867 2208 968 2263 hoc
999 2206 1214 2274 faciant,
1243 2207 1573 2263 erudiantur.

559 2296 784 2354 CAPUT
823 2297 886 2352 ll.
909 2328 980 2338 —
1006 2297 1062 2352 ‘2.
1092 2297 1416 2352 Pratsumens
1438 2297 1501 2350 de
1511 2295 1729 2367 prapriis
1745 2295 1951 2360 viribus,
1979 2311 2072 2364 pe-

488 2390 556 2444 rit
583 2390 646 2444 de
670 2391 751 2444 via
768 2391 934 2462 justa.
960 2390 1249 2445 Fidendum
1270 2390 1324 2443 in
1346 2388 1639 2443 Dominum.
1664 2386 1962 2443 lnordiuate
1986 2387 2075 2439 ltu-

486 2481 640 2535 milis.
691 2481 816 2536 ll;ec
865 2490 948 2536 est
986 2489 1167 2536 autem
1206 2494 1411 2535 summa
1466 2477 1785 2534 eruditionis
1830 2476 2075 2531 :Seruite

485 2570 705 2625 Domino
733 2572 786 2625 in
805 2573 1001 2638 timore,
1019 2582 1065 2626 et
1107 2571 1353 2626 exsultate
1376 2570 1421 2623 ei
1438 2586 1552 2623 cum
1584 2577 1817 2624 tremore.
1853 2567 2071 2623 Exsulta

484 2663 557 2729 ei,
589 2680 695 2719 non
728 2664 825 2720 tibi
851 2681 863 2717 :
886 2664 937 2719 ei
974 2680 1005 2718 a
1030 2679 1137 2735 quo
1161 2679 1224 2719 es
1248 2661 1390 2733 quod
1421 2676 1502 2729 es,
1535 2669 1589 2717 et
1608 2659 1752 2731 quod
1798 2659 1961 2717 homo
1987 2673 2068 2715 es.

483 2762 538 2809 et
573 2754 713 2825 quod
731 2754 906 2824 justus
925 2770 1022 2817 es;
1066 2755 1110 2809 si
1141 2763 1317 2809 tamen
1347 2752 1460 2822 jam
1479 2751 1658 2822 justus
1683 2766 1763 2806 es.
1798 2750 1855 2805 Si
1892 2758 2070 2804 autem

483 2845 762 2900 putaveris
795 2842 937 2915 quod
966 2844 1033 2897 ab
1063 2844 1155 2898 illo
1192 2841 1407 2914 quidem
1454 2841 1615 2897 homo
1642 2855 1722 2909 es,
1751 2855 1781 2895 a
1809 2848 1861 2896 tc
1890 2849 2069 2899 autem

477 2933 654 3005 justus
680 2950 767 3000 es;
800 2950 904 2989 non
925 2934 1091 2989 servis
1112 2933 1333 2988 Domino
1364 2933 1413 2986 in
1437 2934 1644 2997 timore,
1701 2945 1800 2985 nec
1831 2929 2070 2985 exsultas

483 3027 535 3082 ei
550 3026 605 3084 in
624 3034 879 3094 tremore,
908 3025 1003 3081 sed
1031 3025 1124 3081 tibi
1149 3026 1202 3079 in
1251 3023 1684 3094 praesumptione.
1715 3021 1784 3076 Et
1816 3020 1944 3091 quid
1975 3020 2070 3075 tibi

481 3117 601 3183 ﬁet,
627 3118 728 3173 nisi
759 3116 901 3188 quod
930 3115 1210 3188 sequitur?
1247 3113 1331 3170 Ne
1357 3115 1561 3185 quando
1595 3114 1843 3167 irascatur
1881 3111 2064 3166 Domi-

480 3224 600 3275 nus,
628 3217 675 3262 et
696 3207 930 3278 pereatis,
957 3205 1147 3277 inquit,
1177 3204 1240 3258 de
1254 3205 1333 3259 uia
1351 3205 1515 3277 justa.
1546 3203 1661 3259 Non
1688 3203 1830 3258 enim
1867 3202 1972 3269 ait,
1992 3201 2068 3257 Ne

478 3301 694 3374 quando
718 3300 978 3355 irascatur
1003 3298 1279 3364 Dominus,
1301 3304 1487 3352 etnon
1519 3295 1728 3352 intretis
1749 3293 1803 3349 in
1828 3292 2066 3363 viamju-

482 3400 652 3458 stam;
682 3389 800 3458 sed,
829 3390 1041 3460 pereatis
1067 3387 1129 3442 de
1152 3388 1232 3442 via
1251 3388 1415 3458 justo.
1438 3385 1554 3441 iam
1583 3385 1726 3441 enim
1743 3384 1943 3441 videris
1973 3383 2066 3439 tibi

476 3485 649 3556 justus
693 3496 803 3537 non
841 3479 1097 3552 rapiendo
1134 3480 1386 3545 alienum,
1416 3493 1522 3534 non
1552 3476 1923 3543 adulterando,
1958 3489 2067 3531 non

477 3555 820 3632 homicidium
851 3555 1112 3638 iaciendo,
1137 3587 1243 3628 non
1266 3570 1457 3626 l‘alsum
1486 3568 1848 3626 testimonium
1869 3567 2063 3621 adver-

406 3680 415 3685 ‘
477 3682 573 3723 sus
603 3666 902 3738 proximum
929 3663 1178 3732 dicendo,
1220 3671 1425 3735 patrem
1455 3669 1509 3718 et
1544 3669 1768 3716 matrem
1800 3659 2066 3717 honoran-

477 3758 567 3826 do,
599 3740 768 3814 unum
796 3758 960 3813 Deum
985 3754 1232 3823 colendo,
1252 3754 1407 3809 idolis
1427 3762 1482 3808 et
1501 3751 1780 3807 daemoniis
1812 3765 1918 3805 non
1944 3765 2059 3806 ser-

477 3849 675 3907 viendo
707 3867 721 3906 :
748 3848 815 3905 de
837 3849 935 3903 hac
953 3848 1038 3903 via
1065 3845 1283 3918 peribis,
1305 3844 1351 3900 si
1373 3842 1465 3900 tibi
1494 3844 1594 3898 ista
1625 3841 2049 3911 praesumpseris,

477 3941 527 3997 si
549 3941 645 3996 tibi
676 3940 774 3995 ista
796 3947 900 3995 ate
925 3939 1040 4010 ipso
1062 3952 1183 3994 esse
1212 3935 1497 4006 putaveris.
1516 3932 1760 3991 lnlidelcs
1785 3933 1926 3989 enim
1954 3947 2062 3987 non

476 4030 675 4085 intrant
703 4030 757 4083 in
787 4029 926 4083 viam
948 4029 1167 4097 justam,
1195 4024 1410 4097 superbi
1438 4032 1666 4096 pereunt
1699 4021 1767 4078 de
1787 4024 1867 4077 via
1887 4022 2054 4093 justa.

475 4120 612 4189 Quid
649 4119 791 4177 enim
812 4118 923 4174 ait?
950 4116 1258 4183 Erudimini,
1292 4131 1462 4170 omnes
1490 4113 1826 4184 quijudicatis
1856 4120 2058 4165 terram.

476 4214 547 4270 Et
570 4228 639 4269 ne
661 4211 801 4267 forte
827 4211 969 4266 vires
998 4216 1049 4265 et
1078 4208 1391 4279 potentiam,
1424 4222 1526 4277 qua
1565 4205 1814 4276 judicatis
1840 4216 2058 4273 terram,

476 4303 633 4361 vobis
674 4300 943 4367 tribuatis,
971 4309 1069 4356 eta
1094 4298 1247 4354 vobis
1271 4296 1399 4369 ipsis
1421 4312 1537 4352 eam
1567 4296 1715 4352 vobis
1743 4310 1860 4352 esse
1880 4294 2064 4352 creda-

478 4395 588 4461 tis;
620 4392 784 4450 nolite
825 4392 903 4448 sic
935 4408 948 4444 :
982 4389 1176 4446 Servite
1224 4388 1446 4443 Domino
1462 4388 1515 4442 in
1544 4388 1752 4453 timore;
1790 4386 2058 4456 exsultate,

473 4502 584 4543 non
599 4484 751 4541 vobis
768 4484 819 4541 in
842 4481 1273 4553 praesumptione,
1298 4480 1390 4537 sed
1411 4482 1457 4535 ei
1478 4481 1530 4535 in
1548 4490 1778 4535 tremore.
1800 4479 1882 4534 Ne
1900 4497 2063 4551 quan-

475 4577 543 4633 do
561 4577 807 4631 irascatur
826 4573 1092 4639 Dominus,
1117 4584 1163 4628 et
1185 4574 1397 4645 pereatis
1416 4573 1478 4626 de
1499 4573 1577 4625 via
1588 4572 1752 4641 justo.
1778 4588 1892 4625 cum
1912 4588 2061 4625 exara-

474 4669 595 4725 serit
617 4668 715 4722 cito
737 4667 815 4720 ira
841 4666 969 4737 ejus.
996 4664 1132 4732 Quid
1160 4679 1287 4734 ergo
1322 4661 1632 4720 faciendum
1666 4670 1767 4727 est,
1786 4662 1856 4715 ne
1875 4676 2060 4731 perea-

472 4774 595 4815 mus
620 4756 688 4815 de
714 4756 796 4812 via
823 4755 962 4824 justa
984 4756 1008 4809 ?
1032 4753 1173 4809 Beati
1221 4771 1389 4808 omnes
1435 4753 1523 4823 qui
1567 4752 1827 4822 conﬁdunt
1851 4753 1902 4806 in
1946 4769 2060 4815 cum

478 4847 660 4921 (Psal.
695 4863 781 4915 ιι,
820 4845 1039 4916 10-15).
1067 4845 1120 4901 Si
1167 4844 1305 4901 beati
1358 4844 1446 4914 qui
1498 4842 1772 4899 conﬁdunt
1802 4844 1855 4900 in
1898 4860 2055 4911 eum;

473 4938 657 4999 miseri
682 4937 770 5009 qui
818 4934 1093 4993 conﬁdunt
1138 4934 1189 4988 in
1235 4949 1313 4989 se.
1346 4931 1650 4989 Maledicta:
1691 4934 1835 4989 enim
1890 4935 2055 4989 omnis

480 5029 629 5087 homo
655 5029 738 5099 qui
769 5045 911 5100 spem
934 5043 1078 5083 suam
1101 5020 1242 5097 ponit
1265 5026 1317 5079 in
1340 5024 1539 5079 homine
1565 5024 1792 5099 (Jerem.
1817 5043 1948 5094 χιιι,
1971 5028 2054 5099 5).

475 5119 618 5191 Ergo
643 5135 742 5175 nec
768 5121 823 5174 in
849 5128 921 5187 te,
943 5120 1064 5190 quia
1081 5126 1135 5174 et
1152 5127 1205 5172 tu
1227 5117 1385 5172 homo
1401 5131 1480 5172 es.
1504 5115 1713 5174 Sicnim
1736 5132 1885 5188 spem
1913 5127 2054 5174 tuam

473 5213 716 5283 posueris
737 5211 791 5266 in
815 5212 919 5266 alio
941 5210 1175 5277 homine,
1194 5209 1490 5263 inordinate
1512 5208 1725 5265 humilis
1745 5209 1852 5265 eris
1871 5228 1882 5264 :
1898 5212 1942 5264 si
1963 5226 2060 5265 all-

477 5312 587 5357 tem
612 5317 761 5372 spem
786 5311 925 5358 tuam
951 5302 1191 5373 pesueris
1206 5301 1259 5355 in
1286 5310 1356 5365 te,
1375 5300 1671 5370 periculose
1690 5302 1932 5370 superbis
1955 5300 2055 5375 (ὁ).

480 5391 619 5461 Quid
639 5400 819 5449 autem
859 5391 1122 5450 interest?
1160 5390 1452 5473 Utrumque
1486 5392 1843 5461 perniciosum
1872 5411 1885 5447 :
1918 5393 2051 5450 nihil

538 5506 556 5537 ί
581 5503 729 5578 nunc,
758 5497 821 5555 Vt
840 5502 935 5567 cal.
1096 5502 1357 5568 adiecimus
1387 5514 1453 5553 ex
1489 5498 1667 5574 vetere
1710 5501 1832 5555 libro
1864 5510 2056 5555 Germa-

819 5625 878 5697 ad
894 5626 972 5697 es.
1003 5625 1065 5677 cl.
1098 5639 1174 5697 gr_.
1191 5631 1285 5697 _F.r.
1308 5629 1445 5678 Utim.
1465 5632 1566 5697 Par.
1591 5631 1697 5677 ιον.

536 5687 617 5809 (ag
639 5685 782 5747 Alias,
804 5688 869 5738 de
889 5685 1127 5749 Tempore
1145 5688 1224 5737 9t.

540 5746 593 5809 (ὑ
635 5754 793 5809 Forte,
835 5748 1081 5805 superbus.

540 5746 617 5810 (ὁ)
635 5754 793 5809 Forte,
835 5746 1081 5805 superbus.

1719 313 1777 368 S.
1819 304 2183 369 AUGUSTINI
2224 308 2525 367 EPiSCOP.

3676 315 3783 375 ἰῶ

2197 423 2384 479 horum
2413 424 2734 496 eligendum.
2784 426 3083 485 lnordinate
3119 425 3337 483 humilis
3360 440 3468 483 non
3519 426 3725 489 levatur
3748 450 3781 484 ε-

2190 516 2485 586 periculose
2509 519 2770 587 superbus
2795 519 3175 590 praecipitatur.
3778 538 3782 543 ‘

2258 605 2483 663 CAPUT
2521 607 2608 662 lll.
2635 610 2774 664 -—5.
2801 609 3046 665 Voluntas
3073 612 3202 666 bona
3222 627 3256 667 α
3282 610 3392 667 Deo
3421 612 3564 679 data,
3585 629 3619 668 ο
3648 611 3760 669 Deo

2189 699 2421 753 excitata.
2475 698 2711 771 Denique
2748 709 2805 756 ut
2855 702 3062 758 noverit
3110 701 3381 759 Sanctitas
3403 714 3604 771 vestra,
3630 720 3765 775 pro-

2188 798 2307 861 pter
2332 790 2491 847 istum
2513 808 2729 848 sensum
2751 793 3176 864 redarguendum
3219 804 3275 850 et
3306 797 3764 865 consumendum,

2187 881 2328 951 quod
2370 882 2423 936 in
2454 896 2514 939 se
2551 887 2774 954 quisque
2823 885 3061 952 conlidit,
3092 886 3237 956 dicta
3259 898 3382 943 esse
3426 889 3529 943 ista
3579 890 3766 957 verba,

2188 972 2385 1027 Seroite
2413 973 2629 1029 Domino
2655 976 2707 1029 in
2724 976 2920 1039 timore,
2943 984 2989 1030 et
3007 977 3261 1032 exsultat:
3296 978 3341 1033 ei
3372 972 3489 1033 cum
3513 988 3770 1046 trentore;

2186 1063 2500 1133 Apostolum
2525 1065 2703 1121 audite
2726 1066 2838 1120 haec
2881 1067 2994 1136 ipsa
3027 1067 3188 1121 verba
3219 1067 3508 1129 dicentem.
3539 1077 3596 1125 et
3639 1086 3771 1126 sen-

2187 1156 2407 1209 tentiam
2455 1171 2552 1210 cur
2580 1155 2720 1211 dicta
2768 1157 2895 1225 sint,
2931 1157 3325 1227 explanantem.
3354 1157 3497 1216 Ecce
3523 1158 3772 1231 Apostoli

2186 1245 2350 1300 verba
2373 1253 2497 1301 sunt
2525 1263 2538 1300 :
2576 1246 2702 1302 Cum
2722 1248 2899 1302 timore
2916 1257 2964 1304 et
2978 1251 3190 1303 tremore
3212 1254 3426 1304 uestram
3440 1252 3668 1322 ipsorum
3684 1269 3775 1308 sa-

2186 1334 2341 1389 lutem
2365 1337 2664 1406 operamini.
2684 1337 2859 1406 Quare
2900 1353 3028 1409 ergo
3069 1354 3190 1393 cum
3219 1340 3410 1396 timore
3444 1349 3500 1397 et
3532 1347 3775 1399 tremore

2184 1438 2357 1481 meam
2374 1427 2600 1483 salutem
2629 1443 2840 1499 operor,
2864 1442 2987 1483 cum
3012 1430 3081 1484 sit
3105 1430 3157 1483 in
3183 1438 3444 1500 potestate
3482 1447 3599 1487 mea
3626 1447 3761 1503 ope-

2183 1517 2291 1571 rari
2332 1517 2557 1574 salutem
2584 1519 2798 1574 meam?
2826 1518 2917 1573 Vis
2942 1518 3127 1575 audire
3157 1525 3322 1591 quare
3341 1535 3469 1576 cum
3494 1522 3685 1579 timore
3708 1533 3768 1580 et

2185 1609 2461 1665 tremore?
2497 1606 2639 1666 Deus
2672 1619 2749 1665 est
2793 1612 2925 1665 enim
2971 1611 3061 1683 qui
3106 1623 3344 1683 operatur
3365 1615 3421 1668 in
3458 1614 3615 1670 vobis.
3637 1616 3775 1673 ideo

2182 1712 2303 1758 eum
2331 1704 2522 1758 timore
2546 1714 2599 1760 et
2628 1712 2886 1760 tremore:
2910 1706 3033 1776 quia
3075 1706 3214 1777 quod
3242 1707 3491 1777 impetrat
3516 1708 3762 1779 humilis,

2181 1794 2372 1847 amittit
2399 1795 2675 1866 superbus.
2705 1794 2758 1851 Si
2788 1808 2916 1865 ergo
2942 1795 3083 1851 Deus
3100 1806 3183 1851 est
3206 1797 3297 1867 qui
3316 1809 3572 1868 operatur
3592 1800 3771 1855 inno‘

2179 1883 2282 1948 bis,
2306 1899 2469 1955 quare
2496 1886 2694 1941 dictum
2722 1894 2824 1952 est,
2877 1885 3112 1942 Vestram
3134 1888 3366 1958 ipsorum
3393 1890 3604 1944 salutem
3635 1892 3767 1960 ope.

2178 1975 2363 2028 ramim'
2383 1975 2409 2029 ?
2427 1974 2557 2042 Quia
2582 1977 2657 2031 sic
2683 1978 2735 2030 in
2768 1976 2920 2031 nobis
2941 1986 3208 2046 operatur,
3239 1985 3296 2036 ut
3335 1985 3393 2032 et
3439 1993 3538 2033 nos
3566 1993 3764 2049 opere;-

2178 2081 2300 2121 mur
2322 2066 2345 2119 τ’
2368 2068 2585 2138 Adjutor
2610 2083 2749 2121 meus
2779 2067 2923 2137 ατο(
2954 2063 3099 2121 Psal.
3126 2083 3275 2132 sxw,
3299 2068 3332 2126 9
3355 2070 3396 2140 ).
3428 2069 3679 2140 Designat
3704 2078 3766 2126 et

2150 2166 2151 2169 ‘
2178 2170 2237 2212 se
2264 2169 2603 2228 operatorem
2626 2159 2667 2225 ¹,
2690 2158 2781 2229 qui
2802 2157 3014 2213 invocat
3034 2158 3353 2228 adjutorem.
3368 2158 3475 2216 Sed
3492 2159 3763 2227 voluntas;

2177 2249 2366 2319 inquit,
2386 2249 2545 2316 bona,
2578 2264 2694 2305 mea
2713 2258 2813 2304 est.
2829 2248 3040 2313 Fateor,
3067 2250 3286 2306 tua.Sed
3305 2261 3359 2308 et
3374 2252 3527 2323 ipsae
3546 2267 3652 2322 quo
3665 2253 3771 2308 da-

2178 2347 2296 2405 ta,e
2322 2355 2429 2410 quo
2453 2339 2852 2396 excitataiNoli
2882 2355 2969 2396 me
2997 2341 3168 2411 ipsum
3195 2342 3381 2398 audire
3407 2359 3421 2397 :
3446 2345 3763 2414 Apostolum

2178 2427 2470 2499 interroga.
2494 2427 2634 2483 Deus
2656 2440 2727 2483 est
2748 2429 2901 2497 enim,
2924 2430 3112 2501 inquit,
3138 2431 3226 2501 qui
3239 2442 3476 2502 operatur
3493 2434 3548 2486 in
3564 2433 3769 2489 nobis“

2174 2520 2301 2574 velle
2342 2529 2390 2576 et
2436 2506 2764 2592 operari‘pro
2814 2523 2943 2576 bona
2968 2523 3228 2578 voluntate
3251 2522 3524 2598 (Philipp.
3567 2543 3625 2593 ιι,
3656 2529 3752 2597 12,

2177 2612 2248 2667 15
2268 2611 2313 2685 ).
2355 2613 2491 2680 Quid
2518 2622 2602 2684 est
2638 2629 2764 2685 ergo
2791 2614 2931 2685 quod
2980 2615 3073 2670 tibi
3100 2617 3434 2686 tit-rogabas?
3489 2618 3624 2687 Quid
3672 2627 3769 2677 est

2173 2704 2315 2774 quod
2340 2706 2601 2776 superbus
2621 2706 2758 2773 ibas,
2788 2716 2845 2761 et
2890 2706 3143 2778 peribas?
3179 2706 3317 2764 Redi
3355 2710 3424 2769 ad
3461 2725 3556 2767 cor
3579 2720 3755 2782 mum,

2172 2798 2351 2855 inveni
2373 2809 2427 2855 te
2442 2801 2674 2867 malum;
2699 2809 2753 2855 et
2770 2810 2827 2855 ut
2846 2799 2922 2855 sis
2948 2800 3137 2868 bonus,
3154 2800 3339 2857 invoca
3388 2804 3606 2860 bonum.
3634 2806 3763 2863 Non

2173 2890 2315 2945 enim
2340 2891 2393 2945 in
2423 2899 2475 2946 te
2503 2892 2676 2961 placet
2695 2891 2825 2957 Deo,
2874 2891 2974 2945 nisi
2999 2890 3141 2961 quod
3162 2891 3327 2949 habes
3349 2908 3414 2949 ex
3437 2895 3548 2952 Deo
3570 2913 3584 2949 :
3607 2896 3758 2967 quod

2134 3006 2138 3009 Α
2171 2988 2347 3035 autem
2388 2980 2553 3039 habes
2571 2995 2637 3035 ex
2666 2989 2740 3048 te,
2761 2980 3005 3050 displicet
3026 2982 3154 3037 Deo.
3176 2981 3233 3039 Si
3256 2982 3394 3041 bona
3414 2995 3499 3041 tua
3527 2988 3757 3058 cogitas,

2171 3071 2295 3142 quid
2321 3071 2488 3127 babes
2522 3071 2665 3142 quod
2695 3087 2800 3127 non
2841 3073 3132 3143 accepisti?
3159 3074 3215 3129 Si
3232 3084 3411 3131 autem
3462 3079 3748 3147 accepisti,

2170 3165 2296 3235 quid
2320 3164 2584 3234 gloriaris,
2603 3164 2752 3233 quasi
2769 3180 2873 3219 non
2900 3166 3168 3235 acceperis
3188 3165 3207 3238 (
3226 3165 3242 3219 l
3260 3164 3377 3224 Cor.
3396 3182 3468 3233 IV,
3490 3167 3762 3239 7)?Solus

2170 3264 2254 3310 est
2274 3255 2366 3310 ille
2391 3255 2479 3327 qui
2512 3270 2616 3310 non
2642 3258 2789 3311 novit
2826 3256 2926 3310 nisi
2948 3256 3097 3311 dare.
3134 3256 3249 3312 Non
3294 3257 3454 3314 habet
3479 3259 3759 3330 datorem,

2170 3349 2263 3418 qui
2288 3362 2395 3402 non
2419 3346 2583 3402 habet
2604 3347 2898 3402 meliorem.
2933 3347 3053 3416 Quo
3089 3357 3143 3403 tu
3192 3348 3238 3404 si
3286 3348 3505 3405 interior
3526 3366 3609 3420 es,
3642 3352 3761 3410 imo

2169 3436 2293 3506 quia
2337 3436 2556 3492 inferior
2583 3451 2664 3503 es,
2709 3437 2975 3507 gratulare
3024 3422 3167 3508 quod
3193 3438 3259 3493 ad
3311 3440 3429 3510 ejus
3463 3441 3757 3512 imaginem

2167 3526 2341 3583 factus
2361 3543 2455 3594 es;
2489 3536 2547 3582 ut
2574 3529 2629 3581 in
2670 3520 2762 3582 illo
2788 3529 3089 3593 inveniaris,
3122 3530 3281 3600 quiin
3311 3539 3363 3586 te
3404 3533 3602 3602 peristi.
3631 3533 3759 3592 Non

2169 3618 2311 3673 enim
2328 3617 2540 3687 potuisti
2564 3618 2615 3671 in
2638 3627 2712 3683 te,
2735 3619 2836 3672 nisi
2864 3619 3086 3689 perdere
3117 3628 3200 3687 te;
3233 3636 3333 3677 nec
3352 3622 3460 3678 scis
3488 3623 3740 3682 invenire

2170 3720 2241 3777 te,
2265 3710 2366 3764 nisi
2384 3710 2472 3765 ille
2491 3711 2579 3779 qui
2599 3710 2723 3765 fecit
2746 3719 2816 3777 te,
2837 3720 3043 3780 qum-rat
3066 3720 3136 3767 te.

2236 3799 2462 3856 CAPUT
2500 3800 2590 3855 ιγ.
2622 3829 2695 3842 —
2712 3801 2766 3855 4.
2810 3801 2891 3855 Ad
2911 3802 3128 3872 iudices.
3151 3801 3233 3857 De
3255 3804 3465 3859 muliere
3490 3806 3753 3863 adultera.

2166 3892 2511 3963 Alloquamur
2536 3902 2710 3947 tamen
2741 3901 2794 3947 et
2818 3907 2912 3947 eos
2937 3893 3027 3963 qui
3057 3893 3346 3949 secundum
3374 3895 3531 3950 istam
3556 3896 3747 3953 visibi~

2168 3983 2271 4039 lem
2297 3994 2352 4039 et
2379 3983 2685 4053 popularem
2719 3984 3123 4055 intelligentiam
3143 3984 3381 4055 judicent
3408 3995 3623 4043 terram.
3650 3989 3758 4045 Ju-

2167 4072 2346 4131 dicant
2365 4075 2506 4129 enim
2529 4083 2722 4129 terram
2745 4090 2917 4146 reges,
2935 4076 3121 4144 duces,
3147 4076 3432 4148 principes,
3449 4079 3657 4149 judices
3682 4082 3707 4113 '
3734 4100 3754 4140 :

2170 4165 2526 4235 unusquisque
2553 4181 2647 4235 pro
2678 4181 2897 4223 moriere
2921 4167 3061 4237 quod
3100 4171 3304 4239 accepit
3329 4170 3382 4224 in
3412 4178 3572 4240 terra,
3598 4172 3757 4243 judi-

2167 4267 2251 4312 cat
2272 4263 2489 4313 terram.
2508 4255 2641 4324 Quid
2664 4265 2747 4311 est
2771 4265 2950 4313 autem
2981 4259 3122 4329 quod
3147 4259 3358 4327 dicitur,
3388 4260 3597 4317 Iudicat
3624 4273 3747 4319 ter-

2166 4364 2301 4415 ram,
2326 4348 2449 4415 nisi,
2474 4347 2682 4404 iudicat
2719 4349 2961 4404 homines
2984 4350 3075 4421 qui
3099 4359 3224 4405 sunt
3252 4351 3306 4406 in
3349 4354 3526 4407 terra?
3548 4353 3681 4409 Nam
3701 4358 3756 4414 si

2166 4447 2360 4494 terram
2392 4440 2601 4510 proprie
2618 4454 2722 4493 non
2753 4440 3002 4510 accipias,
3028 4441 3127 4496 nisi
3154 4456 3312 4512 quam
3339 4444 3514 4499 calcas
3542 4461 3557 4510 ;
3590 4448 3753 4517 agri-

2164 4532 2294 4585 colis
2321 4545 2449 4600 ergo
2473 4528 2672 4584 dictum
2710 4537 2813 4597 est,
2848 4528 2947 4596 Qui
2961 4530 3209 4602 judicatis
3229 4542 3434 4588 terram.
3464 4535 3630 4591 Porro
3647 4552 3756 4594 au-

2166 4628 2269 4675 tem
2306 4624 2349 4675 si
2382 4620 2780 4691 regesjudicant
2808 4629 3025 4688 terram,
3048 4631 3103 4678 et
3141 4626 3381 4696 quisquis
3406 4627 3504 4683 sub
3528 4628 3753 4700 regibus

2162 4718 2478 4780 potestatem
2502 4711 2705 4779 accepit
2725 4711 3012 4781 aregibus;
3041 4715 3351 4771 erudiuntur
3365 4726 3419 4772 et
3440 4718 3537 4788 ipsi
3567 4737 3581 4774 :
3611 4721 3749 4790 quia

2162 4810 2304 4857 terra
2324 4802 2525 4872 judicat
2555 4811 2746 4857 terram
2775 4818 2794 4866 ;.
2823 4812 2877 4858 et
2906 4804 3095 4861 timere
3122 4806 3281 4862 debet
3295 4823 3416 4863 eum
3445 4809 3533 4880 qui
3559 4819 3644 4866 est
3681 4812 3741 4870 in

2161 4897 2299 4952 ctelo
2326 4903 2463 4951 terra
2486 4895 2731 4965 judicans
2757 4904 2971 4951 terram.
3005 4897 3192 4953 Parem
3239 4898 3435 4970 quippe
3463 4916 3614 4957 suum
3636 4903 3738 4973 ju-

2161 4985 2321 5054 dieat,
2354 4987 2515 5042 homo
2542 4986 2831 5053 hominem,
2868 4989 3109 5043 mortalis
3163 4991 3460 5057 mortalem,
3493 5001 3744 5061 peccator

2163 5087 2516 5150 peceatorem.
2531 5077 2585 5134 Si
2604 5078 2748 5133 enim
2769 5080 3020 5148 procedat
3037 5082 3088 5136 in
3111 5082 3342 5137 medium
3365 5082 3627 5139 dominica
3645 5085 3744 5142 illa

2161 5170 2444 5233 sententia,
2477 5167 2575 5235 Qui
2602 5169 2709 5222 sine
2736 5179 2941 5238 peccato
2962 5180 3057 5238 est,
3081 5173 3221 5242 prior
3246 5173 3298 5226 in
3337 5173 3485 5227 illam
3512 5174 3745 5244 lapidem

2161 5263 2361 5329 mittat;
2391 5276 2568 5339 nonne
2605 5262 2779 5316 omnis
2825 5261 3068 5332 judicans
3111 5272 3306 5319 terram
3341 5275 3500 5322 terra:
3529 5276 3740 5326 motum

2160 5352 2391 5425 patitur?
2420 5349 2791 5424 Evangelicum
2823 5355 3110 5425 capitulum
3136 5356 3451 5412 recolamus.
3482 5358 3745 5418 Pharisaei

2160 5446 2425 5500 tentantes
2454 5445 2756 5513 Dominum,
2788 5446 3119 5503 adduxerunt
3141 5456 3265 5505 ante
3297 5464 3419 5504 eum
3450 5452 3740 5511 mulierem

2176 5539 2337 5643 :hsjc
2367 5567 2450 5612 Ms.
2474 5562 2812 5613 Gemnensis
2847 5561 2964 5613 Editi
3002 5576 3147 5625 vero,
3174 5564 3406 5643 pesignat
3434 5578 3536 5617 esse
3570 5568 3750 5629 opera-

2050 5668 2059 5677 ,
2156 5630 2325 5674 torem.

2158 5687 2383 5812 qu;
2404 5696 2473 5734 es.
2506 5682 2569 5736 cl.
2583 5719 2598 5747 ,
2631 5680 2874 5753 principes
2887 5720 2904 5749 ,
2932 5684 3146 5751 iudices,
3189 5696 3448 5755 senatores,
3492 5692 3750 5757 unusquis-
