  <div class='ocr_page' id='page_1' title='image "/cluster/home/n/w/nwhite01/storage/ocr_20150623/38/hvd.32044015706294/060.png"; bbox 0 0 4014 6310; ppageno 0'>
   <div class='ocr_carea' id='block_1_1' title="bbox 238 303 340 360">
    <p class='ocr_par' dir='ltr' id='par_1_1' title="bbox 238 303 340 360">
     <span class='ocr_line' id='line_1_1' title="bbox 238 303 340 360; baseline -0.02 0"><span class='ocrx_word' id='word_1_1' title='bbox 238 303 340 360; x_wconf 81' lang='grc'><strong>109</strong></span> 
     </span>
    </p>
   </div>
   <div class='ocr_carea' id='block_1_2' title="bbox 234 403 1826 482">
    <p class='ocr_par' dir='ltr' id='par_1_2' title="bbox 234 403 1826 482">
     <span class='ocr_line' id='line_1_2' title="bbox 234 403 1826 482; baseline -0.008 -12"><span class='ocrx_word' id='word_1_2' title='bbox 234 417 286 470; x_wconf 90' lang='lat' dir='ltr'><strong>in</strong></span> <span class='ocrx_word' id='word_1_3' title='bbox 315 412 584 468; x_wconf 85' lang='lat' dir='ltr'><strong>adulterio</strong></span> <span class='ocrx_word' id='word_1_4' title='bbox 607 410 993 482; x_wconf 83' lang='lat' dir='ltr'><strong>deprehensam</strong></span> <span class='ocrx_word' id='word_1_5' title='bbox 1018 425 1034 473; x_wconf 87' lang='lat'><strong>;</strong></span> <span class='ocrx_word' id='word_1_6' title='bbox 1064 408 1130 463; x_wconf 88' lang='lat' dir='ltr'><strong>de</strong></span> <span class='ocrx_word' id='word_1_7' title='bbox 1153 421 1260 478; x_wconf 90' lang='lat' dir='ltr'><strong>quo</strong></span> <span class='ocrx_word' id='word_1_8' title='bbox 1282 413 1497 477; x_wconf 74' lang='lat' dir='ltr'><strong>peccato</strong></span> <span class='ocrx_word' id='word_1_9' title='bbox 1523 418 1682 475; x_wconf 81' lang='lat' dir='ltr'><strong>poena</strong></span> <span class='ocrx_word' id='word_1_10' title='bbox 1713 403 1826 458; x_wconf 80' lang='lat' dir='ltr'><strong>fue-</strong></span> 
     </span>
    </p>
   </div>
   <div class='ocr_carea' id='block_1_3' title="bbox 233 495 1826 574">
    <p class='ocr_par' dir='ltr' id='par_1_3' title="bbox 233 495 1826 574">
     <span class='ocr_line' id='line_1_3' title="bbox 233 495 1826 574; baseline -0.008 -15"><span class='ocrx_word' id='word_1_11' title='bbox 233 515 315 560; x_wconf 82' lang='lat' dir='ltr'><strong>rat</strong></span> <span class='ocrx_word' id='word_1_12' title='bbox 329 506 473 574; x_wconf 82' lang='lat' dir='ltr'><strong>Lege</strong></span> <span class='ocrx_word' id='word_1_13' title='bbox 487 504 725 568; x_wconf 87' lang='lat' dir='ltr'><strong>delinita,</strong></span> <span class='ocrx_word' id='word_1_14' title='bbox 746 503 884 572; x_wconf 83' lang='lat' dir='ltr'><strong>Lege</strong></span> <span class='ocrx_word' id='word_1_15' title='bbox 910 501 1114 555; x_wconf 90' lang='lat' dir='ltr'><strong>scilicet</strong></span> <span class='ocrx_word' id='word_1_16' title='bbox 1141 499 1263 553; x_wconf 88' lang='lat' dir='ltr'><strong>data</strong></span> <span class='ocrx_word' id='word_1_17' title='bbox 1290 513 1383 567; x_wconf 88' lang='lat' dir='ltr'><strong>per</strong></span> <span class='ocrx_word' id='word_1_18' title='bbox 1411 497 1628 567; x_wconf 79' lang='lat' dir='ltr'><strong>Moysen</strong></span> <span class='ocrx_word' id='word_1_19' title='bbox 1653 495 1826 549; x_wconf 79' lang='lat' dir='ltr'><strong>lamu-</strong></span> 
     </span>
    </p>
   </div>
   <div class='ocr_carea' id='block_1_4' title="bbox 232 586 1823 669">
    <p class='ocr_par' dir='ltr' id='par_1_4' title="bbox 232 586 1823 669">
     <span class='ocr_line' id='line_1_4' title="bbox 232 586 1823 669; baseline -0.008 -17"><span class='ocrx_word' id='word_1_20' title='bbox 232 604 340 652; x_wconf 78' lang='lat' dir='ltr'><strong>lum</strong></span> <span class='ocrx_word' id='word_1_21' title='bbox 374 597 468 652; x_wconf 89' lang='lat' dir='ltr'><strong>Dei</strong></span> <span class='ocrx_word' id='word_1_22' title='bbox 494 597 513 669; x_wconf 89' lang='lat'><strong>(</strong></span> <span class='ocrx_word' id='word_1_23' title='bbox 540 596 702 650; x_wconf 77' lang='lat' dir='ltr'><strong>Leuit.</strong></span> <span class='ocrx_word' id='word_1_24' title='bbox 734 611 826 661; x_wconf 80' lang='lat' dir='ltr'><strong>xx,</strong></span> <span class='ocrx_word' id='word_1_25' title='bbox 850 593 917 648; x_wconf 84' lang='grc'><strong>10</strong></span> <span class='ocrx_word' id='word_1_26' title='bbox 942 593 986 665; x_wconf 93' lang='grc'><strong>).</strong></span> <span class='ocrx_word' id='word_1_27' title='bbox 1017 592 1124 648; x_wconf 87' lang='lat' dir='ltr'><strong>Hac</strong></span> <span class='ocrx_word' id='word_1_28' title='bbox 1141 606 1268 660; x_wconf 86' lang='lat' dir='ltr'><strong>ergo</strong></span> <span class='ocrx_word' id='word_1_29' title='bbox 1285 589 1651 658; x_wconf 81' lang='lat' dir='ltr'><strong>complexione</strong></span> <span class='ocrx_word' id='word_1_30' title='bbox 1670 586 1823 641; x_wconf 86' lang='lat' dir='ltr'><strong>dolo-</strong></span> 
     </span>
    </p>
   </div>
   <div class='ocr_carea' id='block_1_5' title="bbox 232 681 1817 746">
    <p class='ocr_par' dir='ltr' id='par_1_5' title="bbox 232 681 1817 746">
     <span class='ocr_line' id='line_1_5' title="bbox 232 681 1817 746; baseline -0.011 1"><span class='ocrx_word' id='word_1_31' title='bbox 232 707 290 746; x_wconf 84' lang='lat' dir='ltr'><strong>sa</strong></span> <span class='ocrx_word' id='word_1_32' title='bbox 313 701 365 746; x_wconf 89' lang='lat' dir='ltr'><strong>et</strong></span> <span class='ocrx_word' id='word_1_33' title='bbox 380 689 725 745; x_wconf 82' lang='lat' dir='ltr'><strong>fraudulenta</strong></span> <span class='ocrx_word' id='word_1_34' title='bbox 752 688 820 741; x_wconf 88' lang='lat' dir='ltr'><strong>ad</strong></span> <span class='ocrx_word' id='word_1_35' title='bbox 849 686 1129 741; x_wconf 91' lang='lat' dir='ltr'><strong>Dominum</strong></span> <span class='ocrx_word' id='word_1_36' title='bbox 1172 681 1424 737; x_wconf 71' lang='lat' dir='ltr'><strong>Pharismi</strong></span> <span class='ocrx_word' id='word_1_37' title='bbox 1456 686 1817 742; x_wconf 87' lang='lat' dir='ltr'><strong>accesserunt,</strong></span> 
     </span>
    </p>
   </div>
   <div class='ocr_carea' id='block_1_6' title="bbox 233 770 1822 852">
    <p class='ocr_par' dir='ltr' id='par_1_6' title="bbox 233 770 1822 852">
     <span class='ocr_line' id='line_1_6' title="bbox 233 770 1822 852; baseline -0.009 -14"><span class='ocrx_word' id='word_1_38' title='bbox 233 795 286 838; x_wconf 84' lang='lat' dir='ltr'><strong>ut</strong></span> <span class='ocrx_word' id='word_1_39' title='bbox 312 783 356 836; x_wconf 90' lang='lat' dir='ltr'><strong>si</strong></span> <span class='ocrx_word' id='word_1_40' title='bbox 384 782 606 852; x_wconf 83' lang='lat' dir='ltr'><strong>juberet</strong></span> <span class='ocrx_word' id='word_1_41' title='bbox 631 779 850 851; x_wconf 88' lang='lat' dir='ltr'><strong>Iapidari</strong></span> <span class='ocrx_word' id='word_1_42' title='bbox 883 778 1157 832; x_wconf 83' lang='lat' dir='ltr'><strong>mulierem</strong></span> <span class='ocrx_word' id='word_1_43' title='bbox 1183 774 1529 839; x_wconf 86' lang='lat' dir='ltr'><strong>dili&#39;amatam,</strong></span> <span class='ocrx_word' id='word_1_44' title='bbox 1562 788 1627 842; x_wconf 90' lang='lat' dir='ltr'><strong>pe</strong></span> <span class='ocrx_word' id='word_1_45' title='bbox 1640 770 1822 825; x_wconf 70' lang='lat' dir='ltr'><strong>rdér‘dt</strong></span> 
     </span>
    </p>
   </div>
   <div class='ocr_carea' id='block_1_7' title="bbox 233 861 1824 937">
    <p class='ocr_par' dir='ltr' id='par_1_7' title="bbox 233 861 1824 937">
     <span class='ocr_line' id='line_1_7' title="bbox 233 861 1824 937; baseline -0.01 -8"><span class='ocrx_word' id='word_1_46' title='bbox 233 873 736 937; x_wconf 73' lang='lat' dir='ltr'><strong>mansuetudinem;</strong></span> <span class='ocrx_word' id='word_1_47' title='bbox 770 871 814 925; x_wconf 90' lang='lat' dir='ltr'><strong>si</strong></span> <span class='ocrx_word' id='word_1_48' title='bbox 859 878 1033 923; x_wconf 88' lang='lat' dir='ltr'><strong>autem</strong></span> <span class='ocrx_word' id='word_1_49' title='bbox 1065 866 1205 936; x_wconf 88' lang='lat' dir='ltr'><strong>quod</strong></span> <span class='ocrx_word' id='word_1_50' title='bbox 1231 865 1340 919; x_wconf 90' lang='lat' dir='ltr'><strong>Lex</strong></span> <span class='ocrx_word' id='word_1_51' title='bbox 1373 863 1607 934; x_wconf 89' lang='lat' dir='ltr'><strong>jusserat</strong></span> <span class='ocrx_word' id='word_1_52' title='bbox 1642 861 1824 931; x_wconf 89' lang='lat' dir='ltr'><strong>prohi-</strong></span> 
     </span>
    </p>
   </div>
   <div class='ocr_carea' id='block_1_8' title="bbox 233 951 1826 1034">
    <p class='ocr_par' dir='ltr' id='par_1_8' title="bbox 233 951 1826 1034">
     <span class='ocr_line' id='line_1_8' title="bbox 233 951 1826 1034; baseline -0.011 -14"><span class='ocrx_word' id='word_1_53' title='bbox 233 964 403 1030; x_wconf 82' lang='lat' dir='ltr'><strong>beret,</strong></span> <span class='ocrx_word' id='word_1_54' title='bbox 438 978 695 1034; x_wconf 84' lang='lat' dir='ltr'><strong>peccasse</strong></span> <span class='ocrx_word' id='word_1_55' title='bbox 723 968 994 1016; x_wconf 82' lang='lat' dir='ltr'><strong>teneretur</strong></span> <span class='ocrx_word' id='word_1_56' title='bbox 1018 959 1071 1012; x_wconf 91' lang='lat' dir='ltr'><strong>in</strong></span> <span class='ocrx_word' id='word_1_57' title='bbox 1101 957 1317 1027; x_wconf 78' lang='lat' dir='ltr'><strong>Legem.</strong></span> <span class='ocrx_word' id='word_1_58' title='bbox 1344 953 1495 1009; x_wconf 89' lang='lat' dir='ltr'><strong>Sicut</strong></span> <span class='ocrx_word' id='word_1_59' title='bbox 1529 961 1707 1006; x_wconf 89' lang='lat' dir='ltr'><strong>autem</strong></span> <span class='ocrx_word' id='word_1_60' title='bbox 1745 951 1826 1004; x_wconf 91' lang='lat' dir='ltr'><strong>in-</strong></span> 
     </span>
    </p>
   </div>
   <div class='ocr_carea' id='block_1_9' title="bbox 231 1049 1825 1128">
    <p class='ocr_par' dir='ltr' id='par_1_9' title="bbox 231 1049 1825 1128">
     <span class='ocr_line' id='line_1_9' title="bbox 231 1049 1825 1128; baseline -0.011 -15"><span class='ocrx_word' id='word_1_61' title='bbox 231 1069 570 1128; x_wconf 84' lang='lat' dir='ltr'><strong>terrogantes</strong></span> <span class='ocrx_word' id='word_1_62' title='bbox 593 1057 663 1112; x_wconf 90' lang='lat' dir='ltr'><strong>de</strong></span> <span class='ocrx_word' id='word_1_63' title='bbox 695 1056 896 1110; x_wconf 91' lang='lat' dir='ltr'><strong>tributo</strong></span> <span class='ocrx_word' id='word_1_64' title='bbox 916 1053 1111 1110; x_wconf 68' lang='lat' dir='ltr'><strong>Caesari</strong></span> <span class='ocrx_word' id='word_1_65' title='bbox 1141 1049 1436 1112; x_wconf 86' lang='lat' dir='ltr'><strong>reddendo,</strong></span> <span class='ocrx_word' id='word_1_66' title='bbox 1468 1062 1561 1103; x_wconf 91' lang='lat' dir='ltr'><strong>ore</strong></span> <span class='ocrx_word' id='word_1_67' title='bbox 1598 1060 1695 1100; x_wconf 92' lang='lat' dir='ltr'><strong>suo</strong></span> <span class='ocrx_word' id='word_1_68' title='bbox 1735 1057 1825 1097; x_wconf 87' lang='lat' dir='ltr'><strong>cc-</strong></span> 
     </span>
    </p>
   </div>
   <div class='ocr_carea' id='block_1_10' title="bbox 232 1142 1825 1220">
    <p class='ocr_par' dir='ltr' id='par_1_10' title="bbox 232 1142 1825 1220">
     <span class='ocr_line' id='line_1_10' title="bbox 232 1142 1825 1220; baseline -0.011 -15"><span class='ocrx_word' id='word_1_69' title='bbox 232 1151 322 1220; x_wconf 90' lang='lat' dir='ltr'><strong>pit,</strong></span> <span class='ocrx_word' id='word_1_70' title='bbox 357 1149 606 1204; x_wconf 74' lang='lat' dir='ltr'><strong>vicissim</strong></span> <span class='ocrx_word' id='word_1_71' title='bbox 658 1149 993 1217; x_wconf 70' lang='lat' dir='ltr'><strong>interrogans</strong></span> <span class='ocrx_word' id='word_1_72' title='bbox 1037 1144 1188 1213; x_wconf 81' lang='lat' dir='ltr'><strong>cujus</strong></span> <span class='ocrx_word' id='word_1_73' title='bbox 1223 1151 1364 1198; x_wconf 82' lang='lat' dir='ltr'><strong>esset</strong></span> <span class='ocrx_word' id='word_1_74' title='bbox 1390 1142 1624 1211; x_wconf 85' lang='lat' dir='ltr'><strong>prolatus</strong></span> <span class='ocrx_word' id='word_1_75' title='bbox 1671 1151 1825 1190; x_wconf 87' lang='lat' dir='ltr'><strong>mun-</strong></span> 
     </span>
    </p>
   </div>
   <div class='ocr_carea' id='block_1_11' title="bbox 232 1231 1821 1311">
    <p class='ocr_par' dir='ltr' id='par_1_11' title="bbox 232 1231 1821 1311">
     <span class='ocr_line' id='line_1_11' title="bbox 232 1231 1821 1311; baseline -0.01 -15"><span class='ocrx_word' id='word_1_76' title='bbox 232 1257 372 1306; x_wconf 87' lang='lat' dir='ltr'><strong>mus,</strong></span> <span class='ocrx_word' id='word_1_77' title='bbox 432 1241 594 1311; x_wconf 84' lang='lat' dir='ltr'><strong>cujus</strong></span> <span class='ocrx_word' id='word_1_78' title='bbox 631 1240 856 1294; x_wconf 76' lang='lat' dir='ltr'><strong>haberet</strong></span> <span class='ocrx_word' id='word_1_79' title='bbox 884 1238 1166 1308; x_wconf 81' lang='lat' dir='ltr'><strong>imaginem</strong></span> <span class='ocrx_word' id='word_1_80' title='bbox 1197 1244 1252 1291; x_wconf 91' lang='lat' dir='ltr'><strong>et</strong></span> <span class='ocrx_word' id='word_1_81' title='bbox 1301 1231 1821 1304; x_wconf 87' lang='lat' dir='ltr'><strong>supcrscriptionem.</strong></span> 
     </span>
    </p>
   </div>
   <div class='ocr_carea' id='block_1_12' title="bbox 233 1322 1823 1401">
    <p class='ocr_par' dir='ltr' id='par_1_12' title="bbox 233 1322 1823 1401">
     <span class='ocr_line' id='line_1_12' title="bbox 233 1322 1823 1401; baseline -0.01 -14"><span class='ocrx_word' id='word_1_82' title='bbox 233 1331 650 1401; x_wconf 78' lang='lat' dir='ltr'><strong>Respondentes</strong></span> <span class='ocrx_word' id='word_1_83' title='bbox 676 1331 816 1384; x_wconf 89' lang='lat' dir='ltr'><strong>enim</strong></span> <span class='ocrx_word' id='word_1_84' title='bbox 848 1329 946 1398; x_wconf 87' lang='lat' dir='ltr'><strong>ipsi</strong></span> <span class='ocrx_word' id='word_1_85' title='bbox 974 1328 1060 1398; x_wconf 87' lang='lat' dir='ltr'><strong>qui</strong></span> <span class='ocrx_word' id='word_1_86' title='bbox 1093 1327 1566 1395; x_wconf 79' lang='lat' dir='ltr'><strong>interrogaveram,</strong></span> <span class='ocrx_word' id='word_1_87' title='bbox 1587 1322 1640 1375; x_wconf 90' lang='lat' dir='ltr'><strong>in</strong></span> <span class='ocrx_word' id='word_1_88' title='bbox 1668 1335 1823 1374; x_wconf 87' lang='lat' dir='ltr'><strong>mun-</strong></span> 
     </span>
    </p>
   </div>
   <div class='ocr_carea' id='block_1_13' title="bbox 233 1408 1826 1490">
    <p class='ocr_par' dir='ltr' id='par_1_13' title="bbox 233 1408 1826 1490">
     <span class='ocr_line' id='line_1_13' title="bbox 233 1408 1826 1490; baseline -0.009 -14"><span class='ocrx_word' id='word_1_89' title='bbox 233 1437 319 1476; x_wconf 89' lang='lat' dir='ltr'><strong>mo</strong></span> <span class='ocrx_word' id='word_1_90' title='bbox 345 1437 472 1476; x_wconf 78' lang='lat' dir='ltr'><strong>esse</strong></span> <span class='ocrx_word' id='word_1_91' title='bbox 504 1421 793 1490; x_wconf 78' lang='lat' dir='ltr'><strong>imaginem</strong></span> <span class='ocrx_word' id='word_1_92' title='bbox 820 1419 1086 1483; x_wconf 63' lang='lat' dir='ltr'><strong>Carsaris;</strong></span> <span class='ocrx_word' id='word_1_93' title='bbox 1115 1414 1391 1486; x_wconf 88' lang='lat' dir='ltr'><strong>respondit</strong></span> <span class='ocrx_word' id='word_1_94' title='bbox 1419 1413 1496 1469; x_wconf 89' lang='lat' dir='ltr'><strong>eis</strong></span> <span class='ocrx_word' id='word_1_95' title='bbox 1532 1408 1826 1466; x_wconf 90' lang='lat' dir='ltr'><strong>secundum</strong></span> 
     </span>
    </p>
   </div>
   <div class='ocr_carea' id='block_1_14' title="bbox 233 1499 1826 1582">
    <p class='ocr_par' dir='ltr' id='par_1_14' title="bbox 233 1499 1826 1582">
     <span class='ocr_line' id='line_1_14' title="bbox 233 1499 1826 1582; baseline -0.01 -15"><span class='ocrx_word' id='word_1_96' title='bbox 233 1528 292 1567; x_wconf 87' lang='lat' dir='ltr'><strong>os</strong></span> <span class='ocrx_word' id='word_1_97' title='bbox 335 1513 604 1582; x_wconf 77' lang='lat' dir='ltr'><strong>ipsorum,</strong></span> <span class='ocrx_word' id='word_1_98' title='bbox 638 1509 853 1564; x_wconf 78' lang='lat' dir='ltr'><strong>Reddite</strong></span> <span class='ocrx_word' id='word_1_99' title='bbox 878 1509 1064 1564; x_wconf 77' lang='lat' dir='ltr'><strong>Cwsari</strong></span> <span class='ocrx_word' id='word_1_100' title='bbox 1094 1523 1206 1578; x_wconf 70' lang='lat' dir='ltr'><strong>quae</strong></span> <span class='ocrx_word' id='word_1_101' title='bbox 1235 1504 1450 1561; x_wconf 76' lang='lat' dir='ltr'><strong>Ctesaris</strong></span> <span class='ocrx_word' id='word_1_102' title='bbox 1477 1512 1612 1570; x_wconf 84' lang='lat' dir='ltr'><strong>sunt,</strong></span> <span class='ocrx_word' id='word_1_103' title='bbox 1643 1511 1689 1554; x_wconf 89' lang='lat' dir='ltr'><strong>et</strong></span> <span class='ocrx_word' id='word_1_104' title='bbox 1720 1499 1826 1552; x_wconf 85' lang='lat' dir='ltr'><strong>Deo</strong></span> 
     </span>
    </p>
   </div>
   <div class='ocr_carea' id='block_1_15' title="bbox 233 1593 1830 1674">
    <p class='ocr_par' dir='ltr' id='par_1_15' title="bbox 233 1593 1830 1674">
     <span class='ocr_line' id='line_1_15' title="bbox 233 1593 1830 1674; baseline -0.009 -15"><span class='ocrx_word' id='word_1_105' title='bbox 233 1621 342 1674; x_wconf 64' lang='lat' dir='ltr'><strong>que</strong></span> <span class='ocrx_word' id='word_1_106' title='bbox 362 1603 463 1658; x_wconf 81' lang='lat' dir='ltr'><strong>Dei</strong></span> <span class='ocrx_word' id='word_1_107' title='bbox 501 1614 621 1658; x_wconf 82' lang='lat' dir='ltr'><strong>sunt</strong></span> <span class='ocrx_word' id='word_1_108' title='bbox 648 1605 666 1670; x_wconf 92' lang='lat'>(</span> <span class='ocrx_word' id='word_1_109' title='bbox 693 1603 818 1656; x_wconf 87' lang='lat' dir='ltr'><strong>Luc.</strong></span> <span class='ocrx_word' id='word_1_110' title='bbox 858 1618 923 1655; x_wconf 81' lang='lat' dir='ltr'><strong>xx</strong></span> <span class='ocrx_word' id='word_1_111' title='bbox 956 1642 970 1666; x_wconf 90' lang='lat'><strong>,</strong></span> <span class='ocrx_word' id='word_1_112' title='bbox 1013 1598 1226 1670; x_wconf 71' lang='lat'><strong>22-25)</strong></span> <span class='ocrx_word' id='word_1_113' title='bbox 1260 1615 1274 1664; x_wconf 91' lang='lat'><strong>;</strong></span> <span class='ocrx_word' id='word_1_114' title='bbox 1307 1606 1365 1652; x_wconf 91' lang='lat' dir='ltr'><strong>ut</strong></span> <span class='ocrx_word' id='word_1_115' title='bbox 1398 1596 1711 1662; x_wconf 86' lang='lat' dir='ltr'><strong>admoneret</strong></span> <span class='ocrx_word' id='word_1_116' title='bbox 1752 1593 1830 1646; x_wconf 79' lang='lat' dir='ltr'><strong>sic</strong></span> 
     </span>
    </p>
   </div>
   <div class='ocr_carea' id='block_1_16' title="bbox 235 1687 1826 1762">
    <p class='ocr_par' dir='ltr' id='par_1_16' title="bbox 235 1687 1826 1762">
     <span class='ocr_line' id='line_1_16' title="bbox 235 1687 1826 1762; baseline -0.009 -11"><span class='ocrx_word' id='word_1_117' title='bbox 235 1695 570 1752; x_wconf 84' lang='lat' dir='ltr'><strong>reddendam</strong></span> <span class='ocrx_word' id='word_1_118' title='bbox 597 1696 705 1750; x_wconf 92' lang='lat' dir='ltr'><strong>Deo</strong></span> <span class='ocrx_word' id='word_1_119' title='bbox 721 1695 772 1748; x_wconf 90' lang='lat' dir='ltr'><strong>in</strong></span> <span class='ocrx_word' id='word_1_120' title='bbox 797 1694 1011 1749; x_wconf 83' lang='lat' dir='ltr'><strong>homine</strong></span> <span class='ocrx_word' id='word_1_121' title='bbox 1032 1693 1315 1762; x_wconf 82' lang='lat' dir='ltr'><strong>imaginem</strong></span> <span class='ocrx_word' id='word_1_122' title='bbox 1341 1691 1453 1753; x_wconf 88' lang='lat' dir='ltr'><strong>Dei,</strong></span> <span class='ocrx_word' id='word_1_123' title='bbox 1477 1687 1826 1760; x_wconf 80' lang='lat' dir='ltr'><strong>quemadmo-</strong></span> 
     </span>
    </p>
   </div>
   <div class='ocr_carea' id='block_1_17' title="bbox 235 1776 1826 1859">
    <p class='ocr_par' dir='ltr' id='par_1_17' title="bbox 235 1776 1826 1859">
     <span class='ocr_line' id='line_1_17' title="bbox 235 1776 1826 1859; baseline -0.006 -19"><span class='ocrx_word' id='word_1_124' title='bbox 235 1786 356 1840; x_wconf 87' lang='lat' dir='ltr'><strong>dum</strong></span> <span class='ocrx_word' id='word_1_125' title='bbox 390 1787 445 1859; x_wconf 83' lang='lat' dir='ltr'><strong>in</strong></span> <span class='ocrx_word' id='word_1_126' title='bbox 478 1800 702 1840; x_wconf 87' lang='lat' dir='ltr'><strong>nummo</strong></span> <span class='ocrx_word' id='word_1_127' title='bbox 727 1784 901 1854; x_wconf 80' lang='lat' dir='ltr'><strong>imago</strong></span> <span class='ocrx_word' id='word_1_128' title='bbox 945 1799 1039 1838; x_wconf 92' lang='lat' dir='ltr'><strong>sua</strong></span> <span class='ocrx_word' id='word_1_129' title='bbox 1079 1782 1315 1836; x_wconf 89' lang='lat' dir='ltr'><strong>redditur</strong></span> <span class='ocrx_word' id='word_1_130' title='bbox 1335 1779 1551 1834; x_wconf 66' lang='lat' dir='ltr'><strong>Caesari.</strong></span> <span class='ocrx_word' id='word_1_131' title='bbox 1585 1779 1659 1832; x_wconf 90' lang='lat' dir='ltr'><strong>Ita</strong></span> <span class='ocrx_word' id='word_1_132' title='bbox 1695 1776 1826 1831; x_wconf 90' lang='lat' dir='ltr'><strong>etin</strong></span> 
     </span>
    </p>
   </div>
   <div class='ocr_carea' id='block_1_18' title="bbox 237 1867 1829 1944">
    <p class='ocr_par' dir='ltr' id='par_1_18' title="bbox 237 1867 1829 1944">
     <span class='ocr_line' id='line_1_18' title="bbox 237 1867 1829 1944; baseline -0.008 -11"><span class='ocrx_word' id='word_1_133' title='bbox 237 1878 332 1933; x_wconf 87' lang='lat' dir='ltr'><strong>ista</strong></span> <span class='ocrx_word' id='word_1_134' title='bbox 353 1877 608 1931; x_wconf 88' lang='lat' dir='ltr'><strong>adultera</strong></span> <span class='ocrx_word' id='word_1_135' title='bbox 633 1877 1046 1944; x_wconf 86' lang='lat' dir='ltr'><strong>interrogatores</strong></span> <span class='ocrx_word' id='word_1_136' title='bbox 1074 1871 1435 1941; x_wconf 85' lang='lat' dir='ltr'><strong>interrogavit,</strong></span> <span class='ocrx_word' id='word_1_137' title='bbox 1461 1880 1514 1924; x_wconf 89' lang='lat' dir='ltr'><strong>et</strong></span> <span class='ocrx_word' id='word_1_138' title='bbox 1544 1869 1664 1924; x_wconf 91' lang='lat' dir='ltr'><strong>ideo</strong></span> <span class='ocrx_word' id='word_1_139' title='bbox 1685 1867 1829 1937; x_wconf 84' lang='lat' dir='ltr'><strong>judi-</strong></span> 
     </span>
    </p>
   </div>
   <div class='ocr_carea' id='block_1_19' title="bbox 235 1959 1830 2037">
    <p class='ocr_par' dir='ltr' id='par_1_19' title="bbox 235 1959 1830 2037">
     <span class='ocr_line' id='line_1_19' title="bbox 235 1959 1830 2037; baseline -0.008 -15"><span class='ocrx_word' id='word_1_140' title='bbox 235 1978 321 2022; x_wconf 68' lang='lat' dir='ltr'><strong>tes</strong></span> <span class='ocrx_word' id='word_1_141' title='bbox 341 1967 633 2037; x_wconf 84' lang='lat' dir='ltr'><strong>judicavit.</strong></span> <span class='ocrx_word' id='word_1_142' title='bbox 661 1965 774 2019; x_wconf 88' lang='lat' dir='ltr'><strong>Non</strong></span> <span class='ocrx_word' id='word_1_143' title='bbox 806 1964 1085 2034; x_wconf 88' lang='lat' dir='ltr'><strong>prohibeo,</strong></span> <span class='ocrx_word' id='word_1_144' title='bbox 1115 1961 1304 2032; x_wconf 77' lang='lat' dir='ltr'><strong>inquit,</strong></span> <span class='ocrx_word' id='word_1_145' title='bbox 1330 1959 1550 2031; x_wconf 89' lang='lat' dir='ltr'><strong>lapidari</strong></span> <span class='ocrx_word' id='word_1_146' title='bbox 1574 1975 1729 2028; x_wconf 86' lang='lat' dir='ltr'><strong>quam</strong></span> <span class='ocrx_word' id='word_1_147' title='bbox 1756 1959 1830 2011; x_wconf 88' lang='lat' dir='ltr'><strong>Ia-</strong></span> 
     </span>
    </p>
   </div>
   <div class='ocr_carea' id='block_1_20' title="bbox 237 2049 1830 2132">
    <p class='ocr_par' dir='ltr' id='par_1_20' title="bbox 237 2049 1830 2132">
     <span class='ocr_line' id='line_1_20' title="bbox 237 2049 1830 2132; baseline -0.008 -19"><span class='ocrx_word' id='word_1_148' title='bbox 237 2059 401 2132; x_wconf 70' lang='lat' dir='ltr'><strong>pidari</strong></span> <span class='ocrx_word' id='word_1_149' title='bbox 431 2057 547 2112; x_wconf 86' lang='lat' dir='ltr'><strong>Lex</strong></span> <span class='ocrx_word' id='word_1_150' title='bbox 573 2058 768 2126; x_wconf 85' lang='lat' dir='ltr'><strong>jussit;</strong></span> <span class='ocrx_word' id='word_1_151' title='bbox 807 2055 901 2110; x_wconf 87' lang='lat' dir='ltr'><strong>sed</strong></span> <span class='ocrx_word' id='word_1_152' title='bbox 929 2069 1112 2124; x_wconf 61' lang='lat' dir='ltr'><strong>quaero</strong></span> <span class='ocrx_word' id='word_1_153' title='bbox 1139 2053 1398 2120; x_wconf 82' lang='lat' dir='ltr'><strong>aquibus.</strong></span> <span class='ocrx_word' id='word_1_154' title='bbox 1417 2050 1530 2104; x_wconf 89' lang='lat' dir='ltr'><strong>Non</strong></span> <span class='ocrx_word' id='word_1_155' title='bbox 1560 2049 1703 2104; x_wconf 76' lang='lat' dir='ltr'><strong>enim</strong></span> <span class='ocrx_word' id='word_1_156' title='bbox 1743 2061 1830 2101; x_wconf 85' lang='lat' dir='ltr'><strong>re-</strong></span> 
     </span>
    </p>
   </div>
   <div class='ocr_carea' id='block_1_21' title="bbox 238 2140 1826 2216">
    <p class='ocr_par' dir='ltr' id='par_1_21' title="bbox 238 2140 1826 2216">
     <span class='ocr_line' id='line_1_21' title="bbox 238 2140 1826 2216; baseline -0.006 -16"><span class='ocrx_word' id='word_1_157' title='bbox 238 2148 380 2210; x_wconf 80' lang='lat' dir='ltr'><strong>sisto,</strong></span> <span class='ocrx_word' id='word_1_158' title='bbox 415 2148 516 2202; x_wconf 85' lang='lat' dir='ltr'><strong>sed</strong></span> <span class='ocrx_word' id='word_1_159' title='bbox 540 2147 699 2216; x_wconf 88' lang='lat' dir='ltr'><strong>Legis</strong></span> <span class='ocrx_word' id='word_1_160' title='bbox 740 2147 1041 2200; x_wconf 89' lang='lat' dir='ltr'><strong>ministrum</strong></span> <span class='ocrx_word' id='word_1_161' title='bbox 1073 2145 1305 2213; x_wconf 87' lang='lat' dir='ltr'><strong>requiro.</strong></span> <span class='ocrx_word' id='word_1_162' title='bbox 1340 2143 1576 2211; x_wconf 89' lang='lat' dir='ltr'><strong>Denique</strong></span> <span class='ocrx_word' id='word_1_163' title='bbox 1604 2140 1779 2193; x_wconf 88' lang='lat' dir='ltr'><strong>audite</strong></span> <span class='ocrx_word' id='word_1_164' title='bbox 1813 2156 1826 2191; x_wconf 90' lang='lat'><strong>:</strong></span> 
     </span>
    </p>
   </div>
   <div class='ocr_carea' id='block_1_22' title="bbox 238 2231 1827 2307">
    <p class='ocr_par' dir='ltr' id='par_1_22' title="bbox 238 2231 1827 2307">
     <span class='ocr_line' id='line_1_22' title="bbox 238 2231 1827 2307; baseline -0.005 -15"><span class='ocrx_word' id='word_1_165' title='bbox 238 2237 499 2307; x_wconf 76' lang='lat' dir='ltr'><strong>lapidare</strong></span> <span class='ocrx_word' id='word_1_166' title='bbox 527 2237 687 2291; x_wconf 80' lang='lat' dir='ltr'><strong>vultis</strong></span> <span class='ocrx_word' id='word_1_167' title='bbox 738 2235 1034 2291; x_wconf 88' lang='lat' dir='ltr'><strong>secundum</strong></span> <span class='ocrx_word' id='word_1_168' title='bbox 1068 2234 1306 2306; x_wconf 80' lang='lat' dir='ltr'><strong>Legem?</strong></span> <span class='ocrx_word' id='word_1_169' title='bbox 1338 2231 1437 2301; x_wconf 82' lang='lat' dir='ltr'><strong>Qui</strong></span> <span class='ocrx_word' id='word_1_170' title='bbox 1463 2233 1570 2286; x_wconf 84' lang='lat' dir='ltr'><strong>sine</strong></span> <span class='ocrx_word' id='word_1_171' title='bbox 1619 2239 1827 2303; x_wconf 73' lang='lat' dir='ltr'><strong>peccato</strong></span> 
     </span>
    </p>
   </div>
   <div class='ocr_carea' id='block_1_23' title="bbox 237 2323 1210 2399">
    <p class='ocr_par' dir='ltr' id='par_1_23' title="bbox 237 2323 1210 2399">
     <span class='ocr_line' id='line_1_23' title="bbox 237 2323 1210 2399; baseline -0.006 -15"><span class='ocrx_word' id='word_1_172' title='bbox 237 2340 323 2396; x_wconf 78' lang='lat' dir='ltr'><strong>est,</strong></span> <span class='ocrx_word' id='word_1_173' title='bbox 355 2331 504 2399; x_wconf 85' lang='lat' dir='ltr'><strong>prior</strong></span> <span class='ocrx_word' id='word_1_174' title='bbox 532 2330 588 2382; x_wconf 87' lang='lat' dir='ltr'><strong>in</strong></span> <span class='ocrx_word' id='word_1_175' title='bbox 616 2328 759 2382; x_wconf 81' lang='lat' dir='ltr'><strong>illaut</strong></span> <span class='ocrx_word' id='word_1_176' title='bbox 784 2323 1005 2398; x_wconf 83' lang='lat' dir='ltr'><strong>lapidem</strong></span> <span class='ocrx_word' id='word_1_177' title='bbox 1029 2327 1210 2380; x_wconf 79' lang='lat' dir='ltr'><strong>mittat.</strong></span> 
     </span>
    </p>
   </div>
   <div class='ocr_carea' id='block_1_24' title="bbox 303 2412 1832 2488">
    <p class='ocr_par' dir='ltr' id='par_1_24' title="bbox 303 2412 1832 2488">
     <span class='ocr_line' id='line_1_24' title="bbox 303 2412 1832 2488; baseline -0.005 -12"><span class='ocrx_word' id='word_1_178' title='bbox 303 2422 358 2476; x_wconf 88' lang='lat'><strong>5.</strong></span> <span class='ocrx_word' id='word_1_179' title='bbox 392 2420 810 2475; x_wconf 74' lang='lat' dir='ltr'><strong>Misericordiam</strong></span> <span class='ocrx_word' id='word_1_180' title='bbox 864 2419 1206 2488; x_wconf 80' lang='lat' dir='ltr'><strong>consequitur.</strong></span> <span class='ocrx_word' id='word_1_181' title='bbox 1239 2415 1460 2483; x_wconf 82' lang='lat' dir='ltr'><strong>Quando</strong></span> <span class='ocrx_word' id='word_1_182' title='bbox 1501 2424 1677 2468; x_wconf 89' lang='lat' dir='ltr'><strong>autem</strong></span> <span class='ocrx_word' id='word_1_183' title='bbox 1716 2412 1832 2468; x_wconf 73' lang='lat' dir='ltr'><strong>hzcc</strong></span> 
     </span>
    </p>
   </div>
   <div class='ocr_carea' id='block_1_25' title="bbox 239 2505 1826 2582">
    <p class='ocr_par' dir='ltr' id='par_1_25' title="bbox 239 2505 1826 2582">
     <span class='ocr_line' id='line_1_25' title="bbox 239 2505 1826 2582; baseline -0.005 -18"><span class='ocrx_word' id='word_1_184' title='bbox 239 2510 436 2567; x_wconf 75' lang='lat' dir='ltr'><strong>audivit</strong></span> <span class='ocrx_word' id='word_1_185' title='bbox 461 2511 504 2576; x_wconf 77' lang='grc'><strong>³,</strong></span> <span class='ocrx_word' id='word_1_186' title='bbox 531 2511 700 2582; x_wconf 78' lang='lat' dir='ltr'><strong>digito</strong></span> <span class='ocrx_word' id='word_1_187' title='bbox 724 2511 989 2564; x_wconf 81' lang='lat' dir='ltr'><strong>scribebat</strong></span> <span class='ocrx_word' id='word_1_188' title='bbox 1007 2509 1057 2563; x_wconf 90' lang='lat' dir='ltr'><strong>in</strong></span> <span class='ocrx_word' id='word_1_189' title='bbox 1078 2518 1237 2573; x_wconf 88' lang='lat' dir='ltr'><strong>terra,</strong></span> <span class='ocrx_word' id='word_1_190' title='bbox 1262 2516 1318 2561; x_wconf 90' lang='lat' dir='ltr'><strong>ut</strong></span> <span class='ocrx_word' id='word_1_191' title='bbox 1346 2505 1581 2562; x_wconf 65' lang='lat' dir='ltr'><strong>erudit-et</strong></span> <span class='ocrx_word' id='word_1_192' title='bbox 1611 2514 1826 2560; x_wconf 84' lang='lat' dir='ltr'><strong>terram.</strong></span> 
     </span>
    </p>
   </div>
   <div class='ocr_carea' id='block_1_26' title="bbox 239 2599 1830 2673">
    <p class='ocr_par' dir='ltr' id='par_1_26' title="bbox 239 2599 1830 2673">
     <span class='ocr_line' id='line_1_26' title="bbox 239 2599 1830 2673; baseline -0.004 -14"><span class='ocrx_word' id='word_1_193' title='bbox 239 2603 463 2673; x_wconf 81' lang='lat' dir='ltr'><strong>Quando</strong></span> <span class='ocrx_word' id='word_1_194' title='bbox 490 2613 668 2658; x_wconf 88' lang='lat' dir='ltr'><strong>autem</strong></span> <span class='ocrx_word' id='word_1_195' title='bbox 698 2603 799 2657; x_wconf 87' lang='lat' dir='ltr'><strong>hoc</strong></span> <span class='ocrx_word' id='word_1_196' title='bbox 819 2601 1269 2668; x_wconf 63' lang='lat' dir='ltr'><strong>dixitPharisatis,</strong></span> <span class='ocrx_word' id='word_1_197' title='bbox 1284 2599 1480 2654; x_wconf 79' lang='lat' dir='ltr'><strong>levavit</strong></span> <span class='ocrx_word' id='word_1_198' title='bbox 1501 2599 1686 2654; x_wconf 85' lang='lat' dir='ltr'><strong>oculos</strong></span> <span class='ocrx_word' id='word_1_199' title='bbox 1703 2613 1830 2652; x_wconf 88' lang='lat' dir='ltr'><strong>suos</strong></span> 
     </span>
    </p>
   </div>
   <div class='ocr_carea' id='block_1_27' title="bbox 241 2689 1829 2767">
    <p class='ocr_par' dir='ltr' id='par_1_27' title="bbox 241 2689 1829 2767">
     <span class='ocr_line' id='line_1_27' title="bbox 241 2689 1829 2767; baseline -0.007 -15"><span class='ocrx_word' id='word_1_200' title='bbox 241 2699 368 2767; x_wconf 63' lang='lat' dir='ltr'><strong>ipse,</strong></span> <span class='ocrx_word' id='word_1_201' title='bbox 390 2704 451 2752; x_wconf 89' lang='lat' dir='ltr'><strong>et</strong></span> <span class='ocrx_word' id='word_1_202' title='bbox 481 2697 715 2766; x_wconf 80' lang='lat' dir='ltr'><strong>inspexit</strong></span> <span class='ocrx_word' id='word_1_203' title='bbox 746 2705 963 2761; x_wconf 90' lang='lat' dir='ltr'><strong>terram,</strong></span> <span class='ocrx_word' id='word_1_204' title='bbox 987 2702 1041 2749; x_wconf 87' lang='lat' dir='ltr'><strong>et</strong></span> <span class='ocrx_word' id='word_1_205' title='bbox 1064 2693 1185 2746; x_wconf 83' lang='lat' dir='ltr'><strong>fecit</strong></span> <span class='ocrx_word' id='word_1_206' title='bbox 1215 2707 1330 2747; x_wconf 84' lang='lat' dir='ltr'><strong>eam</strong></span> <span class='ocrx_word' id='word_1_207' title='bbox 1362 2702 1608 2745; x_wconf 89' lang='lat' dir='ltr'><strong>tremere.</strong></span> <span class='ocrx_word' id='word_1_208' title='bbox 1641 2689 1829 2743; x_wconf 44' lang='lat' dir='ltr'><strong>Proin;</strong></span> 
     </span>
    </p>
   </div>
   <div class='ocr_carea' id='block_1_28' title="bbox 238 2783 1829 2854">
    <p class='ocr_par' dir='ltr' id='par_1_28' title="bbox 238 2783 1829 2854">
     <span class='ocr_line' id='line_1_28' title="bbox 238 2783 1829 2854; baseline -0.005 -10"><span class='ocrx_word' id='word_1_209' title='bbox 238 2791 303 2850; x_wconf 88' lang='lat' dir='ltr'><strong>de</strong></span> <span class='ocrx_word' id='word_1_210' title='bbox 320 2805 444 2843; x_wconf 87' lang='lat' dir='ltr'><strong>cum</strong></span> <span class='ocrx_word' id='word_1_211' title='bbox 475 2788 583 2843; x_wconf 87' lang='lat' dir='ltr'><strong>hoc</strong></span> <span class='ocrx_word' id='word_1_212' title='bbox 611 2788 854 2853; x_wconf 82' lang='lat' dir='ltr'><strong>dixisset,</strong></span> <span class='ocrx_word' id='word_1_213' title='bbox 905 2787 1094 2840; x_wconf 89' lang='lat' dir='ltr'><strong>iterum</strong></span> <span class='ocrx_word' id='word_1_214' title='bbox 1117 2785 1278 2854; x_wconf 78' lang='lat' dir='ltr'><strong>cmpit</strong></span> <span class='ocrx_word' id='word_1_215' title='bbox 1310 2785 1546 2839; x_wconf 84' lang='lat' dir='ltr'><strong>scribere</strong></span> <span class='ocrx_word' id='word_1_216' title='bbox 1574 2783 1624 2837; x_wconf 90' lang='lat' dir='ltr'><strong>in</strong></span> <span class='ocrx_word' id='word_1_217' title='bbox 1670 2792 1829 2838; x_wconf 87' lang='lat' dir='ltr'><strong>terra.</strong></span> 
     </span>
    </p>
   </div>
   <div class='ocr_carea' id='block_1_29' title="bbox 241 2872 1831 2949">
    <p class='ocr_par' dir='ltr' id='par_1_29' title="bbox 241 2872 1831 2949">
     <span class='ocr_line' id='line_1_29' title="bbox 241 2872 1831 2949; baseline -0.004 -16"><span class='ocrx_word' id='word_1_218' title='bbox 241 2880 303 2934; x_wconf 79' lang='lat' dir='ltr'><strong>At</strong></span> <span class='ocrx_word' id='word_1_219' title='bbox 322 2879 397 2933; x_wconf 92' lang='lat' dir='ltr'><strong>illi</strong></span> <span class='ocrx_word' id='word_1_220' title='bbox 421 2878 734 2949; x_wconf 88' lang='lat' dir='ltr'><strong>compuncti</strong></span> <span class='ocrx_word' id='word_1_221' title='bbox 760 2885 813 2931; x_wconf 87' lang='lat' dir='ltr'><strong>et</strong></span> <span class='ocrx_word' id='word_1_222' title='bbox 835 2875 1149 2943; x_wconf 81' lang='lat' dir='ltr'><strong>tremefacti,</strong></span> <span class='ocrx_word' id='word_1_223' title='bbox 1169 2889 1304 2928; x_wconf 90' lang='lat' dir='ltr'><strong>unus</strong></span> <span class='ocrx_word' id='word_1_224' title='bbox 1329 2882 1447 2944; x_wconf 92' lang='lat' dir='ltr'><strong>post</strong></span> <span class='ocrx_word' id='word_1_225' title='bbox 1469 2874 1690 2927; x_wconf 79' lang='lat' dir='ltr'><strong>alterunt</strong></span> <span class='ocrx_word' id='word_1_226' title='bbox 1722 2872 1831 2926; x_wconf 83' lang='lat' dir='ltr'><strong>dis-</strong></span> 
     </span>
    </p>
   </div>
   <div class='ocr_carea' id='block_1_30' title="bbox 243 2966 1832 3033">
    <p class='ocr_par' dir='ltr' id='par_1_30' title="bbox 243 2966 1832 3033">
     <span class='ocr_line' id='line_1_30' title="bbox 243 2966 1832 3033; baseline -0.006 -8"><span class='ocrx_word' id='word_1_227' title='bbox 243 2979 544 3027; x_wconf 86' lang='lat' dir='ltr'><strong>cesserunt.</strong></span> <span class='ocrx_word' id='word_1_228' title='bbox 591 2969 635 3025; x_wconf 91' lang='grc' dir='ltr'>Ο</span> <span class='ocrx_word' id='word_1_229' title='bbox 672 2978 826 3024; x_wconf 77' lang='lat' dir='ltr'><strong>terra:</strong></span> <span class='ocrx_word' id='word_1_230' title='bbox 874 2977 1098 3033; x_wconf 90' lang='lat' dir='ltr'><strong>motum,</strong></span> <span class='ocrx_word' id='word_1_231' title='bbox 1152 2966 1238 3022; x_wconf 88' lang='lat' dir='ltr'><strong>ubi</strong></span> <span class='ocrx_word' id='word_1_232' title='bbox 1284 2966 1362 3022; x_wconf 89' lang='lat' dir='ltr'><strong>sic</strong></span> <span class='ocrx_word' id='word_1_233' title='bbox 1393 2973 1533 3020; x_wconf 90' lang='lat' dir='ltr'><strong>terra</strong></span> <span class='ocrx_word' id='word_1_234' title='bbox 1560 2973 1700 3018; x_wconf 86' lang='lat' dir='ltr'><strong>mota</strong></span> <span class='ocrx_word' id='word_1_235' title='bbox 1726 2972 1832 3032; x_wconf 88' lang='lat' dir='ltr'><strong>est,</strong></span> 
     </span>
    </p>
   </div>
   <div class='ocr_carea' id='block_1_31' title="bbox 241 3059 983 3116">
    <p class='ocr_par' dir='ltr' id='par_1_31' title="bbox 241 3059 983 3116">
     <span class='ocr_line' id='line_1_31' title="bbox 241 3059 983 3116; baseline -0.004 -1"><span class='ocrx_word' id='word_1_236' title='bbox 241 3071 296 3116; x_wconf 88' lang='lat' dir='ltr'><strong>ut</strong></span> <span class='ocrx_word' id='word_1_237' title='bbox 317 3061 488 3116; x_wconf 84' lang='lat' dir='ltr'><strong>etiam</strong></span> <span class='ocrx_word' id='word_1_238' title='bbox 518 3069 753 3115; x_wconf 89' lang='lat' dir='ltr'><strong>mutaret</strong></span> <span class='ocrx_word' id='word_1_239' title='bbox 779 3059 983 3114; x_wconf 88' lang='lat' dir='ltr'><strong>locum!</strong></span> 
     </span>
    </p>
   </div>
   <div class='ocr_carea' id='block_1_32' title="bbox 307 3149 1820 3222">
    <p class='ocr_par' dir='ltr' id='par_1_32' title="bbox 307 3149 1820 3222">
     <span class='ocr_line' id='line_1_32' title="bbox 307 3149 1820 3222; baseline -0.005 -13"><span class='ocrx_word' id='word_1_240' title='bbox 307 3153 543 3210; x_wconf 81' lang='lat' dir='ltr'><strong>CAPUT</strong></span> <span class='ocrx_word' id='word_1_241' title='bbox 597 3152 878 3208; x_wconf 79' lang='lat' dir='ltr'><strong>V.—Il!is</strong></span> <span class='ocrx_word' id='word_1_242' title='bbox 925 3167 1052 3222; x_wconf 85' lang='lat' dir='ltr'><strong>ergo</strong></span> <span class='ocrx_word' id='word_1_243' title='bbox 1097 3149 1514 3215; x_wconf 81' lang='lat' dir='ltr'><strong>discedentibus,</strong></span> <span class='ocrx_word' id='word_1_244' title='bbox 1566 3149 1820 3204; x_wconf 89' lang='lat' dir='ltr'><strong>remansit</strong></span> 
     </span>
    </p>
   </div>
   <div class='ocr_carea' id='block_1_33' title="bbox 244 3239 1830 3315">
    <p class='ocr_par' dir='ltr' id='par_1_33' title="bbox 244 3239 1830 3315">
     <span class='ocr_line' id='line_1_33' title="bbox 244 3239 1830 3315; baseline -0.004 -15"><span class='ocrx_word' id='word_1_245' title='bbox 244 3245 514 3315; x_wconf 77' lang='lat' dir='ltr'><strong>peccatrix</strong></span> <span class='ocrx_word' id='word_1_246' title='bbox 541 3252 598 3298; x_wconf 94' lang='lat' dir='ltr'><strong>et</strong></span> <span class='ocrx_word' id='word_1_247' title='bbox 632 3242 881 3298; x_wconf 77' lang='lat' dir='ltr'><strong>Salvator</strong></span> <span class='ocrx_word' id='word_1_248' title='bbox 911 3242 1201 3298; x_wconf 78' lang='lat' dir='ltr'><strong>:‘remansit</strong></span> <span class='ocrx_word' id='word_1_249' title='bbox 1237 3249 1435 3310; x_wconf 62' lang='lat' dir='ltr'><strong>aegrota</strong></span> <span class='ocrx_word' id='word_1_250' title='bbox 1474 3249 1528 3295; x_wconf 89' lang='lat' dir='ltr'><strong>et</strong></span> <span class='ocrx_word' id='word_1_251' title='bbox 1553 3239 1830 3295; x_wconf 89' lang='lat' dir='ltr'><strong>medicus:</strong></span> 
     </span>
    </p>
   </div>
   <div class='ocr_carea' id='block_1_34' title="bbox 245 3333 1835 3409">
    <p class='ocr_par' dir='ltr' id='par_1_34' title="bbox 245 3333 1835 3409">
     <span class='ocr_line' id='line_1_34' title="bbox 245 3333 1835 3409; baseline -0.003 -18"><span class='ocrx_word' id='word_1_252' title='bbox 245 3337 500 3391; x_wconf 86' lang='lat' dir='ltr'><strong>reansit</strong></span> <span class='ocrx_word' id='word_1_253' title='bbox 522 3336 719 3390; x_wconf 90' lang='lat' dir='ltr'><strong>misera</strong></span> <span class='ocrx_word' id='word_1_254' title='bbox 750 3343 806 3390; x_wconf 90' lang='lat' dir='ltr'><strong>et</strong></span> <span class='ocrx_word' id='word_1_255' title='bbox 831 3334 1218 3390; x_wconf 86' lang='lat' dir='ltr'><strong>misericordia.</strong></span> <span class='ocrx_word' id='word_1_256' title='bbox 1249 3333 1319 3409; x_wconf 85' lang='lat' dir='ltr'><strong>Et</strong></span> <span class='ocrx_word' id='word_1_257' title='bbox 1343 3333 1608 3404; x_wconf 85' lang='lat' dir='ltr'><strong>aspiciens</strong></span> <span class='ocrx_word' id='word_1_258' title='bbox 1647 3333 1835 3387; x_wconf 89' lang='lat' dir='ltr'><strong>mulie-</strong></span> 
     </span>
    </p>
   </div>
   <div class='ocr_carea' id='block_1_35' title="bbox 247 3423 1831 3494">
    <p class='ocr_par' dir='ltr' id='par_1_35' title="bbox 247 3423 1831 3494">
     <span class='ocr_line' id='line_1_35' title="bbox 247 3423 1831 3494; baseline -0.003 -10"><span class='ocrx_word' id='word_1_259' title='bbox 247 3444 373 3494; x_wconf 81' lang='lat' dir='ltr'><strong>rem,</strong></span> <span class='ocrx_word' id='word_1_260' title='bbox 433 3428 570 3483; x_wconf 80' lang='lat' dir='ltr'><strong>dixit</strong></span> <span class='ocrx_word' id='word_1_261' title='bbox 604 3448 616 3483; x_wconf 93' lang='lat'>:</span> <span class='ocrx_word' id='word_1_262' title='bbox 645 3427 812 3482; x_wconf 82' lang='lat' dir='ltr'><strong>Nemo</strong></span> <span class='ocrx_word' id='word_1_263' title='bbox 862 3437 910 3482; x_wconf 87' lang='lat' dir='ltr'><strong>te</strong></span> <span class='ocrx_word' id='word_1_264' title='bbox 961 3427 1441 3482; x_wconf 81' lang='lat' dir='ltr'><strong>condemnavit?Et</strong></span> <span class='ocrx_word' id='word_1_265' title='bbox 1483 3426 1606 3482; x_wconf 88' lang='lat' dir='ltr'><strong>illa:</strong></span> <span class='ocrx_word' id='word_1_266' title='bbox 1644 3423 1831 3491; x_wconf 84' lang='lat' dir='ltr'><strong>Nemo,</strong></span> 
     </span>
    </p>
   </div>
   <div class='ocr_carea' id='block_1_36' title="bbox 247 3512 1836 3578">
    <p class='ocr_par' dir='ltr' id='par_1_36' title="bbox 247 3512 1836 3578">
     <span class='ocr_line' id='line_1_36' title="bbox 247 3512 1836 3578; baseline -0.002 -3"><span class='ocrx_word' id='word_1_267' title='bbox 247 3515 482 3576; x_wconf 80' lang='lat' dir='ltr'><strong>Domine.</strong></span> <span class='ocrx_word' id='word_1_268' title='bbox 511 3521 617 3578; x_wconf 83' lang='lat' dir='ltr'><strong>Sed</strong></span> <span class='ocrx_word' id='word_1_269' title='bbox 657 3531 834 3577; x_wconf 88' lang='lat' dir='ltr'><strong>tamen</strong></span> <span class='ocrx_word' id='word_1_270' title='bbox 885 3520 1058 3576; x_wconf 88' lang='lat' dir='ltr'><strong>adhuc</strong></span> <span class='ocrx_word' id='word_1_271' title='bbox 1105 3521 1330 3575; x_wconf 89' lang='lat' dir='ltr'><strong>sollicita</strong></span> <span class='ocrx_word' id='word_1_272' title='bbox 1359 3528 1492 3575; x_wconf 86' lang='lat' dir='ltr'><strong>erat.</strong></span> <span class='ocrx_word' id='word_1_273' title='bbox 1523 3512 1836 3574; x_wconf 87' lang='lat' dir='ltr'><strong>Peccatores</strong></span> 
     </span>
    </p>
   </div>
   <div class='ocr_carea' id='block_1_37' title="bbox 249 3609 1834 3681">
    <p class='ocr_par' dir='ltr' id='par_1_37' title="bbox 249 3609 1834 3681">
     <span class='ocr_line' id='line_1_37' title="bbox 249 3609 1834 3681; baseline -0.003 -13"><span class='ocrx_word' id='word_1_274' title='bbox 249 3617 388 3669; x_wconf 89' lang='lat' dir='ltr'><strong>enim</strong></span> <span class='ocrx_word' id='word_1_275' title='bbox 414 3615 677 3672; x_wconf 84' lang='lat' dir='ltr'><strong>damnare</strong></span> <span class='ocrx_word' id='word_1_276' title='bbox 703 3629 806 3668; x_wconf 92' lang='lat' dir='ltr'><strong>non</strong></span> <span class='ocrx_word' id='word_1_277' title='bbox 834 3613 950 3668; x_wconf 91' lang='lat' dir='ltr'><strong>ausi</strong></span> <span class='ocrx_word' id='word_1_278' title='bbox 975 3620 1099 3668; x_wconf 89' lang='lat' dir='ltr'><strong>sunt</strong></span> <span class='ocrx_word' id='word_1_279' title='bbox 1131 3629 1143 3666; x_wconf 90' lang='lat'><strong>:</strong></span> <span class='ocrx_word' id='word_1_280' title='bbox 1169 3627 1274 3666; x_wconf 90' lang='lat' dir='ltr'><strong>non</strong></span> <span class='ocrx_word' id='word_1_281' title='bbox 1298 3611 1412 3666; x_wconf 88' lang='lat' dir='ltr'><strong>ausi</strong></span> <span class='ocrx_word' id='word_1_282' title='bbox 1437 3619 1560 3666; x_wconf 90' lang='lat' dir='ltr'><strong>sunt</strong></span> <span class='ocrx_word' id='word_1_283' title='bbox 1596 3609 1834 3681; x_wconf 86' lang='lat' dir='ltr'><strong>lapidare</strong></span> 
     </span>
    </p>
   </div>
   <div class='ocr_carea' id='block_1_38' title="bbox 252 3700 1824 3774">
    <p class='ocr_par' dir='ltr' id='par_1_38' title="bbox 252 3700 1824 3774">
     <span class='ocr_line' id='line_1_38' title="bbox 252 3700 1824 3774; baseline -0.004 -16"><span class='ocrx_word' id='word_1_284' title='bbox 252 3705 624 3772; x_wconf 86' lang='lat' dir='ltr'><strong>peccatricem,</strong></span> <span class='ocrx_word' id='word_1_285' title='bbox 641 3703 728 3774; x_wconf 89' lang='lat' dir='ltr'><strong>qui</strong></span> <span class='ocrx_word' id='word_1_286' title='bbox 745 3718 805 3758; x_wconf 87' lang='lat' dir='ltr'><strong>se</strong></span> <span class='ocrx_word' id='word_1_287' title='bbox 825 3703 966 3772; x_wconf 91' lang='lat' dir='ltr'><strong>ipsos</strong></span> <span class='ocrx_word' id='word_1_288' title='bbox 983 3703 1247 3756; x_wconf 87' lang='lat' dir='ltr'><strong>intuentes</strong></span> <span class='ocrx_word' id='word_1_289' title='bbox 1267 3700 1470 3756; x_wconf 86' lang='lat' dir='ltr'><strong>similes</strong></span> <span class='ocrx_word' id='word_1_290' title='bbox 1487 3700 1824 3756; x_wconf 84' lang='lat' dir='ltr'><strong>invenerunt.</strong></span> 
     </span>
    </p>
   </div>
   <div class='ocr_carea' id='block_1_39' title="bbox 250 3792 1834 3865">
    <p class='ocr_par' dir='ltr' id='par_1_39' title="bbox 250 3792 1834 3865">
     <span class='ocr_line' id='line_1_39' title="bbox 250 3792 1834 3865; baseline -0.004 -13"><span class='ocrx_word' id='word_1_291' title='bbox 250 3794 349 3852; x_wconf 83' lang='lat' dir='ltr'><strong>Sed</strong></span> <span class='ocrx_word' id='word_1_292' title='bbox 373 3795 558 3850; x_wconf 83' lang='lat' dir='ltr'><strong>adhuc</strong></span> <span class='ocrx_word' id='word_1_293' title='bbox 596 3795 785 3850; x_wconf 83' lang='lat' dir='ltr'><strong>mulier</strong></span> <span class='ocrx_word' id='word_1_294' title='bbox 807 3803 924 3850; x_wconf 88' lang='lat' dir='ltr'><strong>erat</strong></span> <span class='ocrx_word' id='word_1_295' title='bbox 967 3794 1020 3849; x_wconf 88' lang='lat' dir='ltr'><strong>in</strong></span> <span class='ocrx_word' id='word_1_296' title='bbox 1060 3801 1254 3865; x_wconf 78' lang='lat' dir='ltr'><strong>magno</strong></span> <span class='ocrx_word' id='word_1_297' title='bbox 1292 3792 1576 3863; x_wconf 88' lang='lat' dir='ltr'><strong>periculo:</strong></span> <span class='ocrx_word' id='word_1_298' title='bbox 1608 3792 1729 3862; x_wconf 86' lang='lat' dir='ltr'><strong>quia</strong></span> <span class='ocrx_word' id='word_1_299' title='bbox 1778 3799 1834 3846; x_wconf 90' lang='lat' dir='ltr'><strong>et</strong></span> 
     </span>
    </p>
   </div>
   <div class='ocr_carea' id='block_1_40' title="bbox 251 3881 1832 3956">
    <p class='ocr_par' dir='ltr' id='par_1_40' title="bbox 251 3881 1832 3956">
     <span class='ocr_line' id='line_1_40' title="bbox 251 3881 1832 3956; baseline -0.004 -15"><span class='ocrx_word' id='word_1_300' title='bbox 251 3887 335 3943; x_wconf 88' lang='lat' dir='ltr'><strong>ille</strong></span> <span class='ocrx_word' id='word_1_301' title='bbox 362 3888 412 3942; x_wconf 90' lang='lat' dir='ltr'><strong>ei</strong></span> <span class='ocrx_word' id='word_1_302' title='bbox 433 3886 604 3956; x_wconf 81' lang='lat' dir='ltr'><strong>judex</strong></span> <span class='ocrx_word' id='word_1_303' title='bbox 633 3894 984 3949; x_wconf 86' lang='lat' dir='ltr'><strong>remanserat,</strong></span> <span class='ocrx_word' id='word_1_304' title='bbox 1007 3885 1095 3954; x_wconf 91' lang='lat' dir='ltr'><strong>qui</strong></span> <span class='ocrx_word' id='word_1_305' title='bbox 1123 3884 1365 3939; x_wconf 88' lang='lat' dir='ltr'><strong>eratsine</strong></span> <span class='ocrx_word' id='word_1_306' title='bbox 1383 3891 1620 3954; x_wconf 88' lang='lat' dir='ltr'><strong>peccato.</strong></span> <span class='ocrx_word' id='word_1_307' title='bbox 1645 3881 1832 3951; x_wconf 72' lang='lat' dir='ltr'><strong>Nemo,</strong></span> 
     </span>
    </p>
   </div>
   <div class='ocr_carea' id='block_1_41' title="bbox 253 3974 1833 4050">
    <p class='ocr_par' dir='ltr' id='par_1_41' title="bbox 253 3974 1833 4050">
     <span class='ocr_line' id='line_1_41' title="bbox 253 3974 1833 4050; baseline -0.003 -17"><span class='ocrx_word' id='word_1_308' title='bbox 253 3981 437 4050; x_wconf 87' lang='lat' dir='ltr'><strong>inquit,</strong></span> <span class='ocrx_word' id='word_1_309' title='bbox 468 3989 516 4033; x_wconf 87' lang='lat' dir='ltr'><strong>te</strong></span> <span class='ocrx_word' id='word_1_310' title='bbox 539 3979 834 4033; x_wconf 80' lang='lat' dir='ltr'><strong>damnavit?</strong></span> <span class='ocrx_word' id='word_1_311' title='bbox 859 3978 1052 4043; x_wconf 81' lang='lat' dir='ltr'><strong>Atilla,</strong></span> <span class='ocrx_word' id='word_1_312' title='bbox 1077 3975 1264 4043; x_wconf 89' lang='lat' dir='ltr'><strong>Nemo,</strong></span> <span class='ocrx_word' id='word_1_313' title='bbox 1282 3974 1535 4030; x_wconf 85' lang='lat' dir='ltr'><strong>Domine:</strong></span> <span class='ocrx_word' id='word_1_314' title='bbox 1562 3974 1606 4029; x_wconf 89' lang='lat' dir='ltr'><strong>si</strong></span> <span class='ocrx_word' id='word_1_315' title='bbox 1624 3988 1725 4029; x_wconf 88' lang='lat' dir='ltr'><strong>nec</strong></span> <span class='ocrx_word' id='word_1_316' title='bbox 1755 3985 1833 4042; x_wconf 88' lang='lat' dir='ltr'><strong>tu,</strong></span> 
     </span>
    </p>
   </div>
   <div class='ocr_carea' id='block_1_42' title="bbox 253 4065 1838 4126">
    <p class='ocr_par' dir='ltr' id='par_1_42' title="bbox 253 4065 1838 4126">
     <span class='ocr_line' id='line_1_42' title="bbox 253 4065 1838 4126; baseline -0.003 0"><span class='ocrx_word' id='word_1_317' title='bbox 253 4086 432 4126; x_wconf 84' lang='lat' dir='ltr'><strong>secura</strong></span> <span class='ocrx_word' id='word_1_318' title='bbox 464 4085 606 4126; x_wconf 91' lang='lat' dir='ltr'><strong>sum.</strong></span> <span class='ocrx_word' id='word_1_319' title='bbox 638 4070 737 4125; x_wconf 89' lang='lat' dir='ltr'><strong>Cui</strong></span> <span class='ocrx_word' id='word_1_320' title='bbox 778 4068 1117 4125; x_wconf 89' lang='lat' dir='ltr'><strong>sollicitudini</strong></span> <span class='ocrx_word' id='word_1_321' title='bbox 1161 4067 1268 4122; x_wconf 86' lang='lat' dir='ltr'><strong>cita</strong></span> <span class='ocrx_word' id='word_1_322' title='bbox 1310 4065 1566 4121; x_wconf 89' lang='lat' dir='ltr'><strong>Dominus</strong></span> <span class='ocrx_word' id='word_1_323' title='bbox 1593 4080 1724 4121; x_wconf 92' lang='lat' dir='ltr'><strong>voce</strong></span> <span class='ocrx_word' id='word_1_324' title='bbox 1753 4081 1838 4121; x_wconf 77' lang='lat' dir='ltr'><strong>re-</strong></span> 
     </span>
    </p>
   </div>
   <div class='ocr_carea' id='block_1_43' title="bbox 253 4157 1834 4233">
    <p class='ocr_par' dir='ltr' id='par_1_43' title="bbox 253 4157 1834 4233">
     <span class='ocr_line' id='line_1_43' title="bbox 253 4157 1834 4233; baseline -0.002 -18"><span class='ocrx_word' id='word_1_325' title='bbox 253 4162 460 4231; x_wconf 88' lang='lat' dir='ltr'><strong>spondit</strong></span> <span class='ocrx_word' id='word_1_326' title='bbox 489 4164 508 4193; x_wconf 83' lang='grc'>²</span> <span class='ocrx_word' id='word_1_327' title='bbox 541 4180 554 4215; x_wconf 88' lang='lat'>:</span> <span class='ocrx_word' id='word_1_328' title='bbox 588 4160 698 4217; x_wconf 80' lang='lat' dir='ltr'><strong>Nec</strong></span> <span class='ocrx_word' id='word_1_329' title='bbox 741 4177 832 4233; x_wconf 86' lang='lat' dir='ltr'><strong>ego</strong></span> <span class='ocrx_word' id='word_1_330' title='bbox 886 4172 933 4217; x_wconf 84' lang='lat' dir='ltr'><strong>te</strong></span> <span class='ocrx_word' id='word_1_331' title='bbox 970 4158 1263 4228; x_wconf 79' lang='lat' dir='ltr'><strong>danmabo(</strong></span> <span class='ocrx_word' id='word_1_332' title='bbox 1295 4157 1451 4211; x_wconf 82' lang='lat' dir='ltr'><strong>Joan.</strong></span> <span class='ocrx_word' id='word_1_333' title='bbox 1485 4173 1596 4226; x_wconf 88' lang='lat' dir='ltr'><strong>vnt,</strong></span> <span class='ocrx_word' id='word_1_334' title='bbox 1651 4157 1772 4212; x_wconf 79' lang='grc'><strong>5-11</strong></span> <span class='ocrx_word' id='word_1_335' title='bbox 1795 4159 1834 4228; x_wconf 92' lang='grc'><strong>).</strong></span> 
     </span>
    </p>
   </div>
   <div class='ocr_carea' id='block_1_44' title="bbox 256 4248 1834 4323">
    <p class='ocr_par' dir='ltr' id='par_1_44' title="bbox 256 4248 1834 4323">
     <span class='ocr_line' id='line_1_44' title="bbox 256 4248 1834 4323; baseline -0.003 -17"><span class='ocrx_word' id='word_1_336' title='bbox 256 4251 356 4306; x_wconf 75' lang='lat' dir='ltr'><strong>Nec</strong></span> <span class='ocrx_word' id='word_1_337' title='bbox 376 4269 492 4323; x_wconf 81' lang='lat' dir='ltr'><strong>ego,</strong></span> <span class='ocrx_word' id='word_1_338' title='bbox 524 4253 766 4323; x_wconf 87' lang='lat' dir='ltr'><strong>quamvis</strong></span> <span class='ocrx_word' id='word_1_339' title='bbox 795 4253 894 4307; x_wconf 92' lang='lat' dir='ltr'><strong>sim</strong></span> <span class='ocrx_word' id='word_1_340' title='bbox 921 4251 1035 4307; x_wconf 90' lang='lat' dir='ltr'><strong>sine</strong></span> <span class='ocrx_word' id='word_1_341' title='bbox 1057 4259 1294 4321; x_wconf 89' lang='lat' dir='ltr'><strong>peccato,</strong></span> <span class='ocrx_word' id='word_1_342' title='bbox 1319 4266 1408 4304; x_wconf 79' lang='lat' dir='ltr'><strong>nec</strong></span> <span class='ocrx_word' id='word_1_343' title='bbox 1435 4265 1525 4320; x_wconf 88' lang='lat' dir='ltr'><strong>ego</strong></span> <span class='ocrx_word' id='word_1_344' title='bbox 1542 4259 1588 4302; x_wconf 91' lang='lat' dir='ltr'><strong>te</strong></span> <span class='ocrx_word' id='word_1_345' title='bbox 1616 4248 1834 4302; x_wconf 86' lang='lat' dir='ltr'><strong>damna-</strong></span> 
     </span>
    </p>
   </div>
   <div class='ocr_carea' id='block_1_45' title="bbox 255 4337 1838 4412">
    <p class='ocr_par' dir='ltr' id='par_1_45' title="bbox 255 4337 1838 4412">
     <span class='ocr_line' id='line_1_45' title="bbox 255 4337 1838 4412; baseline 0 -18"><span class='ocrx_word' id='word_1_346' title='bbox 255 4341 326 4395; x_wconf 67' lang='grc' dir='ltr'><strong>ἑο.</strong></span> <span class='ocrx_word' id='word_1_347' title='bbox 352 4343 482 4396; x_wconf 86' lang='lat' dir='ltr'><strong>Illos</strong></span> <span class='ocrx_word' id='word_1_348' title='bbox 504 4357 533 4395; x_wconf 88' lang='lat' dir='ltr'><strong>a</strong></span> <span class='ocrx_word' id='word_1_349' title='bbox 556 4342 787 4396; x_wconf 74' lang='lat' dir='ltr'><strong>vindicta</strong></span> <span class='ocrx_word' id='word_1_350' title='bbox 823 4341 1076 4412; x_wconf 77' lang='lat' dir='ltr'><strong>repressit</strong></span> <span class='ocrx_word' id='word_1_351' title='bbox 1097 4339 1422 4395; x_wconf 83' lang='lat' dir='ltr'><strong>conscientia</strong></span> <span class='ocrx_word' id='word_1_352' title='bbox 1452 4357 1465 4392; x_wconf 87' lang='lat'>:</span> <span class='ocrx_word' id='word_1_353' title='bbox 1498 4346 1584 4394; x_wconf 71' lang='lat' dir='ltr'><strong>me&quot;</strong></span> <span class='ocrx_word' id='word_1_354' title='bbox 1616 4339 1682 4393; x_wconf 89' lang='lat' dir='ltr'><strong>ad</strong></span> <span class='ocrx_word' id='word_1_355' title='bbox 1708 4337 1838 4394; x_wconf 84' lang='lat' dir='ltr'><strong>sub-</strong></span> 
     </span>
    </p>
   </div>
   <div class='ocr_carea' id='block_1_46' title="bbox 255 4431 1209 4487">
    <p class='ocr_par' dir='ltr' id='par_1_46' title="bbox 255 4431 1209 4487">
     <span class='ocr_line' id='line_1_46' title="bbox 255 4431 1209 4487; baseline 0 -3"><span class='ocrx_word' id='word_1_356' title='bbox 255 4432 572 4487; x_wconf 73' lang='lat' dir='ltr'><strong>veniendum</strong></span> <span class='ocrx_word' id='word_1_357' title='bbox 597 4432 811 4487; x_wconf 87' lang='lat' dir='ltr'><strong>inclinat</strong></span> <span class='ocrx_word' id='word_1_358' title='bbox 826 4431 1209 4487; x_wconf 85' lang='lat' dir='ltr'><strong>misericordia.</strong></span> 
     </span>
    </p>
   </div>
   <div class='ocr_carea' id='block_1_47' title="bbox 317 4521 1837 4593">
    <p class='ocr_par' dir='ltr' id='par_1_47' title="bbox 317 4521 1837 4593">
     <span class='ocr_line' id='line_1_47' title="bbox 317 4521 1837 4593; baseline -0.001 -14"><span class='ocrx_word' id='word_1_359' title='bbox 317 4526 371 4579; x_wconf 86' lang='lat'><strong>6.</strong></span> <span class='ocrx_word' id='word_1_360' title='bbox 443 4524 614 4580; x_wconf 76' lang='lat' dir='ltr'><strong>Verba</strong></span> <span class='ocrx_word' id='word_1_361' title='bbox 670 4523 824 4579; x_wconf 85' lang='lat' dir='ltr'><strong>Pauli</strong></span> <span class='ocrx_word' id='word_1_362' title='bbox 859 4525 920 4577; x_wconf 87' lang='lat' dir='ltr'><strong>de</strong></span> <span class='ocrx_word' id='word_1_363' title='bbox 953 4533 1215 4593; x_wconf 84' lang='lat' dir='ltr'><strong>potestate.</strong></span> <span class='ocrx_word' id='word_1_364' title='bbox 1267 4522 1393 4578; x_wconf 59' lang='lat' dir='ltr'><strong>Hinc</strong></span> <span class='ocrx_word' id='word_1_365' title='bbox 1451 4521 1743 4586; x_wconf 85' lang='lat' dir='ltr'><strong>attendite,</strong></span> <span class='ocrx_word' id='word_1_366' title='bbox 1783 4532 1837 4578; x_wconf 87' lang='lat' dir='ltr'><strong>et</strong></span> 
     </span>
    </p>
   </div>
   <div class='ocr_carea' id='block_1_48' title="bbox 252 4613 1835 4686">
    <p class='ocr_par' dir='ltr' id='par_1_48' title="bbox 252 4613 1835 4686">
     <span class='ocr_line' id='line_1_48' title="bbox 252 4613 1835 4686; baseline 0 -18"><span class='ocrx_word' id='word_1_367' title='bbox 252 4616 540 4681; x_wconf 69' lang='lat' dir='ltr'><strong>erudimini,</strong></span> <span class='ocrx_word' id='word_1_368' title='bbox 573 4632 742 4670; x_wconf 82' lang='lat' dir='ltr'><strong>omnes</strong></span> <span class='ocrx_word' id='word_1_369' title='bbox 761 4615 848 4686; x_wconf 81' lang='lat' dir='ltr'><strong>qui</strong></span> <span class='ocrx_word' id='word_1_370' title='bbox 876 4614 1124 4685; x_wconf 82' lang='lat' dir='ltr'><strong>judicatis</strong></span> <span class='ocrx_word' id='word_1_371' title='bbox 1153 4623 1359 4668; x_wconf 87' lang='lat' dir='ltr'><strong>terram.</strong></span> <span class='ocrx_word' id='word_1_372' title='bbox 1389 4613 1587 4668; x_wconf 89' lang='lat' dir='ltr'><strong>Omnes</strong></span> <span class='ocrx_word' id='word_1_373' title='bbox 1613 4614 1835 4679; x_wconf 89' lang='lat' dir='ltr'><strong>scilicet,</strong></span> 
     </span>
    </p>
   </div>
   <div class='ocr_carea' id='block_1_49' title="bbox 251 4706 1838 4779">
    <p class='ocr_par' dir='ltr' id='par_1_49' title="bbox 251 4706 1838 4779">
     <span class='ocr_line' id='line_1_49' title="bbox 251 4706 1838 4779; baseline -0.001 -17"><span class='ocrx_word' id='word_1_374' title='bbox 251 4710 367 4778; x_wconf 86' lang='lat' dir='ltr'><strong>quia</strong></span> <span class='ocrx_word' id='word_1_375' title='bbox 384 4710 552 4764; x_wconf 85' lang='lat' dir='ltr'><strong>etiam</strong></span> <span class='ocrx_word' id='word_1_376' title='bbox 576 4710 652 4764; x_wconf 86' lang='lat' dir='ltr'><strong>sic</strong></span> <span class='ocrx_word' id='word_1_377' title='bbox 674 4707 1073 4779; x_wconf 84' lang='lat' dir='ltr'><strong>intelligendum</strong></span> <span class='ocrx_word' id='word_1_378' title='bbox 1103 4716 1204 4774; x_wconf 86' lang='lat' dir='ltr'><strong>est,</strong></span> <span class='ocrx_word' id='word_1_379' title='bbox 1227 4707 1493 4778; x_wconf 90' lang='lat' dir='ltr'><strong>quomodo</strong></span> <span class='ocrx_word' id='word_1_380' title='bbox 1511 4707 1531 4737; x_wconf 85' lang='grc'>³</span> <span class='ocrx_word' id='word_1_381' title='bbox 1551 4706 1618 4762; x_wconf 91' lang='lat' dir='ltr'><strong>de</strong></span> <span class='ocrx_word' id='word_1_382' title='bbox 1647 4707 1838 4776; x_wconf 91' lang='lat' dir='ltr'><strong>quibus</strong></span> 
     </span>
    </p>
   </div>
   <div class='ocr_carea' id='block_1_50' title="bbox 252 4797 1835 4871">
    <p class='ocr_par' dir='ltr' id='par_1_50' title="bbox 252 4797 1835 4871">
     <span class='ocr_line' id='line_1_50' title="bbox 252 4797 1835 4871; baseline -0.004 -15"><span class='ocrx_word' id='word_1_383' title='bbox 252 4801 546 4870; x_wconf 74' lang='lat' dir='ltr'><strong>Aposmlus</strong></span> <span class='ocrx_word' id='word_1_384' title='bbox 574 4801 706 4856; x_wconf 89' lang='lat' dir='ltr'><strong>dicit</strong></span> <span class='ocrx_word' id='word_1_385' title='bbox 734 4819 747 4855; x_wconf 91' lang='lat'><strong>:</strong></span> <span class='ocrx_word' id='word_1_386' title='bbox 784 4801 962 4854; x_wconf 83' lang='lat' dir='ltr'><strong>Omnis</strong></span> <span class='ocrx_word' id='word_1_387' title='bbox 987 4803 1160 4854; x_wconf 87' lang='lat' dir='ltr'><strong>anima</strong></span> <span class='ocrx_word' id='word_1_388' title='bbox 1177 4799 1498 4871; x_wconf 79' lang='lat' dir='ltr'><strong>potestatibus</strong></span> <span class='ocrx_word' id='word_1_389' title='bbox 1526 4797 1835 4852; x_wconf 86' lang='lat' dir='ltr'><strong>sublimiori-</strong></span> 
     </span>
    </p>
   </div>
   <div class='ocr_carea' id='block_1_51' title="bbox 250 4889 1836 4963">
    <p class='ocr_par' dir='ltr' id='par_1_51' title="bbox 250 4889 1836 4963">
     <span class='ocr_line' id='line_1_51' title="bbox 250 4889 1836 4963; baseline 0.001 -21"><span class='ocrx_word' id='word_1_390' title='bbox 250 4890 336 4946; x_wconf 74' lang='lat' dir='ltr'><strong>bus</strong></span> <span class='ocrx_word' id='word_1_391' title='bbox 358 4892 566 4946; x_wconf 80' lang='lat' dir='ltr'><strong>subdita</strong></span> <span class='ocrx_word' id='word_1_392' title='bbox 580 4892 664 4946; x_wconf 85' lang='lat' dir='ltr'><strong>sit.</strong></span> <span class='ocrx_word' id='word_1_393' title='bbox 695 4890 818 4947; x_wconf 85' lang='lat' dir='ltr'><strong>Non</strong></span> <span class='ocrx_word' id='word_1_394' title='bbox 837 4901 911 4946; x_wconf 79' lang='lat' dir='ltr'><strong>est</strong></span> <span class='ocrx_word' id='word_1_395' title='bbox 941 4892 1074 4946; x_wconf 88' lang='lat' dir='ltr'><strong>enim</strong></span> <span class='ocrx_word' id='word_1_396' title='bbox 1091 4901 1334 4963; x_wconf 83' lang='lat' dir='ltr'><strong>potestas,</strong></span> <span class='ocrx_word' id='word_1_397' title='bbox 1361 4891 1457 4945; x_wconf 83' lang='lat' dir='ltr'><strong>nisi</strong></span> <span class='ocrx_word' id='word_1_398' title='bbox 1481 4908 1512 4944; x_wconf 93' lang='lat' dir='ltr'><strong>a</strong></span> <span class='ocrx_word' id='word_1_399' title='bbox 1547 4889 1674 4945; x_wconf 89' lang='lat' dir='ltr'><strong>Deo.</strong></span> <span class='ocrx_word' id='word_1_400' title='bbox 1707 4889 1836 4956; x_wconf 74' lang='lat' dir='ltr'><strong>Qua:</strong></span> 
     </span>
    </p>
   </div>
   <div class='ocr_carea' id='block_1_52' title="bbox 249 4982 1839 5051">
    <p class='ocr_par' dir='ltr' id='par_1_52' title="bbox 249 4982 1839 5051">
     <span class='ocr_line' id='line_1_52' title="bbox 249 4982 1839 5051; baseline -0.003 -12"><span class='ocrx_word' id='word_1_401' title='bbox 249 4995 412 5039; x_wconf 77' lang='lat' dir='ltr'><strong>autem</strong></span> <span class='ocrx_word' id='word_1_402' title='bbox 439 5003 474 5038; x_wconf 91' lang='lat' dir='ltr'><strong>a</strong></span> <span class='ocrx_word' id='word_1_403' title='bbox 499 4984 606 5039; x_wconf 86' lang='lat' dir='ltr'><strong>Deo</strong></span> <span class='ocrx_word' id='word_1_404' title='bbox 646 4995 783 5049; x_wconf 83' lang='lat' dir='ltr'><strong>sunt,</strong></span> <span class='ocrx_word' id='word_1_405' title='bbox 805 4985 1054 5039; x_wconf 72' lang='lat' dir='ltr'><strong>ordinata:</strong></span> <span class='ocrx_word' id='word_1_406' title='bbox 1078 4993 1194 5038; x_wconf 85' lang='lat' dir='ltr'><strong>sunt</strong></span> <span class='ocrx_word' id='word_1_407' title='bbox 1223 4982 1263 5036; x_wconf 74' lang='grc'><strong>⁸.</strong></span> <span class='ocrx_word' id='word_1_408' title='bbox 1297 4982 1398 5050; x_wconf 82' lang='lat' dir='ltr'><strong>Qui</strong></span> <span class='ocrx_word' id='word_1_409' title='bbox 1416 4983 1597 5037; x_wconf 83' lang='lat' dir='ltr'><strong>resistit</strong></span> <span class='ocrx_word' id='word_1_410' title='bbox 1614 4992 1839 5051; x_wconf 80' lang='lat' dir='ltr'><strong>potesta-</strong></span> 
     </span>
    </p>
   </div>
   <div class='ocr_carea' id='block_1_53' title="bbox 251 5073 1840 5140">
    <p class='ocr_par' dir='ltr' id='par_1_53' title="bbox 251 5073 1840 5140">
     <span class='ocr_line' id='line_1_53' title="bbox 251 5073 1840 5140; baseline -0.001 -12"><span class='ocrx_word' id='word_1_411' title='bbox 251 5077 308 5137; x_wconf 89' lang='lat' dir='ltr'><strong>ti,</strong></span> <span class='ocrx_word' id='word_1_412' title='bbox 325 5075 422 5131; x_wconf 86' lang='lat' dir='ltr'><strong>Dei</strong></span> <span class='ocrx_word' id='word_1_413' title='bbox 451 5076 761 5130; x_wconf 85' lang='lat' dir='ltr'><strong>ordinationi</strong></span> <span class='ocrx_word' id='word_1_414' title='bbox 782 5075 981 5130; x_wconf 88' lang='lat' dir='ltr'><strong>resistit.</strong></span> <span class='ocrx_word' id='word_1_415' title='bbox 999 5073 1264 5140; x_wconf 75' lang='lat' dir='ltr'><strong>Principes</strong></span> <span class='ocrx_word' id='word_1_416' title='bbox 1284 5075 1416 5128; x_wconf 85' lang='lat' dir='ltr'><strong>enim</strong></span> <span class='ocrx_word' id='word_1_417' title='bbox 1435 5091 1535 5127; x_wconf 88' lang='lat' dir='ltr'><strong>non</strong></span> <span class='ocrx_word' id='word_1_418' title='bbox 1554 5084 1668 5127; x_wconf 77' lang='lat' dir='ltr'><strong>sunt</strong></span> <span class='ocrx_word' id='word_1_419' title='bbox 1688 5074 1840 5126; x_wconf 90' lang='lat' dir='ltr'><strong>timo-</strong></span> 
     </span>
    </p>
   </div>
   <div class='ocr_carea' id='block_1_54' title="bbox 250 5167 1840 5238">
    <p class='ocr_par' dir='ltr' id='par_1_54' title="bbox 250 5167 1840 5238">
     <span class='ocr_line' id='line_1_54' title="bbox 250 5167 1840 5238; baseline -0.001 -17"><span class='ocrx_word' id='word_1_420' title='bbox 250 5171 292 5221; x_wconf 82' lang='lat' dir='ltr'><strong>ri</strong></span> <span class='ocrx_word' id='word_1_421' title='bbox 322 5171 443 5223; x_wconf 82' lang='lat' dir='ltr'><strong>boni</strong></span> <span class='ocrx_word' id='word_1_422' title='bbox 470 5171 657 5238; x_wconf 85' lang='lat' dir='ltr'><strong>operis,</strong></span> <span class='ocrx_word' id='word_1_423' title='bbox 690 5169 779 5223; x_wconf 81' lang='lat' dir='ltr'><strong>sed</strong></span> <span class='ocrx_word' id='word_1_424' title='bbox 808 5168 949 5222; x_wconf 86' lang='lat' dir='ltr'><strong>mali.</strong></span> <span class='ocrx_word' id='word_1_425' title='bbox 979 5167 1065 5222; x_wconf 83' lang='lat' dir='ltr'><strong>Vis</strong></span> <span class='ocrx_word' id='word_1_426' title='bbox 1106 5177 1272 5222; x_wconf 82' lang='lat' dir='ltr'><strong>autent</strong></span> <span class='ocrx_word' id='word_1_427' title='bbox 1297 5183 1396 5221; x_wconf 82' lang='lat' dir='ltr'><strong>non</strong></span> <span class='ocrx_word' id='word_1_428' title='bbox 1422 5167 1594 5220; x_wconf 88' lang='lat' dir='ltr'><strong>timere</strong></span> <span class='ocrx_word' id='word_1_429' title='bbox 1620 5176 1840 5237; x_wconf 83' lang='lat' dir='ltr'><strong>potesta-</strong></span> 
     </span>
    </p>
   </div>
   <div class='ocr_carea' id='block_1_55' title="bbox 253 5256 1836 5330">
    <p class='ocr_par' dir='ltr' id='par_1_55' title="bbox 253 5256 1836 5330">
     <span class='ocr_line' id='line_1_55' title="bbox 253 5256 1836 5330; baseline 0 -18"><span class='ocrx_word' id='word_1_430' title='bbox 253 5269 348 5314; x_wconf 80' lang='lat' dir='ltr'><strong>tem</strong></span> <span class='ocrx_word' id='word_1_431' title='bbox 367 5261 394 5313; x_wconf 72' lang='lat'><strong>.9</strong></span> <span class='ocrx_word' id='word_1_432' title='bbox 421 5259 624 5314; x_wconf 79' lang='lat' dir='ltr'><strong>Bonum</strong></span> <span class='ocrx_word' id='word_1_433' title='bbox 642 5261 746 5330; x_wconf 77' lang='lat' dir='ltr'><strong>fac,</strong></span> <span class='ocrx_word' id='word_1_434' title='bbox 773 5272 818 5315; x_wconf 86' lang='lat' dir='ltr'><strong>et</strong></span> <span class='ocrx_word' id='word_1_435' title='bbox 863 5259 1066 5314; x_wconf 80' lang='lat' dir='ltr'><strong>habebis</strong></span> <span class='ocrx_word' id='word_1_436' title='bbox 1090 5258 1292 5313; x_wconf 84' lang='lat' dir='ltr'><strong>laudem</strong></span> <span class='ocrx_word' id='word_1_437' title='bbox 1316 5274 1378 5313; x_wconf 71' lang='lat' dir='ltr'><strong>ex</strong></span> <span class='ocrx_word' id='word_1_438' title='bbox 1402 5257 1493 5312; x_wconf 87' lang='lat' dir='ltr'><strong>illa</strong></span> <span class='ocrx_word' id='word_1_439' title='bbox 1516 5256 1694 5328; x_wconf 84' lang='lat' dir='ltr'><strong>(Rom.</strong></span> <span class='ocrx_word' id='word_1_440' title='bbox 1720 5274 1836 5324; x_wconf 77' lang='lat' dir='ltr'>XIII,</span> 
     </span>
    </p>
   </div>
   <div class='ocr_carea' id='block_1_56' title="bbox 313 5417 1191 5480">
    <p class='ocr_par' dir='ltr' id='par_1_56' title="bbox 313 5417 1191 5480">
     <span class='ocr_line' id='line_1_56' title="bbox 313 5417 1191 5480; baseline -0.003 -9"><span class='ocrx_word' id='word_1_441' title='bbox 313 5426 331 5454; x_wconf 76' lang='grc' dir='ltr'><strong>ι</strong></span> <span class='ocrx_word' id='word_1_442' title='bbox 359 5425 432 5472; x_wconf 77' lang='lat' dir='ltr'><strong>sic</strong></span> <span class='ocrx_word' id='word_1_443' title='bbox 454 5429 539 5473; x_wconf 77' lang='lat' dir='ltr'><strong>Ms.</strong></span> <span class='ocrx_word' id='word_1_444' title='bbox 561 5430 716 5472; x_wconf 85' lang='lat' dir='ltr'><strong>Germ.</strong></span> <span class='ocrx_word' id='word_1_445' title='bbox 736 5428 792 5474; x_wconf 82' lang='lat' dir='ltr'><strong>At</strong></span> <span class='ocrx_word' id='word_1_446' title='bbox 815 5422 951 5480; x_wconf 83' lang='lat' dir='ltr'><strong>editi,</strong></span> <span class='ocrx_word' id='word_1_447' title='bbox 975 5417 1191 5470; x_wconf 80' lang='lat' dir='ltr'><strong>auditmt.</strong></span> 
     </span>
    </p>
   </div>
   <div class='ocr_carea' id='block_1_57' title="bbox 315 5478 1841 5546">
    <p class='ocr_par' dir='ltr' id='par_1_57' title="bbox 315 5478 1841 5546">
     <span class='ocr_line' id='line_1_57' title="bbox 315 5478 1841 5546; baseline -0.001 -12"><span class='ocrx_word' id='word_1_448' title='bbox 315 5486 335 5515; x_wconf 80' lang='grc'>³</span> <span class='ocrx_word' id='word_1_449' title='bbox 358 5488 432 5535; x_wconf 82' lang='lat' dir='ltr'><strong>sic</strong></span> <span class='ocrx_word' id='word_1_450' title='bbox 455 5485 632 5534; x_wconf 88' lang='lat' dir='ltr'><strong>melius</strong></span> <span class='ocrx_word' id='word_1_451' title='bbox 653 5485 809 5535; x_wconf 81' lang='lat' dir='ltr'><strong>codex</strong></span> <span class='ocrx_word' id='word_1_452' title='bbox 842 5497 912 5534; x_wconf 87' lang='lat' dir='ltr'><strong>cs.</strong></span> <span class='ocrx_word' id='word_1_453' title='bbox 939 5478 1058 5546; x_wconf 27' lang='lat' dir='ltr'><strong>’[c‘ui</strong></span> <span class='ocrx_word' id='word_1_454' title='bbox 1079 5479 1389 5533; x_wconf 72' lang='lat' dir='ltr'><strong>sollicitudini</strong></span> <span class='ocrx_word' id='word_1_455' title='bbox 1427 5478 1576 5533; x_wconf 78' lang='lat' dir='ltr'><strong>tacita</strong></span> <span class='ocrx_word' id='word_1_456' title='bbox 1611 5479 1841 5533; x_wconf 65' lang='lat' dir='ltr'><strong>Dominus</strong></span> 
     </span>
    </p>
   </div>
   <div class='ocr_carea' id='block_1_58' title="bbox 255 5546 831 5611">
    <p class='ocr_par' dir='ltr' id='par_1_58' title="bbox 255 5546 831 5611">
     <span class='ocr_line' id='line_1_58' title="bbox 255 5546 831 5611; baseline -0.002 -14"><span class='ocrx_word' id='word_1_457' title='bbox 255 5559 364 5597; x_wconf 77' lang='lat' dir='ltr'><strong>tace</strong></span> <span class='ocrx_word' id='word_1_458' title='bbox 380 5546 667 5611; x_wconf 61' lang='lat' dir='ltr'><strong>respondit]</strong></span> <span class='ocrx_word' id='word_1_459' title='bbox 825 5579 831 5584; x_wconf 92' lang='lat'><strong><em>-</em></strong></span> 
     </span>
    </p>
   </div>
   <div class='ocr_carea' id='block_1_59' title="bbox 317 5603 1656 5669">
    <p class='ocr_par' dir='ltr' id='par_1_59' title="bbox 317 5603 1656 5669">
     <span class='ocr_line' id='line_1_59' title="bbox 317 5603 1656 5669; baseline -0.002 -13"><span class='ocrx_word' id='word_1_460' title='bbox 317 5613 336 5640; x_wconf 83' lang='grc'>³</span> <span class='ocrx_word' id='word_1_461' title='bbox 359 5603 473 5656; x_wconf 80' lang='grc' dir='ltr'><strong>Αω.’</strong></span> <span class='ocrx_word' id='word_1_462' title='bbox 489 5616 562 5658; x_wconf 83' lang='lat' dir='ltr'><strong>Er.</strong></span> <span class='ocrx_word' id='word_1_463' title='bbox 611 5603 667 5658; x_wconf 69' lang='lat' dir='ltr'><strong>ei</strong></span> <span class='ocrx_word' id='word_1_464' title='bbox 680 5616 758 5657; x_wconf 77' lang='lat' dir='ltr'><strong>Ms.</strong></span> <span class='ocrx_word' id='word_1_465' title='bbox 777 5606 1115 5657; x_wconf 83' lang='lat' dir='ltr'><strong>Germanensis</strong></span> <span class='ocrx_word' id='word_1_466' title='bbox 1137 5605 1376 5664; x_wconf 88' lang='lat' dir='ltr'><strong>omittunt,</strong></span> <span class='ocrx_word' id='word_1_467' title='bbox 1407 5603 1656 5669; x_wconf 86' lang='lat' dir='ltr'><strong>quomodo.</strong></span> 
     </span>
    </p>
   </div>
   <div class='ocr_carea' id='block_1_60' title="bbox 315 5665 1842 5733">
    <p class='ocr_par' dir='ltr' id='par_1_60' title="bbox 315 5665 1842 5733">
     <span class='ocr_line' id='line_1_60' title="bbox 315 5665 1842 5733; baseline -0.001 -15"><span class='ocrx_word' id='word_1_468' title='bbox 315 5671 337 5699; x_wconf 71' lang='grc'>⁸</span> <span class='ocrx_word' id='word_1_469' title='bbox 361 5677 433 5718; x_wconf 82' lang='lat' dir='ltr'><strong>Er.</strong></span> <span class='ocrx_word' id='word_1_470' title='bbox 461 5671 607 5733; x_wconf 76' lang='lat' dir='ltr'><strong>Lugd.</strong></span> <span class='ocrx_word' id='word_1_471' title='bbox 634 5679 751 5725; x_wconf 80' lang='lat' dir='ltr'><strong>ven.</strong></span> <span class='ocrx_word' id='word_1_472' title='bbox 779 5669 986 5733; x_wconf 83' lang='lat' dir='ltr'><strong>legunt:</strong></span> <span class='ocrx_word' id='word_1_473' title='bbox 1015 5678 1130 5729; x_wconf 78' lang='lat' dir='ltr'><strong>Qua:</strong></span> <span class='ocrx_word' id='word_1_474' title='bbox 1152 5674 1311 5716; x_wconf 85' lang='lat' dir='ltr'><strong>autem</strong></span> <span class='ocrx_word' id='word_1_475' title='bbox 1344 5665 1471 5728; x_wconf 77' lang='lat' dir='ltr'><strong>sunt,</strong></span> <span class='ocrx_word' id='word_1_476' title='bbox 1503 5683 1534 5717; x_wconf 83' lang='grc' dir='ltr'>α</span> <span class='ocrx_word' id='word_1_477' title='bbox 1565 5675 1666 5733; x_wconf 89' lang='lat' dir='ltr'><strong>Deo</strong></span> <span class='ocrx_word' id='word_1_478' title='bbox 1689 5665 1842 5733; x_wconf 76' lang='lat' dir='ltr'><strong>__or(.&#39;i-</strong></span> 
     </span>
    </p>
   </div>
   <div class='ocr_carea' id='block_1_61' title="bbox 256 5729 1843 5792">
    <p class='ocr_par' dir='ltr' id='par_1_61' title="bbox 256 5729 1843 5792">
     <span class='ocr_line' id='line_1_61' title="bbox 256 5729 1843 5792; baseline -0.002 -11"><span class='ocrx_word' id='word_1_479' title='bbox 256 5739 366 5781; x_wconf 62' lang='lat' dir='ltr'><strong>nata</strong></span> <span class='ocrx_word' id='word_1_480' title='bbox 409 5729 552 5781; x_wconf 55' lang='lat' dir='ltr'><strong>sunt?</strong></span> <span class='ocrx_word' id='word_1_481' title='bbox 573 5740 683 5784; x_wconf 66' lang='lat' dir='ltr'><strong>Iov.</strong></span> <span class='ocrx_word' id='word_1_482' title='bbox 727 5736 796 5782; x_wconf 82' lang='lat' dir='ltr'><strong>sic</strong></span> <span class='ocrx_word' id='word_1_483' title='bbox 822 5729 987 5792; x_wconf 58' lang='lat' dir='ltr'><strong>{Quot</strong></span> <span class='ocrx_word' id='word_1_484' title='bbox 1026 5735 1183 5779; x_wconf 81' lang='lat' dir='ltr'><strong>autem</strong></span> <span class='ocrx_word' id='word_1_485' title='bbox 1220 5735 1357 5791; x_wconf 85' lang='lat' dir='ltr'><strong>sunt,</strong></span> <span class='ocrx_word' id='word_1_486' title='bbox 1393 5744 1422 5779; x_wconf 82' lang='grc' dir='ltr'><em>α</em></span> <span class='ocrx_word' id='word_1_487' title='bbox 1470 5738 1566 5780; x_wconf 85' lang='lat' dir='ltr'><strong>Deo</strong></span> <span class='ocrx_word' id='word_1_488' title='bbox 1608 5729 1843 5779; x_wconf 69' lang='lat' dir='ltr'><strong>ofdiltulte</strong></span> 
     </span>
    </p>
   </div>
   <div class='ocr_carea' id='block_1_62' title="bbox 258 5800 503 5842">
    <p class='ocr_par' dir='ltr' id='par_1_62' title="bbox 258 5800 503 5842">
     <span class='ocr_line' id='line_1_62' title="bbox 258 5800 503 5842; baseline 0.004 -1"><span class='ocrx_word' id='word_1_489' title='bbox 258 5800 362 5841; x_wconf 70' lang='grc' dir='ltr'>εευιι</span> <span class='ocrx_word' id='word_1_490' title='bbox 369 5829 377 5838; x_wconf 93' lang='grc'>.</span> <span class='ocrx_word' id='word_1_491' title='bbox 449 5800 503 5842; x_wconf 65' lang='grc' dir='ltr'><strong>Η.</strong></span> 
     </span>
    </p>
   </div>
   <div class='ocr_carea' id='block_1_63' title="bbox 1681 290 2078 349">
    <p class='ocr_par' dir='ltr' id='par_1_63' title="bbox 1681 290 2078 349">
     <span class='ocr_line' id='line_1_63' title="bbox 1681 290 2078 349; baseline -0.013 0"><span class='ocrx_word' id='word_1_492' title='bbox 1681 290 1906 349; x_wconf 78' lang='lat' dir='ltr'><strong>SERMO</strong></span> <span class='ocrx_word' id='word_1_493' title='bbox 1943 291 2078 346; x_wconf 82' lang='lat' dir='ltr'>XIII.</span> 
     </span>
    </p>
   </div>
   <div class='ocr_carea' id='block_1_64' title="bbox 3389 303 3492 361">
    <p class='ocr_par' dir='ltr' id='par_1_64' title="bbox 3389 303 3492 361">
     <span class='ocr_line' id='line_1_64' title="bbox 3389 303 3492 361; baseline 0.029 -3"><span class='ocrx_word' id='word_1_494' title='bbox 3389 303 3492 361; x_wconf 81' lang='grc'><strong>110</strong></span> 
     </span>
    </p>
   </div>
   <div class='ocr_carea' id='block_1_65' title="bbox 1935 404 3506 486">
    <p class='ocr_par' dir='ltr' id='par_1_65' title="bbox 1935 404 3506 486">
     <span class='ocr_line' id='line_1_65' title="bbox 1935 404 3506 486; baseline 0.01 -28"><span class='ocrx_word' id='word_1_495' title='bbox 1935 405 2033 459; x_wconf 79' lang='grc'><strong>1-5</strong></span> <span class='ocrx_word' id='word_1_496' title='bbox 2057 405 2100 476; x_wconf 87' lang='grc'><strong>).</strong></span> <span class='ocrx_word' id='word_1_497' title='bbox 2133 404 2254 458; x_wconf 84' lang='lat' dir='ltr'><strong>Etsi</strong></span> <span class='ocrx_word' id='word_1_498' title='bbox 2271 419 2376 459; x_wconf 90' lang='lat' dir='ltr'><strong>non</strong></span> <span class='ocrx_word' id='word_1_499' title='bbox 2399 405 2594 474; x_wconf 87' lang='lat' dir='ltr'><strong>abilla,</strong></span> <span class='ocrx_word' id='word_1_500' title='bbox 2623 414 2799 464; x_wconf 90' lang='lat' dir='ltr'><strong>tamen</strong></span> <span class='ocrx_word' id='word_1_501' title='bbox 2820 425 2882 465; x_wconf 65' lang='lat' dir='ltr'><strong>ea:</strong></span> <span class='ocrx_word' id='word_1_502' title='bbox 2901 409 3010 464; x_wconf 85' lang='lat' dir='ltr'><strong>illa.</strong></span> <span class='ocrx_word' id='word_1_503' title='bbox 3043 411 3148 468; x_wconf 86' lang='lat' dir='ltr'><strong>Aut</strong></span> <span class='ocrx_word' id='word_1_504' title='bbox 3199 413 3341 468; x_wconf 90' lang='lat' dir='ltr'><strong>enim</strong></span> <span class='ocrx_word' id='word_1_505' title='bbox 3360 415 3506 486; x_wconf 77' lang='lat' dir='ltr'><strong>juste</strong></span> 
     </span>
    </p>
   </div>
   <div class='ocr_carea' id='block_1_66' title="bbox 1929 495 3505 577">
    <p class='ocr_par' dir='ltr' id='par_1_66' title="bbox 1929 495 3505 577">
     <span class='ocr_line' id='line_1_66' title="bbox 1929 495 3505 577; baseline 0.01 -29"><span class='ocrx_word' id='word_1_506' title='bbox 1929 496 2060 565; x_wconf 83' lang='lat' dir='ltr'><strong>agis,</strong></span> <span class='ocrx_word' id='word_1_507' title='bbox 2093 495 2307 565; x_wconf 89' lang='lat' dir='ltr'><strong>etjusta</strong></span> <span class='ocrx_word' id='word_1_508' title='bbox 2325 507 2557 567; x_wconf 89' lang='lat' dir='ltr'><strong>potestas</strong></span> <span class='ocrx_word' id='word_1_509' title='bbox 2572 499 2804 556; x_wconf 87' lang='lat' dir='ltr'><strong>laudabit</strong></span> <span class='ocrx_word' id='word_1_510' title='bbox 2836 510 2919 557; x_wconf 89' lang='lat' dir='ltr'><strong>te:</strong></span> <span class='ocrx_word' id='word_1_511' title='bbox 2951 512 3042 558; x_wconf 91' lang='lat' dir='ltr'><strong>aut</strong></span> <span class='ocrx_word' id='word_1_512' title='bbox 3058 504 3202 574; x_wconf 89' lang='lat' dir='ltr'><strong>juste</strong></span> <span class='ocrx_word' id='word_1_513' title='bbox 3231 514 3505 577; x_wconf 85' lang='lat' dir='ltr'><strong>agentem,</strong></span> 
     </span>
    </p>
   </div>
   <div class='ocr_carea' id='block_1_67' title="bbox 1930 588 3506 666">
    <p class='ocr_par' dir='ltr' id='par_1_67' title="bbox 1930 588 3506 666">
     <span class='ocr_line' id='line_1_67' title="bbox 1930 588 3506 666; baseline 0.011 -26"><span class='ocrx_word' id='word_1_514' title='bbox 1930 588 2136 642; x_wconf 88' lang='lat' dir='ltr'><strong>etiamsi</strong></span> <span class='ocrx_word' id='word_1_515' title='bbox 2159 596 2392 658; x_wconf 89' lang='lat' dir='ltr'><strong>potestas</strong></span> <span class='ocrx_word' id='word_1_516' title='bbox 2425 590 2616 658; x_wconf 87' lang='lat' dir='ltr'><strong>injusta</strong></span> <span class='ocrx_word' id='word_1_517' title='bbox 2641 591 2856 648; x_wconf 90' lang='lat' dir='ltr'><strong>damnet</strong></span> <span class='ocrx_word' id='word_1_518' title='bbox 2891 602 2961 661; x_wconf 89' lang='lat' dir='ltr'><strong>te,</strong></span> <span class='ocrx_word' id='word_1_519' title='bbox 2997 596 3135 652; x_wconf 91' lang='lat' dir='ltr'><strong>Deus</strong></span> <span class='ocrx_word' id='word_1_520' title='bbox 3144 597 3320 666; x_wconf 88' lang='lat' dir='ltr'><strong>justus</strong></span> <span class='ocrx_word' id='word_1_521' title='bbox 3341 614 3506 656; x_wconf 85' lang='lat' dir='ltr'><strong>coro-</strong></span> 
     </span>
    </p>
   </div>
   <div class='ocr_carea' id='block_1_68' title="bbox 1928 678 3508 754">
    <p class='ocr_par' dir='ltr' id='par_1_68' title="bbox 1928 678 3508 754">
     <span class='ocr_line' id='line_1_68' title="bbox 1928 678 3508 754; baseline 0.01 -22"><span class='ocrx_word' id='word_1_522' title='bbox 1928 678 2075 734; x_wconf 88' lang='lat' dir='ltr'><strong>nabit</strong></span> <span class='ocrx_word' id='word_1_523' title='bbox 2103 685 2173 733; x_wconf 89' lang='lat' dir='ltr'><strong>te.</strong></span> <span class='ocrx_word' id='word_1_524' title='bbox 2199 680 2275 733; x_wconf 81' lang='lat' dir='ltr'><strong>Ac</strong></span> <span class='ocrx_word' id='word_1_525' title='bbox 2297 695 2390 748; x_wconf 88' lang='lat' dir='ltr'><strong>per</strong></span> <span class='ocrx_word' id='word_1_526' title='bbox 2420 679 2519 735; x_wconf 88' lang='lat' dir='ltr'><strong>hoc</strong></span> <span class='ocrx_word' id='word_1_527' title='bbox 2535 693 2587 735; x_wconf 90' lang='lat' dir='ltr'><strong>tu</strong></span> <span class='ocrx_word' id='word_1_528' title='bbox 2608 682 2863 751; x_wconf 88' lang='lat' dir='ltr'><strong>justitiam</strong></span> <span class='ocrx_word' id='word_1_529' title='bbox 2887 695 3008 742; x_wconf 88' lang='lat' dir='ltr'><strong>tene</strong></span> <span class='ocrx_word' id='word_1_530' title='bbox 3030 729 3045 754; x_wconf 91' lang='lat'><strong>,</strong></span> <span class='ocrx_word' id='word_1_531' title='bbox 3084 697 3139 743; x_wconf 93' lang='lat' dir='ltr'><strong>tu</strong></span> <span class='ocrx_word' id='word_1_532' title='bbox 3171 690 3307 746; x_wconf 86' lang='lat' dir='ltr'><strong>bene</strong></span> <span class='ocrx_word' id='word_1_533' title='bbox 3334 693 3452 747; x_wconf 84' lang='lat' dir='ltr'><strong>vive</strong></span> <span class='ocrx_word' id='word_1_534' title='bbox 3484 682 3508 748; x_wconf 70' lang='grc' dir='ltr'><strong>τ’</strong></span> 
     </span>
    </p>
   </div>
   <div class='ocr_carea' id='block_1_69' title="bbox 1928 769 3498 840">
    <p class='ocr_par' dir='ltr' id='par_1_69' title="bbox 1928 769 3498 840">
     <span class='ocr_line' id='line_1_69' title="bbox 1928 769 3498 840; baseline 0.01 -18"><span class='ocrx_word' id='word_1_535' title='bbox 1928 778 1982 823; x_wconf 89' lang='lat' dir='ltr'><strong>et</strong></span> <span class='ocrx_word' id='word_1_536' title='bbox 2007 769 2116 823; x_wconf 84' lang='lat' dir='ltr'><strong>sive</strong></span> <span class='ocrx_word' id='word_1_537' title='bbox 2132 769 2365 838; x_wconf 81' lang='lat' dir='ltr'><strong>damnet,</strong></span> <span class='ocrx_word' id='word_1_538' title='bbox 2397 770 2507 825; x_wconf 88' lang='lat' dir='ltr'><strong>sive</strong></span> <span class='ocrx_word' id='word_1_539' title='bbox 2530 773 2786 840; x_wconf 87' lang='lat' dir='ltr'><strong>absolvat,</strong></span> <span class='ocrx_word' id='word_1_540' title='bbox 2808 773 3026 832; x_wconf 87' lang='lat' dir='ltr'><strong>habebis</strong></span> <span class='ocrx_word' id='word_1_541' title='bbox 3064 778 3272 835; x_wconf 77' lang='lat' dir='ltr'><strong>laudern</strong></span> <span class='ocrx_word' id='word_1_542' title='bbox 3305 782 3498 838; x_wconf 63' lang='lat' dir='ltr'><strong>catilla.</strong></span> 
     </span>
    </p>
   </div>
   <div class='ocr_carea' id='block_1_70' title="bbox 1927 857 3504 938">
    <p class='ocr_par' dir='ltr' id='par_1_70' title="bbox 1927 857 3504 938">
     <span class='ocr_line' id='line_1_70' title="bbox 1927 857 3504 938; baseline 0.011 -25"><span class='ocrx_word' id='word_1_543' title='bbox 1927 857 2120 913; x_wconf 88' lang='lat' dir='ltr'><strong>Beatus</strong></span> <span class='ocrx_word' id='word_1_544' title='bbox 2162 860 2269 926; x_wconf 89' lang='lat' dir='ltr'><strong>ille,</strong></span> <span class='ocrx_word' id='word_1_545' title='bbox 2321 861 2471 930; x_wconf 87' lang='lat' dir='ltr'><strong>cujus</strong></span> <span class='ocrx_word' id='word_1_546' title='bbox 2499 861 2585 917; x_wconf 89' lang='lat' dir='ltr'><strong>hic</strong></span> <span class='ocrx_word' id='word_1_547' title='bbox 2608 865 2820 935; x_wconf 83' lang='lat' dir='ltr'><strong>sanguis</strong></span> <span class='ocrx_word' id='word_1_548' title='bbox 2849 865 2995 922; x_wconf 79' lang='lat' dir='ltr'><strong>fusus</strong></span> <span class='ocrx_word' id='word_1_549' title='bbox 3030 877 3114 924; x_wconf 86' lang='lat' dir='ltr'><strong>est</strong></span> <span class='ocrx_word' id='word_1_550' title='bbox 3143 871 3181 938; x_wconf 76' lang='grc' dir='ltr'><strong>ί,</strong></span> <span class='ocrx_word' id='word_1_551' title='bbox 3215 887 3392 929; x_wconf 83' lang='grc' dir='ltr'>ιιοιιιιθ</span> <span class='ocrx_word' id='word_1_552' title='bbox 3432 889 3504 932; x_wconf 80' lang='lat' dir='ltr'><strong>ex</strong></span> 
     </span>
    </p>
   </div>
   <div class='ocr_carea' id='block_1_71' title="bbox 1927 949 3497 1036">
    <p class='ocr_par' dir='ltr' id='par_1_71' title="bbox 1927 949 3497 1036">
     <span class='ocr_line' id='line_1_71' title="bbox 1927 949 3497 1036; baseline 0.012 -33"><span class='ocrx_word' id='word_1_553' title='bbox 1927 949 2040 1020; x_wconf 90' lang='lat' dir='ltr'><strong>ipsa</strong></span> <span class='ocrx_word' id='word_1_554' title='bbox 2068 961 2348 1022; x_wconf 87' lang='lat' dir='ltr'><strong>potestate,</strong></span> <span class='ocrx_word' id='word_1_555' title='bbox 2378 961 2666 1026; x_wconf 61' lang='lat' dir='ltr'><strong>antequam”</strong></span> <span class='ocrx_word' id='word_1_556' title='bbox 2687 967 2742 1012; x_wconf 91' lang='lat' dir='ltr'><strong>et</strong></span> <span class='ocrx_word' id='word_1_557' title='bbox 2775 973 2807 1012; x_wconf 89' lang='lat' dir='ltr'><strong>a</strong></span> <span class='ocrx_word' id='word_1_558' title='bbox 2833 974 2934 1028; x_wconf 88' lang='lat' dir='ltr'><strong>qua</strong></span> <span class='ocrx_word' id='word_1_559' title='bbox 2958 961 3106 1017; x_wconf 89' lang='lat' dir='ltr'><strong>visus</strong></span> <span class='ocrx_word' id='word_1_560' title='bbox 3143 973 3227 1020; x_wconf 87' lang='lat' dir='ltr'><strong>est</strong></span> <span class='ocrx_word' id='word_1_561' title='bbox 3243 964 3497 1036; x_wconf 85' lang='lat' dir='ltr'><strong>judicari,</strong></span> 
     </span>
    </p>
   </div>
   <div class='ocr_carea' id='block_1_72' title="bbox 1929 1039 3502 1127">
    <p class='ocr_par' dir='ltr' id='par_1_72' title="bbox 1929 1039 3502 1127">
     <span class='ocr_line' id='line_1_72' title="bbox 1929 1039 3502 1127; baseline 0.013 -33"><span class='ocrx_word' id='word_1_562' title='bbox 1929 1039 2134 1096; x_wconf 78' lang='lat' dir='ltr'><strong>Iaudem</strong></span> <span class='ocrx_word' id='word_1_563' title='bbox 2157 1044 2387 1098; x_wconf 87' lang='lat' dir='ltr'><strong>invenit?</strong></span> <span class='ocrx_word' id='word_1_564' title='bbox 2412 1044 2813 1102; x_wconf 85' lang='lat' dir='ltr'><strong>Coniessionem</strong></span> <span class='ocrx_word' id='word_1_565' title='bbox 2835 1053 3094 1120; x_wconf 89' lang='lat' dir='ltr'><strong>prompsit</strong></span> <span class='ocrx_word' id='word_1_566' title='bbox 3110 1055 3154 1120; x_wconf 78' lang='lat'><strong>&#39;,</strong></span> <span class='ocrx_word' id='word_1_567' title='bbox 3180 1055 3232 1110; x_wconf 91' lang='lat' dir='ltr'><strong>in</strong></span> <span class='ocrx_word' id='word_1_568' title='bbox 3262 1055 3366 1112; x_wconf 83' lang='lat' dir='ltr'><strong>(ide</strong></span> <span class='ocrx_word' id='word_1_569' title='bbox 3380 1072 3502 1127; x_wconf 85' lang='lat' dir='ltr'><strong>per-</strong></span> 
     </span>
    </p>
   </div>
   <div class='ocr_carea' id='block_1_73' title="bbox 1926 1137 3500 1216">
    <p class='ocr_par' dir='ltr' id='par_1_73' title="bbox 1926 1137 3500 1216">
     <span class='ocr_line' id='line_1_73' title="bbox 1926 1137 3500 1216; baseline 0.011 -28"><span class='ocrx_word' id='word_1_570' title='bbox 1926 1137 2158 1190; x_wconf 82' lang='lat' dir='ltr'><strong>mansit:</strong></span> <span class='ocrx_word' id='word_1_571' title='bbox 2184 1146 2408 1192; x_wconf 88' lang='lat' dir='ltr'><strong>mortem</strong></span> <span class='ocrx_word' id='word_1_572' title='bbox 2432 1155 2536 1193; x_wconf 93' lang='lat' dir='ltr'><strong>non</strong></span> <span class='ocrx_word' id='word_1_573' title='bbox 2573 1139 2766 1209; x_wconf 89' lang='lat' dir='ltr'><strong>timuit,</strong></span> <span class='ocrx_word' id='word_1_574' title='bbox 2803 1143 3114 1215; x_wconf 85' lang='lat' dir='ltr'><strong>sanguinem</strong></span> <span class='ocrx_word' id='word_1_575' title='bbox 3134 1145 3286 1216; x_wconf 82' lang='lat' dir='ltr'><strong>ludit,</strong></span> <span class='ocrx_word' id='word_1_576' title='bbox 3313 1148 3500 1205; x_wconf 86' lang='lat' dir='ltr'><strong>diabo-</strong></span> 
     </span>
    </p>
   </div>
   <div class='ocr_carea' id='block_1_74' title="bbox 1928 1224 2300 1299">
    <p class='ocr_par' dir='ltr' id='par_1_74' title="bbox 1928 1224 2300 1299">
     <span class='ocr_line' id='line_1_74' title="bbox 1928 1224 2300 1299; baseline 0.008 -21"><span class='ocrx_word' id='word_1_577' title='bbox 1928 1224 2034 1279; x_wconf 91' lang='lat' dir='ltr'><strong>Ium</strong></span> <span class='ocrx_word' id='word_1_578' title='bbox 2062 1227 2184 1280; x_wconf 87' lang='lat' dir='ltr'><strong>vicit</strong></span> <span class='ocrx_word' id='word_1_579' title='bbox 2201 1227 2274 1299; x_wconf 92' lang='lat' dir='ltr'><strong>(a)</strong></span> <span class='ocrx_word' id='word_1_580' title='bbox 2288 1269 2300 1281; x_wconf 98' lang='lat'><strong>.</strong></span> 
     </span>
    </p>
   </div>
   <div class='ocr_carea' id='block_1_75' title="bbox 1999 1317 3510 1394">
    <p class='ocr_par' dir='ltr' id='par_1_75' title="bbox 1999 1317 3510 1394">
     <span class='ocr_line' id='line_1_75' title="bbox 1999 1317 3510 1394; baseline 0.009 -24"><span class='ocrx_word' id='word_1_581' title='bbox 1999 1317 2220 1373; x_wconf 79' lang='lat' dir='ltr'><strong>CAPUT</strong></span> <span class='ocrx_word' id='word_1_582' title='bbox 2255 1318 2338 1373; x_wconf 82' lang='lat' dir='ltr'><strong>Vl.</strong></span> <span class='ocrx_word' id='word_1_583' title='bbox 2360 1349 2430 1358; x_wconf 89' lang='lat'><strong>—</strong></span> <span class='ocrx_word' id='word_1_584' title='bbox 2451 1320 2502 1375; x_wconf 84' lang='grc'><strong>7.</strong></span> <span class='ocrx_word' id='word_1_585' title='bbox 2528 1318 2701 1375; x_wconf 74' lang='lat' dir='ltr'><strong>Iudex</strong></span> <span class='ocrx_word' id='word_1_586' title='bbox 2727 1323 2778 1376; x_wconf 86' lang='lat' dir='ltr'><strong>in</strong></span> <span class='ocrx_word' id='word_1_587' title='bbox 2804 1339 2858 1378; x_wconf 81' lang='lat' dir='ltr'><strong>se</strong></span> <span class='ocrx_word' id='word_1_588' title='bbox 2895 1324 3137 1394; x_wconf 84' lang='lat' dir='ltr'><strong>primum,</strong></span> <span class='ocrx_word' id='word_1_589' title='bbox 3165 1335 3273 1382; x_wconf 85' lang='lat' dir='ltr'><strong>tum</strong></span> <span class='ocrx_word' id='word_1_590' title='bbox 3297 1329 3350 1383; x_wconf 84' lang='lat' dir='ltr'><strong>in</strong></span> <span class='ocrx_word' id='word_1_591' title='bbox 3377 1330 3510 1386; x_wconf 88' lang='lat' dir='ltr'><strong>alios</strong></span> 
     </span>
    </p>
   </div>
   <div class='ocr_carea' id='block_1_76' title="bbox 1918 1408 3504 1491">
    <p class='ocr_par' dir='ltr' id='par_1_76' title="bbox 1918 1408 3504 1491">
     <span class='ocr_line' id='line_1_76' title="bbox 1918 1408 3504 1491; baseline 0.013 -33"><span class='ocrx_word' id='word_1_592' title='bbox 1918 1408 2009 1476; x_wconf 85' lang='lat' dir='ltr'><strong>jus</strong></span> <span class='ocrx_word' id='word_1_593' title='bbox 2033 1408 2185 1462; x_wconf 86' lang='lat' dir='ltr'><strong>dicat.</strong></span> <span class='ocrx_word' id='word_1_594' title='bbox 2209 1408 2280 1465; x_wconf 93' lang='lat' dir='ltr'><strong>Ut</strong></span> <span class='ocrx_word' id='word_1_595' title='bbox 2307 1425 2432 1480; x_wconf 84' lang='lat' dir='ltr'><strong>ergo</strong></span> <span class='ocrx_word' id='word_1_596' title='bbox 2461 1426 2567 1466; x_wconf 90' lang='lat' dir='ltr'><strong>non</strong></span> <span class='ocrx_word' id='word_1_597' title='bbox 2593 1413 2708 1468; x_wconf 90' lang='lat' dir='ltr'><strong>sitis</strong></span> <span class='ocrx_word' id='word_1_598' title='bbox 2729 1414 2923 1485; x_wconf 75' lang='lat' dir='ltr'><strong>iniqua:</strong></span> <span class='ocrx_word' id='word_1_599' title='bbox 2951 1419 3322 1490; x_wconf 87' lang='lat' dir='ltr'><strong>potestatis(b)</strong></span> <span class='ocrx_word' id='word_1_600' title='bbox 3339 1461 3352 1484; x_wconf 90' lang='lat'><strong>,</strong></span> <span class='ocrx_word' id='word_1_601' title='bbox 3382 1423 3504 1491; x_wconf 80' lang='lat' dir='ltr'><strong>qui-</strong></span> 
     </span>
    </p>
   </div>
   <div class='ocr_carea' id='block_1_77' title="bbox 1927 1499 3510 1580">
    <p class='ocr_par' dir='ltr' id='par_1_77' title="bbox 1927 1499 3510 1580">
     <span class='ocr_line' id='line_1_77' title="bbox 1927 1499 3510 1580; baseline 0.008 -26"><span class='ocrx_word' id='word_1_602' title='bbox 1927 1513 2154 1569; x_wconf 86' lang='lat' dir='ltr'><strong>cumque</strong></span> <span class='ocrx_word' id='word_1_603' title='bbox 2191 1499 2432 1556; x_wconf 88' lang='lat' dir='ltr'><strong>homines</strong></span> <span class='ocrx_word' id='word_1_604' title='bbox 2467 1502 2622 1557; x_wconf 86' lang='lat' dir='ltr'><strong>vultis</strong></span> <span class='ocrx_word' id='word_1_605' title='bbox 2661 1503 2857 1560; x_wconf 84' lang='lat' dir='ltr'><strong>habere</strong></span> <span class='ocrx_word' id='word_1_606' title='bbox 2897 1506 2950 1560; x_wconf 92' lang='lat' dir='ltr'><strong>in</strong></span> <span class='ocrx_word' id='word_1_607' title='bbox 2972 1505 3214 1564; x_wconf 84' lang='lat' dir='ltr'><strong>homines</strong></span> <span class='ocrx_word' id='word_1_608' title='bbox 3241 1509 3510 1580; x_wconf 72' lang='lat' dir='ltr'><strong>’potesta-</strong></span> 
     </span>
    </p>
   </div>
   <div class='ocr_carea' id='block_1_78' title="bbox 1930 1591 3510 1667">
    <p class='ocr_par' dir='ltr' id='par_1_78' title="bbox 1930 1591 3510 1667">
     <span class='ocr_line' id='line_1_78' title="bbox 1930 1591 3510 1667; baseline 0.009 -24"><span class='ocrx_word' id='word_1_609' title='bbox 1930 1598 2076 1656; x_wconf 87' lang='lat' dir='ltr'><strong>tem;</strong></span> <span class='ocrx_word' id='word_1_610' title='bbox 2117 1591 2421 1660; x_wconf 91' lang='lat' dir='ltr'><strong>erudimini,</strong></span> <span class='ocrx_word' id='word_1_611' title='bbox 2463 1608 2530 1648; x_wconf 94' lang='lat' dir='ltr'><strong>ne</strong></span> <span class='ocrx_word' id='word_1_612' title='bbox 2566 1609 2817 1664; x_wconf 88' lang='lat' dir='ltr'><strong>perverse</strong></span> <span class='ocrx_word' id='word_1_613' title='bbox 2873 1596 3243 1667; x_wconf 63' lang='lat' dir='ltr'><strong>judieetis,&#39;et</strong></span> <span class='ocrx_word' id='word_1_614' title='bbox 3283 1610 3408 1658; x_wconf 84' lang='lat' dir='ltr'><strong>ante</strong></span> <span class='ocrx_word' id='word_1_615' title='bbox 3456 1602 3510 1658; x_wconf 91' lang='lat' dir='ltr'><strong>in</strong></span> 
     </span>
    </p>
   </div>
   <div class='ocr_carea' id='block_1_79' title="bbox 1929 1681 3510 1762">
    <p class='ocr_par' dir='ltr' id='par_1_79' title="bbox 1929 1681 3510 1762">
     <span class='ocr_line' id='line_1_79' title="bbox 1929 1681 3510 1762; baseline 0.009 -29"><span class='ocrx_word' id='word_1_616' title='bbox 1929 1681 2101 1735; x_wconf 88' lang='lat' dir='ltr'><strong>anima</strong></span> <span class='ocrx_word' id='word_1_617' title='bbox 2141 1683 2389 1752; x_wconf 88' lang='lat' dir='ltr'><strong>pereatis,</strong></span> <span class='ocrx_word' id='word_1_618' title='bbox 2419 1700 2577 1753; x_wconf 91' lang='lat' dir='ltr'><strong>quam</strong></span> <span class='ocrx_word' id='word_1_619' title='bbox 2615 1700 2936 1758; x_wconf 90' lang='lat' dir='ltr'><strong>quemquam</strong></span> <span class='ocrx_word' id='word_1_620' title='bbox 2967 1689 3020 1744; x_wconf 92' lang='lat' dir='ltr'><strong>in</strong></span> <span class='ocrx_word' id='word_1_621' title='bbox 3055 1705 3217 1747; x_wconf 87' lang='lat' dir='ltr'><strong>carne</strong></span> <span class='ocrx_word' id='word_1_622' title='bbox 3255 1691 3510 1762; x_wconf 82' lang='lat' dir='ltr'><strong>perdatis.</strong></span> 
     </span>
    </p>
   </div>
   <div class='ocr_carea' id='block_1_80' title="bbox 1929 1773 3509 1854">
    <p class='ocr_par' dir='ltr' id='par_1_80' title="bbox 1929 1773 3509 1854">
     <span class='ocr_line' id='line_1_80' title="bbox 1929 1773 3509 1854; baseline 0.007 -25"><span class='ocrx_word' id='word_1_623' title='bbox 1929 1773 2097 1829; x_wconf 87' lang='lat' dir='ltr'><strong>.Iudex</strong></span> <span class='ocrx_word' id='word_1_624' title='bbox 2137 1790 2256 1830; x_wconf 86' lang='lat' dir='ltr'><strong>esse</strong></span> <span class='ocrx_word' id='word_1_625' title='bbox 2292 1776 2373 1831; x_wconf 87' lang='lat' dir='ltr'><strong>vis</strong></span> <span class='ocrx_word' id='word_1_626' title='bbox 2413 1775 2548 1848; x_wconf 89' lang='lat' dir='ltr'><strong>(non</strong></span> <span class='ocrx_word' id='word_1_627' title='bbox 2589 1777 2611 1808; x_wconf 69' lang='grc'>⁸</span> <span class='ocrx_word' id='word_1_628' title='bbox 2639 1788 2790 1848; x_wconf 79' lang='lat' dir='ltr'><strong>potes</strong></span> <span class='ocrx_word' id='word_1_629' title='bbox 2825 1781 3086 1853; x_wconf 87' lang='lat' dir='ltr'><strong>meritis),</strong></span> <span class='ocrx_word' id='word_1_630' title='bbox 3125 1783 3206 1838; x_wconf 91' lang='lat' dir='ltr'><strong>vel</strong></span> <span class='ocrx_word' id='word_1_631' title='bbox 3246 1785 3509 1854; x_wconf 85' lang='lat' dir='ltr'><strong>pecunia;</strong></span> 
     </span>
    </p>
   </div>
   <div class='ocr_carea' id='block_1_81' title="bbox 1931 1865 3516 1948">
    <p class='ocr_par' dir='ltr' id='par_1_81' title="bbox 1931 1865 3516 1948">
     <span class='ocr_line' id='line_1_81' title="bbox 1931 1865 3516 1948; baseline 0.01 -30"><span class='ocrx_word' id='word_1_632' title='bbox 1931 1865 2164 1920; x_wconf 87' lang='lat' dir='ltr'><strong>nondum</strong></span> <span class='ocrx_word' id='word_1_633' title='bbox 2208 1868 2558 1937; x_wconf 83' lang='lat' dir='ltr'><strong>reprehendo.</strong></span> <span class='ocrx_word' id='word_1_634' title='bbox 2597 1869 2846 1926; x_wconf 85' lang='lat' dir='ltr'><strong>Fortasse</strong></span> <span class='ocrx_word' id='word_1_635' title='bbox 2884 1872 3024 1928; x_wconf 91' lang='lat' dir='ltr'><strong>enim</strong></span> <span class='ocrx_word' id='word_1_636' title='bbox 3068 1874 3324 1944; x_wconf 80' lang='lat' dir='ltr'><strong>prodesse</strong></span> <span class='ocrx_word' id='word_1_637' title='bbox 3362 1877 3516 1948; x_wconf 79' lang='lat' dir='ltr'><strong>cupis</strong></span> 
     </span>
    </p>
   </div>
   <div class='ocr_carea' id='block_1_82' title="bbox 1931 1957 3512 2040">
    <p class='ocr_par' dir='ltr' id='par_1_82' title="bbox 1931 1957 3512 2040">
     <span class='ocr_line' id='line_1_82' title="bbox 1931 1957 3512 2040; baseline 0.009 -30"><span class='ocrx_word' id='word_1_638' title='bbox 1931 1957 2089 2012; x_wconf 88' lang='lat' dir='ltr'><strong>rebus</strong></span> <span class='ocrx_word' id='word_1_639' title='bbox 2116 1957 2380 2024; x_wconf 89' lang='lat' dir='ltr'><strong>humanis,</strong></span> <span class='ocrx_word' id='word_1_640' title='bbox 2409 1970 2463 2015; x_wconf 88' lang='lat' dir='ltr'><strong>et</strong></span> <span class='ocrx_word' id='word_1_641' title='bbox 2485 1961 2620 2016; x_wconf 89' lang='lat' dir='ltr'><strong>emis</strong></span> <span class='ocrx_word' id='word_1_642' title='bbox 2649 1973 2703 2016; x_wconf 92' lang='lat' dir='ltr'><strong>ut</strong></span> <span class='ocrx_word' id='word_1_643' title='bbox 2732 1963 2933 2032; x_wconf 87' lang='lat' dir='ltr'><strong>prosis;</strong></span> <span class='ocrx_word' id='word_1_644' title='bbox 2966 1973 3024 2019; x_wconf 92' lang='lat' dir='ltr'><strong>ut</strong></span> <span class='ocrx_word' id='word_1_645' title='bbox 3047 1967 3248 2040; x_wconf 86' lang='lat' dir='ltr'><strong>servias</strong></span> <span class='ocrx_word' id='word_1_646' title='bbox 3270 1968 3512 2039; x_wconf 73' lang='lat' dir='ltr'><strong>justitite,</strong></span> 
     </span>
    </p>
   </div>
   <div class='ocr_carea' id='block_1_83' title="bbox 1932 2049 3511 2127">
    <p class='ocr_par' dir='ltr' id='par_1_83' title="bbox 1932 2049 3511 2127">
     <span class='ocr_line' id='line_1_83' title="bbox 1932 2049 3511 2127; baseline 0.01 -26"><span class='ocrx_word' id='word_1_647' title='bbox 1932 2063 2037 2101; x_wconf 86' lang='lat' dir='ltr'><strong>non</strong></span> <span class='ocrx_word' id='word_1_648' title='bbox 2063 2049 2234 2116; x_wconf 89' lang='lat' dir='ltr'><strong>parcis</strong></span> <span class='ocrx_word' id='word_1_649' title='bbox 2259 2050 2518 2118; x_wconf 65' lang='lat' dir='ltr'><strong>pecunia).</strong></span> <span class='ocrx_word' id='word_1_650' title='bbox 2542 2051 2694 2106; x_wconf 85' lang='lat' dir='ltr'><strong>Prius</strong></span> <span class='ocrx_word' id='word_1_651' title='bbox 2715 2060 2933 2123; x_wconf 80' lang='lat' dir='ltr'><strong>propter</strong></span> <span class='ocrx_word' id='word_1_652' title='bbox 2959 2064 3006 2109; x_wconf 88' lang='lat' dir='ltr'><strong>te</strong></span> <span class='ocrx_word' id='word_1_653' title='bbox 3027 2066 3144 2112; x_wconf 85' lang='lat' dir='ltr'><strong>esto</strong></span> <span class='ocrx_word' id='word_1_654' title='bbox 3157 2057 3320 2127; x_wconf 83' lang='lat' dir='ltr'><strong>judex</strong></span> <span class='ocrx_word' id='word_1_655' title='bbox 3345 2060 3397 2114; x_wconf 90' lang='lat' dir='ltr'><strong>in</strong></span> <span class='ocrx_word' id='word_1_656' title='bbox 3427 2069 3511 2117; x_wconf 90' lang='lat' dir='ltr'><strong>te:</strong></span> 
     </span>
    </p>
   </div>
   <div class='ocr_carea' id='block_1_84' title="bbox 1934 2141 3517 2214">
    <p class='ocr_par' dir='ltr' id='par_1_84' title="bbox 1934 2141 3517 2214">
     <span class='ocr_line' id='line_1_84' title="bbox 1934 2141 3517 2214; baseline 0.01 -21"><span class='ocrx_word' id='word_1_657' title='bbox 1934 2142 2079 2210; x_wconf 72' lang='lat' dir='ltr'><strong>prius</strong></span> <span class='ocrx_word' id='word_1_658' title='bbox 2096 2141 2270 2210; x_wconf 90' lang='lat' dir='ltr'><strong>judica</strong></span> <span class='ocrx_word' id='word_1_659' title='bbox 2299 2141 2366 2196; x_wconf 86' lang='lat' dir='ltr'><strong>de</strong></span> <span class='ocrx_word' id='word_1_660' title='bbox 2389 2152 2460 2210; x_wconf 89' lang='lat' dir='ltr'><strong>te,</strong></span> <span class='ocrx_word' id='word_1_661' title='bbox 2489 2154 2545 2198; x_wconf 92' lang='lat' dir='ltr'><strong>ut</strong></span> <span class='ocrx_word' id='word_1_662' title='bbox 2568 2143 2634 2199; x_wconf 90' lang='lat' dir='ltr'><strong>de</strong></span> <span class='ocrx_word' id='word_1_663' title='bbox 2661 2146 2915 2214; x_wconf 86' lang='lat' dir='ltr'><strong>penetrali</strong></span> <span class='ocrx_word' id='word_1_664' title='bbox 2937 2149 3277 2205; x_wconf 75' lang='lat' dir='ltr'><strong>conscientia:</strong></span> <span class='ocrx_word' id='word_1_665' title='bbox 3296 2166 3517 2209; x_wconf 86' lang='lat' dir='ltr'><strong>securus</strong></span> 
     </span>
    </p>
   </div>
   <div class='ocr_carea' id='block_1_85' title="bbox 1932 2231 3520 2312">
    <p class='ocr_par' dir='ltr' id='par_1_85' title="bbox 1932 2231 3520 2312">
     <span class='ocr_line' id='line_1_85' title="bbox 1932 2231 3520 2312; baseline 0.012 -27"><span class='ocrx_word' id='word_1_666' title='bbox 1932 2233 2190 2301; x_wconf 87' lang='lat' dir='ltr'><strong>procedas</strong></span> <span class='ocrx_word' id='word_1_667' title='bbox 2219 2233 2284 2288; x_wconf 90' lang='lat' dir='ltr'><strong>ad</strong></span> <span class='ocrx_word' id='word_1_668' title='bbox 2313 2231 2558 2289; x_wconf 82' lang='lat' dir='ltr'><strong>alterum.</strong></span> <span class='ocrx_word' id='word_1_669' title='bbox 2590 2235 2648 2290; x_wconf 86' lang='lat' dir='ltr'><strong>In</strong></span> <span class='ocrx_word' id='word_1_670' title='bbox 2681 2246 2731 2292; x_wconf 90' lang='lat' dir='ltr'><strong>te</strong></span> <span class='ocrx_word' id='word_1_671' title='bbox 2755 2238 2927 2308; x_wconf 91' lang='lat' dir='ltr'><strong>ipsum</strong></span> <span class='ocrx_word' id='word_1_672' title='bbox 2958 2241 3092 2307; x_wconf 90' lang='lat' dir='ltr'><strong>redi,</strong></span> <span class='ocrx_word' id='word_1_673' title='bbox 3123 2251 3174 2298; x_wconf 92' lang='lat' dir='ltr'><strong>te</strong></span> <span class='ocrx_word' id='word_1_674' title='bbox 3201 2245 3434 2312; x_wconf 89' lang='lat' dir='ltr'><strong>attende,</strong></span> <span class='ocrx_word' id='word_1_675' title='bbox 3463 2255 3520 2303; x_wconf 85' lang='lat' dir='ltr'><strong>te</strong></span> 
     </span>
    </p>
   </div>
   <div class='ocr_carea' id='block_1_86' title="bbox 1932 2322 3516 2407">
    <p class='ocr_par' dir='ltr' id='par_1_86' title="bbox 1932 2322 3516 2407">
     <span class='ocr_line' id='line_1_86' title="bbox 1932 2322 3516 2407; baseline 0.011 -29"><span class='ocrx_word' id='word_1_676' title='bbox 1932 2322 2159 2391; x_wconf 88' lang='lat' dir='ltr'><strong>discute,</strong></span> <span class='ocrx_word' id='word_1_677' title='bbox 2186 2333 2235 2380; x_wconf 91' lang='lat' dir='ltr'><strong>te</strong></span> <span class='ocrx_word' id='word_1_678' title='bbox 2257 2326 2398 2380; x_wconf 87' lang='lat' dir='ltr'><strong>audi.</strong></span> <span class='ocrx_word' id='word_1_679' title='bbox 2425 2327 2497 2382; x_wconf 91' lang='lat' dir='ltr'><strong>lbi</strong></span> <span class='ocrx_word' id='word_1_680' title='bbox 2520 2337 2571 2383; x_wconf 90' lang='lat' dir='ltr'><strong>te</strong></span> <span class='ocrx_word' id='word_1_681' title='bbox 2591 2330 2714 2384; x_wconf 90' lang='lat' dir='ltr'><strong>volo</strong></span> <span class='ocrx_word' id='word_1_682' title='bbox 2737 2330 2958 2400; x_wconf 84' lang='lat' dir='ltr'><strong>probare</strong></span> <span class='ocrx_word' id='word_1_683' title='bbox 2975 2333 3237 2404; x_wconf 83' lang='lat' dir='ltr'><strong>integrum</strong></span> <span class='ocrx_word' id='word_1_684' title='bbox 3259 2337 3516 2407; x_wconf 89' lang='lat' dir='ltr'><strong>judicem,</strong></span> 
     </span>
    </p>
   </div>
   <div class='ocr_carea' id='block_1_87' title="bbox 1933 2415 3518 2500">
    <p class='ocr_par' dir='ltr' id='par_1_87' title="bbox 1933 2415 3518 2500">
     <span class='ocr_line' id='line_1_87' title="bbox 1933 2415 3518 2500; baseline 0.011 -31"><span class='ocrx_word' id='word_1_685' title='bbox 1933 2415 2020 2470; x_wconf 90' lang='lat' dir='ltr'><strong>ubi</strong></span> <span class='ocrx_word' id='word_1_686' title='bbox 2061 2431 2165 2469; x_wconf 90' lang='lat' dir='ltr'><strong>non</strong></span> <span class='ocrx_word' id='word_1_687' title='bbox 2195 2419 2392 2487; x_wconf 65' lang='lat' dir='ltr'><strong>qumris</strong></span> <span class='ocrx_word' id='word_1_688' title='bbox 2421 2428 2629 2474; x_wconf 89' lang='lat' dir='ltr'><strong>testem.</strong></span> <span class='ocrx_word' id='word_1_689' title='bbox 2664 2420 2960 2478; x_wconf 89' lang='lat' dir='ltr'><strong>Procedere</strong></span> <span class='ocrx_word' id='word_1_690' title='bbox 2988 2425 3066 2479; x_wconf 89' lang='lat' dir='ltr'><strong>vis</strong></span> <span class='ocrx_word' id='word_1_691' title='bbox 3092 2440 3212 2481; x_wconf 90' lang='lat' dir='ltr'><strong>cum</strong></span> <span class='ocrx_word' id='word_1_692' title='bbox 3237 2437 3518 2500; x_wconf 88' lang='lat' dir='ltr'><strong>potestate,</strong></span> 
     </span>
    </p>
   </div>
   <div class='ocr_carea' id='block_1_88' title="bbox 1933 2501 3522 2589">
    <p class='ocr_par' dir='ltr' id='par_1_88' title="bbox 1933 2501 3522 2589">
     <span class='ocr_line' id='line_1_88' title="bbox 1933 2501 3522 2589; baseline 0.012 -31"><span class='ocrx_word' id='word_1_693' title='bbox 1933 2513 1999 2559; x_wconf 90' lang='lat' dir='ltr'><strong>ut.</strong></span> <span class='ocrx_word' id='word_1_694' title='bbox 2032 2505 2164 2560; x_wconf 86' lang='lat' dir='ltr'><strong>alter</strong></span> <span class='ocrx_word' id='word_1_695' title='bbox 2205 2507 2298 2561; x_wconf 90' lang='lat' dir='ltr'><strong>tibi</strong></span> <span class='ocrx_word' id='word_1_696' title='bbox 2340 2507 2481 2563; x_wconf 89' lang='lat' dir='ltr'><strong>dicat</strong></span> <span class='ocrx_word' id='word_1_697' title='bbox 2518 2508 2587 2564; x_wconf 90' lang='lat' dir='ltr'><strong>de</strong></span> <span class='ocrx_word' id='word_1_698' title='bbox 2631 2509 2799 2566; x_wconf 90' lang='lat' dir='ltr'><strong>altero</strong></span> <span class='ocrx_word' id='word_1_699' title='bbox 2841 2513 2982 2582; x_wconf 91' lang='lat' dir='ltr'><strong>quod</strong></span> <span class='ocrx_word' id='word_1_700' title='bbox 3021 2524 3077 2568; x_wconf 91' lang='lat' dir='ltr'><strong>tu</strong></span> <span class='ocrx_word' id='word_1_701' title='bbox 3115 2518 3328 2585; x_wconf 90' lang='lat' dir='ltr'><strong>nescis;</strong></span> <span class='ocrx_word' id='word_1_702' title='bbox 3373 2501 3522 2589; x_wconf 85' lang='lat' dir='ltr'><strong>prius</strong></span> 
     </span>
    </p>
   </div>
   <div class='ocr_carea' id='block_1_89' title="bbox 1936 2595 3521 2667">
    <p class='ocr_par' dir='ltr' id='par_1_89' title="bbox 1936 2595 3521 2667">
     <span class='ocr_line' id='line_1_89' title="bbox 1936 2595 3521 2667; baseline 0.01 -17"><span class='ocrx_word' id='word_1_703' title='bbox 1936 2595 2078 2651; x_wconf 88' lang='lat' dir='ltr'><strong>intus</strong></span> <span class='ocrx_word' id='word_1_704' title='bbox 2097 2596 2297 2667; x_wconf 86' lang='lat' dir='ltr'><strong>judica.</strong></span> <span class='ocrx_word' id='word_1_705' title='bbox 2331 2598 2467 2652; x_wconf 89' lang='lat' dir='ltr'><strong>Nihil</strong></span> <span class='ocrx_word' id='word_1_706' title='bbox 2499 2599 2592 2654; x_wconf 91' lang='lat' dir='ltr'><strong>tibi</strong></span> <span class='ocrx_word' id='word_1_707' title='bbox 2621 2599 2689 2655; x_wconf 88' lang='lat' dir='ltr'><strong>de</strong></span> <span class='ocrx_word' id='word_1_708' title='bbox 2720 2609 2770 2655; x_wconf 89' lang='lat' dir='ltr'><strong>te</strong></span> <span class='ocrx_word' id='word_1_709' title='bbox 2797 2601 2929 2657; x_wconf 82' lang='lat' dir='ltr'><strong>dixit</strong></span> <span class='ocrx_word' id='word_1_710' title='bbox 2953 2606 3275 2662; x_wconf 89' lang='lat' dir='ltr'><strong>conscientia</strong></span> <span class='ocrx_word' id='word_1_711' title='bbox 3305 2610 3432 2664; x_wconf 88' lang='lat' dir='ltr'><strong>tua?</strong></span> <span class='ocrx_word' id='word_1_712' title='bbox 3461 2610 3521 2667; x_wconf 89' lang='lat' dir='ltr'><strong>Si</strong></span> 
     </span>
    </p>
   </div>
   <div class='ocr_carea' id='block_1_90' title="bbox 1935 2688 3516 2768">
    <p class='ocr_par' dir='ltr' id='par_1_90' title="bbox 1935 2688 3516 2768">
     <span class='ocr_line' id='line_1_90' title="bbox 1935 2688 3516 2768; baseline 0.011 -27"><span class='ocrx_word' id='word_1_713' title='bbox 1935 2688 2074 2742; x_wconf 88' lang='lat' dir='ltr'><strong>n&#39;oIis</strong></span> <span class='ocrx_word' id='word_1_714' title='bbox 2105 2703 2321 2758; x_wconf 67' lang='lat' dir='ltr'><strong>negare,</strong></span> <span class='ocrx_word' id='word_1_715' title='bbox 2355 2690 2534 2759; x_wconf 87' lang='lat' dir='ltr'><strong>utique</strong></span> <span class='ocrx_word' id='word_1_716' title='bbox 2563 2689 2713 2745; x_wconf 80' lang='lat' dir='ltr'><strong>dixit.</strong></span> <span class='ocrx_word' id='word_1_717' title='bbox 2748 2691 2881 2760; x_wconf 86' lang='lat' dir='ltr'><strong>Nolo</strong></span> <span class='ocrx_word' id='word_1_718' title='bbox 2908 2694 3091 2750; x_wconf 89' lang='lat' dir='ltr'><strong>audire</strong></span> <span class='ocrx_word' id='word_1_719' title='bbox 3119 2698 3243 2768; x_wconf 91' lang='lat' dir='ltr'><strong>quid</strong></span> <span class='ocrx_word' id='word_1_720' title='bbox 3274 2699 3468 2756; x_wconf 79' lang='lat' dir='ltr'><strong>dixerit</strong></span> <span class='ocrx_word' id='word_1_721' title='bbox 3500 2720 3516 2759; x_wconf 91' lang='lat'><strong>:</strong></span> 
     </span>
    </p>
   </div>
   <div class='ocr_carea' id='block_1_91' title="bbox 1937 2779 3518 2859">
    <p class='ocr_par' dir='ltr' id='par_1_91' title="bbox 1937 2779 3518 2859">
     <span class='ocr_line' id='line_1_91' title="bbox 1937 2779 3518 2859; baseline 0.008 -25"><span class='ocrx_word' id='word_1_722' title='bbox 1937 2788 1989 2834; x_wconf 89' lang='lat' dir='ltr'><strong>tu</strong></span> <span class='ocrx_word' id='word_1_723' title='bbox 2027 2779 2206 2849; x_wconf 89' lang='lat' dir='ltr'><strong>judica</strong></span> <span class='ocrx_word' id='word_1_724' title='bbox 2248 2779 2335 2850; x_wconf 91' lang='lat' dir='ltr'><strong>qui</strong></span> <span class='ocrx_word' id='word_1_725' title='bbox 2375 2781 2588 2836; x_wconf 90' lang='lat' dir='ltr'><strong>audisti.</strong></span> <span class='ocrx_word' id='word_1_726' title='bbox 2631 2782 2774 2837; x_wconf 82' lang='lat' dir='ltr'><strong>Dixit</strong></span> <span class='ocrx_word' id='word_1_727' title='bbox 2814 2784 2906 2838; x_wconf 90' lang='lat' dir='ltr'><strong>tibi</strong></span> <span class='ocrx_word' id='word_1_728' title='bbox 2941 2786 3008 2840; x_wconf 87' lang='lat' dir='ltr'><strong>de</strong></span> <span class='ocrx_word' id='word_1_729' title='bbox 3043 2795 3094 2841; x_wconf 87' lang='lat' dir='ltr'><strong>te</strong></span> <span class='ocrx_word' id='word_1_730' title='bbox 3126 2789 3252 2859; x_wconf 87' lang='lat' dir='ltr'><strong>quid</strong></span> <span class='ocrx_word' id='word_1_731' title='bbox 3297 2790 3518 2858; x_wconf 82' lang='lat' dir='ltr'><strong>feceris,</strong></span> 
     </span>
    </p>
   </div>
   <div class='ocr_carea' id='block_1_92' title="bbox 1934 2869 3520 2951">
    <p class='ocr_par' dir='ltr' id='par_1_92' title="bbox 1934 2869 3520 2951">
     <span class='ocr_line' id='line_1_92' title="bbox 1934 2869 3520 2951; baseline 0.01 -27"><span class='ocrx_word' id='word_1_732' title='bbox 1934 2869 2060 2940; x_wconf 86' lang='lat' dir='ltr'><strong>quid</strong></span> <span class='ocrx_word' id='word_1_733' title='bbox 2085 2871 2372 2940; x_wconf 88' lang='lat' dir='ltr'><strong>acceperis,</strong></span> <span class='ocrx_word' id='word_1_734' title='bbox 2402 2870 2526 2940; x_wconf 90' lang='lat' dir='ltr'><strong>quid</strong></span> <span class='ocrx_word' id='word_1_735' title='bbox 2559 2874 2879 2941; x_wconf 86' lang='lat' dir='ltr'><strong>peccaveris.</strong></span> <span class='ocrx_word' id='word_1_736' title='bbox 2914 2875 3115 2932; x_wconf 81' lang='lat' dir='ltr'><strong>Vellem</strong></span> <span class='ocrx_word' id='word_1_737' title='bbox 3142 2879 3280 2934; x_wconf 87' lang='lat' dir='ltr'><strong>scire</strong></span> <span class='ocrx_word' id='word_1_738' title='bbox 3307 2882 3520 2951; x_wconf 85' lang='lat' dir='ltr'><strong>qualem</strong></span> 
     </span>
    </p>
   </div>
   <div class='ocr_carea' id='block_1_93' title="bbox 1935 2962 3522 3037">
    <p class='ocr_par' dir='ltr' id='par_1_93' title="bbox 1935 2962 3522 3037">
     <span class='ocr_line' id='line_1_93' title="bbox 1935 2962 3522 3037; baseline 0.009 -21"><span class='ocrx_word' id='word_1_739' title='bbox 1935 2962 2253 3017; x_wconf 87' lang='lat' dir='ltr'><strong>sententiam</strong></span> <span class='ocrx_word' id='word_1_740' title='bbox 2299 2963 2584 3032; x_wconf 89' lang='lat' dir='ltr'><strong>protulisti.</strong></span> <span class='ocrx_word' id='word_1_741' title='bbox 2629 2963 2685 3019; x_wconf 92' lang='lat' dir='ltr'><strong>Si</strong></span> <span class='ocrx_word' id='word_1_742' title='bbox 2728 2964 2862 3020; x_wconf 90' lang='lat' dir='ltr'><strong>bene</strong></span> <span class='ocrx_word' id='word_1_743' title='bbox 2896 2967 3108 3037; x_wconf 91' lang='lat' dir='ltr'><strong>audisti,</strong></span> <span class='ocrx_word' id='word_1_744' title='bbox 3152 2970 3198 3025; x_wconf 88' lang='lat' dir='ltr'><strong>si</strong></span> <span class='ocrx_word' id='word_1_745' title='bbox 3240 2980 3386 3029; x_wconf 88' lang='lat' dir='ltr'><strong>recte</strong></span> <span class='ocrx_word' id='word_1_746' title='bbox 3421 2989 3522 3030; x_wconf 88' lang='lat' dir='ltr'><strong>au-</strong></span> 
     </span>
    </p>
   </div>
   <div class='ocr_carea' id='block_1_94' title="bbox 1936 3052 3522 3126">
    <p class='ocr_par' dir='ltr' id='par_1_94' title="bbox 1936 3052 3522 3126">
     <span class='ocr_line' id='line_1_94' title="bbox 1936 3052 3522 3126; baseline 0.008 -18"><span class='ocrx_word' id='word_1_747' title='bbox 1936 3053 2081 3117; x_wconf 89' lang='lat' dir='ltr'><strong>disti,</strong></span> <span class='ocrx_word' id='word_1_748' title='bbox 2114 3053 2158 3107; x_wconf 89' lang='lat' dir='ltr'><strong>si</strong></span> <span class='ocrx_word' id='word_1_749' title='bbox 2203 3052 2255 3108; x_wconf 92' lang='lat' dir='ltr'><strong>in</strong></span> <span class='ocrx_word' id='word_1_750' title='bbox 2298 3052 2565 3109; x_wconf 90' lang='lat' dir='ltr'><strong>audiendo</strong></span> <span class='ocrx_word' id='word_1_751' title='bbox 2601 3057 2653 3110; x_wconf 93' lang='lat' dir='ltr'><strong>te</strong></span> <span class='ocrx_word' id='word_1_752' title='bbox 2685 3055 2859 3126; x_wconf 88' lang='lat' dir='ltr'><strong>justus</strong></span> <span class='ocrx_word' id='word_1_753' title='bbox 2898 3057 3066 3125; x_wconf 83' lang='lat' dir='ltr'><strong>fuisti,</strong></span> <span class='ocrx_word' id='word_1_754' title='bbox 3101 3061 3144 3116; x_wconf 90' lang='lat' dir='ltr'><strong>si</strong></span> <span class='ocrx_word' id='word_1_755' title='bbox 3181 3069 3285 3117; x_wconf 67' lang='lat' dir='ltr'><strong>tute</strong></span> <span class='ocrx_word' id='word_1_756' title='bbox 3325 3065 3522 3120; x_wconf 90' lang='lat' dir='ltr'><strong>mentis</strong></span> 
     </span>
    </p>
   </div>
   <div class='ocr_carea' id='block_1_95' title="bbox 1939 3143 3523 3224">
    <p class='ocr_par' dir='ltr' id='par_1_95' title="bbox 1939 3143 3523 3224">
     <span class='ocr_line' id='line_1_95' title="bbox 1939 3143 3523 3224; baseline 0.008 -25"><span class='ocrx_word' id='word_1_757' title='bbox 1939 3143 2164 3199; x_wconf 89' lang='lat' dir='ltr'><strong>tribunal</strong></span> <span class='ocrx_word' id='word_1_758' title='bbox 2211 3144 2532 3212; x_wconf 86' lang='lat' dir='ltr'><strong>ascendisti,</strong></span> <span class='ocrx_word' id='word_1_759' title='bbox 2580 3146 2626 3200; x_wconf 89' lang='lat' dir='ltr'><strong>si</strong></span> <span class='ocrx_word' id='word_1_760' title='bbox 2680 3156 2730 3202; x_wconf 92' lang='lat' dir='ltr'><strong>te</strong></span> <span class='ocrx_word' id='word_1_761' title='bbox 2755 3147 2926 3216; x_wconf 88' lang='lat' dir='ltr'><strong>ipsum</strong></span> <span class='ocrx_word' id='word_1_762' title='bbox 2970 3159 3092 3205; x_wconf 90' lang='lat' dir='ltr'><strong>ante</strong></span> <span class='ocrx_word' id='word_1_763' title='bbox 3140 3160 3192 3208; x_wconf 83' lang='lat' dir='ltr'><strong>te</strong></span> <span class='ocrx_word' id='word_1_764' title='bbox 3242 3153 3413 3224; x_wconf 89' lang='lat' dir='ltr'><strong>ipsum</strong></span> <span class='ocrx_word' id='word_1_765' title='bbox 3466 3155 3523 3211; x_wconf 89' lang='lat' dir='ltr'><strong>in</strong></span> 
     </span>
    </p>
   </div>
   <div class='ocr_carea' id='block_1_96' title="bbox 1937 3236 3525 3312">
    <p class='ocr_par' dir='ltr' id='par_1_96' title="bbox 1937 3236 3525 3312">
     <span class='ocr_line' id='line_1_96' title="bbox 1937 3236 3525 3312; baseline 0.006 -20"><span class='ocrx_word' id='word_1_766' title='bbox 1937 3237 2220 3307; x_wconf 89' lang='lat' dir='ltr'><strong>equuleum</strong></span> <span class='ocrx_word' id='word_1_767' title='bbox 2252 3236 2429 3292; x_wconf 90' lang='lat' dir='ltr'><strong>cordis</strong></span> <span class='ocrx_word' id='word_1_768' title='bbox 2457 3238 2802 3309; x_wconf 89' lang='lat' dir='ltr'><strong>suspendisti,</strong></span> <span class='ocrx_word' id='word_1_769' title='bbox 2833 3239 2879 3296; x_wconf 91' lang='lat' dir='ltr'><strong>si</strong></span> <span class='ocrx_word' id='word_1_770' title='bbox 2909 3256 3094 3312; x_wconf 81' lang='lat' dir='ltr'><strong>graves</strong></span> <span class='ocrx_word' id='word_1_771' title='bbox 3122 3252 3348 3301; x_wconf 90' lang='lat' dir='ltr'><strong>tortores</strong></span> <span class='ocrx_word' id='word_1_772' title='bbox 3370 3245 3525 3302; x_wconf 79' lang='lat' dir='ltr'><strong>aditi-</strong></span> 
     </span>
    </p>
   </div>
   <div class='ocr_carea' id='block_1_97' title="bbox 1935 3328 3523 3407">
    <p class='ocr_par' dir='ltr' id='par_1_97' title="bbox 1935 3328 3523 3407">
     <span class='ocr_line' id='line_1_97' title="bbox 1935 3328 3523 3407; baseline 0.006 -23"><span class='ocrx_word' id='word_1_773' title='bbox 1935 3328 2094 3384; x_wconf 89' lang='lat' dir='ltr'><strong>buisti</strong></span> <span class='ocrx_word' id='word_1_774' title='bbox 2139 3328 2374 3395; x_wconf 85' lang='lat' dir='ltr'><strong>timoris;</strong></span> <span class='ocrx_word' id='word_1_775' title='bbox 2404 3329 2538 3384; x_wconf 83' lang='lat' dir='ltr'><strong>bene</strong></span> <span class='ocrx_word' id='word_1_776' title='bbox 2588 3330 2779 3386; x_wconf 88' lang='lat' dir='ltr'><strong>audisti</strong></span> <span class='ocrx_word' id='word_1_777' title='bbox 2809 3332 2854 3386; x_wconf 91' lang='lat' dir='ltr'><strong>si</strong></span> <span class='ocrx_word' id='word_1_778' title='bbox 2883 3332 2962 3387; x_wconf 90' lang='lat' dir='ltr'><strong>sic</strong></span> <span class='ocrx_word' id='word_1_779' title='bbox 2990 3333 3210 3400; x_wconf 87' lang='lat' dir='ltr'><strong>audisti;</strong></span> <span class='ocrx_word' id='word_1_780' title='bbox 3239 3343 3294 3392; x_wconf 88' lang='lat' dir='ltr'><strong>et</strong></span> <span class='ocrx_word' id='word_1_781' title='bbox 3336 3339 3523 3407; x_wconf 87' lang='lat' dir='ltr'><strong>procul</strong></span> 
     </span>
    </p>
   </div>
   <div class='ocr_carea' id='block_1_98' title="bbox 1936 3421 3522 3498">
    <p class='ocr_par' dir='ltr' id='par_1_98' title="bbox 1936 3421 3522 3498">
     <span class='ocr_line' id='line_1_98' title="bbox 1936 3421 3522 3498; baseline 0.004 -19"><span class='ocrx_word' id='word_1_782' title='bbox 1936 3421 2098 3479; x_wconf 90' lang='lat' dir='ltr'><strong>dubio</strong></span> <span class='ocrx_word' id='word_1_783' title='bbox 2119 3421 2426 3492; x_wconf 55' lang='lat' dir='ltr'><strong>paenitendo</strong></span> <span class='ocrx_word' id='word_1_784' title='bbox 2446 3432 2721 3493; x_wconf 88' lang='lat' dir='ltr'><strong>peccatum</strong></span> <span class='ocrx_word' id='word_1_785' title='bbox 2743 3426 2957 3495; x_wconf 90' lang='lat' dir='ltr'><strong>punisti.</strong></span> <span class='ocrx_word' id='word_1_786' title='bbox 2974 3426 3114 3483; x_wconf 90' lang='lat' dir='ltr'><strong>Ecce</strong></span> <span class='ocrx_word' id='word_1_787' title='bbox 3131 3436 3186 3484; x_wconf 91' lang='lat' dir='ltr'><strong>et</strong></span> <span class='ocrx_word' id='word_1_788' title='bbox 3204 3429 3522 3498; x_wconf 90' lang='lat' dir='ltr'><strong>discussisti,</strong></span> 
     </span>
    </p>
   </div>
   <div class='ocr_carea' id='block_1_99' title="bbox 1937 3515 3525 3592">
    <p class='ocr_par' dir='ltr' id='par_1_99' title="bbox 1937 3515 3525 3592">
     <span class='ocr_line' id='line_1_99' title="bbox 1937 3515 3525 3592; baseline 0.005 -20"><span class='ocrx_word' id='word_1_789' title='bbox 1937 3523 1992 3572; x_wconf 89' lang='lat' dir='ltr'><strong>et</strong></span> <span class='ocrx_word' id='word_1_790' title='bbox 2023 3515 2247 3580; x_wconf 87' lang='lat' dir='ltr'><strong>audisti,</strong></span> <span class='ocrx_word' id='word_1_791' title='bbox 2290 3524 2346 3572; x_wconf 89' lang='lat' dir='ltr'><strong>et</strong></span> <span class='ocrx_word' id='word_1_792' title='bbox 2389 3517 2618 3586; x_wconf 87' lang='lat' dir='ltr'><strong>punisti;</strong></span> <span class='ocrx_word' id='word_1_793' title='bbox 2657 3525 2710 3572; x_wconf 89' lang='lat' dir='ltr'><strong>et</strong></span> <span class='ocrx_word' id='word_1_794' title='bbox 2750 3525 2924 3573; x_wconf 89' lang='lat' dir='ltr'><strong>tamen</strong></span> <span class='ocrx_word' id='word_1_795' title='bbox 2965 3520 3052 3575; x_wconf 91' lang='lat' dir='ltr'><strong>tibi</strong></span> <span class='ocrx_word' id='word_1_796' title='bbox 3091 3522 3391 3592; x_wconf 71' lang='lat' dir='ltr'><strong>peperciSti.</strong></span> <span class='ocrx_word' id='word_1_797' title='bbox 3433 3522 3525 3580; x_wconf 79' lang='lat' dir='ltr'><strong>Sic</strong></span> 
     </span>
    </p>
   </div>
   <div class='ocr_carea' id='block_1_100' title="bbox 1937 3607 3528 3680">
    <p class='ocr_par' dir='ltr' id='par_1_100' title="bbox 1937 3607 3528 3680">
     <span class='ocr_line' id='line_1_100' title="bbox 1937 3607 3528 3680; baseline 0.006 -17"><span class='ocrx_word' id='word_1_798' title='bbox 1937 3607 2060 3663; x_wconf 90' lang='lat' dir='ltr'><strong>audi</strong></span> <span class='ocrx_word' id='word_1_799' title='bbox 2084 3615 2140 3663; x_wconf 90' lang='lat' dir='ltr'><strong>et</strong></span> <span class='ocrx_word' id='word_1_800' title='bbox 2167 3607 2463 3680; x_wconf 82' lang='lat' dir='ltr'><strong>proximum</strong></span> <span class='ocrx_word' id='word_1_801' title='bbox 2491 3613 2638 3663; x_wconf 81' lang='lat' dir='ltr'><strong>thum</strong></span> <span class='ocrx_word' id='word_1_802' title='bbox 2667 3610 2708 3676; x_wconf 65' lang='lat'><strong>’,</strong></span> <span class='ocrx_word' id='word_1_803' title='bbox 2734 3610 2778 3664; x_wconf 90' lang='lat' dir='ltr'><strong>si</strong></span> <span class='ocrx_word' id='word_1_804' title='bbox 2805 3612 3065 3668; x_wconf 88' lang='lat' dir='ltr'><strong>crudiaris</strong></span> <span class='ocrx_word' id='word_1_805' title='bbox 3087 3613 3225 3669; x_wconf 89' lang='lat' dir='ltr'><strong>sicut</strong></span> <span class='ocrx_word' id='word_1_806' title='bbox 3251 3615 3528 3673; x_wconf 69' lang='lat' dir='ltr'><strong>admonui</strong></span> 
     </span>
    </p>
   </div>
   <div class='ocr_carea' id='block_1_101' title="bbox 1938 3697 3343 3772">
    <p class='ocr_par' dir='ltr' id='par_1_101' title="bbox 1938 3697 3343 3772">
     <span class='ocr_line' id='line_1_101' title="bbox 1938 3697 3343 3772; baseline 0.004 -17"><span class='ocrx_word' id='word_1_807' title='bbox 1938 3699 2200 3765; x_wconf 90' lang='lat' dir='ltr'><strong>Psalmus,</strong></span> <span class='ocrx_word' id='word_1_808' title='bbox 2232 3697 2540 3764; x_wconf 85' lang='lat' dir='ltr'><strong>Erudimini,</strong></span> <span class='ocrx_word' id='word_1_809' title='bbox 2571 3715 2742 3755; x_wconf 85' lang='lat' dir='ltr'><strong>omnes</strong></span> <span class='ocrx_word' id='word_1_810' title='bbox 2767 3703 2853 3769; x_wconf 86' lang='lat' dir='ltr'><strong>qui</strong></span> <span class='ocrx_word' id='word_1_811' title='bbox 2866 3702 3112 3772; x_wconf 85' lang='lat' dir='ltr'><strong>judicatis</strong></span> <span class='ocrx_word' id='word_1_812' title='bbox 3137 3713 3343 3760; x_wconf 85' lang='lat' dir='ltr'><strong>terram.</strong></span> 
     </span>
    </p>
   </div>
   <div class='ocr_carea' id='block_1_102' title="bbox 2009 3788 3524 3867">
    <p class='ocr_par' dir='ltr' id='par_1_102' title="bbox 2009 3788 3524 3867">
     <span class='ocr_line' id='line_1_102' title="bbox 2009 3788 3524 3867; baseline 0.005 -22"><span class='ocrx_word' id='word_1_813' title='bbox 2009 3789 2233 3845; x_wconf 74' lang='lat' dir='ltr'><strong>CAPUT</strong></span> <span class='ocrx_word' id='word_1_814' title='bbox 2262 3789 2449 3844; x_wconf 80' lang='lat' dir='ltr'><strong>Vll.—</strong></span> <span class='ocrx_word' id='word_1_815' title='bbox 2472 3790 2526 3846; x_wconf 91' lang='lat'><strong>8.</strong></span> <span class='ocrx_word' id='word_1_816' title='bbox 2557 3788 2775 3844; x_wconf 88' lang='lat' dir='ltr'><strong>Peccata</strong></span> <span class='ocrx_word' id='word_1_817' title='bbox 2801 3803 3145 3862; x_wconf 81' lang='lat' dir='ltr'><strong>persequatur,</strong></span> <span class='ocrx_word' id='word_1_818' title='bbox 3170 3811 3270 3850; x_wconf 87' lang='lat' dir='ltr'><strong>non</strong></span> <span class='ocrx_word' id='word_1_819' title='bbox 3305 3813 3524 3867; x_wconf 85' lang='lat' dir='ltr'><strong>peccan-</strong></span> 
     </span>
    </p>
   </div>
   <div class='ocr_carea' id='block_1_103' title="bbox 1939 3882 3527 3956">
    <p class='ocr_par' dir='ltr' id='par_1_103' title="bbox 1939 3882 3527 3956">
     <span class='ocr_line' id='line_1_103' title="bbox 1939 3882 3527 3956; baseline 0.005 -20"><span class='ocrx_word' id='word_1_820' title='bbox 1939 3891 2055 3938; x_wconf 87' lang='lat' dir='ltr'><strong>tem.</strong></span> <span class='ocrx_word' id='word_1_821' title='bbox 2094 3882 2149 3939; x_wconf 90' lang='lat' dir='ltr'><strong>Si</strong></span> <span class='ocrx_word' id='word_1_822' title='bbox 2205 3882 2283 3938; x_wconf 91' lang='lat' dir='ltr'><strong>sic</strong></span> <span class='ocrx_word' id='word_1_823' title='bbox 2327 3882 2481 3938; x_wconf 86' lang='lat' dir='ltr'><strong>audis</strong></span> <span class='ocrx_word' id='word_1_824' title='bbox 2533 3883 2835 3954; x_wconf 78' lang='lat' dir='ltr'><strong>proximum</strong></span> <span class='ocrx_word' id='word_1_825' title='bbox 2873 3894 3042 3951; x_wconf 91' lang='lat' dir='ltr'><strong>tuum,</strong></span> <span class='ocrx_word' id='word_1_826' title='bbox 3075 3886 3343 3956; x_wconf 87' lang='lat' dir='ltr'><strong>quomodo</strong></span> <span class='ocrx_word' id='word_1_827' title='bbox 3371 3888 3527 3945; x_wconf 82' lang='lat' dir='ltr'><strong>audis</strong></span> 
     </span>
    </p>
   </div>
   <div class='ocr_carea' id='block_1_104' title="bbox 1939 3976 3528 4048">
    <p class='ocr_par' dir='ltr' id='par_1_104' title="bbox 1939 3976 3528 4048">
     <span class='ocr_line' id='line_1_104' title="bbox 1939 3976 3528 4048; baseline 0.004 -18"><span class='ocrx_word' id='word_1_828' title='bbox 1939 3985 1993 4031; x_wconf 92' lang='lat' dir='ltr'><strong>et</strong></span> <span class='ocrx_word' id='word_1_829' title='bbox 2020 3984 2098 4042; x_wconf 89' lang='lat' dir='ltr'><strong>te;</strong></span> <span class='ocrx_word' id='word_1_830' title='bbox 2128 3983 2342 4046; x_wconf 87' lang='lat' dir='ltr'><strong>peccata</strong></span> <span class='ocrx_word' id='word_1_831' title='bbox 2357 3976 2712 4046; x_wconf 86' lang='lat' dir='ltr'><strong>persequeris,</strong></span> <span class='ocrx_word' id='word_1_832' title='bbox 2728 3991 2832 4031; x_wconf 85' lang='lat' dir='ltr'><strong>non</strong></span> <span class='ocrx_word' id='word_1_833' title='bbox 2856 3987 3166 4048; x_wconf 86' lang='lat' dir='ltr'><strong>peccantem</strong></span> <span class='ocrx_word' id='word_1_834' title='bbox 3193 3997 3204 4031; x_wconf 91' lang='lat'><strong>:</strong></span> <span class='ocrx_word' id='word_1_835' title='bbox 3233 3987 3288 4034; x_wconf 89' lang='lat' dir='ltr'><strong>et</strong></span> <span class='ocrx_word' id='word_1_836' title='bbox 3311 3979 3356 4034; x_wconf 89' lang='lat' dir='ltr'><strong>si</strong></span> <span class='ocrx_word' id='word_1_837' title='bbox 3381 3977 3528 4037; x_wconf 82' lang='lat' dir='ltr'><strong>forte</strong></span> 
     </span>
    </p>
   </div>
   <div class='ocr_carea' id='block_1_105' title="bbox 1937 4067 3524 4141">
    <p class='ocr_par' dir='ltr' id='par_1_105' title="bbox 1937 4067 3524 4141">
     <span class='ocr_line' id='line_1_105' title="bbox 1937 4067 3524 4141; baseline 0.004 -18"><span class='ocrx_word' id='word_1_838' title='bbox 1937 4069 2220 4140; x_wconf 89' lang='lat' dir='ltr'><strong>quisquam</strong></span> <span class='ocrx_word' id='word_1_839' title='bbox 2240 4068 2404 4125; x_wconf 85' lang='lat' dir='ltr'><strong>durus</strong></span> <span class='ocrx_word' id='word_1_840' title='bbox 2431 4076 2516 4124; x_wconf 89' lang='lat' dir='ltr'><strong>est</strong></span> <span class='ocrx_word' id='word_1_841' title='bbox 2537 4067 2605 4124; x_wconf 89' lang='lat' dir='ltr'><strong>ad</strong></span> <span class='ocrx_word' id='word_1_842' title='bbox 2629 4068 2940 4140; x_wconf 87' lang='lat' dir='ltr'><strong>corrigenda</strong></span> <span class='ocrx_word' id='word_1_843' title='bbox 2971 4084 3206 4141; x_wconf 85' lang='lat' dir='ltr'><strong>peccata,</strong></span> <span class='ocrx_word' id='word_1_844' title='bbox 3241 4087 3464 4128; x_wconf 86' lang='lat' dir='ltr'><strong>aversus</strong></span> <span class='ocrx_word' id='word_1_845' title='bbox 3492 4088 3524 4129; x_wconf 89' lang='lat' dir='ltr'><strong>a</strong></span> 
     </span>
    </p>
   </div>
   <div class='ocr_carea' id='block_1_106' title="bbox 1942 4159 3525 4234">
    <p class='ocr_par' dir='ltr' id='par_1_106' title="bbox 1942 4159 3525 4234">
     <span class='ocr_line' id='line_1_106' title="bbox 1942 4159 3525 4234; baseline 0.002 -18"><span class='ocrx_word' id='word_1_846' title='bbox 1942 4160 2132 4216; x_wconf 91' lang='lat' dir='ltr'><strong>timore</strong></span> <span class='ocrx_word' id='word_1_847' title='bbox 2164 4160 2292 4225; x_wconf 88' lang='lat' dir='ltr'><strong>Dei;</strong></span> <span class='ocrx_word' id='word_1_848' title='bbox 2327 4159 2428 4215; x_wconf 92' lang='lat' dir='ltr'><strong>hoc</strong></span> <span class='ocrx_word' id='word_1_849' title='bbox 2447 4159 2619 4229; x_wconf 90' lang='lat' dir='ltr'><strong>ipsum</strong></span> <span class='ocrx_word' id='word_1_850' title='bbox 2647 4159 2702 4214; x_wconf 90' lang='lat' dir='ltr'><strong>in</strong></span> <span class='ocrx_word' id='word_1_851' title='bbox 2739 4175 2805 4215; x_wconf 93' lang='lat' dir='ltr'><strong>eo</strong></span> <span class='ocrx_word' id='word_1_852' title='bbox 2836 4162 3191 4231; x_wconf 87' lang='lat' dir='ltr'><strong>persequeris,</strong></span> <span class='ocrx_word' id='word_1_853' title='bbox 3221 4162 3320 4218; x_wconf 82' lang='lat' dir='ltr'><strong>hoc</strong></span> <span class='ocrx_word' id='word_1_854' title='bbox 3350 4164 3525 4234; x_wconf 92' lang='lat' dir='ltr'><strong>ipsum</strong></span> 
     </span>
    </p>
   </div>
   <div class='ocr_carea' id='block_1_107' title="bbox 1939 4251 3522 4324">
    <p class='ocr_par' dir='ltr' id='par_1_107' title="bbox 1939 4251 3522 4324">
     <span class='ocr_line' id='line_1_107' title="bbox 1939 4251 3522 4324; baseline 0.001 -14"><span class='ocrx_word' id='word_1_855' title='bbox 1939 4255 2208 4324; x_wconf 77' lang='lat' dir='ltr'><strong>cdrrigere</strong></span> <span class='ocrx_word' id='word_1_856' title='bbox 2233 4253 2531 4319; x_wconf 86' lang='lat' dir='ltr'><strong>conaberis,</strong></span> <span class='ocrx_word' id='word_1_857' title='bbox 2565 4251 2666 4307; x_wconf 91' lang='lat' dir='ltr'><strong>hoc</strong></span> <span class='ocrx_word' id='word_1_858' title='bbox 2693 4253 2914 4324; x_wconf 85' lang='lat' dir='ltr'><strong>perdere</strong></span> <span class='ocrx_word' id='word_1_859' title='bbox 2943 4262 2997 4310; x_wconf 88' lang='lat' dir='ltr'><strong>et</strong></span> <span class='ocrx_word' id='word_1_860' title='bbox 3023 4254 3208 4310; x_wconf 89' lang='lat' dir='ltr'><strong>tollere</strong></span> <span class='ocrx_word' id='word_1_861' title='bbox 3234 4255 3522 4322; x_wconf 89' lang='lat' dir='ltr'><strong>laborabis,</strong></span> 
     </span>
    </p>
   </div>
   <div class='ocr_carea' id='block_1_108' title="bbox 1942 4342 3524 4413">
    <p class='ocr_par' dir='ltr' id='par_1_108' title="bbox 1942 4342 3524 4413">
     <span class='ocr_line' id='line_1_108' title="bbox 1942 4342 3524 4413; baseline -0.002 -13"><span class='ocrx_word' id='word_1_862' title='bbox 1942 4355 2000 4400; x_wconf 91' lang='lat' dir='ltr'><strong>ut</strong></span> <span class='ocrx_word' id='word_1_863' title='bbox 2025 4353 2264 4399; x_wconf 85' lang='lat' dir='ltr'><strong>servetur</strong></span> <span class='ocrx_word' id='word_1_864' title='bbox 2290 4342 2449 4398; x_wconf 87' lang='lat' dir='ltr'><strong>homo</strong></span> <span class='ocrx_word' id='word_1_865' title='bbox 2473 4352 2688 4413; x_wconf 88' lang='lat' dir='ltr'><strong>peccato</strong></span> <span class='ocrx_word' id='word_1_866' title='bbox 2709 4343 2980 4399; x_wconf 86' lang='lat' dir='ltr'><strong>damnato.</strong></span> <span class='ocrx_word' id='word_1_867' title='bbox 3007 4345 3118 4398; x_wconf 92' lang='lat' dir='ltr'><strong>Duo</strong></span> <span class='ocrx_word' id='word_1_868' title='bbox 3139 4346 3280 4400; x_wconf 89' lang='lat' dir='ltr'><strong>enim</strong></span> <span class='ocrx_word' id='word_1_869' title='bbox 3306 4347 3524 4402; x_wconf 69' lang='lat' dir='ltr'><strong>nomina</strong></span> 
     </span>
    </p>
   </div>
   <div class='ocr_carea' id='block_1_109' title="bbox 1940 4436 3529 4510">
    <p class='ocr_par' dir='ltr' id='par_1_109' title="bbox 1940 4436 3529 4510">
     <span class='ocr_line' id='line_1_109' title="bbox 1940 4436 3529 4510; baseline 0.001 -16"><span class='ocrx_word' id='word_1_870' title='bbox 1940 4448 2084 4505; x_wconf 86' lang='lat' dir='ltr'><strong>sum,</strong></span> <span class='ocrx_word' id='word_1_871' title='bbox 2115 4438 2276 4493; x_wconf 91' lang='lat' dir='ltr'><strong>homo</strong></span> <span class='ocrx_word' id='word_1_872' title='bbox 2298 4447 2350 4491; x_wconf 87' lang='lat' dir='ltr'><strong>et</strong></span> <span class='ocrx_word' id='word_1_873' title='bbox 2380 4445 2627 4506; x_wconf 83' lang='lat' dir='ltr'><strong>peccator</strong></span> <span class='ocrx_word' id='word_1_874' title='bbox 2655 4455 2667 4489; x_wconf 91' lang='lat'>:</span> <span class='ocrx_word' id='word_1_875' title='bbox 2699 4436 2966 4492; x_wconf 86' lang='lat' dir='ltr'><strong>hominem</strong></span> <span class='ocrx_word' id='word_1_876' title='bbox 2998 4439 3134 4493; x_wconf 86' lang='lat' dir='ltr'><strong>Deus</strong></span> <span class='ocrx_word' id='word_1_877' title='bbox 3164 4439 3304 4505; x_wconf 67' lang='lat' dir='ltr'><strong>fecit;</strong></span> <span class='ocrx_word' id='word_1_878' title='bbox 3335 4443 3497 4510; x_wconf 64' lang='lat' dir='ltr'><strong>pecua</strong></span> <span class='ocrx_word' id='word_1_879' title='bbox 3527 4470 3529 4474; x_wconf 93' lang='lat'><strong><em>-</em></strong></span> 
     </span>
    </p>
   </div>
   <div class='ocr_carea' id='block_1_110' title="bbox 1943 4531 3522 4604">
    <p class='ocr_par' dir='ltr' id='par_1_110' title="bbox 1943 4531 3522 4604">
     <span class='ocr_line' id='line_1_110' title="bbox 1943 4531 3522 4604; baseline 0.001 -16"><span class='ocrx_word' id='word_1_880' title='bbox 1943 4540 2112 4589; x_wconf 83' lang='lat' dir='ltr'><strong>torem</strong></span> <span class='ocrx_word' id='word_1_881' title='bbox 2147 4547 2206 4588; x_wconf 90' lang='lat' dir='ltr'><strong>se</strong></span> <span class='ocrx_word' id='word_1_882' title='bbox 2237 4532 2349 4602; x_wconf 89' lang='lat' dir='ltr'><strong>ipse</strong></span> <span class='ocrx_word' id='word_1_883' title='bbox 2379 4531 2538 4586; x_wconf 87' lang='lat' dir='ltr'><strong>homo</strong></span> <span class='ocrx_word' id='word_1_884' title='bbox 2577 4531 2699 4586; x_wconf 80' lang='lat' dir='ltr'><strong>fecit</strong></span> <span class='ocrx_word' id='word_1_885' title='bbox 2728 4550 2741 4587; x_wconf 89' lang='lat'>:</span> <span class='ocrx_word' id='word_1_886' title='bbox 2780 4541 2961 4602; x_wconf 86' lang='lat' dir='ltr'><strong>pereat</strong></span> <span class='ocrx_word' id='word_1_887' title='bbox 2999 4533 3140 4604; x_wconf 92' lang='lat' dir='ltr'><strong>quod</strong></span> <span class='ocrx_word' id='word_1_888' title='bbox 3181 4534 3304 4590; x_wconf 82' lang='lat' dir='ltr'><strong>fecit</strong></span> <span class='ocrx_word' id='word_1_889' title='bbox 3340 4535 3522 4599; x_wconf 88' lang='lat' dir='ltr'><strong>homo,</strong></span> 
     </span>
    </p>
   </div>
   <div class='ocr_carea' id='block_1_111' title="bbox 1941 4623 3523 4698">
    <p class='ocr_par' dir='ltr' id='par_1_111' title="bbox 1941 4623 3523 4698">
     <span class='ocr_line' id='line_1_111' title="bbox 1941 4623 3523 4698; baseline 0 -16"><span class='ocrx_word' id='word_1_890' title='bbox 1941 4626 2200 4682; x_wconf 87' lang='lat' dir='ltr'><strong>liberetur</strong></span> <span class='ocrx_word' id='word_1_891' title='bbox 2240 4624 2382 4697; x_wconf 87' lang='lat' dir='ltr'><strong>quod</strong></span> <span class='ocrx_word' id='word_1_892' title='bbox 2424 4625 2546 4680; x_wconf 78' lang='lat' dir='ltr'><strong>fecit</strong></span> <span class='ocrx_word' id='word_1_893' title='bbox 2593 4625 2732 4680; x_wconf 89' lang='lat' dir='ltr'><strong>Deus</strong></span> <span class='ocrx_word' id='word_1_894' title='bbox 2777 4623 2868 4696; x_wconf 90' lang='lat' dir='ltr'><strong>(c).</strong></span> <span class='ocrx_word' id='word_1_895' title='bbox 2911 4625 3031 4680; x_wconf 81' lang='lat' dir='ltr'><strong>Noli</strong></span> <span class='ocrx_word' id='word_1_896' title='bbox 3069 4641 3198 4697; x_wconf 81' lang='lat' dir='ltr'><strong>ergo</strong></span> <span class='ocrx_word' id='word_1_897' title='bbox 3241 4641 3412 4698; x_wconf 89' lang='lat' dir='ltr'><strong>usque</strong></span> <span class='ocrx_word' id='word_1_898' title='bbox 3453 4627 3523 4682; x_wconf 79' lang='lat' dir='ltr'><strong>ad</strong></span> 
     </span>
    </p>
   </div>
   <div class='ocr_carea' id='block_1_112' title="bbox 1941 4715 3528 4786">
    <p class='ocr_par' dir='ltr' id='par_1_112' title="bbox 1941 4715 3528 4786">
     <span class='ocr_line' id='line_1_112' title="bbox 1941 4715 3528 4786; baseline 0.001 -15"><span class='ocrx_word' id='word_1_899' title='bbox 1941 4726 2190 4782; x_wconf 70' lang='lat' dir='ltr'><strong>mortem;</strong></span> <span class='ocrx_word' id='word_1_900' title='bbox 2224 4732 2289 4770; x_wconf 91' lang='lat' dir='ltr'><strong>ne</strong></span> <span class='ocrx_word' id='word_1_901' title='bbox 2314 4730 2432 4769; x_wconf 91' lang='lat' dir='ltr'><strong>cum</strong></span> <span class='ocrx_word' id='word_1_902' title='bbox 2456 4715 2792 4785; x_wconf 72' lang='lat' dir='ltr'><strong>persequeris</strong></span> <span class='ocrx_word' id='word_1_903' title='bbox 2818 4724 3111 4785; x_wconf 89' lang='lat' dir='ltr'><strong>peccatum,</strong></span> <span class='ocrx_word' id='word_1_904' title='bbox 3134 4717 3326 4786; x_wconf 87' lang='lat' dir='ltr'><strong>perdas</strong></span> <span class='ocrx_word' id='word_1_905' title='bbox 3354 4717 3528 4772; x_wconf 83' lang='lat' dir='ltr'><strong>homi-</strong></span> 
     </span>
    </p>
   </div>
   <div class='ocr_carea' id='block_1_113' title="bbox 1943 4805 3524 4878">
    <p class='ocr_par' dir='ltr' id='par_1_113' title="bbox 1943 4805 3524 4878">
     <span class='ocr_line' id='line_1_113' title="bbox 1943 4805 3524 4878; baseline 0.001 -16"><span class='ocrx_word' id='word_1_906' title='bbox 1943 4823 2086 4863; x_wconf 89' lang='lat' dir='ltr'><strong>nem.</strong></span> <span class='ocrx_word' id='word_1_907' title='bbox 2117 4807 2235 4861; x_wconf 87' lang='lat' dir='ltr'><strong>Noli</strong></span> <span class='ocrx_word' id='word_1_908' title='bbox 2267 4821 2432 4875; x_wconf 89' lang='lat' dir='ltr'><strong>usque</strong></span> <span class='ocrx_word' id='word_1_909' title='bbox 2457 4805 2524 4861; x_wconf 88' lang='lat' dir='ltr'><strong>ad</strong></span> <span class='ocrx_word' id='word_1_910' title='bbox 2554 4815 2778 4860; x_wconf 90' lang='lat' dir='ltr'><strong>mortem</strong></span> <span class='ocrx_word' id='word_1_911' title='bbox 2799 4849 2813 4873; x_wconf 90' lang='lat'><strong>,</strong></span> <span class='ocrx_word' id='word_1_912' title='bbox 2847 4814 2904 4861; x_wconf 93' lang='lat' dir='ltr'><strong>ut</strong></span> <span class='ocrx_word' id='word_1_913' title='bbox 2939 4807 3008 4862; x_wconf 92' lang='lat' dir='ltr'><strong>sit</strong></span> <span class='ocrx_word' id='word_1_914' title='bbox 3034 4823 3189 4877; x_wconf 89' lang='lat' dir='ltr'><strong>quem</strong></span> <span class='ocrx_word' id='word_1_915' title='bbox 3221 4808 3474 4878; x_wconf 78' lang='lat' dir='ltr'><strong>poeniteat</strong></span> <span class='ocrx_word' id='word_1_916' title='bbox 3508 4825 3524 4864; x_wconf 88' lang='lat'><strong>:</strong></span> 
     </span>
    </p>
   </div>
   <div class='ocr_carea' id='block_1_114' title="bbox 1942 4897 3524 4967">
    <p class='ocr_par' dir='ltr' id='par_1_114' title="bbox 1942 4897 3524 4967">
     <span class='ocr_line' id='line_1_114' title="bbox 1942 4897 3524 4967; baseline 0 -13"><span class='ocrx_word' id='word_1_917' title='bbox 1942 4900 2103 4954; x_wconf 88' lang='lat' dir='ltr'><strong>homo</strong></span> <span class='ocrx_word' id='word_1_918' title='bbox 2146 4914 2250 4953; x_wconf 90' lang='lat' dir='ltr'><strong>non</strong></span> <span class='ocrx_word' id='word_1_919' title='bbox 2296 4907 2534 4963; x_wconf 88' lang='lat' dir='ltr'><strong>necetur,</strong></span> <span class='ocrx_word' id='word_1_920' title='bbox 2582 4906 2635 4951; x_wconf 91' lang='lat' dir='ltr'><strong>ut</strong></span> <span class='ocrx_word' id='word_1_921' title='bbox 2675 4897 2752 4952; x_wconf 89' lang='lat' dir='ltr'><strong>sit.</strong></span> <span class='ocrx_word' id='word_1_922' title='bbox 2779 4897 2867 4967; x_wconf 90' lang='lat' dir='ltr'><strong>qui</strong></span> <span class='ocrx_word' id='word_1_923' title='bbox 2906 4897 3236 4953; x_wconf 87' lang='lat' dir='ltr'><strong>emendetur.</strong></span> <span class='ocrx_word' id='word_1_924' title='bbox 3282 4899 3427 4953; x_wconf 83' lang='lat' dir='ltr'><strong>Hanc</strong></span> <span class='ocrx_word' id='word_1_925' title='bbox 3467 4898 3524 4954; x_wconf 92' lang='lat' dir='ltr'><strong>in</strong></span> 
     </span>
    </p>
   </div>
   <div class='ocr_carea' id='block_1_115' title="bbox 1943 4988 3526 5056">
    <p class='ocr_par' dir='ltr' id='par_1_115' title="bbox 1943 4988 3526 5056">
     <span class='ocr_line' id='line_1_115' title="bbox 1943 4988 3526 5056; baseline 0 -10"><span class='ocrx_word' id='word_1_926' title='bbox 1943 4991 2105 5046; x_wconf 79' lang='lat' dir='ltr'><strong>Corde</strong></span> <span class='ocrx_word' id='word_1_927' title='bbox 2149 4990 2383 5056; x_wconf 80' lang='lat' dir='ltr'><strong>retinens</strong></span> <span class='ocrx_word' id='word_1_928' title='bbox 2430 4989 2590 5044; x_wconf 88' lang='lat' dir='ltr'><strong>homo</strong></span> <span class='ocrx_word' id='word_1_929' title='bbox 2627 4988 2678 5042; x_wconf 94' lang='lat' dir='ltr'><strong>in</strong></span> <span class='ocrx_word' id='word_1_930' title='bbox 2722 4989 2964 5045; x_wconf 83' lang='lat' dir='ltr'><strong>homines</strong></span> <span class='ocrx_word' id='word_1_931' title='bbox 3004 4989 3360 5056; x_wconf 85' lang='lat' dir='ltr'><strong>dilectionem,</strong></span> <span class='ocrx_word' id='word_1_932' title='bbox 3405 4997 3526 5046; x_wconf 89' lang='lat' dir='ltr'><strong>esto</strong></span> 
     </span>
    </p>
   </div>
   <div class='ocr_carea' id='block_1_116' title="bbox 2008 5162 3392 5237">
    <p class='ocr_par' dir='ltr' id='par_1_116' title="bbox 2008 5162 3392 5237">
     <span class='ocr_line' id='line_1_116' title="bbox 2008 5162 3392 5237; baseline 0.009 -22"><span class='ocrx_word' id='word_1_933' title='bbox 2008 5167 2025 5237; x_wconf 63' lang='grc' dir='ltr'><strong>ξ</strong></span> <span class='ocrx_word' id='word_1_934' title='bbox 2055 5165 2214 5237; x_wconf 63' lang='lat' dir='ltr'><strong>codex</strong></span> <span class='ocrx_word' id='word_1_935' title='bbox 2237 5179 2328 5237; x_wconf 61' lang='lat' dir='ltr'><strong>es;</strong></span> <span class='ocrx_word' id='word_1_936' title='bbox 2353 5164 2492 5228; x_wconf 77' lang='lat' dir='ltr'><strong>cujus</strong></span> <span class='ocrx_word' id='word_1_937' title='bbox 2508 5163 2587 5237; x_wconf 74' lang='lat' dir='ltr'><strong>hic</strong></span> <span class='ocrx_word' id='word_1_938' title='bbox 2607 5163 2802 5237; x_wconf 38' lang='lat' dir='ltr'><strong>atrum-ds</strong></span> <span class='ocrx_word' id='word_1_939' title='bbox 2819 5174 2908 5229; x_wconf 62' lang='grc' dir='ltr'><strong>ρτσ</strong></span> <span class='ocrx_word' id='word_1_940' title='bbox 2931 5162 3290 5237; x_wconf 54' lang='lat' dir='ltr'><strong>Mlti”!</strong></span> <span class='ocrx_word' id='word_1_941' title='bbox 3304 5165 3392 5218; x_wconf 69' lang='grc' dir='ltr'><strong>σει·</strong></span> 
     </span>
    </p>
   </div>
   <div class='ocr_carea' id='block_1_117' title="bbox 2008 5219 3175 5289">
    <p class='ocr_par' dir='ltr' id='par_1_117' title="bbox 2008 5219 3175 5289">
     <span class='ocr_line' id='line_1_117' title="bbox 2008 5219 3175 5289; baseline -0.003 -11"><span class='ocrx_word' id='word_1_942' title='bbox 2008 5232 2027 5262; x_wconf 79' lang='grc'><em>³</em></span> <span class='ocrx_word' id='word_1_943' title='bbox 2048 5231 2119 5279; x_wconf 74' lang='lat' dir='ltr'><strong>sic</strong></span> <span class='ocrx_word' id='word_1_944' title='bbox 2146 5236 2227 5279; x_wconf 82' lang='lat' dir='ltr'><strong>Ms.</strong></span> <span class='ocrx_word' id='word_1_945' title='bbox 2260 5219 2614 5289; x_wconf 70' lang='lat' dir='ltr'><strong>Germanensis.</strong></span> <span class='ocrx_word' id='word_1_946' title='bbox 2641 5219 2756 5276; x_wconf 77' lang='lat' dir='ltr'><strong>Editi</strong></span> <span class='ocrx_word' id='word_1_947' title='bbox 2782 5219 2916 5287; x_wconf 76' lang='lat' dir='ltr'><strong>vero,</strong></span> <span class='ocrx_word' id='word_1_948' title='bbox 2941 5219 3175 5289; x_wconf 77' lang='lat' dir='ltr'><strong>promisii.</strong></span> 
     </span>
    </p>
   </div>
   <div class='ocr_carea' id='block_1_118' title="bbox 2009 5288 3526 5353">
    <p class='ocr_par' dir='ltr' id='par_1_118' title="bbox 2009 5288 3526 5353">
     <span class='ocr_line' id='line_1_118' title="bbox 2009 5288 3526 5353; baseline 0.001 -14"><span class='ocrx_word' id='word_1_949' title='bbox 2009 5293 2029 5325; x_wconf 84' lang='grc'>³</span> <span class='ocrx_word' id='word_1_950' title='bbox 2048 5300 2175 5350; x_wconf 76' lang='lat' dir='ltr'><strong>t.ov.,</strong></span> <span class='ocrx_word' id='word_1_951' title='bbox 2198 5303 2284 5353; x_wconf 83' lang='lat' dir='ltr'><strong>per</strong></span> <span class='ocrx_word' id='word_1_952' title='bbox 2307 5288 2536 5339; x_wconf 79' lang='lat' dir='ltr'><strong>hontines.</strong></span> <span class='ocrx_word' id='word_1_953' title='bbox 2555 5289 2802 5353; x_wconf 68' lang='lat' dir='ltr'><strong>Particula,</strong></span> <span class='ocrx_word' id='word_1_954' title='bbox 2827 5288 3098 5353; x_wconf 49' lang='lat' dir='ltr'><strong>per,’abest</strong></span> <span class='ocrx_word' id='word_1_955' title='bbox 3112 5302 3139 5339; x_wconf 88' lang='lat' dir='ltr'><strong>a</strong></span> <span class='ocrx_word' id='word_1_956' title='bbox 3161 5292 3354 5353; x_wconf 68' lang='lat' dir='ltr'><strong>caeteris</strong></span> <span class='ocrx_word' id='word_1_957' title='bbox 3368 5289 3526 5353; x_wconf 81' lang='lat' dir='ltr'><strong>libris.</strong></span> 
     </span>
    </p>
   </div>
   <div class='ocr_carea' id='block_1_119' title="bbox 1943 5349 3530 5426">
    <p class='ocr_par' dir='ltr' id='par_1_119' title="bbox 1943 5349 3530 5426">
     <span class='ocr_line' id='line_1_119' title="bbox 1943 5349 3530 5426; baseline 0 -23"><span class='ocrx_word' id='word_1_958' title='bbox 1943 5362 2090 5426; x_wconf 55' lang='lat' dir='ltr'><strong>Porro</strong></span> <span class='ocrx_word' id='word_1_959' title='bbox 2108 5349 2255 5426; x_wconf 76' lang='lat' dir='ltr'><strong>editio</strong></span> <span class='ocrx_word' id='word_1_960' title='bbox 2283 5359 2358 5402; x_wconf 80' lang='lat' dir='ltr'><strong>Er.</strong></span> <span class='ocrx_word' id='word_1_961' title='bbox 2375 5353 2524 5401; x_wconf 85' lang='lat' dir='ltr'><strong>habet</strong></span> <span class='ocrx_word' id='word_1_962' title='bbox 2540 5352 2638 5401; x_wconf 88' lang='lat' dir='ltr'><strong>sic:</strong></span> <span class='ocrx_word' id='word_1_963' title='bbox 2660 5349 2944 5414; x_wconf 73' lang='lat' dir='ltr'><strong>quicurhque</strong></span> <span class='ocrx_word' id='word_1_964' title='bbox 2963 5349 3174 5402; x_wconf 75' lang='lat' dir='ltr'><strong>homines</strong></span> <span class='ocrx_word' id='word_1_965' title='bbox 3195 5350 3335 5403; x_wconf 82' lang='lat' dir='ltr'><strong>uultis</strong></span> <span class='ocrx_word' id='word_1_966' title='bbox 3357 5351 3530 5404; x_wconf 77' lang='lat' dir='ltr'><strong>[tubere</strong></span> 
     </span>
    </p>
   </div>
   <div class='ocr_carea' id='block_1_120' title="bbox 1943 5421 2258 5467">
    <p class='ocr_par' dir='ltr' id='par_1_120' title="bbox 1943 5421 2258 5467">
     <span class='ocr_line' id='line_1_120' title="bbox 1943 5421 2258 5467; baseline -0.013 0"><span class='ocrx_word' id='word_1_967' title='bbox 1943 5421 1994 5467; x_wconf 85' lang='lat' dir='ltr'><strong>in</strong></span> <span class='ocrx_word' id='word_1_968' title='bbox 2016 5421 2258 5467; x_wconf 76' lang='lat' dir='ltr'><strong>uotestate.</strong></span> 
     </span>
    </p>
   </div>
   <div class='ocr_carea' id='block_1_121' title="bbox 2055 5473 3432 5550">
    <p class='ocr_par' dir='ltr' id='par_1_121' title="bbox 2055 5473 3432 5550">
     <span class='ocr_line' id='line_1_121' title="bbox 2055 5473 3432 5550; baseline -0.003 0"><span class='ocrx_word' id='word_1_969' title='bbox 2055 5478 2185 5550; x_wconf 43' lang='lat' dir='ltr'><strong>apud</strong></span> <span class='ocrx_word' id='word_1_970' title='bbox 2209 5485 2316 5550; x_wconf 63' lang='grc' dir='ltr'><strong>ωε·</strong></span> <span class='ocrx_word' id='word_1_971' title='bbox 2341 5476 2596 5550; x_wconf 54' lang='lat' dir='ltr'><strong>omittite:</strong></span> <span class='ocrx_word' id='word_1_972' title='bbox 2631 5485 2738 5550; x_wconf 61' lang='grc' dir='ltr'><strong>’Ψη-</strong></span> <span class='ocrx_word' id='word_1_973' title='bbox 2763 5474 2977 5550; x_wconf 53' lang='grc' dir='ltr'><strong>βδηβιιμῖ</strong></span> <span class='ocrx_word' id='word_1_974' title='bbox 2998 5473 3347 5550; x_wconf 52' lang='lat' dir='ltr'><strong>causam</strong></span> <span class='ocrx_word' id='word_1_975' title='bbox 3387 5534 3432 5550; x_wconf 69' lang='grc'><strong>,.</strong></span> 
     </span>
    </p>
   </div>
   <div class='ocr_carea' id='block_1_122' title="bbox 2009 5537 3529 5609">
    <p class='ocr_par' dir='ltr' id='par_1_122' title="bbox 2009 5537 3529 5609">
     <span class='ocr_line' id='line_1_122' title="bbox 2009 5537 3529 5609; baseline -0.002 -19"><span class='ocrx_word' id='word_1_976' title='bbox 2009 5543 2040 5609; x_wconf 32' lang='grc'><strong>³,</strong></span> <span class='ocrx_word' id='word_1_977' title='bbox 2048 5537 2131 5609; x_wconf 80' lang='lat' dir='ltr'><strong>sic</strong></span> <span class='ocrx_word' id='word_1_978' title='bbox 2141 5548 2241 5588; x_wconf 84' lang='lat' dir='ltr'><strong>Am.</strong></span> <span class='ocrx_word' id='word_1_979' title='bbox 2265 5545 2337 5609; x_wconf 75' lang='lat' dir='ltr'><strong>Er.</strong></span> <span class='ocrx_word' id='word_1_980' title='bbox 2367 5544 2420 5587; x_wconf 89' lang='lat' dir='ltr'><strong>et</strong></span> <span class='ocrx_word' id='word_1_981' title='bbox 2548 5537 2899 5587; x_wconf 85' lang='lat' dir='ltr'><strong>Germaneasis.</strong></span> <span class='ocrx_word' id='word_1_982' title='bbox 2921 5544 2976 5588; x_wconf 79' lang='lat' dir='ltr'><strong>At</strong></span> <span class='ocrx_word' id='word_1_983' title='bbox 2998 5537 3131 5588; x_wconf 66' lang='lat' dir='ltr'><strong>etim.</strong></span> <span class='ocrx_word' id='word_1_984' title='bbox 3154 5547 3204 5589; x_wconf 89' lang='lat' dir='ltr'><strong>et</strong></span> <span class='ocrx_word' id='word_1_985' title='bbox 3227 5545 3357 5599; x_wconf 88' lang='lat' dir='ltr'><strong>Lov.,</strong></span> <span class='ocrx_word' id='word_1_986' title='bbox 3380 5537 3432 5588; x_wconf 82' lang='lat' dir='ltr'><strong>si</strong></span> <span class='ocrx_word' id='word_1_987' title='bbox 3459 5547 3529 5588; x_wconf 74' lang='lat' dir='ltr'><strong>ste</strong></span> 
     </span>
    </p>
   </div>
   <div class='ocr_carea' id='block_1_123' title="bbox 1942 5602 2682 5667">
    <p class='ocr_par' dir='ltr' id='par_1_123' title="bbox 1942 5602 2682 5667">
     <span class='ocr_line' id='line_1_123' title="bbox 1942 5602 2682 5667; baseline -0.012 -13"><span class='ocrx_word' id='word_1_988' title='bbox 1942 5602 2084 5667; x_wconf 80' lang='lat' dir='ltr'><strong>audis</strong></span> <span class='ocrx_word' id='word_1_989' title='bbox 2105 5610 2150 5653; x_wconf 90' lang='lat' dir='ltr'><strong>et</strong></span> <span class='ocrx_word' id='word_1_990' title='bbox 2169 5602 2439 5667; x_wconf 72' lang='lat' dir='ltr'><strong>proximum</strong></span> <span class='ocrx_word' id='word_1_991' title='bbox 2462 5605 2610 5648; x_wconf 69' lang='lat' dir='ltr'><strong>tam.</strong></span> <span class='ocrx_word' id='word_1_992' title='bbox 2678 5616 2682 5620; x_wconf 82' lang='lat'><strong><em>-</em></strong></span> 
     </span>
    </p>
   </div>
   <div class='ocr_carea' id='block_1_124' title="bbox 2029 5666 2566 5728">
    <p class='ocr_par' dir='ltr' id='par_1_124' title="bbox 2029 5666 2566 5728">
     <span class='ocr_line' id='line_1_124' title="bbox 2029 5666 2566 5728; baseline -0.013 -13"><span class='ocrx_word' id='word_1_993' title='bbox 2029 5667 2081 5728; x_wconf 92' lang='lat' dir='ltr'><strong>a)</strong></span> <span class='ocrx_word' id='word_1_994' title='bbox 2104 5666 2360 5727; x_wconf 82' lang='lat' dir='ltr'><strong>Cyprianus</strong></span> <span class='ocrx_word' id='word_1_995' title='bbox 2383 5669 2566 5724; x_wconf 67' lang='lat' dir='ltr'><strong>martyr.</strong></span> 
     </span>
    </p>
   </div>
   <div class='ocr_carea' id='block_1_125' title="bbox 2035 5727 2552 5790">
    <p class='ocr_par' dir='ltr' id='par_1_125' title="bbox 2035 5727 2552 5790">
     <span class='ocr_line' id='line_1_125' title="bbox 2035 5727 2552 5790; baseline -0.008 -15"><span class='ocrx_word' id='word_1_996' title='bbox 2035 5727 2082 5790; x_wconf 90' lang='lat' dir='ltr'><strong>b)</strong></span> <span class='ocrx_word' id='word_1_997' title='bbox 2107 5733 2266 5790; x_wconf 77' lang='lat' dir='ltr'><strong>Forte,</strong></span> <span class='ocrx_word' id='word_1_998' title='bbox 2283 5729 2552 5790; x_wconf 67' lang='lat' dir='ltr'><strong>potestates.</strong></span> 
     </span>
    </p>
   </div>
   <div class='ocr_carea' id='block_1_126' title="bbox 2032 5784 2897 5844">
    <p class='ocr_par' dir='ltr' id='par_1_126' title="bbox 2032 5784 2897 5844">
     <span class='ocr_line' id='line_1_126' title="bbox 2032 5784 2897 5844; baseline -0.005 -6"><span class='ocrx_word' id='word_1_999' title='bbox 2032 5784 2081 5844; x_wconf 71' lang='grc' dir='ltr'><strong>ε)</strong></span> <span class='ocrx_word' id='word_1_1000' title='bbox 2107 5789 2218 5838; x_wconf 79' lang='lat' dir='ltr'><strong>vide</strong></span> <span class='ocrx_word' id='word_1_1001' title='bbox 2242 5784 2393 5837; x_wconf 71' lang='lat' dir='ltr'><strong>&#39;tract.</strong></span> <span class='ocrx_word' id='word_1_1002' title='bbox 2424 5784 2477 5834; x_wconf 69' lang='lat' dir='ltr'><strong>li</strong></span> <span class='ocrx_word' id='word_1_1003' title='bbox 2498 5786 2546 5833; x_wconf 90' lang='lat' dir='ltr'><strong>in</strong></span> <span class='ocrx_word' id='word_1_1004' title='bbox 2568 5791 2720 5838; x_wconf 63' lang='lat' dir='ltr'><strong>team.</strong></span> <span class='ocrx_word' id='word_1_1005' title='bbox 2745 5799 2793 5835; x_wconf 77' lang='grc' dir='ltr'>ιι.</span> <span class='ocrx_word' id='word_1_1006' title='bbox 2827 5787 2897 5836; x_wconf 74' lang='lat' dir='ltr'><strong>l3.</strong></span> 
     </span>
    </p>
   </div>
  </div>
