4002 6482
468 384 566 440 ill

459 496 627 568 j'udex'
657 503 832 559 terrre,
856 500 910 548 et
937 506 1054 546 ama
1079 500 1279 545 terrere
1309 489 1348 554 ¹,
1378 486 1470 541 sed
1493 486 1672 556 dilige.
1696 484 1752 540 Si
1777 485 2042 554 superbis,

462 586 676 657 superbi
717 585 769 639 in
811 591 1050 654 peccata,
1089 595 1194 635 non
1233 579 1285 632 in
1328 577 1617 632 hominem.
1655 575 1714 629 ln
1757 575 1882 628 illud
1921 574 2049 629 srevi

465 678 606 748 quod
648 677 738 733 tibi
782 675 1028 745 displicet
1059 681 1115 727 et
1152 671 1202 724 in
1237 680 1320 734 te;
1360 686 1464 723 non
1505 669 1558 722 in
1594 682 1714 722 eum
1743 667 1832 738 qui
1879 666 2047 720 factus

464 778 548 823 est
587 768 722 822 sicut
758 774 835 820 tu.
869 766 940 819 De
971 779 1069 818 una
1109 761 1316 816 officina
1356 759 1560 823 existis,
1600 773 1761 812 unum
1793 757 2046 811 artiﬁcem

466 860 746 922 habuistis,
778 872 914 912 unus
937 857 1092 910 limus
1111 865 1195 910 est
1218 862 1391 908 vestra
1419 853 1687 907 materies.
1706 851 1847 918 Quid
1869 850 2048 920 perdis

464 965 572 1008 non
594 948 823 1004 amando
841 963 998 1018 quem
1021 945 1266 1016 judicas?
1285 943 1542 1011 Quoniam
1567 941 1823 1011 justitiam
1849 940 2043 1010 perdis,

461 1045 642 1115 perdis
658 1045 678 1076 ²
700 1059 803 1098 non
821 1043 1047 1098 amando
1059 1056 1215 1111 quem
1233 1039 1459 1110 iudicas.
1474 1038 1838 1093 Adhibeantur
1853 1050 2043 1106 pmnre,

464 1151 570 1190 non
593 1149 804 1199 recuso,
832 1149 935 1189 non
969 1132 1258 1196 interdico;
1283 1129 1377 1185 sed
1397 1130 1573 1184 animo
1597 1128 1844 1198 aniantis,
1868 1131 2046 1180 animo

461 1225 748 1295 diligentis,
780 1224 958 1278 animo
981 1220 1314 1292 corrigentis.

530 1313 755 1370 CAPUT
776 1312 911 1368 Vlll.
933 1343 1004 1352 —
1025 1311 1078 1366 9.
1119 1311 1402 1382 Disciplina
1423 1319 1470 1364 et
1498 1309 1738 1364 correctio
1768 1325 1866 1361 non
1888 1307 2048 1378 negli-

457 1408 642 1480 genda.
659 1405 887 1471 Feriens,
909 1405 1050 1474 pius;
1076 1419 1304 1474 parcens,
1327 1401 1562 1455 crudelis.
1583 1399 1699 1455 Non
1720 1399 1860 1454 enim
1885 1397 2046 1450 lilium

462 1512 610 1554 tuum
651 1516 756 1553 non
781 1498 982 1553 crudis.
1019 1496 1088 1551 Et
1126 1495 1273 1566 prius
1309 1495 1443 1564 agis,
1485 1501 1562 1558 ut,
1602 1492 1647 1547 si
1689 1492 1800 1545 fieri
1840 1498 2044 1561 potest,

459 1593 665 1665 pudore
711 1599 765 1646 et
804 1589 1120 1645 liberalitate
1160 1586 1466 1650 erudiatur,
1516 1584 1797 1640 erubescat
1843 1590 2046 1652 patrem

457 1687 761 1751 offendere,
808 1698 915 1738 non
963 1691 1212 1751 tanquam
1256 1694 1498 1734 severum
1544 1677 1775 1746 jndiecm
1829 1675 2042 1738 timeat;

456 1778 657 1850 gaudes
677 1775 742 1831 ad
767 1776 922 1828 talem
953 1773 1114 1827 tilium
1136 1790 1148 1825 :
1173 1770 1268 1826 sed
1289 1771 1332 1824 si
1365 1770 1522 1823 fuerit
1542 1769 1677 1822 forte
1699 1768 1795 1820 ista
1815 1774 2048 1820 contem-

459 1885 612 1936 nens,
637 1867 856 1922 adhibes
875 1874 929 1919 et
949 1864 1197 1928 verbera;
1220 1860 1412 1916 incutis
1434 1875 1666 1930 ptenam,
1693 1856 2048 1928 ingeris'doliy

457 1979 594 2030 rem,
616 1960 710 2017 sed
738 1959 934 2030 quaeris
961 1957 1205 2011 salutem.
1237 1954 1382 2009 Multi
1430 1968 1642 2016 amore,
1675 1951 1824 2006 multi
1857 1949 2046 2003 timore

456 2054 684 2110 correcti
707 2061 830 2106 sunt
863 2069 875 2104 :
906 2049 998 2104 sed
1030 2063 1124 2118 per
1155 2058 1440 2102 tremorem
1473 2045 1676 2099 timoris
1715 2042 1781 2096 ad
1807 2057 2044 2095 amorem

456 2151 813 2216 pervenerunt
831 2142 872 2196 ³.
892 2139 1200 2202 Erudimini,
1224 2138 1312 2210 qui
1334 2136 1580 2208 judicatis
1609 2145 1812 2187 terram.
1835 2133 2046 2202 Diligite

457 2247 512 2293 et
547 2235 801 2306 judicate.
848 2231 964 2286 Non
1009 2230 1150 2284 enim
1197 2231 1274 2282 sic
1316 2227 1572 2297 quaeritur
1617 2222 1940 2287 innocentia,
1989 2231 2048 2276 ut

456 2336 643 2398 pereat
675 2325 976 2394 disciplina.
1014 2322 1282 2390 Scriptum
1320 2329 1422 2383 est,
1464 2317 1797 2386 Disciplinam
1833 2316 1918 2386 qui
1959 2315 2046 2368 ab-

448 2421 586 2493 jicit,
625 2419 807 2490 infelix
843 2426 915 2471 est
959 2414 1112 2486 (Sap.
1157 2429 1236 2480 ιιι,
1279 2410 1390 2483 ll).
1434 2410 1576 2465 Bene
1616 2417 1791 2478 potest
1828 2407 1946 2461 addi
1978 2406 2045 2461 ad

456 2512 612 2566 istam
653 2508 992 2570 sententiam,
1030 2505 1179 2558 Sicut
1224 2501 1556 2571 disciplinam
1590 2501 1676 2570 qui
1718 2499 1918 2567 abjicit,
1963 2501 2044 2552 in-

455 2602 581 2656 felix
632 2608 714 2656 est
755 2616 768 2652 :
813 2598 889 2653 sic
931 2595 1262 2664 disciplinam
1306 2591 1394 2662 qui
1436 2599 1622 2661 negat,
1665 2589 1894 2644 crudelis
1941 2597 2040 2642 est.

454 2691 634 2746 Ausus
677 2704 792 2744 sum
834 2685 1032 2756 aliquid
1073 2684 1272 2748 dicere,
1314 2681 1504 2735 fratres
1547 2680 1671 2744 mei,
1713 2679 1851 2748 quod
1891 2679 2043 2732 vobis

454 2785 726 2853 aliquanto
777 2779 984 2850 plenius
1038 2789 1311 2845 exponere
1368 2771 1534 2841 ipsius
1584 2770 1666 2824 rei
1721 2769 2044 2824 obscuritate

453 2875 768 2946 compellor.
820 2871 1023 2940 Repeto
1069 2866 1211 2938 quod
1256 2863 1387 2928 dixi,
1440 2862 1780 2931 Disciplinam
1821 2861 1908 2931 qni
1948 2859 2046 2913 ab.

448 2969 586 3040 jicit,
631 2965 813 3021 infelix
852 2972 934 3018 est
977 2979 990 3015 :
1033 2955 1516 3014 hocmanifestum
1561 2961 1659 3007 est.
1704 2952 2043 3020 Disciplinam

452 3060 544 3129 qui
593 3073 697 3112 non
725 3056 834 3120 dat,
875 3050 1106 3108 crudelis
1149 3055 1275 3104 est:
1321 3055 1476 3101 teneo
1523 3059 1758 3115 prorsus.
1790 3051 1948 3096 teneo
1991 3049 2044 3096 et

452 3151 679 3207 ostendo
717 3147 954 3204 feriendo
993 3146 1157 3216 pium,
1201 3140 1467 3214 parcendo
1511 3138 1810 3203 crudelem;
1852 3151 2039 3192 exemo

454 3245 600 3315 plum
627 3251 751 3298 ante
798 3240 983 3296 oculos
1015 3252 1173 3309 pono.
1207 3234 1309 3291 Ubi
1349 3233 1561 3289 invenio
1599 3230 1836 3286 feriendo
1861 3229 2042 3299 pium?

449 3334 566 3391 Non
610 3350 674 3390 eo
711 3333 776 3388 ad
815 3332 968 3395 alios,
1008 3329 1074 3385 ad
1113 3337 1318 3400 patrem
1357 3335 1411 3382 et
1452 3325 1619 3379 filium
1657 3338 1722 3378 eo
1764 3342 1776 3378 :
1808 3333 1957 3393 pater
1984 3329 2044 3378 ct

460 3425 667 3498 quando
710 3423 849 3490 ferit,
895 3432 1064 3487 amat;
1112 3430 1167 3476 et
1203 3436 1309 3474 non
1354 3418 1465 3472 vult
1505 3433 1635 3487 puer
1674 3416 1807 3472 czedi
1847 3433 1860 3468 :
1901 3431 2036 3470 con-

459 3519 650 3575 temnit
687 3518 1044 3582 voluntatem,
1092 3512 1320 3568 consulit
1366 3511 1431 3566 ad
1482 3511 1779 3565 utilitatem.
1821 3509 2042 3578 Quare?

452 3611 586 3681 Quia
618 3620 767 3682 pater
793 3619 894 3673 est,
923 3609 1045 3678 quia
1087 3605 1450 3662 hrercditatem
1480 3613 1645 3675 parat,
1675 3604 1794 3674 quia
1815 3599 2042 3658 'succes-

451 3718 626 3758 sorem
669 3701 850 3756 nutrit.
883 3700 1022 3756 Ecce
1049 3697 1286 3753 feriendo
1311 3697 1429 3768 pius
1471 3703 1554 3751 est
1581 3705 1750 3766 pater,
1791 3693 2037 3751 feriendo

451 3797 755 3852 misericors
776 3804 877 3851 est.
906 3795 976 3848 Da
999 3793 1126 3847 mihi
1154 3791 1424 3846 hominem
1448 3788 1713 3860 parcendo
1738 3786 2033 3841 crudelem.

450 3889 566 3943 Non
609 3886 801 3942 recedo
840 3901 868 3939 a
906 3883 1168 3955 personis,
1199 3897 1294 3937 cos
1332 3881 1475 3948 ipsos
1503 3888 1626 3934 ante
1652 3879 1836 3933 oculos
1873 3892 2038 3948 pono.

451 3981 556 4039 Sed
589 3996 718 4052 puer
756 3979 1047 4050 impunitus
1075 3976 1099 4009 ⁸
1127 3984 1181 4031 et
1220 3973 1645 4043 indisciplinatus
1683 3972 1726 4026 si
1765 3972 1843 4027 sic
1867 3973 2037 4038 vivat,

453 4082 512 4128 ut
549 4079 750 4142 pereat,
794 4079 848 4125 et
890 4077 1040 4139 pater
1081 4066 1409 4129 dissimulet;
1459 4073 1612 4133 pater
1651 4073 1851 4133 parcat,
1894 4076 2042 4134 pater

454 4166 720 4236 perditum
745 4162 905 4217 filium
929 4160 1224 4230 disciplina:
1240 4157 1525 4226 asperitate
1546 4155 1814 4210 offendere
1837 4156 2037 4224 timeat,

452 4271 633 4312 nonne
662 4252 929 4324 parcendo
959 4249 1190 4305 crudelis
1216 4248 1342 4302 est?
1375 4246 1660 4300 Erudimini
1694 4260 1840 4315 ergo,
1873 4261 2041 4300 omnes

454 4348 542 4417 qui
562 4345 808 4416 jadicatis
838 4333 1080 4398 ,terram’:
1109 4348 1163 4394 et
1191 4339 1326 4394 bene
1359 4336 1646 4406 iudicando
1688 4353 1791 4389 non
1832 4351 1861 4388 a
1901 4345 2038 4390 terra

455 4437 755 4508 praemium,
787 4435 880 4491 sed
909 4435 975 4490 ab
1004 4432 1095 4488 illo
1127 4436 1431 4500 exspectate
1476 4426 1565 4498 qui
1597 4426 1719 4481 fecit
1747 4427 1941 4482 malum
1988 4435 2043 4482 et

459 4537 675 4582 terram.

957 4593 1186 4651 SERMO
1223 4591 1340 4648 XIV
1366 4595 1383 4615 ⁶
1411 4589 1507 4662 (a).

461 4687 538 4742 De
574 4702 719 4742 versu
763 4685 831 4739 14
868 4682 1064 4739 Psalmi
1103 4670 1174 4750 ix,
1215 4684 1330 4739 Tibi
1369 4681 1655 4754 derelictus
1693 4692 1776 4737 est
1817 4697 2038 4754 pauper,

912 4757 1110 4825 pupillo
1138 4764 1193 4810 tu
1223 4755 1331 4808 eris
1359 4752 1590 4822 adjutor.

459 4847 677 4904 Habitus
707 4845 1008 4917 Carthagine
1033 4845 1084 4898 in
1107 4844 1314 4899 basilica
1343 4842 1625 4909 Novarum,
1659 4842 1740 4897 die
1768 4842 2038 4900 dominico.

528 4941 752 4999 CAPUT
782 4938 1061 4995 PRIMUM.
1079 4968 1147 4978 -——
1171 4938 1221 4992 l.
1257 4936 1465 5007 Pauper
1490 4951 1633 4991 verus
1657 4935 1862 5006 quinam
1885 4937 2045 4992 sit.—

460 5034 805 5090 Cantavimus
850 5029 1094 5094 Domino,
1135 5038 1188 5084 et
1222 5028 1478 5094 diximus,
1510 5027 1622 5082 Tibi
1667 5027 1938 5084 derelictus
1973 5039 2043 5085 est

462 5143 676 5198 pauper,
709 5123 905 5196 pupillo
937 5132 990 5176 tu
1015 5122 1112 5176 eris
1139 5120 1366 5192 adjutor.
1392 5120 1704 5188 Qumramus
1733 5136 2037 5191 pauperem,

459 5232 763 5288 quzeramus
800 5215 1077 5287 pupillum.
1117 5213 1229 5270 Nec
1264 5213 1458 5268 mirum
1495 5213 1568 5268 sit
1601 5213 1742 5283 quod
1779 5215 2044 5270 admoneo

528 5330 545 5360 ι
567 5328 640 5377 sic
660 5325 795 5377 vlim.
821 5333 873 5377 et
891 5333 975 5378 Ms.
994 5327 1345 5376 Germanensis.
1363 5331 1419 5375 At
1438 5331 1539 5374 Am.
1561 5330 1634 5374 Er.
1651 5332 1702 5377 et
1721 5333 1850 5388 lov.,
1874 5333 1919 5380 et
1935 5341 2047 5380 ama

462 5402 560 5441 non
581 5401 798 5448 currere,
823 5389 908 5438 sed
930 5387 1151 5452 diligere.

525 5454 546 5484 ²
570 5452 798 5508 verbum,
847 5448 1043 5512 perdis,
1081 5448 1206 5513 apud
1230 5456 1328 5498 Am.
1363 5455 1441 5498 Er.
1481 5455 1534 5499 et
1563 5451 1646 5501 Ms.
1667 5453 2044 5504 Germanensem

464 5527 563 5564 non
584 5514 847 5575 reperitur.

529 5576 551 5607 ³
572 5581 624 5623 ιιι
636 5571 803 5623 codice
824 5583 913 5636 es,
931 5571 996 5621 ad
1018 5585 1229 5622 amorem
1253 5577 1566 5636 pervenerunt
1588 5571 1858 5636 Saluatoris.

511 5636 548 5668 λδ
570 5645 671 5685 om.
698 5639 771 5683 Er.
797 5632 933 5683 Ulim.
961 5640 1013 5682 et.
1037 5641 1116 5682 Ms.
1142 5632 1499 5696 Germanensis,
1521 5633 1788 5697 imperitus.

528 5719 548 5736 '
572 5715 960 5767 Fmendatusest
1002 5712 1061 5763 ad
1105 5727 1174 5764 cs.
1214 5715 1274 5765 cl.
1321 5730 1397 5780 gr.
1433 5729 1475 5767 s.
1515 5726 1612 5764 Am.
1648 5721 1722 5765 Er.
1758 5714 1892 5766 vlim.
1942 5725 2042 5766 r-ar.

464 5786 600 5900 ωἷᾶ)
617 5838 758 5897 Alias.
775 5837 839 5889 de
861 5845 1095 5892 Tempore
1126 5838 1225 5888 no.

1702 374 1757 430 S.
1801 371 2160 430 AUGUSTINI
2200 373 2496 431 EPISCOPI

3633 373 3734 430 H2

2155 495 2212 540 ut
2237 503 2556 556 quaeramus,
2587 502 2721 557 quos
2753 490 2830 544 sic
2873 488 3145 545 abundare
3179 487 3446 544 cernimus
3485 497 3540 543 et
3567 489 3731 543 senti-

2153 591 2291 631 mus.
2320 577 2506 632 Nonne
2533 580 2849 648 pauperibus
2877 581 3028 650 plena
3055 581 3230 634 omnia
3254 581 3278 634 ?
3307 594 3487 635 nonne
3519 579 3734 651 pupillis

2154 669 2304 738 plena
2336 679 2458 724 sunt
2485 671 2700 724 omnia?
2729 671 2927 726 Tamen
2956 673 3093 726 inter
3121 672 3297 726 omnia
3324 686 3507 742 qmero
3533 685 3736 742 paupe-

2153 777 2301 826 rem,
2351 778 2531 832 quer
2585 763 2856 833 pupillum.
2899 766 2976 819 A'c
3027 763 3172 834 prius
3219 762 3603 818 ostendendum
3654 769 3737 817 est

2152 850 2404 906 Charitati
2450 861 2656 917 vestrae,
2707 853 2756 927 id
2800 853 2941 924 quod
2989 863 3262 924 putamus,
3314 869 3420 909 non
3468 853 3571 908 hoc
3615 867 3738 907 esse

2151 945 2292 1014 quod
2322 947 2626 1015 quaerimus.
2651 947 2751 1016 Qui
2777 949 2918 1003 enim
2947 947 3196 1003 dicuntur
3222 964 3480 1018 pauperes
3508 957 3734 1016 etsunt,

2152 1037 2204 1092 in
2235 1053 2368 1108 quos
2394 1055 2423 1092 a
2456 1040 2563 1093 Deo
2602 1039 2865 1094 mandatae
2890 1041 3240 1112 cleemosynze
3272 1041 3421 1109 liunt,
3453 1041 3521 1096 de
3545 1041 3739 1112 quibus

2153 1133 2380 1188 fatemur
2408 1134 2683 1202 scriptum,
2717 1133 2932 1188 Include
2959 1133 3324 1206 eleemosynam
3353 1135 3405 1188 in
3431 1135 3578 1189 corde
3608 1150 3731 1204 pau-

2153 1227 2304 1295 peris,
2328 1236 2375 1278 et
2395 1227 2505 1295 ipsa
2529 1226 2754 1280 exorabit
2776 1243 2866 1296 pro
2888 1236 2936 1280 te
2951 1225 3223 1280 Dominum
3244 1224 3733 1297 ('Eccli.xxrx,15):
3783 1232 3786 1234 ⁷

2151 1316 2380 1370 abundat
2411 1317 2624 1387 quidem
2655 1317 2756 1372 hoc
2793 1333 2958 1388 genus
2987 1318 3294 1382 hominum;
3324 1317 3419 1372 sed
3453 1317 3610 1371 altius
3649 1315 3735 1371 in-

2153 1408 2465 1477 telligendus
2509 1418 2590 1463 est
2629 1410 2726 1464 iste
2769 1425 2986 1480 pauper.
3033 1410 3107 1464 De
3155 1410 3243 1464 illo
3271 1423 3476 1480 genere
3513 1418 3593 1464 est
3632 1409 3736 1464 iste

2152 1512 2368 1568 panper,
2413 1499 2479 1553 de
2521 1511 2625 1568 quo
2669 1500 2867 1554 dictum
2910 1507 3011 1564 est,
3055 1498 3203 1553 Beati
3242 1515 3488 1570 pauperes
3529 1499 3736 1570 spiritu,

2149 1590 2385 1657 quoniam
2417 1590 2642 1658 ipsorum
2681 1599 2753 1643 est
2790 1603 2998 1660 regnum
3034 1589 3271 1643 calorum
3304 1588 3517 1660 (Matth.
3556 1603 3612 1654 v,
3652 1589 3738 1658 5).

2152 1679 2286 1733 Sunt
2313 1695 2569 1750 pauperes
2604 1695 2710 1733 non
2744 1679 2999 1735 habentes
3030 1681 3338 1748 pecuniam,
3371 1680 3567 1733 victum
3597 1693 3740 1748 quo-

2153 1769 2406 1823 tidianum
2451 1771 2536 1823 vix
2580 1770 2929 1834 invenientes,
2971 1770 3161 1824 alienis
3197 1770 3386 1839 opibus
3433 1771 3473 1836 ί,
3522 1770 3739 1824 miseri-

2149 1859 2328 1914 Cordia
2364 1859 2440 1913 sic
2474 1859 2786 1928 indigentes,
2821 1867 2879 1912 ut
2920 1860 3079 1914 etiam
3120 1859 3421 1914 mendicare
3464 1875 3569 1914 non
3608 1875 3740 1914 eru-

2149 1949 2368 2004 bescant
2410 1967 2424 2001 :
2469 1951 2513 2003 si
2561 1949 2628 2004 de
2673 1949 2755 2004 his
2791 1949 2991 2004 dictum
3039 1959 3140 2016 est,
3191 1949 3302 2004 Tibi
3353 1950 3618 2004 derelictus
3654 1931 3742 2004 est

2151 2059 2384 2114 pauper;
2430 2058 2528 2096 nos
2569 2043 2694 2113 quid
2749 2041 3006 2110 facimus,
3060 2044 3149 2113 qui
3203 2044 3302 2098 hoc
3350 2058 3454 2098 non
3508 2045 3742 2098 sumus?

2151 2134 2291 2201 Ergo
2357 2149 2454 2186 nos
2501 2134 2590 2203 qui
2653 2133 2928 2188 christiani
2981 2150 3199 2200 sumus,
3248 2150 3354 2188 non
3397 2128 3579 2189 sumus
3624 2135 3742 2200 Deo

2149 2225 2430 2280 (Iert'licti?
2472 2226 2536 2280 Et
2565 2243 2682 2296 qua:
2721 2226 2823 2280 alia
2855 2227 3005 2281 nobis
3047 2242 3169 2296 spes
3199 2236 3300 2291 est,
3328 2228 3371 2281 si
3405 2245 3516 2283 non
3547 2241 3741 2283 sumus

2151 2319 2221 2372 illi
2253 2318 2511 2382 derelicu,
2543 2318 2630 2388 qui
2658 2334 2754 2373 nos
2779 2334 2884 2372 non
2910 2319 3272 2390 derelinqnit?

2219 2411 2274 2462 ‘2.
2317 2408 2563 2464 Divitibus
2614 2410 2832 2462 cavenda
2881 2411 3131 2480 superbia.
3180 2409 3375 2464 Discite
3429 2425 3556 2480 ergo
3609 2426 3740 2469 esse

2149 2513 2408 2568 pauperes
2465 2509 2518 2554 et
2583 2499 2691 2553 Deo
2749 2499 3010 2568 relinqui,
3065 2514 3099 2554 ο
3152 2515 3536 2570 compauperes
3601 2502 3734 2557 mei.

2150 2592 2306 2646 Dives
2333 2600 2430 2656 est,
2466 2593 2726 2663 superbus
2755 2603 2854 2646 est.
2883 2592 3010 2646 Nam
3050 2602 3104 2648 et
3133 2593 3183 2647 in
3218 2593 3416 2648 divitiis
3444 2593 3578 2660 istis,
3610 2609 3738 2665 quze

2147 2685 2305 2754 vulgo
2331 2685 2664 2754 appellantur
2701 2684 3144 2755 divitize,'quibus
3181 2694 3262 2741 est
3299 2687 3565 2741 contraria
3604 2687 3736 2740 vul-

2145 2777 2287 2846 garis
2331 2777 2428 2831 ista
2472 2785 2783 2847 paupertas;
2825 2777 2878 2831 in
2921 2777 3118 2831 divitiis
3159 2793 3286 2848 ergo
3331 2777 3445 2834 istis
3484 2778 3613 2833 nihil
3641 2788 3739 2834 est

2147 2867 2226 2921 sic
2269 2868 2591 2934 cavendum,
2641 2884 2798 2938 quam
2847 2870 3106 2938 superbite
3150 2870 3386 2925 morbus.
3434 2871 3533 2939 Qui
3582 2873 3736 2927 enim

2149 2974 2252 3013 non
2294 2959 2450 3015 habet
2489 2961 2787 3030 pecuniam,
2832 2975 2934 3014 non
2972 2960 3130 3014 habet
3169 2961 3521 3032 amplissimas
3563 2961 3741 3016 faculu

2150 3057 2312 3115 tates;
2360 3065 2466 3104 non
2497 3049 2656 3105 habet
2699 3050 2841 3106 unde
2875 3065 2933 3106 se
2973 3051 3210 3105 extollat.
3254 3051 3310 3106 Si
3339 3066 3466 3122 ergo
3501 3052 3590 3122 qui
3621 3068 3736 3108 non

2136 3138 2307 3195 habet
2332 3142 2472 3196 unde
2502 3156 2560 3195 se
2585 3141 2826 3208 extollat,
2851 3157 2954 3194 non
2980 3141 3224 3196 laudatur
3249 3157 3345 3212 pro
3368 3157 3433 3196 eo
3458 3142 3596 3212 quod
3621 3159 3735 3200 non

2146 3249 2203 3288 se
2225 3234 2461 3288 extollit:
2482 3233 2569 3303 qui
2593 3232 2767 3299 habet,
2794 3233 3059 3298 laudetur,
3084 3233 3127 3288 si
3150 3249 3207 3287 se
3228 3247 3331 3287 non
3351 3233 3571 3288 extollit.
3590 3233 3738 3300 Quid

2145 3340 2272 3395 ergo
2298 3325 2454 3379 laudo
2485 3323 2736 3379 humilem
2779 3339 3092 3394 pauperem,
3124 3325 3212 3395 qui
3253 3324 3393 3380 unde
3423 3325 3732 3394 superbiat,

2146 3432 2251 3472 non
2280 3415 2470 3472 habet?
2494 3416 2621 3484 Quis
2641 3426 2816 3471 autem
2843 3416 2975 3470 ferat
3003 3424 3056 3470 et
3085 3416 3294 3485 inopem
3320 3424 3373 3470 ct
3397 3416 3683 3486 superbum
3710 3419 3738 3472 ?

2159 3534 2162 3539 -
2217 3508 2438 3564 CAPUT
2464 3506 2528 3562 ll.
2558 3540 2627 3548 —
2658 3508 2834 3563 Lauda
2864 3508 3078 3563 divitem
3107 3509 3384 3575 humilem,
3415 3509 3568 3564 lauda
3593 3509 3740 3564 divi-

2147 3609 2252 3655 tem
2283 3615 2587 3669 pauperem.
2612 3599 2769 3653 Tales
2797 3600 2904 3652 vult
2930 3599 3202 3668 apostolus
3231 3599 3442 3664 Paulus,
3471 3599 3559 3669 qui
3589 3602 3736 3654 scri-

2145 3689 2278 3745 bens
2316 3691 2380 3744 ad
2422 3689 2756 3743 Timotheum
2795 3689 2922 3742 dicit
2964 3707 2976 3742 :
3027 3687 3254 3760 Prwcipe
3299 3690 3530 3744 divitibus
3570 3689 3733 3760 hujus

2145 3781 2335 3843 swculi,
2368 3795 2466 3833 non
2494 3779 2706 3849 superbe
2743 3793 2918 3848 sapere
2951 3776 2998 3849 (l
3031 3777 3164 3832 Tim.
3195 3795 3263 3845 γι,
3300 3777 3407 3851 l7).
3440 3778 3570 3833 Novi
3597 3780 3734 3850 quid

2145 3873 2315 3929 dicam
2347 3892 2359 3926 :
2391 3873 2638 3928 hocillis
2679 3871 2927 3942 praecipe.
2972 3870 3180 3926 llabent
3219 3873 3360 3926 enim
3399 3870 3607 3926 divitias
3642 3874 3737 3925 in-

2145 3968 2406 4022 trinsecus
2435 3965 2734 4035 superbiam
2769 3963 3167 4035 persuadentes,
3199 3965 3396 4020 habent
3419 3964 3628 4018 divitias
3668 3964 3730 4019 in

2146 4059 2334 4129 quibus
2381 4058 2620 4111 laborant
2663 4043 2780 4112 esse
2819 4056 3066 4110 humiles.
3117 4056 3190 4109 Da
3237 4055 3362 4110 mihi
3409 4054 3730 4110 Zacclneum

2146 4149 2426 4204 habentem
2459 4163 2676 4219 magnas
2710 4147 2939 4212 divitias,
2981 4147 3269 4216 principem
3297 4145 3732 4216 publicanorum,

2145 4239 2504 4295 confessorem
2537 4248 2892 4308 peccatorum,
2917 4245 3114 4290 statura
3135 4236 3370 4300 brevem,
3400 4235 3576 4288 animo
3604 4233 3720 4289 bre-

2145 4335 2368 4396 viorcm,
2399 4332 2769 4387 ascendentem
2804 4331 3024 4400 lignum,
3053 4338 3112 4382 ut
3143 4336 3498 4382 transeuntem
3522 4326 3737 4382 videret

2146 4424 2233 4494 qui
2281 4437 2375 4494 pro
2419 4423 2508 4476 illo
2550 4423 2813 4493 pendebat
2848 4426 2898 4474 in
2946 4420 3107 4490 ligno.
3155 4420 3228 4472 Da
3267 4419 3391 4472 mihi
3435 4417 3731 4483 dicentem,

2151 4515 2426 4569 Dimidium
2455 4531 2618 4567 rerum
2652 4529 2873 4566 mearum
2914 4512 2979 4565 do
3008 4511 3329 4581 pauperibus.
3361 4508 3465 4564 Sed
3499 4507 3733 4564 multum

2147 4605 2296 4660 dives
2335 4620 2412 4669 es,
2453 4620 2484 4659 ο
2522 4603 2793 4669 Zacchme,
2835 4603 3054 4656 multum
3095 4602 3244 4655 dives
3286 4616 3362 4654 es.
3392 4601 3526 4654 Ecce
3564 4597 3726 4652 dimi-

2147 4699 2290 4754 dium
2319 4699 2469 4753 dabis
2501 4715 2513 4751 :
2545 4696 2822 4752 dimidium
2848 4710 3016 4766 quare
3046 4691 3382 4748 reservabis?
3412 4691 3542 4758 Quia
3573 4690 3615 4743 si
3643 4705 3729 4748 cu:

2147 4791 2338 4862 aliquid
2364 4790 2563 4858 abstuli,
2595 4788 2932 4862 quadruplum
2963 4786 3118 4840 reddo
3150 4784 3298 4857 (Luc.
3329 4799 3446 4850 nx,
3476 4781 3616 4851 2-8).

2220 4885 2273 4939 5.
2324 4883 2583 4954 Puuperes
2640 4882 2700 4935 de
2758 4880 2938 4934 Lazari
3003 4887 3139 4932 sorte
3215 4893 3313 4930 non
3402 4873 3737 4929 extollantur.

2148 4974 2254 5030 Sed
2300 4976 2373 5028 ait
2414 4972 2541 5027 mihi
2590 4971 2813 5043 quisque
2851 4970 3156 5035 mendicus,
3206 4967 3478 5023 debilitate
3523 4964 3736 5032 fessus,

2149 5068 2340 5138 pannis
2377 5066 2598 5129 obsitus,
2629 5063 2768 5117 fame
2807 5063 3122 5132 languidus;
3163 5059 3450 5130 respondet
3486 5055 3633 5121 mihi,
3679 5065 3743 5111 et

2150 5162 2278 5217 dicit
2322 5179 2334 5214 :
2383 5158 2504 5214 Mihi
2550 5157 2772 5212 debetur
2827 5171 3045 5226 regnum
3099 5155 3392 5217 caelorum;
3441 5165 3538 5220 ego
3583 5147 3736 5204 enim

2151 5250 2340 5305 similis
2382 5263 2495 5302 sum
2535 5246 2610 5300 illi
2656 5245 2875 5311 Lazaro,
2912 5246 3000 5316 qui
3043 5243 3254 5314 jaecbat
3291 5241 3563 5296 ulcerosus
3605 5248 3741 5294 ante

2150 5342 2328 5398 divitis
2353 5340 2586 5404 domum,
2616 5337 2768 5409 cujus
2791 5353 2953 5393 canes
2981 5335 3247 5406 lingebant
3271 5333 3473 5397 ulcera,
3505 5339 3558 5386 et
3586 5345 3744 5400 qua»

2153 5435 2302 5490 rebat
2350 5431 2574 5486 saturari
2620 5431 2687 5487 de
2731 5431 2912 5493 micis,
2965 5444 3084 5499 qua:
3129 5427 3389 5482 cadebant
3436 5423 3504 5480 de
3550 5438 3743 5478 mensa

2151 5526 2328 5582 divitis
2357 5543 2368 5577 :
2401 5539 2502 5595 ego
2532 5525 2604 5580 illi
2631 5524 2854 5578 similior
2883 5538 3032 5587 sum,
3065 5521 3252 5591 inquit.
3285 5519 3536 5575 Nostrum
3567 5532 3745 5587 genus

2152 5628 2253 5683 est,
2300 5619 2382 5672 cui
2427 5618 2652 5673 debetur
2689 5631 2910 5687 regnum
2949 5615 3241 5678 cmlorum;
3290 5627 3395 5667 non
3424 5610 3509 5665 illi
3548 5609 3741 5680 generi

2219 5755 2234 5785 ί
2257 5754 2329 5802 Sic
2352 5759 2432 5801 Ms.
2455 5758 2810 5801 Germanensns.
2839 5755 2893 5798 At
2929 5760 3101 5798 omnes
3137 5746 3272 5805 editi,
3295 5742 3466 5796 alienis
3495 5737 3724 5806 operibus

2157 5823 2212 5866 Et
2234 5829 2296 5866 ex
2316 5815 2391 5864 his
2411 5814 2507 5863 duo
2522 5813 2655 5862 Elim.
2685 5819 2734 5861 et
2753 5818 2859 5864 Lov.
2883 5811 3079 5875 sddunt,
3099 5809 3396 5862 insidiantes.
