4014 6310
279 356 378 413 H3

275 475 364 547 qui
393 471 687 529 induuntur
711 482 942 540 purpura
966 475 1022 541 et
1039 467 1217 537 bysso,
1246 473 1300 521 et
1322 463 1599 535 epulantur
1622 459 1857 533 quotidie

277 563 575 635 splendide.
616 562 760 618 Talis
801 558 944 616 enim
983 566 1105 613 erat
1135 557 1246 620 ille,
1287 563 1411 610 ante
1452 554 1603 623 cujus
1640 552 1856 607 domum

272 659 485 729 jacebat
515 670 714 727 pauper
737 655 1012 710 ulcerosus
1040 669 1055 707 :
1080 659 1136 707 et
1160 649 1336 705 videte
1358 648 1529 703 exitus
1556 645 1853 700 amborum.

272 749 508 819 Contigit
535 748 681 803 enim
711 746 845 800 mori
884 745 1094 813 inopem
1126 741 1307 807 illum,
1337 750 1390 795 et
1426 736 1621 792 auferri
1652 736 1718 789 ab
1744 734 1857 788 An-

270 840 398 911 gelis
429 840 484 893 in
528 839 706 893 sinum
734 834 980 890 Abrahae.
1012 834 1247 888 Mortuus
1275 840 1358 887 est
1394 838 1570 883 autem
1595 827 1762 889 dives,
1804 833 1858 879 et

271 930 511 999 sepultus
540 938 641 983 est.
673 927 806 981 Nam
834 941 1033 995 pauper
1060 923 1195 978 forte
1221 938 1319 977 nec
1346 920 1606 991 sepultus.
1636 919 1700 973 Et
1729 916 1855 987 quid

269 1021 495 1092 postea?
537 1020 669 1075 Cum
714 1018 854 1087 apud
900 1017 1099 1071 inferos
1144 1015 1293 1070 dives
1335 1013 1426 1068 ille
1474 1013 1526 1066 in
1578 1009 1855 1065 tormentis

267 1124 432 1180 esset,
466 1113 663 1168 levavit
688 1111 873 1166 oculos
899 1124 1047 1175 suos,
1075 1108 1206 1162 vidit
1231 1120 1518 1177 pauperem
1548 1118 1705 1174 quem
1727 1116 1856 1157 con-

268 1215 579 1275 tempserat,
623 1205 674 1258 in
713 1204 941 1258 Abrahae
969 1201 1173 1271 gremio
1212 1200 1571 1269 quiescentem
1602 1214 1615 1250 :
1644 1194 1854 1250 deside-

267 1297 398 1352 ravit
438 1305 669 1368 guttam,
709 1310 737 1348 a
768 1310 874 1364 quo
903 1292 1259 1355 ille-micam;
1304 1299 1355 1344 et
1385 1289 1632 1359 quoniam
1670 1286 1855 1341 dilexit

267 1388 616 1456 opulentiam,
636 1401 741 1440 non
772 1385 969 1439 invenit
997 1382 1433 1438 misericordiam.
1457 1380 1632 1435 Voluit
1658 1378 1852 1433 subve-

267 1479 370 1531 niri
397 1476 655 1531 fratribus
684 1476 813 1539 suis,
855 1489 1067 1543 semper
1094 1487 1301 1537 vecors,
1343 1485 1463 1525 sero
1498 1470 1801 1524 misericors
1834 1485 1849 1522 :

267 1569 390 1623 nihil
413 1568 637 1623 omnino
648 1566 788 1638 quod
811 1566 1112 1636 postulavit,
1130 1564 1332 1634 accepit
1350 1562 1495 1633 (Luc.
1517 1578 1628 1625 xvi,
1656 1557 1848 1629 ill-31):.

329 1660 565 1717 CAPUT
596 1659 684 1715 lll‘.
721 1689 794 1699 —-
827 1660 881 1714 4.
926 1657 1132 1727 Pauper
1168 1666 1215 1710 et
1257 1656 1389 1709 dives
1430 1656 1483 1708 in
1503 1654 1675 1707 eadem
1720 1660 1857 1704 sorte

268 1754 554 1825 felicitatis,
609 1747 685 1806 si”
718 1760 923 1822 uterque
988 1748 1210 1802 humilis.
1252 1746 1410 1802 Sinus
1449 1744 1682 1798 Abrahaz.
1736 1742 1853 1796 Dis-

263 1859 552 1902 cernamus
596 1858 742 1912 ergo,
793 1841 962 1912 inquit
1002 1840 1165 1905 mihi,
1216 1852 1477 1908 pauperes
1518 1845 1572 1891 et
1617 1835 1848 1891 divites:

263 1937 384 2008 quid
411 1951 501 1991 me
537 1934 607 1990 ad
638 1934 741 1989 alia
780 1930 1113 2002 intelligenda
1154 1929 1487 1986 exhortaris?
1519 1926 1696 1998 Aperti
1729 1934 1853 1981 sunt

264 2042 527 2098 pauperes
548 2069 564 2093 ,
590 2026 757 2096 aperti
792 2034 914 2079 sunt
945 2023 1154 2078 divites.
1195 2022 1333 2075 Audi
1371 2034 1498 2090 ergo
1528 2033 1614 2073 me
1643 2017 1709 2072 de
1750 2017 1851 2074 hoc

263 2118 397 2189 quod
437 2117 799 2188 proposuisti,
829 2115 1025 2170 domne
1050 2115 1067 2145 ⁸
1111 2127 1331 2182 pauper.
1370 2111 1504 2165 Cum
1532 2109 1671 2164 enim
1701 2109 1848 2163 illum

261 2220 506 2267 sanctum
529 2210 833 2265 ulcerosum
865 2217 915 2263 te
940 2222 1057 2263 esse
1077 2205 1229 2269 dicis,
1262 2206 1425 2260 timeo
1446 2221 1512 2260 ne
1541 2203 1852 2273 superbien-

258 2302 325 2358 do
352 2318 465 2357 non
491 2303 566 2357 sis
596 2300 737 2372 quod
762 2300 915 2355 dicis.
950 2298 1067 2353 Noli
1095 2306 1437 2353 contemnere
1465 2295 1656 2351 divites
1694 2296 1853 2350 mise—

260 2395 529 2461 ricordes,
566 2394 761 2451 divites
806 2392 1071 2458 humiles;
1106 2399 1236 2447 etut
1270 2391 1426 2445 citius
1469 2390 1642 2448 dicam
1668 2431 1682 2456 ,
1708 2388 1851 2459 quod

258 2487 418 2558 paulo
448 2496 577 2541 ante
600 2486 732 2550 dixi,
763 2485 963 2541 divites
984 2499 1240 2555 pauperes
1280 2484 1389 2538 noli
1414 2491 1776 2537 contemnere.
1806 2480 1851 2536 Ο

258 2586 647 2649 pauper,esto
673 2585 735 2637 et
767 2587 825 2631 tu
865 2590 1093 2646 pauper;
1134 2589 1362 2644 pauper,
1398 2572 1445 2628 id
1468 2580 1584 2638 est,
1614 2572 1847 2633 humilis.

260 2669 315 2725 Si
340 2669 489 2725 enim
506 2668 659 2723 dives
691 2668 858 2723 factus
886 2677 962 2722 est
980 2667 1195 2725 humilis
1215 2708 1228 2730 ,
1256 2675 1453 2735 quanto
1469 2666 1635 2735 magis
1654 2680 1853 2734 pauper

259 2775 375 2816 esse
400 2760 569 2815 debet
592 2760 841 2814 humilis?
872 2759 1078 2828 Pauper
1114 2773 1219 2814 non
1255 2757 1416 2812 habet
1442 2758 1581 2812 unde
1617 2757 1848 2822 inﬂetur,

257 2854 407 2908 dives
447 2850 616 2909 habet
651 2866 900 2921 cumquo
939 2850 1184 2906 luctetur.
1222 2850 1357 2905 Audi
1404 2866 1532 2921 ergo
1571 2865 1675 2904 me.
1724 2850 1852 2904 Esto

259 2961 417 3000 verus
455 2960 682 3023 pauper,
716 2953 831 2999 esto
852 2944 990 3013 pius,
1023 2952 1139 2998 esto
1165 2942 1398 2997 humilis.
1427 2943 1557 2996 Nam
1578 2942 1620 2997 si
1654 2942 1719 2997 de
1748 2942 1861 3001 ista.

260 3050 501 3106 pannosa
536 3043 594 3089 et
643 3033 887 3089 ulcerosa
928 3040 1236 3103 paupertate
1278 3032 1541 3102 gloriaris,
1584 3032 1701 3107 quia
1729 3032 1851 3090 talis

259 3128 355 3182 fuit
385 3128 479 3183 ille
512 3126 605 3197 qui
630 3135 754 3180 ante
774 3125 991 3181 domum
1017 3124 1195 3183 divitis
1225 3124 1377 3193 inops
1392 3124 1642 3194 .jacebat;
1676 3132 1850 3179 atten-

256 3220 338 3276 dis
366 3221 495 3291 quia
525 3235 727 3290 pauper
748 3218 880 3285 fuit,
907 3226 961 3273 et
983 3217 1124 3273 aliud
1157 3232 1263 3271 non
1290 3216 1537 3275 attendis.
1569 3214 1703 3283 Quid
1726 3257 1740 3281 ,
1769 3216 1851 3270 in-

258 3313 376 3383 quis
401 3352 417 3373 ,
467 3309 725 3364 attendo?
768 3300 910 3379 Lege
946 3307 1280 3377 Scripturas,
1326 3314 1381 3361 et
1420 3306 1659 3361 invenies
1707 3304 1849 3375 quod

258 3403 397 3457 dico.
423 3402 661 3456 Lazarus
688 3416 888 3470 pauper
918 3399 1013 3453 fuit
1038 3419 1051 3454 :
1082 3400 1133 3453 in
1159 3398 1505 3469 cojussinum
1524 3398 1726 3453 levatus
1746 3407 1848 3465 est,

259 3491 409 3547 dives
440 3491 558 3545 fuit.
589 3490 807 3561 Contigit
828 3532 843 3557 ,
876 3489 1079 3560 inquit,
1104 3490 1232 3543 mori
1274 3490 1472 3559 inopem
1499 3490 1662 3555 illum,
1688 3499 1733 3543 et
1757 3506 1851 3543 au-

261 3583 382 3654 ferri
404 3582 471 3634 ab
516 3581 731 3652 angelis.
768 3581 924 3648 Quo?
950 3578 1017 3633 In
1058 3582 1223 3635 sinum
1268 3580 1516 3645 Abralur,
1564 3580 1613 3635 id
1649 3590 1731 3636 est
1754 3623 1767 3644 ,
1797 3582 1851 3636 in

260 3681 552 3738 secretum,
586 3671 674 3726 ubi
699 3680 815 3727 erat
849 3670 1137 3726 Abraham.
1178 3669 1353 3725 Nolite
1392 3671 1535 3725 enim
1568 3672 1852 3726 carnaliter

261 3765 585 3834 intelligere,
608 3763 747 3839 quod
782 3764 925 3818 velut
944 3764 1003 3819 in
1026 3763 1202 3817 sinum
1232 3762 1423 3817 tunica:
1452 3762 1679 3817 Abrahte
1707 3763 1849 3817 leva-

262 3865 346 3910 tus
375 3856 448 3909 sit
478 3870 698 3929 pauper.
725 3854 893 3910 Sinus.
923 3863 1056 3920 erat,
1084 3855 1205 3925 quia
1232 3863 1492 3909 secretum
1530 3863 1663 3909 erat.
1700 3854 1851 3911 Unde

262 3944 459 4000 dicitur
479 3987 494 4011 ,
540 3944 717 3999 Redde
750 3945 921 3999 vicinis
954 3948 1136 3999 nostris
1177 3947 1231 3999 in
1264 3947 1428 3999 sinum
1460 3961 1633 3999 eorum
1679 3943 1847 4017 (Psal.

263 4053 490 4101 mvut,
514 4034 625 4107 l2).
648 4035 783 4103 Quid
805 4045 907 4101 est,
934 4036 985 4089 in
1015 4036 1180 4089 sinum
1216 4036 1422 4090 eorum?
1443 4035 1501 4089 lu
1531 4045 1732 4090 secreta
1755 4051 1850 4090 eo-

262 4145 401 4184 rum.
430 4128 572 4197 Quid
601 4136 701 4194 est,
731 4128 904 4182 Redde
944 4129 997 4181 in
1038 4128 1203 4181 sinum
1237 4128 1444 4181 eorum?
1468 4127 1677 4198 Terque
1717 4143 1849 4183 con-

264 4220 548 4275 scientiam
583 4233 784 4273 eorum.
814 4218 971 4288 Lege,
1006 4219 1159 4272 autsi
1188 4218 1366 4287 legere
1391 4233 1496 4272 non
1531 4229 1700 4287 potes,
1729 4218 1851 4272 audi

263 4326 385 4365 cum
416 4310 633 4380 legitur,
666 4317 721 4364 ct
746 4309 863 4364 vide
893 4308 1160 4363 Abraham
1197 4308 1658 4378 opulentissimum
1690 4308 1853 4363 fuisse

266 4401 319 4455 in
348 4411 520 4464 terra,
542 4415 694 4467 auro,
724 4409 945 4470 argento
962 4442 975 4464 ,
1004 4399 1197 4455 familia
1218 4442 1232 4464 ,
1262 4416 1454 4470 pecore
1476 4442 1490 4468 ,
1513 4403 1855 4473 possessione

267 4491 421 4558 (Cen.
446 4491 600 4561 xm):
632 4498 685 4545 et
717 4499 892 4546 tamen
920 4490 1067 4546 dives
1105 4491 1205 4546 iste
1230 4506 1429 4561 pauper
1455 4491 1584 4559 fuit,
1607 4494 1727 4562 quia
1750 4492 1851 4547 hu-

266 4586 408 4641 milis
448 4584 587 4650 fuit;
615 4584 836 4639 Credidit
870 4585 1011 4640 enim
1046 4586 1301 4640 Abraham
1322 4586 1458 4653 Deo,
1481 4596 1527 4641 et
1560 4588 1854 4657 deputatum

266 4691 334 4733 est
362 4679 443 4733 illi
469 4678 537 4731 ad
558 4679 811 4749 justitiam
858 4678 968 4749 (Id.
999 4696 1088 4745 xv,
1113 4679 1187 4753 6).
1220 4681 1544 4737 Justillcatus
1573 4693 1656 4738 est
1688 4684 1855 4754 gratia

268 4770 381 4835 Dei,
409 4785 521 4824 non
548 4771 761 4840 prepria
806 4773 1236 4842 praesumptione.
1286 4773 1484 4829 Fidelis
1528 4785 1675 4841 erat,
1718 4776 1856 4833 bene

269 4862 614 4931 operabatur.
644 4861 830 4917 Filium
867 4862 1047 4932 jussus
1071 4873 1153 4919 est
1189 4864 1502 4933 immolare;
1529 4882 1701 4937 neque
1724 4883 1854 4923 cun-

270 4962 444 5007 ctatus
475 4962 560 5008 est
584 4953 632 5008 ei
657 4953 850 5011 oﬂ‘erre
878 4955 1019 5024 quod
1048 4966 1346 5026 acceperat,
1388 4972 1425 5033 a_
1438 4972 1545 5028 quo
1574 4968 1857 5028 acceperat

272 5044 381 5115 (Id.
410 5045 570 5116 nu).
622 5046 880 5101 Probatus
912 5054 995 5101 est
1032 5047 1142 5102 Deo
1161 5088 1183 5115 ,
1214 5049 1531 5105 constitut’us
1558 5058 1641 5106 est
1677 5066 1863 5115 exem-q

274 5142 418 5212 plum
443 5139 589 5196 ﬁdei.
611 5140 728 5196 Jam
752 5142 863 5195 Deo
889 5150 1046 5212 notus
1071 5150 1186 5197 erat
1215 5161 1228 5198 :
1252 5143 1345 5198 sed
1374 5144 1525 5199 nobis
1556 5154 1857 5200 monstran-

275 5232 373 5286 dus
420 5240 557 5289 erat.
606 5231 724 5287 Non
778 5242 863 5288 est
908 5232 1123 5309 inﬂatus
1162 5234 1313 5304 quasi
1337 5236 1390 5295 in
1431 5236 1584 5291 bonis
1610 5237 1861 5306 operibus

276 5323 420 5387 suis;
449 5322 570 5392 quia
599 5338 802 5393 pauper
824 5324 1102 5379 eratdives
1128 5326 1245 5381 iste.
1270 5326 1336 5380 Et
1363 5335 1421 5381 ut
1444 5328 1583 5383 scias
1607 5329 1726 5398 quia
1754 5345 1858 5384 non

281 5424 359 5468 est
384 5414 595 5471 inﬂatus
634 5425 890 5486 tanquam
928 5417 978 5471 in
1002 5417 1155 5473 bonis
1193 5418 1444 5487 operibus
1493 5421 1604 5474 suis
1636 5421 1861 5491 (sciebat

284 5506 420 5559 enim
463 5506 584 5576 quia
621 5505 887 5576 quidquid
918 5506 1177 5572 habebat,
1202 5522 1231 5561 a
1258 5508 1367 5563 Deo
1390 5508 1644 5575 habebat;
1678 5518 1731 5564 et
1758 5525 1860 5568 non

285 5597 335 5651 in
358 5612 414 5653 se
438 5599 573 5669 ipso,
599 5598 698 5654 sed
727 5599 781 5652 in
821 5598 1046 5653 Domino
1087 5598 1453 5670 gloriabatur),
1485 5599 1607 5653 audi
1644 5600 1861 5655 Paulum

286 5713 479 5827 α
506 5720 578 5767 Er.
606 5713 753 5764 vlim.
792 5719 847 5763 et
904 5720 1031 5774 Par.,
1071 5710 1284 5765 domine.
1328 5718 1383 5763 At
1436 5719 1542 5763 Mss.
1578 5726 1687 5765 cum
1728 5720 1854 5776 l.ov.,

1714 339 1941 399 SERMO
1966 339 2105 396 xw.
2178 318 2185 323 ’

3448 356 3548 412 114

1966 458 2265 526 apostolum
2296 476 2308 511 :
2338 460 2399 515 Si
2437 462 2566 516 enim
2600 463 2851 520 Abraham
2898 482 2961 520 ex
2987 468 3217 539 operibus
3239 470 3549 540 iustiﬁcatus

1963 558 2053 617 est,
2084 550 2229 605 habet
2255 552 2487 623 gloriam,
2512 555 2599 609 sed
2621 574 2719 610 non
2740 557 2989 612 ad'Deum
3017 557 3191 633 (Rom.
3224 576 3300 628 tv,
3325 561 3404 635 2).
3530 550 3537 557 ’

2032 641 2254 698 CAPUT
2292 644 2380 699 IV.
2409 676 2480 685 —
2506 646 2558 701 5.
2596 646 2751 719 Verus
2771 667 2964 720 pauper
2983 651 3034 704 in
3073 668 3353 723 pauperum
3402 654 3548 707 turba

1961 733 2045 788 uia;
2086 735 2351 790 invenitur.
2395 737 2632 805 Videtis,
2668 742 2787 810 quia
2818 757 2937 796 cum
2976 744 3244 799 abundent
3281 759 3545 816 pauperes

1960 834 2103 879 recte
2148 828 2433 896 quaerimus
2474 844 2759 898 pauperem
2795 848 2807 883 :
2850 833 2900 885 in
2946 833 3097 887 turba
3143 837 3451 905 quarrimus,
3494 847 3547 891 et

1961 914 2044 969 vix
2068 916 2381 973 invenimus.
2426 919 2669 975 Occurrit
2696 922 2823 976 mihi
2846 939 3073 993 pauper,
3106 935 3161 983 et
3202 944 3384 998 quaero
3420 943 3547 997 pau-

1960 1021 2165 1075 perem.
2198 1008 2412 1063 Interim
2445 1019 2499 1064 tu
2530 1026 2741 1065 manum
2773 1015 2981 1085 porrige
3017 1019 3233 1086 pauperi
3265 1033 3420 1088 quem
3462 1019 3545 1073 iu-

1958 1096 2127 1149 venis.
2157 1096 2328 1152 Corde
2358 1101 2550 1169 qtueris
2570 1143 2582 1164 ,
2605 1118 2760 1172 quem
2795 1105 3006 1173 quaaris.
3036 1105 3113 1159 'l‘u
3137 1106 3268 1162 dicis
3288 1150 3304 1175 ,
3335 1108 3548 1177 Pauper

1958 1200 2073 1239 sum
2096 1187 2225 1241 sicut
2254 1188 2486 1244 Lazarus
2518 1192 2703 1247 :dives
2733 1193 2831 1247 iste
2880 1209 3030 1249 meus
3070 1189 3287 1252 humilis
3314 1214 3417 1253 non
3443 1199 3529 1253 dio

1956 1276 2047 1342 cit,
2098 1277 2252 1333 Dives
2296 1294 2411 1333 sum
2449 1282 2586 1335 sicut
2622 1282 2909 1337 Abraham.
2959 1284 3099 1354 Ergo
3125 1294 3178 1339 tu
3225 1295 3276 1342 te
3302 1289 3536 1354 extollis,

1957 1368 2046 1423 ille
2071 1385 2130 1425 se
2157 1370 2417 1427 humiliat.
2456 1373 2591 1440 Quid
2616 1374 2813 1430 inﬂaris
2838 1419 2851 1441 ,
2882 1386 2935 1431 et
2985 1392 3087 1431 non
3120 1379 3363 1435 imitaris.
3395 1382 3528 1451 Ego,

1956 1461 2157 1530 inquit,
2190 1478 2392 1534 pauper
2435 1464 2582 1519 levor
2616 1467 2666 1519 in
2718 1462 3180 1523 sinumAbrahcc.
3228 1470 3343 1524 Non
3393 1472 3542 1527 vides

1955 1552 2077 1619 quia
2122 1566 2405 1621 pauperem
2455 1554 2603 1609 dives
2656 1558 2899 1626 excepit?
2933 1557 3047 1611 Non
3074 1558 3221 1613 vides
3246 1562 3367 1629 quia
3396 1561 3543 1615 dives

1956 1652 2233 1712 susceptor
2255 1652 2338 1698 est
2376 1648 2656 1716 pauperis?
2682 1647 2736 1703 Si
2761 1650 2901 1703 enim
2948 1651 3191 1720 superbis
3230 1662 3410 1707 contra
3450 1668 3543 1708 eos

1955 1736 2043 1805 qui
2075 1736 2270 1791 habent
2297 1740 2570 1807 pecuniam
2597 1780 2612 1806 ,
2644 1751 2696 1795 et
2726 1757 2887 1811 negas
2925 1759 3018 1798 eos
3045 1744 3113 1799 ad
3135 1760 3354 1816 regnum
3378 1746 3544 1801 ccelo-

1954 1823 2071 1881 rum
2097 1830 2391 1897 pertinere;
2421 1845 2538 1884 cum
2568 1832 2621 1885 in
2648 1831 2727 1886 eis
2766 1832 2989 1888 fortasse
3017 1835 3319 1889 inveniatur
3356 1834 3533 1890 humi-

1954 1917 2094 1981 litas,
2124 1932 2241 1987 qua:
2296 1918 2347 1972 in
2380 1927 2432 1974 te
2475 1935 2581 1974 non
2626 1921 2931 1976 invenitur:
2977 1939 3081 1977 non
3123 1925 3278 1979 times
3324 1940 3390 1978 ne
3423 1924 3536 1989 tibi,

1955 2021 2075 2061 cum
2117 2016 2357 2063 mortuus
2405 2008 2569 2064 fueris
2593 2052 2607 2077 ,
2632 2010 2775 2065 dicat
2801 2011 3068 2066 Abraham
3097 2054 3111 2079 ,
3140 2013 3350 2070 Recede
3375 2030 3403 2068 a
3430 2032 3538 2084 me,

1954 2100 2075 2169 quia
2102 2099 2474 2169 blasphemasti
2504 2102 2628 2157 me?

2026 2193 2078 2245 6.
2120 2190 2323 2247 Divitiae
2358 2195 2523 2263 plena:
2568 2195 2909 2265 periculorum
2955 2206 3001 2251 et
3044 2198 3299 2267 peritum.
3339 2199 3541 2255 Admo-

1956 2299 2176 2338 neamus
2213 2301 2335 2356 ergo
2359 2286 2553 2341 divites
2583 2298 2814 2351 nostros.
2852 2288 2993 2358 quod
3024 2291 3309 2360 Apostolus
3348 2292 3537 2346 admo-

1954 2378 2087 2430 nuit.
2134 2376 2253 2431 Non
2305 2382 2513 2448 superbe
2558 2397 2771 2449 sapere,
2820 2398 2977 2452 neque
3020 2399 3221 2451 sperare
3266 2386 3318 2437 in
3356 2384 3542 2439 incerto

1955 2468 2241 2525 divitiarum
2292 2469 2333 2541 (Ι
2362 2470 2490 2531 Tim.
2532 2489 2622 2537 γι,
2670 2473 2795 2544 17),
2842 2474 3093 2528 admoniti
3143 2491 3345 2531 sumus.
3396 2476 3541 2531 Divi-

1955 2558 2043 2613 tia:
2082 2560 2217 2624 ilhc,
2250 2576 2389 2630 quas
2420 2564 2616 2631 putatis
2656 2563 2837 2632 plenas
2879 2578 2998 2619 esse
3037 2564 3380 2633 deliciarum,
3432 2567 3543 2636 plc-

1956 2650 2134 2703 niores
2176 2659 2299 2704 sunt
2348 2652 2724 2721 periculorum.
2776 2652 2985 2722 Pauper
3019 2663 3166 2719 erat,
3207 2663 3261 2708 et
3304 2650 3543 2709 securibr

1954 2738 2287 2801 dormiebat:
2316 2755 2535 2796 somnus
2576 2742 2781 2797 facilius
2810 2742 3095 2798 accedebat
3120 2742 3184 2797 ad
3211 2744 3399 2798 duram
3429 2756 3536 2800 ter-

1955 2848 2092 2899 ram,
2123 2849 2279 2903 quam
2310 2834 2375 2889 ad
2418 2835 2611 2890 lectum
2657 2836 3064 2907 inargentatum.
3094 2837 3363 2892 Attendile
3388 2853 3541 2893 curas

1955 2925 2198 2993 divitum,
2231 2935 2285 2981 et
2326 2937 2631 2997 comparate
2663 2929 2933 2983 securitati
2963 2943 3273 2999 pauperum.
3307 2928 3413 2984 Sed
3441 2944 3539 2983 au-

1955 3011 2066 3071 diat
2110 3016 2259 3072 dives
2291 3018 2410 3085 iste,
2439 3030 2497 3073 ut
2538 3033 2642 3073 non
2685 3019 2911 3090 superbe
2938 3019 3128 3087 sapiat,
3160 3034 3333 3089 neque
3362 3030 3541 3090 speret

1957 3108 2009 3162 in
2039 3108 2241 3163 incerto
2280 3107 2607 3163 divitiarum.
2652 3108 2837 3164 Utatur
2877 3110 3096 3176 mundo,
3141 3118 3386 3179 tanquam
3432 3124 3539 3163 non

1956 3207 2130 3254 utens.
2158 3199 2301 3254 Sciat
2323 3214 2381 3254 se
2407 3200 2545 3254 viam
2571 3200 2875 3264 ambulare,
2916 3210 2969 3255 et
2993 3201 3044 3254 in
3074 3201 3167 3253 has
3193 3200 3401 3254 divitias
3426 3208 3541 3254 tan-

1956 3304 2114 3358 quam
2156 3289 2207 3342 in
2246 3289 2506 3344 stabulum
2538 3290 2783 3345 intrasse.
2812 3289 3051 3357 Reliciat,
3076 3290 3244 3344 viator
3268 3299 3349 3345 est
3377 3308 3389 3343 :
3418 3290 3541 3345 reﬂ-

1956 3380 2061 3434 ciat
2076 3394 2154 3446 se,
2177 3387 2230 3433 et
2253 3388 2484 3434 transeat
2502 3397 2516 3446 ;
2533 3396 2636 3434 non
2658 3394 2836 3435 secum
2860 3380 2993 3435 tollit
3014 3379 3156 3450 quod
3174 3380 3225 3434 in
3238 3380 3444 3434 stabulo
3461 3381 3541 3435 in-

1955 3470 2119 3525 venit.
2139 3470 2287 3524 Alius
2302 3471 2472 3525 viator
2487 3471 2608 3537 erit,
2626 3480 2679 3526 et
2700 3472 2812 3542 ipsc
2828 3471 3060 3537 habebit,
3080 3471 3173 3526 sed
3188 3486 3294 3526 non
3314 3470 3537 3527 auferet.

2025 3560 2251 3615 CAPUT
2294 3560 2357 3616 V.
2388 3561 2674 3617 —0mncs
2714 3562 2798 3617 hic
2824 3561 3060 3617 relicturi
3101 3572 3224 3617 sunt
3270 3562 3408 3633 quod
3454 3563 3541 3619 hic

1955 3654 2339 3723 acquisierunt.
2368 3654 2555 3708 Nudus
2580 3695 2594 3719 ,
2614 3656 2904 3725 inquit,e.rii
2922 3655 2983 3709 de
2998 3665 3139 3709 utero
3175 3657 3351 3709 matris
3382 3672 3542 3722 mete;

1956 3747 2123 3799 nudus
2145 3756 2360 3799 revertar
2386 3746 2437 3799 in
2464 3755 2669 3812 terram,
2694 3745 2939 3799 Dominus
2967 3746 3122 3810 dedit,
3154 3745 3403 3799 Dominus
3427 3748 3542 3799 abs-

1956 3838 2068 3890 tulit
2096 3836 2217 3908 (Job
2242 3854 2278 3902 t,
2318 3836 2435 3905 21).
2455 3836 2570 3891 Non
2611 3836 2882 3900 abstulit‘,
2905 3836 3027 3906 quia
3057 3835 3145 3889 tibi
3173 3836 3440 3890 derelictus
3468 3845 3543 3889 est

1956 3944 2167 3999 pauper.
2200 3926 2387 3983 Nudus
2407 3928 2505 3982 exii
2526 3928 2587 3981 de
2603 3936 2741 3981 utero
2762 3927 2936 3981 matris
2961 3942 3084 3981 mea:
3096 3943 3115 3992 ,'
3143 3926 3309 3980 nudus
3325 3935 3544 3980 revertar

1953 4020 2007 4072 in
2036 4028 2237 4072 terram.
3546 4026 3549 4029 ‘

2045 4112 2098 4166 7.
2146 4109 2354 4183 Pauper
2400 4111 2753 4182 cupiditatibus
2783 4111 2934 4164 divite
2979 4112 3140 4181 pejor.
3190 4108 3329 4165 Audi
3378 4110 3541 4165 alium

1964 4218 2273 4274 pauperem.
2332 4201 2482 4257 Nihil
2536 4205 2794 4257 intulimus
2839 4204 2891 4256 in
2947 4204 3081 4256 hunc
3127 4203 3405 4268 mundum;
3455 4204 3543 4257 sed

1958 4310 2047 4346 nec
2098 4296 2300 4364 auferre
2345 4293 2540 4365 aliquid
2587 4309 2855 4363 possumus
2900 4309 2918 4346 :
2969 4294 3150 4346 uictum
3193 4301 3241 4345 et
3288 4301 3544 4362 tegumen-

1959 4394 2066 4437 tum
2118 4385 2382 4450 habentes,
2430 4386 2507 4438 his
2547 4386 2765 4438 contenti
2811 4386 2985 4438 simus.
3035 4382 3173 4437 Nam
3227 4385 3315 4454 qui
3368 4385 3543 4438 volunt

1959 4479 2134 4532 divites
2195 4480 2304 4547 ﬁeri
2337 4520 2351 4545 ,
2406 4479 2633 4531 incidunt
2694 4479 2746 4531 in
2798 4478 3119 4531 tentationem
3174 4487 3221 4531 et
3294 4478 3544 4531 desideria

1959 4569 2138 4633 nmlta,
2170 4569 2325 4621 stulta
2369 4577 2416 4621 et
2442 4569 2613 4631 noxia,
2651 4583 2762 4637 qua:
2790 4577 3019 4639 mergunt
3059 4567 3283 4620 homines
3310 4568 3362 4619 in
3386 4568 3546 4620 inter-

1960 4662 2083 4716 itum
2101 4670 2146 4715 et
2187 4661 2538 4732 perditionem.
2574 4660 2745 4715 Radix
2781 4670 2852 4714 est
2889 4662 3020 4713 enim
3046 4661 3267 4739 omnium
3295 4659 3543 4712 malorum

1961 4754 2173 4807 avaritia
2193 4769 2209 4807 :
2229 4770 2379 4823 quam
2397 4752 2603 4823 quidam
2630 4762 2935 4822 appetentes,
2963 4768 2993 4803 a
3024 4751 3122 4819 [ide
3142 4760 3543 4820 pererrauerunt,

1962 4855 2007 4900 et
2034 4847 2346 4898 inseruerunt
2368 4862 2422 4899 se
2449 4845 2703 4897 doloribus
2734 4844 2902 4897 multis
2928 4842 2971 4917 (ι
3001 4843 3129 4897 Tim.
3162 4860 3235 4909 γι,
3256 4843 3417 4913 7-10).
3442 4842 3545 4908 Qui

1962 4944 2087 4990 sunt
2108 4936 2190 4989 isti
2220 4936 2308 5005 qui
2340 4953 2370 4987 a
2399 4936 2502 5005 ﬁde
2521 4944 2921 5005 pererravertmt,
2956 4946 3004 4989 et
3042 4937 3356 4989 inseruerunt
3377 4951 3430 4987 se
3453 4936 3549 4988 do-

1966 5025 2153 5079 loribus
2193 5025 2404 5078 multis?
2452 5025 2550 5090 Qui
2593 5027 2764 5079 volunt
2815 5026 2988 5078 divites
3027 5026 3156 5093 fieri.
3210 5024 3367 5078 Modo
3415 5024 3545 5079 mihi

1963 5116 2282 5187 respondeat
2309 5116 2396 5171 ille
2422 5132 2708 5186 pannosus.
2741 5116 3024 5171 Videamus
3040 5157 3054 5181 ,
3075 5117 3117 5169 si
3142 5130 3244 5170 non
3262 5116 3375 5169 vult
3398 5116 3547 5170 dives

1968 5210 2111 5274 ﬁeri;
2144 5208 2441 5272 videamus,
2472 5208 2857 5277 interrogemus
2882 5223 3026 5273 eum,
3051 5208 3095 5261 si
3124 5221 3227 5261 non
3257 5208 3371 5261 vult
3398 5209 3547 5263 dives

1968 5300 2081 5360 ﬁeri
2114 5318 2126 5354 :
2160 5299 2499 5369 rcSpondeat,
2549 5315 2654 5354 non
2705 5300 3008 5353 mentiatur.
3058 5299 3232 5354 Audio
3279 5300 3541 5370 linguam,

1968 5390 2063 5445 sed
2108 5390 2377 5460 interrogo
2420 5391 2819 5445 conscientiam.
2853 5390 3001 5444 Dicat
3022 5391 3069 5443 si
3112 5406 3217 5445 non
3244 5391 3356 5453 vult
3401 5392 3551 5446 dives

1969 5470 2106 5537 ﬁeri.
2136 5482 2191 5555 Si
2221 5492 2397 5536 autem
2442 5482 2583 5547 vult;
2608 5482 2715 5551 jam
2748 5481 2928 5536 incidit
2964 5482 3017 5535 in
3044 5483 3362 5536 tentationem
3391 5490 3436 5535 et
3465 5482 3553 5535 de-

2033 5594 2050 5623 ι
2070 5592 2265 5641 videtur
2288 5590 2570 5654 legendum,
2588 5604 2681 5641 non
2698 5606 2749 5643 se
2765 5591 2973 5644 abstulit.
3000 5594 3073 5643 sic
3087 5606 3261 5644 versus
3278 5592 3425 5643 ﬁnem
3446 5606 3553 5643 ser-

1971 5655 2130 5718 monis
2146 5654 2239 5718 2t:
2274 5670 2295 5698 α
2318 5655 2548 5718 pommus
2562 5654 2760 5718 abstulit
2783 5668 2797 5703 :
2822 5655 3053 5718 numquid
3076 5668 3133 5718 se
3165 5654 3400 5705 abstulit?
3421 5656 3553 5718 quod

1978 5734 2001 5763 ι
2023 5715 2157 5777 dedit
2179 5715 2402 5777 abstulit,
2420 5717 2503 5777 qui
2521 5714 2657 5765 dedit
2688 5730 2743 5765 se
2766 5714 3005 5767 obtulith
3034 5716 3192 5764 Codex
3219 5729 3288 5767 cs.
3311 5729 3322 5766 :
3350 5714 3441 5767 Sed
3464 5728 3554 5769 non

1974 5774 2198 5838 abstulit;
2223 5775 2349 5839 quod
2374 5774 2584 5827 noStram
2607 5778 2849 5829 conﬁrmat
2873 5778 3211 5838 conjecturam.
