4014 6310
1571 198 1612 220 κ

471 279 575 338 H5

466 393 655 449 stderia
683 395 862 464 multa,
881 395 1036 451 stulta
1055 406 1100 453 et
1127 397 1296 453 noxia.
1319 397 1434 454 Non
1461 397 1602 454 enim
1631 413 1762 469 opes
1778 399 1920 463 dico,
1950 399 2045 455 Sed

469 485 736 542 desideria.
765 487 954 546 Unde?
973 491 1103 558 Quia
1129 493 1240 547 vult
1260 493 1408 550 dives
1428 493 1562 548 fieri.
1593 493 1730 560 Quid
1751 493 1912 549 inde?
1938 492 2044 548 De-

466 577 652 636 sideria
689 580 848 634 multa
870 589 915 636 et
945 582 1098 636 stulta
1141 593 1189 637 et
1216 584 1386 649 noxia,
1424 599 1538 654 qua:
1572 593 1800 656 mergunt
1821 584 2044 638 homines

466 665 518 719 in
539 667 792 722 interitum
821 678 870 723 et
915 671 1259 740 perditionem.
1292 672 1455 730 Vides
1480 673 1568 729 ubi
1596 675 1704 729 sis?
1733 674 1868 741 Quid
1913 673 2044 729 mihi

469 766 703 813 ostentas
724 760 896 814 nullas
923 760 1223 830 facultates,
1256 781 1375 820 cum
1405 781 1505 837 ego
1531 767 1842 822 convincam
1870 775 2042 821 tantas

466 849 817 916 snpiditatcs?
838 851 977 907 Ecce
999 853 1111 921 jam
1155 869 1404 924 compara
1429 857 1582 913 duos.
1613 856 1718 923 Iste
1741 857 1890 912 dives
1913 864 1994 912 est
2022 897 2038 923 ,

466 936 553 992 ille
578 954 774 1008 pauper
798 948 880 995 est
905 958 918 995 :
945 941 1037 996 sed
1063 944 1163 998 iste
1180 943 1349 1016 dives,
1377 946 1488 1018 jam
1508 957 1610 1013 est,
1639 963 1746 1014 non
1766 947 1877 1000 vult
1903 947 2038 1012 fieri.

465 1025 570 1082 Iste
593 1027 742 1084 dives
769 1037 870 1095 est,
899 1039 990 1086 aut
1015 1031 1082 1088 de
1121 1036 1447 1103 parentibus,
1475 1045 1567 1091 aut
1585 1036 1652 1091 de
1677 1037 1829 1092 donis
1855 1047 1908 1092 et
1930 1037 2039 1098 ha:-

463 1117 794 1174 reditatibus.
841 1113 1130 1190 Ponamus,
1160 1122 1415 1183 faciamus
1450 1145 1462 1179 :
1492 1126 1642 1182 dives
1679 1136 1763 1180 est
1785 1127 1945 1182 etiam
1973 1126 2041 1181 de

462 1205 844 1277 iniquitatibus.
871 1210 987 1266 Jam
1014 1214 1256 1268 non-vult
1280 1214 1494 1286 addere,
1525 1217 1778 1286 imposuit
1799 1217 2034 1283 modum,

461 1295 581 1352 tiin
602 1297 825 1355 limitem
853 1301 1146 1374 cupiditati,
1175 1303 1283 1372 jam
1308 1305 1471 1361 corde
1489 1307 1682 1362 militat
1707 1307 1904 1377 pietati.
2026 1354 2034 1361 .

531 1387 756 1445 CAPUT
799 1389 880 1449 Vl.
900 1378 971 1432 4-
995 1391 1048 1463 8.
1069 1390 1294 1456 Rursum
1314 1411 1506 1466 pauper
1529 1413 1642 1458 cum
1663 1397 1811 1473 divite
1835 1412 2041 1467 compa-

458 1490 621 1535 ratur.
671 1481 829 1537 Dives
871 1491 974 1550 est,
1017 1485 1209 1554 inquis.
1241 1486 1594 1557 Respondeo,
1627 1488 1783 1544 Dives
1807 1496 1908 1543 est.
1933 1487 2038 1543 lte-

459 1585 578 1625 rum
623 1579 678 1626 tu
703 1580 981 1629 accusator
1018 1575 1311 1646 respondes
1348 1584 1404 1636 et
1437 1577 1590 1643 dicis,
1632 1578 1709 1634 De
1761 1577 2039 1648 iniquitate

457 1661 609 1720 dives
638 1673 719 1718 est
744 1665 784 1717 ¹.
807 1663 976 1732 Quid,
1005 1666 1050 1721 si
1083 1666 1208 1736 facit
1245 1669 1448 1731 amicos
1486 1667 1555 1724 de
1592 1683 1892 1741 mammona
1933 1667 2037 1722 ini-

457 1754 708 1824 quitatis?
728 1754 984 1824 Dominus
1014 1767 1234 1819 noverat
1260 1759 1405 1830 quod
1429 1759 1641 1815 dicebat
1673 1777 1686 1814 :
1718 1759 1902 1828 utique
1931 1774 2036 1814 non

458 1843 707 1913 errabat,
745 1846 956 1916 quando
995 1847 1364 1918 praecipiebat,
1393 1837 1568 1904 Facite
1586 1851 1721 1905 vobis
1754 1850 1940 1904 amicos
1974 1849 2038 1904 de

457 1949 744 1989 mammona
762 1936 1061 2022 iniquitatis,
1085 1947 1138 1992 ut
1162 1947 1206 1993 et
1235 1940 1333 2009 ipsi
1357 1940 1598 2010 recipiant
1633 1956 1717 1996 vos
1733 1941 1785 1994 in
1805 1938 2036 1993 taberna-

457 2025 573 2079 cula
597 2026 951 2099 wterna(Luc.
981 2044 1090 2095 xvi,
1115 2029 1193 2100 9).
1221 2029 1359 2101 Quid
1385 2030 1436 2108 si
1460 2030 1562 2085 hoc
1590 2030 1715 2089 facit
1741 2031 1840 2112 iste
1859 2029 2035 2097 dives?

455 2118 571 2175 Jam
597 2119 713 2175 linit
740 2120 1082 2198 cupiditatem
1103 2164 1116 2190 ,
1141 2131 1356 2186 exercet,
1383 2124 1650 2191 pietatem.
1682 2122 1761 2178 Tu
1783 2121 1913 2178 nihil
1935 2121 2031 2176 ha-

458 2210 575 2276 bes,
607 2211 701 2266 sed
725 2210 873 2267 dives
901 2211 980 2267 vis
1018 2211 1166 2277 ﬁeri;
1205 2211 1407 2268 incides
1443 2213 1495 2293 in
1523 2214 1891 2269 tentationem.
1927 2210 2033 2267 Sed

452 2302 592 2358 forte
613 2301 737 2373 inde
760 2301 929 2370 factus
943 2317 1002 2358 es
1029 2305 1394 2374 pauperrimus
1413 2313 1467 2360 et
1491 2305 1882 2375 egentissimus,
1911 2304 2034 2374 quia

451 2391 637 2446 nescio
658 2391 784 2462 quid
813 2391 1042 2448 habebas
1084 2401 1359 2463 paternum
1381 2433 1396 2457 ,
1423 2391 1564 2464 quod
1599 2402 1649 2449 te
1673 2402 2029 2460 sustentaret,

453 2482 788 2542 etcalumnia
817 2483 990 2556 aliqua
1020 2475 1381 2554 competitoris
1419 2484 1651 2561 abstulit.
1691 2483 1902 2551 Gemis,
1935 2499 2031 2566 auo

453 2573 564 2644 dio,
588 2583 824 2646 tempora
849 2590 1067 2634 accusas
1091 2594 1104 2630 :
1128 2577 1268 2647 quod
1293 2577 1480 2646 gemis,
1503 2577 1547 2631 si
1573 2591 1779 2652 posses,
1806 2575 2028 2632 faceres.

449 2666 644 2723 Annon
684 2667 960 2723 videmus?
1001 2683 1176 2743 atriion
1222 2667 1540 2738 quotidiauis
1585 2667 1840 2737 exemplis
1873 2667 2031 2737 plena

450 2765 577 2816 sunt
596 2758 811 2829 omnia?
839 2758 962 2832 fieri
988 2759 1250 2832 gemebat,
1283 2759 1404 2830 quia
1432 2757 1688 2828 perdebat
1710 2771 1839 2822 sua;
1873 2756 2031 2813 hodie

450 2850 726 2924 pertinens
749 2850 815 2906 ad
836 2851 1092 2922 majorem
1114 2853 1154 2916 ’,
1183 2852 1322 2922 rapit
1349 2852 1541 2906 aliena.

524 2939 579 3007 θ.
628 2939 786 2997 Verus
835 2958 1044 3012 pauper.
1089 2942 1318 3006 Christus
1356 2958 1546 3013 pauper
1590 2950 1637 3021 et
1662 2941 1816 2996 dives.
1874 2940 2030 3000 luve-

451 3029 629 3085 nimus
674 3046 858 3086 verum
889 3046 1198 3108 pauperem,
1242 3031 1539 3088 invenimus
1566 3031 1708 3102 pium
1749 3029 2027 3100 humilem,

448 3139 558 3192 non
610 3124 677 3183 de
729 3141 788 3180 se
826 3109 1078 3182 ﬁdentem
1103 3166 1119 3192 ,
1148 3141 1432 3196 pauperem
1475 3140 1695 3192 verum,
1728 3124 2026 3182 membrum

448 3218 698 3286 pauperis
734 3217 824 3287 qui
887 3227 1103 3286 propter
1163 3232 1261 3272 nos
1306 3232 1504 3288 pauper
1547 3215 1717 3272 factus
1761 3227 1861 3282 est,
1907 3231 2028 3272 cum

446 3305 597 3362 dives
638 3316 778 3362 esset
816 3309 834 3378 (
855 3307 895 3362 ll
923 3306 1038 3364 Cor.
1069 3323 1182 3382 vui,
1213 3307 1290 3378 9).
1335 3306 1468 3362 Vide
1517 3306 1732 3364 divitem
1762 3315 2023 3373 nostrum,

445 3397 537 3482 qui
563 3405 778 3468 pr0pter
805 3413 904 3454 nos
952 3413 1150 3468 pauper
1177 3399 1342 3459 factus
1384 3405 1486 3465 est,
1529 3413 1650 3454 cum
1673 3397 1820 3454 dives
1848 3407 2024 3464 esset;

447 3487 574 3546 vide
635 3488 785 3555 illum
830 3489 1047 3544 divitem
1093 3506 1106 3540 :
1161 3486 1346 3555 Omnia
1399 3489 1654 3559 peripsum
1697 3492 1833 3558 facta
1871 3497 2022 3555 sunt,

445 3586 495 3632 et
521 3578 630 3632 sine
665 3578 776 3650 ipso
810 3583 1000 3656 factum
1035 3588 1106 3633 est
1149 3580 1294 3639 nihil.
1323 3579 1450 3635 Plus
1491 3587 1574 3634 est
1609 3594 1799 3656 aurum
1829 3580 2022 3646 facere,

445 3681 608 3736 quam
661 3666 877 3742 habere.
935 3668 1090 3723 Dives
1137 3684 1196 3724 es
1247 3683 1409 3733 auro,
1465 3679 1718 3743 argento,
1789 3684 2021 3739 pecore,

442 3755 679 3824 familia,
722 3757 935 3825 fundis,
987 3759 1274 3836 fructibus;
1335 3760 1426 3815 tibi
1503 3761 1603 3826 ista
1669 3776 1855 3816 creare
1918 3777 2024 3816 non

444 3849 686 3918 potuisti.
717 3850 848 3917 Vide
878 3852 1023 3907 illum
1063 3851 1280 3915 divitem
1316 3870 1329 3906 :
1357 3850 1541 3907 Omnia
1578 3869 1668 3924 per
1695 3853 1862 3922 ipsum
1885 3856 2026 3929 facta

443 3948 582 3996 sunt.
616 3941 747 4010 Vide
774 3943 919 4012 illum
949 3958 1234 4012 pauperem
1262 3962 1274 3997 :
1311 3943 1526 3998 Verbum
1551 3961 1669 4004 caro
1691 3944 1878 4014 factum
1907 3954 1983 4000 est
2005 3987 2021 4013 ,

443 4040 490 4084 et
511 4031 751 4086 habitavit
771 4033 981 4103 innubis
1025 4032 1204 4102 (Joan.
1231 4051 1278 4100 ι,
1301 4035 1481 4106 5-14).
1537 4035 1666 4102 Quis
1694 4035 1850 4106 digne
1875 4037 2023 4106 cogi--

443 4131 520 4180 tet
544 4123 756 4179 divitias
775 4125 932 4196 eius?
955 4125 1233 4194 Quomodo
1262 4126 1415 4180 faciat
1442 4126 1530 4197 qui
1558 4141 1663 4181 non
1693 4127 1766 4192 tit,
1795 4141 2022 4196 quomo-

441 4214 514 4270 do
537 4223 686 4272 creet
709 4230 815 4271 non
844 4225 1074 4283 creatus,
1103 4215 1296 4272 formet
1320 4232 1424 4271 non
1456 4216 1732 4288 formatus,
1751 4209 2022 4272 mutabilia

443 4319 688 4371 manens,
722 4307 1031 4392 temporalia
1063 4307 1450 4380 sempiternus?
1476 4307 1605 4374 Quis
1637 4307 1796 4378 digne
1829 4307 2027 4390 cogitet

442 4397 654 4462 divitias
672 4396 823 4472 eius?

516 4485 742 4555 CAPUT
757 4488 943 4556 Vll.-—-
955 4489 1243 4561 Paupertas
1251 4488 1456 4544 Christi.
1488 4489 1858 4560 Paupertatem
1879 4493 2023 4561 cogi-

443 4585 640 4645 temus,
661 4593 727 4632 ne
744 4561 878 4634 forte
904 4593 1164 4649 pauperes
1184 4579 1265 4632 vel
1285 4579 1452 4649 ipsam
1470 4579 1757 4648 capiamus.
1777 4578 2021 4650 Concipi-

441 4675 529 4723 tur
542 4677 692 4724 utero
703 4667 917 4740 femina:
931 4669 1195 4740 virginali,
1208 4669 1495 4730 includitur
1509 4669 1797 4724 visceribus
1814 4672 2017 4726 matris.

439 4758 486 4814 0
509 4739 794 4830 paupertas
813 4743 836 4813 ι’
853 4758 908 4813 ln
925 4739 1148 4830 angusto
1171 4758 1464 4814 diversorio
1482 4758 1737 4825 nascitur,
1756 4759 2021 4818 involutus

438 4850 768 4906 infantilibus
797 4849 1110 4920 tegumentis
1129 4849 1184 4916 in
1211 4848 1470 4920 praesepio
1488 4850 1719 4919 ponitur,
1741 4849 1797 4904 fit
1821 4849 2021 4907 cibaria

433 4939 692 5011 iumentis
721 4938 1286 5014 pauperibus;deinde
1320 4939 1441 5012 eteli
1485 4946 1540 4994 et
1581 4947 1736 4994 teme
1763 4939 2019 4994 Dominus

441 5040 660 5088 creator
684 5016 1026 5109 Artgelorum,
1042 5029 1277 5084 omnium
1298 5028 1582 5083 visibilium
1597 5038 1651 5094 et
1677 5030 2017 5099 invisibilium

441 5123 661 5181 eﬂ‘cctor
689 5133 742 5179 et
769 5107 1014 5196 conditor
1038 5121 1196 5192 sugit,
1219 5120 1379 5196 vagit,
1407 5120 1636 5183 nutritur
1652 5161 1666 5184 ,
1689 5121 1901 5186 crescit,
1932 5131 2017 5176 to-

441 5214 577 5285 lerat
600 5221 844 5280 :etatem,
875 5211 1106 5268 occultat
1142 5199 1471 5280 majestatem
1511 5226 1523 5263 :
1568 5218 1749 5280 postea
1791 5219 2016 5293 tenetur,

441 5307 820 5374 contemnitur,
847 5303 1142 5376 ﬂagellatur
1162 5344 1176 5367 ,
1206 5301 1475 5370 illuditur,
1507 5303 1844 5372 conspuitur,
1874 5305 2018 5359 cola-

443 5396 708 5478 phizatur,
732 5395 899 5469 spinis
945 5402 1228 5450 coronatur
1254 5433 1268 5456 ,
1315 5392 1458 5462 ligno
1495 5393 1867 5462 suspenditur,
1899 5395 2015 5450 lan-

504 5510 521 5541 ι
547 5517 628 5560 ωε,
642 5504 980 5560 Germanensis
997 5517 1010 5552 :
1030 5502 1187 5568 nites,
1201 5501 1388 5568 inquis,
1412 5503 1472 5552 de
1492 5501 1760 5567 iniquitate,
1773 5503 1903 5556 dives
1915 5513 2017 5568 est;

437 5570 629 5621 omissis
649 5568 831 5627 verbis,
856 5563 1154 5629 Itespoudeo,
1178 5563 1307 5613 dives
1329 5563 1414 5614 est.
1430 5563 1615 5629 uerum
1635 5571 1704 5624 tu,
1734 5563 1830 5616 etc.

449 5629 451 5631 ί
499 5633 521 5663 s
543 5631 658 5681 ωία
673 5668 686 5689 ,
711 5625 914 5693 pergens
943 5625 1019 5676 ad
1049 5625 1297 5689 majorem.
1319 5627 1616 5692 castigantur
1640 5629 1700 5686 ad
1722 5636 1826 5678 Mss.
1845 5630 2014 5683 Sorbe-

433 5705 594 5753 mcum
617 5699 670 5746 et
689 5698 845 5742 Germ.
1440 5737 1448 5746 .

1691 286 1748 342 S.
1789 286 2149 345 AUGUSTINI
2192 290 2493 356 EPISOOPI

3633 319 3736 376 “6

2152 417 2246 457 cca
2287 405 2604 479 perforatur.
2637 408 2681 464 Ο
2723 418 3041 484 paupertas!
3064 418 3206 495 Ecce
3243 431 3400 494 caput
3436 440 3732 498 pauperum

2151 509 2287 562 quos
2328 498 2541 567 requiro
2568 541 2583 564 ,
2617 501 2768 582 cujus
2804 508 3051 578 pauperis
3092 511 3390 570 membrum
3434 515 3732 578 invenimus

2149 600 2333 641 verum
2361 604 2672 659 pauperem.

2223 678 2308 733 10.
2333 677 2572 752 Pupillus
2583 684 2713 753 quis.
2729 685 2964 744 Breviter
2974 691 3274 766 quaeramus
3285 697 3538 766 pupillum
3552 702 3591 754 ¹.;
3606 702 3732 773 quia

2148 767 2199 822 in
2215 784 2444 839 paupere
2460 776 2782 844 requirendo
2797 777 3000 850 fatigati
3013 798 3215 852 sumus.
3235 786 3453 844 Domine
3464 789 3612 859 Iesu,
3625 767 3732 862 pug

2147 857 2329 938 pillum
2349 876 2554 931 quaaro;
2575 865 2820 936 fatigatus
2837 874 3167 939 quaeromito
3196 877 3478 946 responde,
3502 890 3557 935 ut
3583 857 3732 939 inve?

2145 948 2308 1004 niam.
2338 949 2420 1004 Ne
2443 952 2597 1029 vobis,
2624 954 2812 1026 inquit,
2851 957 3031 1014 dicatis
3061 971 3254 1032 patrem
3288 965 3342 1020 in
3361 975 3493 1021 terra
3513 969 3728 1042 (Matth.

2145 1054 2297 1108 χχιιι,
2315 1041 2392 1119 9).
2412 1043 2650 1115 Pupillus
2676 1048 2732 1127 in
2759 1057 2920 1117 terra,
2935 1051 3288 1111 immortalem
3306 1067 3510 1128 patrem
3526 1041 3731 1120 invenit

2146 1132 2200 1186 in
2214 1135 2369 1188 caelo.
2391 1134 2474 1190 Ne
2492 1136 2646 1206 vobis,
2671 1139 2859 1215 inquit,
2874 1141 3056 1198 dicatis
3077 1155 3269 1214 patrem
3289 1147 3344 1202 in
3361 1158 3516 1205 terra.
3540 1152 3729 1208 luven-

2145 1230 2232 1277 tus
2272 1233 2354 1298 est
2387 1228 2616 1296 pupillus
2653 1221 2772 1285 iste.
2821 1230 2950 1302 Oret
2991 1234 3223 1306 pupillus
3267 1237 3404 1302 iste:
3448 1241 3735 1312 audiamus

2144 1327 2286 1379 eum,
2335 1323 2390 1381 et
2419 1316 2687 1376 imitemur
2721 1335 2864 1386 eum.
2922 1321 3051 1390 Quae
3072 1322 3158 1380 est
3192 1326 3308 1396 ejus
3349 1329 3556 1387 oratio?
3589 1331 3728 1398 Quo-

2145 1406 2283 1471 niam
2303 1417 2445 1477 pater
2468 1426 2608 1466 meus
2621 1397 2676 1466 et
2696 1423 2854 1487 mater
2873 1430 2983 1470 mea
3021 1416 3396 1490 dereliquerunt
3422 1438 3517 1475 me.
3547 1421 3725 1496 Pater,

2143 1490 2333 1566 inquit,
2363 1515 2503 1554 meus
2534 1510 2581 1555 et
2604 1511 2764 1558 mater
2801 1521 2912 1558 mea
2946 1506 3318 1580 dereliquerunt
3337 1528 3449 1567 me:
3479 1492 3732 1586 Dominus

2143 1595 2306 1641 autem
2349 1593 2616 1661 assumpsit
2649 1610 2729 1648 me
2761 1594 2930 1665 (Psal.
2965 1613 3114 1664 ιινι,
3147 1600 3258 1673 10).
3307 1601 3363 1658 Si
3409 1619 3538 1674 ergo
3585 1606 3726 1660 beati

2142 1689 2408 1751 pauperes
2427 1680 2633 1748 spiritu,
2657 1685 2904 1751 quoniam
2933 1687 3166 1755 ipsorum
3200 1699 3282 1766 est
3305 1707 3523 1762 regnum
3551 1695 3721 1763 etelo-g

2143 1760 2258 1820 rum
2289 1767 2498 1839 litauit.
2534 1786 2588 1837 v,
2619 1769 2703 1848 5).;
2732 1772 2842 1852 Tibi
2865 1775 3129 1836 derelictus
3153 1790 3226 1834 est
3253 1760 3464 1853 pauper.
3487 1784 3543 1840 Si
3571 1760 3723 1855 pater

2141 1871 2292 1914 meus
2311 1869 2366 1913 et
2385 1870 2554 1916 mater
2571 1878 2689 1919 mea
2710 1865 3108 1938 dereliquerunt
3134 1887 3240 1944 me,
3270 1873 3523 1932 Dominus
3545 1886 3725 1956 autem

2141 1951 2425 2032 assumpsit
2455 1969 2569 2021 me;
2605 1953 2814 2026 Pupilla
2837 1968 2891 2012 tu
2921 1961 3018 2015 eris
3040 1951 3246 2033 adjutor
3268 1966 3310 2018 ³.
3615 1952 3620 1958 ’

2668 2066 2896 2135 εειιιιυ
2933 2069 3028 2126 xv
3050 2074 3068 2096 θ
3092 2072 3190 2146 (α).

2140 2169 2218 2225 De
2257 2187 2402 2227 versu
2444 2176 2480 2230 8
2525 2175 2720 2232 Psalmi
2771 2197 2914 2248 xxv,
2963 2184 3213 2253 Domine,
3259 2187 3428 2244 dilexi
3475 2190 3724 2253 decorent

2209 2263 2399 2322 domus
2425 2276 2526 2323 tua:
2545 2309 2560 2334 ,
2603 2279 2658 2325 et
2684 2271 2858 2327 locum
2890 2275 3211 2333 tabernaculi
3240 2279 3495 2338 claritatis
3524 2291 3647 2339 ture.

2143 2373 2361 2432 Habitus
2394 2379 2447 2432 in
2469 2378 2691 2452 Regione
2719 2385 2862 2438 tertia
2883 2426 2896 2450 ,
2927 2387 2979 2440 in
3005 2387 3214 2444 basilica
3240 2393 3404 2446 sancti
3426 2391 3570 2449 Petri
3593 2391 3721 2450 Caro.

2771 2475 3096 2546 thaginensis.

2207 2582 2433 2640 CAPUT
2498 2585 2783 2642 PRIMUM.
2811 2609 2884 2629 ——
2931 2591 2980 2645 1.
3021 2589 3187 2648 Decor
3244 2593 3428 2670 domus
3463 2593 3574 2652 Dei.
3617 2596 3722 2652 Ec.

2137 2673 2286 2728 clesia
2339 2676 2465 2728 viva.
2497 2707 2569 2717 —
2615 2677 2868 2734 Decorem
2923 2680 3114 2737 domus
3171 2683 3297 2751 Dei,
3336 2695 3390 2740 et
3427 2687 3603 2743 locum
3642 2697 3722 2743 ta-

2138 2765 2408 2821 bernaculi
2461 2769 2716 2825 claritatis
2758 2771 2874 2841 ejus
2918 2773 3221 2844 diligimus,
3275 2778 3320 2831 si
3367 2786 3421 2837 et
3467 2793 3566 2834 nos
3611 2779 3714 2850 ipsi

2137 2871 2340 2934 sumus.
2372 2857 2500 2928 Quis
2532 2869 2615 2916 est
2652 2876 2779 2931 ergo
2821 2862 2981 2918 decor
3007 2865 3198 2924 domus
3227 2866 3352 2934 Dei,
3383 2877 3436 2922 et
3463 2869 3611 2925 locus
3635 2881 3717 2925 ta-

2137 2931 2403 3002 bernaculi
2444 2950 2697 3005 claritatis
2742 2952 2891 3020 ejus;
2935 2954 3036 3007 nisi
3070 2956 3322 3025 templum
3340 2931 3468 3026 ejus
3507 2958 3572 3014 de
3611 2975 3719 3030 quo

2140 3037 2425 3109 Apostolus
2469 3039 2628 3108 dicit,
2678 3040 2944 3112 Templum
2990 3045 3124 3098 enim
3180 3035 3275 3100 Dei
3317 3057 3545 3103 sanctum
3607 3061 3714 3119 est,

2134 3129 2269 3200 quod
2306 3132 2422 3185 estis
2451 3148 2535 3186 vos
2563 3131 2622 3206 (ι
2656 3131 2773 3187 Cor.
2802 3151 2885 3199 ιιι,
2922 3137 3009 3206 17)
3031 3137 3053 3189 ?
3078 3137 3225 3194 Sicut
3261 3154 3387 3210 ergo
3425 3139 3478 3194 in
3503 3141 3716 3198 fabricis

2135 3224 2445 3284 mauufactis
2467 3266 2480 3289 ,
2523 3240 2641 3280 cum
2669 3227 2938 3297 eleganter
2991 3238 3045 3284 et
3089 3231 3367 3301 magniﬁce
3395 3242 3715 3290 construun-

2137 3321 2252 3373 tur,
2299 3314 2592 3381 corporalis
2630 3325 2813 3370 noster
2853 3318 3112 3372 mulcetur
3153 3329 3434 3389 aspectus;
3483 3323 3554 3378 ita
3591 3339 3713 3379 cum

2133 3400 2335 3470 lapides
2379 3402 2516 3469 viri,
2555 3405 2715 3464 corda
2750 3405 2983 3462 ﬁdelium
3027 3411 3299 3465 charitatis
3342 3414 3550 3469 vinculo
3585 3430 3716 3470 con-

2135 3491 2398 3559 tinentur,
2453 3493 2616 3550 decor
2663 3507 2745 3553 est
2781 3497 2971 3554 domus
3021 3501 3154 3568 Dei,
3184 3511 3237 3556 et
3268 3503 3415 3562 locus
3460 3505 3711 3560 taberna-

2132 3583 2235 3662 culi
2262 3582 2517 3639 claritatis
2542 3585 2677 3656 ejus.
2707 3587 2903 3643 Discite
2943 3605 3069 3659 ergo
3093 3592 3230 3660 quod
3262 3608 3442 3649 amare
3468 3595 3674 3651 debetis
3693 3639 3708 3663 ,

2131 3679 2190 3725 ut
2219 3659 2406 3731 amare
2451 3676 2682 3744 possitis.
2715 3676 2814 3746 Qui
2847 3680 2986 3734 enim
3032 3659 3201 3751 diligit
3228 3682 3474 3738 decorem
3520 3659 3712 3743 domus

2132 3760 2258 3827 Dei,
2288 3778 2392 3817 non
2431 3773 2514 3819 est
2556 3756 2772 3822 dubium
2800 3770 2920 3839 quia
2949 3769 3242 3831 Ecclesiam
3284 3773 3453 3844 diligit
3485 3793 3497 3828 :
3526 3792 3628 3830 non
3658 3779 3713 3833 in

2131 3850 2281 3908 fabre
2309 3852 2461 3909 factis
2485 3858 2773 3926 parietibus
2816 3869 2869 3915 et
2895 3863 3081 3929 tectis,
3131 3879 3234 3917 non
3280 3865 3331 3917 in
3372 3866 3542 3921 nitore
3573 3882 3714 3922 mar-

2130 3959 2337 3999 morum
2358 3953 2413 4001 et
2454 3947 2785 4018 laquearibus
2810 3953 3017 4018 aureis;
3050 3943 3142 4008 sed
3165 3954 3218 4007 in
3247 3955 3547 4012 hominibus
3575 3958 3710 4015 ﬁde-

2131 4033 2295 4106 libus,
2333 4037 2527 4092 sanetis
2547 4077 2563 4103 ,
2611 4039 2776 4100 Deum
2797 4040 3133 4110 diligentibus
3162 4057 3226 4097 ex
3250 4052 3359 4098 toto
3383 4047 3544 4103 corde
3576 4064 3708 4118 suo,

2130 4131 2184 4176 et
2206 4138 2271 4178 ex
2293 4133 2400 4182 tota
2423 4126 2601 4191 anima
2624 4141 2716 4184 sua
2738 4171 2751 4193 ,
2775 4137 2830 4186 et
2849 4146 2915 4201 ex
2941 4139 3047 4184 tota
3070 4142 3247 4201 mente
3268 4147 3360 4197 sua
3381 4178 3395 4204 ,
3425 4146 3478 4192 et
3523 4139 3709 4209 proxi-

2129 4227 2274 4266 mum
2312 4230 2467 4269 suum
2495 4224 2740 4286 tanquam
2762 4219 3012 4288 seipsum.
3041 4235 3050 4240 ·

2199 4303 2425 4362 CAPUT
2463 4307 2522 4382 ll.
2547 4309 2690 4363 -—2.
2716 4309 2970 4365 Numerus
2999 4323 3044 4366 et
3069 4330 3218 4384 super
3249 4333 3530 4372 numerant.
3571 4319 3710 4377 Vasa

2127 4396 2182 4452 in
2229 4397 2501 4465 honorem,
2559 4389 2680 4454 vasa
2713 4402 2766 4456 in
2812 4405 3180 4460 contumeliam.
3233 4407 3337 4464 Sed
3381 4409 3433 4464 in
3486 4426 3710 4484 congre-

2128 4490 2341 4560 gatione
2365 4491 2650 4546 christiana
2672 4534 2686 4558 ,
2719 4503 2970 4562 quantum
3003 4499 3231 4565 pertinet
3255 4501 3320 4554 ad
3352 4503 3710 4574 participatio-

2130 4595 2252 4635 nem
2288 4588 2342 4636 et
2373 4583 2801 4637 communionem
2842 4585 3336 4656 Saeramentorum,
3374 4594 3708 4662 multiplicati

2128 4680 2252 4726 sunt
2291 4686 2459 4742 super“
2497 4689 2777 4728 numerum
2831 4675 3000 4747 (Psal.
3054 4694 3247 4748 xxxix,
3306 4681 3386 4753 6).
3438 4683 3587 4739 Alius
3624 4695 3708 4742 est

2127 4775 2256 4831 ergo
2285 4776 2536 4817 numerus
2564 4778 2575 4814 :
2608 4763 2696 4817 alii
2744 4779 2906 4833 super
2955 4783 3254 4823 numerum.
3287 4771 3550 4834 Numerus
3590 4785 3704 4841 est,

2127 4851 2194 4907 de
2223 4851 2411 4921 quibus
2439 4850 2567 4925 dicit
2609 4854 2930 4923 Apostolus,
2982 4856 3137 4912 Novit
3177 4857 3425 4916 Dominus
3467 4865 3552 4935 qui
3589 4876 3707 4921 sunt

2126 4943 2255 5012 ejus.
2297 4940 2470 5012 Super
2494 4958 2772 4999 numerum
2825 4954 3002 5003 autem
3055 4967 3068 5003 :
3115 4949 3366 5015 Quoniam
3417 4956 3470 5008 in
3521 4973 3707 5028 magna

2127 5030 2275 5084 domo
2299 5047 2398 5084 non
2427 5031 2590 5084 solum
2633 5049 2752 5087 vasa
2798 5046 2914 5090 sunt
2942 5054 3095 5093 aurea
3138 5049 3185 5094 et
3221 5054 3457 5114 argentea
3476 5085 3490 5113 ,
3521 5049 3611 5100 sed
3654 5058 3707 5104 et

2126 5122 2292 5192 lignea
2317 5130 2361 5176 et
2389 5117 2602 5191 ﬁctilia;
2632 5125 2735 5179 alia
2768 5128 2966 5198 quidem
3001 5131 3052 5185 in
3077 5131 3313 5188 honorem
3337 5177 3352 5204 ,
3383 5137 3486 5190 alia
3512 5142 3563 5190 in
3581 5155 3705 5194 con-

2125 5214 2380 5297 tumeliam
2425 5214 2490 5288 (ll
2523 5215 2654 5271 Τίνι.
2685 5233 2754 5286 ιι,
2805 5221 2902 5285 l9,
2945 5221 3062 5296 20).
3088 5225 3347 5281 Numerus
3373 5242 3527 5299 ergo,
3574 5245 3704 5286 vasa

2158 5393 2162 5396 ’
2184 5409 2204 5489 ξ
2227 5407 2388 5489 cpite:
2404 5421 2476 5489 es,
2496 5421 2517 5489 Ξ
2532 5408 2888 5489 Μῄιενᾼηιᾳιε
2909 5426 3180 5489 queremus
3201 5415 3451 5489 pupillum.

2184 5471 2205 5502 ⁸
2389 5477 2442 5521 et
2460 5477 2570 5521 Lov.
2589 5471 2770 5523 addunt
2787 5469 3078 5526 clausulam:
3098 5469 3338 5542 Conversi,
3361 5486 3480 5541 etc.,
3502 5493 3614 5544 qua:
3635 5485 3704 5535 ab

2121 5530 2228 5581 aliis
2244 5530 2378 5582 libris
2391 5533 2551 5582 abest.
2975 5547 2977 5549 ί

2185 5613 2205 5631 ‘
2230 5613 2515 5676 Reoognitus
2537 5615 2586 5666 in
2609 5613 2746 5666 libris
2766 5630 2835 5666 cs.
2860 5616 2921 5668 c1.
2944 5633 3016 5682 gr.
3046 5627 3144 5671 Am.
3166 5628 3240 5672 Er.
3266 5621 3401 5675 vitm.
3427 5631 3528 5674 Par.
3553 5631 3666 5678 Lov.

2185 5693 2255 5757 (α)
2280 5694 2419 5756 Alias,
2441 5695 2504 5744 de
2521 5703 2754 5766 Tempore
2776 5697 2883 5755 254.
