4014 6310
246 382 337 437 ιη
1685 369 1832 424 SER}

1954 368 2071 426 XV.

240 509 293 548 Ir.
314 488 579 545 honorem
612 501 811 557 :supcr
834 501 1108 542 numerum
1129 528 1143 551 ,
1176 501 1304 541 vasa
1334 484 1385 539 in
1418 483 1818 539 contumeliam.

237 582 370 638 Cum
405 594 539 652 ergo
572 580 685 637 sint
726 579 826 634 ista
868 578 974 633 duo
1001 593 1197 649 genera
1244 591 1523 641 vasorum,
1564 574 1823 645 numquid

242 675 550 731 dubitamus
600 674 690 729 ubi
732 673 803 728 sit
846 672 1009 727 decor
1066 670 1256 725 domus
1299 668 1426 723 Dei?
1468 666 1526 724 Si
1569 681 1699 737 ergo
1741 665 1824 720 vis

241 766 495 836 diligere,
558 777 723 835 agens
785 763 924 834 quod
989 762 1212 817 cantasti
1244 802 1258 825 ,
1320 760 1571 815 decorem
1634 757 1823 812 domus

241 858 332 914 Dei
364 859 423 924 ⁸,
475 866 534 913 et
574 857 749 911 locum
793 855 1115 910 tabernaculi
1159 852 1416 909 claritatis
1456 852 1605 919 ejus;
1646 865 1825 921 qurere

241 963 366 1002 vasa
398 949 455 1002 in
506 949 786 1003 honorem.
836 946 903 1001 Et
932 947 1053 1000 nolo
1099 947 1274 1011 dicas,
1301 944 1571 1013 Quaesivi,
1623 953 1676 998 et
1719 957 1821 997 non

242 1039 445 1093 inveni.
485 1039 611 1094 Ideo
650 1040 791 1093 enim
842 1039 1112 1109 qumsisti,
1140 1046 1193 1091 et
1233 1052 1339 1091 non
1371 1035 1655 1100 invenisti,
1698 1034 1820 1103 quia

240 1130 380 1200 quod
411 1130 652 1200 quaesisti
696 1139 751 1184 tu
799 1144 902 1184 non
929 1129 1096 1183 fuisti.
1124 1127 1325 1183 Slmilis
1351 1126 1508 1180 simili
1558 1124 1821 1189 cohaeret,

241 1222 517 1277 dissimilis
539 1222 869 1285 dissimilem
894 1220 1102 1293 refugit.
1132 1220 1185 1274 Si
1234 1217 1395 1273 fueris
1423 1231 1515 1271 vas
1545 1217 1599 1272 in
1639 1224 1827 1273 contu-

240 1313 490 1377 meliam,
543 1312 725 1381 procul
774 1310 937 1365 dubio
982 1325 1076 1364 vas
1118 1310 1170 1362 in
1214 1308 1471 1363 honorem
1520 1320 1683 1376 grave
1732 1304 1824 1359 tibi

240 1405 340 1459 erit
361 1413 420 1459 et
443 1403 513 1457 ad
552 1403 857 1458 videndum.
883 1401 997 1457 Non
1032 1400 1184 1455 audis
1215 1398 1480 1469 quomodo
1509 1397 1720 1467 quidam
1760 1395 1826 1451 de

241 1498 474 1567 quodam
525 1496 736 1561 dicant,
768 1494 946 1550 Gravis
980 1494 1123 1547 nobis
1163 1501 1245 1547 est.
1272 1491 1421 1545 etiam
1454 1493 1521 1544 ad
1557 1488 1827 1543 videndum

244 1587 395 1659 (Sap.
430 1604 502 1652 ιι,
530 1588 669 1657 15)?
720 1587 873 1659 ρυρά
921 1586 1013 1641 tibi
1064 1600 1225 1656 grave
1266 1593 1349 1639 est
1395 1580 1461 1637 ad
1508 1580 1822 1647 videndum,

240 1679 457 1747 quando
504 1678 608 1733 erit
648 1688 890 1746 apertum
933 1676 999 1730 ad
1048 1673 1457 1730 inveniendum?
1503 1672 1641 1727 Vasa
1684 1671 1824 1725 enim

244 1770 374 1835 ista,
406 1770 723 1823 interiorum
766 1768 1041 1824 hominum
1069 1774 1212 1821 sunt.
1247 1765 1360 1820 Non
1386 1764 1566 1832 utique
1593 1777 1712 1816 eum
1753 1761 1828 1813 vi-

246 1875 334 1915 sus
397 1860 567 1916 fuerit
594 1861 807 1931 justus,
843 1861 950 1929 jam
981 1861 1285 1929 agnoscitur
1325 1857 1518 1927 justus.
1566 1854 1827 1909 Eumdetn

244 1962 519 2021 aspectum
544 1953 704 2007 habet
730 1959 786 2007 et
810 1951 982 2021 justus
1007 1959 1061 2005 et
1087 1951 1313 2019 injusms
1337 1966 1349 2001 :
1381 1957 1602 2016 uterque
1634 1947 1789 1999 homo
1810 1988 1824 2011 ,

244 2042 469 2096 sednon
515 2051 738 2111 uterque
782 2042 973 2096 domus
1019 2039 1134 2094 Dei.
1176 2040 1239 2093 Et
1284 2039 1329 2092 si
1360 2038 1515 2091 ambo
1556 2035 1829 2091 christiani

240 2134 601 2202 appellantur,
626 2141 905 2203 uttumque
926 2147 1038 2197 vas,
1061 2129 1154 2185 sed
1176 2144 1278 2184 non
1296 2139 1580 2199 utrumque
1603 2128 1652 2181 in
1672 2127 1831 2180 hono-

244 2240 392 2288 rem;
422 2224 520 2277 sed
561 2224 701 2277 aliud
732 2223 783 2277 lu
835 2222 1089 2276 honorem
1113 2264 1125 2285 ,
1155 2220 1295 2275 aliud
1340 2220 1391 2272 in
1431 2217 1825 2272 contumeliam.

311 2315 541 2371 CAPUT
583 2315 668 2376 III.
696 2346 769 2355 -—
800 2316 852 2370 5.
885 2313 1137 2367 Malorum
1164 2321 1234 2364 est
1266 2310 1394 2363 male
1418 2310 1488 2361 uti
1518 2309 1697 2373 bonis;
1738 2307 1830 2361 Dei

248 2416 442 2473 contra,
466 2407 591 2461 bene
630 2408 705 2460 uti
744 2406 910 2461 malis.
961 2406 1158 2458 Anima:
1185 2404 1428 2457 adultera:
1452 2410 1497 2457 et
1521 2401 1825 2471 fornicaria.

246 2497 511 2567 Nunquid
536 2508 751 2567 pr0pter
768 2497 903 2551 mala
928 2512 1049 2550 vasa
1074 2494 1363 2551 deserenda
1389 2502 1471 2549 est
1508 2494 1695 2549 domus
1723 2507 1834 2545 ma-

246 2591 380 2661 gna?
399 2589 567 2644 Novit
586 2590 723 2645 Deus
752 2591 845 2655 uti,
867 2589 916 2644 id
936 2600 1016 2645 est
1044 2589 1296 2643 Dominus
1319 2603 1520 2658 magna:
1541 2587 1727 2641 domus
1744 2629 1756 2649 ,
1780 2594 1834 2640 et

247 2683 384 2735 vasis
407 2684 463 2736 in
493 2682 750 2737 honorem
777 2725 793 2749 ,
820 2691 875 2737 et
894 2681 1033 2737 vasis
1054 2683 1104 2735 in
1126 2680 1519 2738 contumeliam.
1545 2680 1709 2735 Sicuti
1752 2688 1834 2737 est

248 2775 513 2829 malorum
544 2775 686 2829 male
707 2776 780 2829 uti
813 2775 969 2830 etiam
999 2776 1180 2840 bonis;
1204 2776 1280 2829 sic
1303 2790 1332 2829 e
1357 2784 1539 2830 c0ntra
1578 2775 1670 2828 Dei
1699 2773 1834 2828 bene

250 2865 321 2917 uti
347 2864 515 2918 etiam
536 2865 713 2919 malis.
760 2864 982 2932 Quantis
1018 2864 1177 2919 bonis
1206 2872 1422 2918 utuntur
1462 2864 1619 2918 mali?
1649 2863 1834 2917 Omnis

248 2954 387 3009 enim
408 2963 658 3009 creatura
676 2954 771 3009 Dei
797 2955 932 3009 bona
954 2964 1035 3009 est
1055 2954 1098 3025 (I
1120 2953 1251 3007 Tim.
1283 2971 1334 3009 tv
1350 2994 1365 3019 ,
1383 2955 1459 3024 4).
1477 2953 1752 3021 Quomodo
1772 2968 1835 3008 ea

249 3044 385 3099 male
400 3053 624 3099 utuntur
648 3045 811 3103 mali?
833 3044 1109 3112 Quomodo
1144 3060 1236 3101 eos
1257 3045 1490 3113 increpat
1526 3044 1797 3115 Scriptura
1814 3086 1829 3112 ,

250 3132 434 3188 dicens
458 3176 475 3200 ,
509 3133 705 3201 Petitis,
736 3144 780 3189 et
809 3152 909 3189 non
938 3136 1194 3205 accipitis,
1221 3152 1277 3189 eo
1297 3135 1430 3206 quod
1459 3136 1589 3189 male
1616 3136 1793 3205 petatis
1816 3176 1833 3202 ,

253 3234 305 3277 ut
344 3227 400 3279 in
446 3228 866 3296 concupiscentiis
903 3228 1074 3282 vestris
1116 3228 1400 3281 insumatis.
1442 3225 1593 3295 Quod
1641 3241 1834 3280 nomen

255 3326 583 3385 acceperunt
632 3318 718 3372 isti
750 3320 888 3373 male
929 3326 1137 3373 utentes
1177 3318 1331 3372 bonis
1379 3318 1511 3373 Dei?
1541 3317 1829 3388 Sequitur,

252 3416 306 3461 et
329 3407 490 3470 dicit,
518 3408 768 3462 Adulteri.
793 3408 946 3464 Unde
968 3409 1224 3463 adulteri?
1256 3407 1473 3463 Nescitis
1504 3410 1621 3479 quia
1646 3409 1836 3463 amicus

256 3497 405 3566 hujus
452 3499 666 3565 mundi,
714 3498 946 3553 inimicus
990 3497 1097 3552 Deo
1134 3499 1452 3554 constituitur
1499 3497 1698 3570 (Jacobi
1746 3515 1833 3567 tv,

253 3587 319 3651 5,
345 3588 447 3659 4)?
480 3588 740 3656 Adulteri,
773 3591 958 3659 inquit.
1004 3588 1138 3645 Sunt
1166 3591 1358 3644 anima:
1386 3590 1672 3658 adultera),
1716 3600 1837 3646 sunt

254 3678 555 3733 fornicaria:
582 3696 596 3731 :
638 3679 983 3735 discutiamus
1008 3694 1118 3735 eas.
1140 3681 1460 3736 Fornieariae
1485 3682 1832 3749 animmsunt,

255 3768 435 3824 multis
485 3769 590 3824 diis
640 3770 789 3825 falsis
834 3771 1065 3841 quodam
1098 3771 1255 3826 modo
1294 3772 1587 3841 prostitutae
1625 3789 1636 3824 :
1683 3772 1835 3826 adul—

255 3869 379 3914 tera
417 3870 630 3925 autem,
680 3869 932 3931 tanquam
978 3862 1214 3932 legitimo
1252 3863 1362 3931 jam
1392 3862 1635 3933 conjugio
1673 3879 1839 3932 copu-

254 3950 368 4004 lata:
390 3993 405 4016 ,
433 3961 491 4005 et
511 3952 612 4021 ipsi
654 3952 891 4022 legitimo
916 3953 1163 4023 conjugio
1190 3968 1294 4007 non
1336 3963 1609 4008 servantes
1647 3954 1837 4008 animae

254 4044 576 4098 castitatem.
606 4042 676 4103 Ut
716 4053 891 4099 autem
932 4044 1034 4101 hoc
1076 4045 1249 4100 dicam
1275 4046 1606 4115 expressius,
1649 4046 1837 4118 pagani

254 4135 429 4188 anima
494 4133 775 4189 fornicaria
805 4141 924 4201 est,
956 4135 1228 4190 christiani
1263 4136 1390 4190 mali
1427 4134 1683 4190 adultera.
1734 4136 1835 4191 Pa-

254 4227 370 4294 μοὶ
396 4226 581 4279 anima
623 4225 904 4281 fornicaria
926 4267 941 4291 ,
971 4227 1262 4297 legitimum
1298 4228 1467 4282 virum
1498 4242 1602 4282 non
1634 4227 1833 4297 habet,

257 4329 346 4383 per
382 4315 602 4370 diversa
647 4314 914 4372 daemonia
959 4318 1237 4386 prostituta
1266 4317 1625 4386 corrumpitur
1654 4334 1666 4369 :
1692 4317 1836 4371 chri-

258 4406 408 4460 stiani
440 4415 623 4460 autem
652 4407 777 4461 mali
802 4423 965 4477 quare
998 4407 1234 4463 adultera
1256 4408 1376 4463 est?
1403 4407 1533 4476 Quia
1556 4424 1653 4464 nec
1682 4410 1841 4465 casti-

259 4508 414 4554 tatem
461 4500 661 4570 diligit,
706 4516 803 4556 nec
846 4502 1014 4555 virum
1061 4501 1280 4557 deserit.
1330 4501 1443 4556 Non
1493 4516 1620 4571 ergo
1653 4501 1835 4569 dicas,

259 4590 427 4655 Quare
457 4599 585 4645 sunt
626 4590 709 4670 isti
738 4591 788 4645 in
814 4591 974 4646 domo
1009 4592 1135 4648 Dei?
1156 4591 1526 4662 Respondetur
1553 4593 1673 4657 tibi,
1703 4592 1838 4648 Vasa

258 4691 377 4736 sunt
408 4683 465 4735 in
498 4683 895 4737 contumeliam.
927 4681 1083 4737 Novit
1120 4683 1199 4738 eis
1234 4684 1307 4737 uti
1332 4683 1469 4738 Deus
1502 4700 1514 4736 :
1550 4699 1654 4737 non
1698 4693 1842 4740 errat

259 4772 614 4843 quicreavit;
646 4774 895 4844 quoniam
943 4775 1034 4845 qui
1078 4775 1246 4845 potuit
1268 4790 1483 4841 creare,
1516 4776 1662 4830 novit
1699 4775 1843 4831 ordi-

261 4881 383 4923 nare
428 4887 443 4923 :
495 4866 693 4922 habent
727 4869 779 4921 in
806 4856 967 4922 domo
1009 4883 1197 4938 magna
1241 4868 1415 4923 locum
1459 4884 1633 4923 suum.
1665 4867 1720 4923 Si
1750 4885 1843 4922 au-

262 4968 359 5015 tem
386 4962 605 5031 quaeras
640 4976 667 5014 a
706 4976 824 5027 me,
874 4960 1142 5032 quomodo
1182 4961 1261 5017 eis
1288 4962 1424 5017 bene
1450 4971 1629 5017 utatur
1657 4963 1797 5018 Deus
1824 4979 1838 5015 :

262 5049 454 5119 fateor,
509 5051 605 5106 Dei
651 5051 967 5119 consilium,
1015 5054 1153 5108 sicut
1190 5052 1383 5118 homo,
1428 5054 1695 5123 explicare
1737 5070 1844 5109 non

268 5156 505 5211 possum.
527 5141 660 5197 Novi
682 5144 824 5198 enim
855 5158 977 5198 cum
1006 5143 1171 5198 Paulo
1196 5143 1438 5214 apostolo
1462 5159 1840 5215 expavescere,

268 5236 401 5305 quod
422 5235 586 5291 etiam
617 5236 705 5291 ille
737 5252 858 5292 cum
888 5236 1281 5304 consideraret,
1313 5241 1556 5308 expavit,
1584 5247 1638 5294 et
1677 5254 1843 5309 expa-

269 5340 480 5382 vescens
523 5327 839 5383 exclamavit
879 5346 892 5383 :
937 5328 981 5383 Ο
1023 5327 1239 5384 altitudo
1266 5328 1548 5384 divitiarum
1587 5330 1846 5401 sapientia:

268 5428 310 5469 et
336 5420 554 5473 scientiis
583 5417 713 5473 Dei!
758 5437 908 5491 quant
950 5419 1296 5474 inscrutabilia
1334 5430 1449 5474 sunt
1473 5420 1672 5490 judicia
1697 5422 1807 5491 ejus
1827 5463 1841 5486 ,

270 5520 313 5563 et
342 5509 707 5583 inuestigabilcs
750 5513 842 5566 vite
883 5513 1030 5583 ejus!
1074 5512 1199 5577 Quis
1230 5512 1361 5565 enim
1389 5514 1615 5584 cognovit
1644 5530 1847 5567 sensum

276 5598 513 5655 Domini?
549 5610 638 5655 aut
675 5603 786 5672 quis
813 5604 1133 5657 consiliarius
1160 5604 1269 5671 eius
1295 5603 1429 5672 fuit?
1450 5612 1534 5656 aut
1560 5604 1671 5674 quis
1707 5605 1847 5674 prior

327 5733 528 5807 {podex
543 5747 661 5807 σελε-
674 5735 723 5786 α
743 5746 858 5807 ergo
878 5737 947 5787 vis
981 5736 1198 5807 diligere,
1223 5738 1441 5807 sic-enim
1460 5738 1564 5803 agis
1586 5739 1713 5804 quod
1736 5754 1848 5791 can-

272 5795 374 5845 tanti
384 5810 403 5859 ;
425 5810 466 5846 si
484 5796 553 5849 ris
572 5796 774 5863 diligere
797 5790 1017 5851 decorem
1041 5790 1207 5852 domus
1228 5800 1331 5853 Dei.

3410 381 3510 436 “8

1934 485 2069 537 dedit
2094 483 2204 551 illi,
2251 492 2298 539 et
2339 487 2633 542 retribuetur
2675 490 2762 543 ei?
2794 489 3043 555 Quoniam
3094 507 3155 545 ex
3201 492 3309 559 ipso
3339 500 3385 545 et
3423 509 3512 561 per

1927 574 2095 643 ipsum
2128 586 2174 629 et
2222 575 2276 630 in
2317 577 2426 647 ipso
2472 588 2587 631 sunt
2639 582 2855 633 omnia:
2885 581 2986 648 ipsi
3036 581 3197 651 gloria
3234 581 3287 634 in
3325 581 3512 635 stecula

1928 666 2224 721 seculorum
2246 666 2416 737 (Rom.
2446 683 2501 721 xt
2521 710 2535 733 ,
2563 669 2778 739 55-56).
2820 669 2981 725 Nobis
3005 670 3386 738 consideratio,
3415 670 3513 726 ad-

1928 756 2169 823 miratio,
2202 766 2439 823 tremor,
2471 758 2786 814 exclamatio
2817 777 2829 812 :
2855 762 2973 829 quia
3016 760 3155 815 nulla
3186 762 3503 832 penetralia.

1928 849 2031 919 Ipsi
2056 859 2230 905 autem
2260 850 2425 921 quid?
2451 850 2624 905 Gloria
2644 852 2697 905 in
2724 853 2911 906 stecula
2932 854 3248 908 surculorum.
3282 854 3407 909 Sive
3436 854 3504 909 de

1925 942 2067 996 vasis
2099 943 2150 996 in
2178 942 2431 997 honorem
2451 985 2464 1008 ,
2493 943 2607 998 sive
2636 942 2701 997 de
2728 944 2867 997 vasis
2894 943 2944 996 in
2977 945 3351 998 contumeliam
3378 986 3393 1010 ,
3428 946 3510 1015 ip-

1926 1032 1972 1086 si
2020 1033 2186 1103 gloria
2215 1034 2268 1087 in
2298 1035 2484 1088 stecula
2527 1034 2847 1087 secutorum.
2892 1034 3038 1088 Alios
3073 1046 3326 1102 coronat,
3373 1036 3510 1090 alios

1927 1122 2177 1192 damnat,
2201 1139 2462 1196 nusquam
2496 1133 2640 1180 errat
2670 1124 2838 1179 :alios
2872 1125 3093 1195 probat,
3122 1125 3190 1180 de
3233 1126 3351 1181 aliis
3378 1142 3511 1197 pro—

1928 1215 2019 1270 bat
2038 1258 2052 1279 ,
2081 1232 2265 1272 omnes
2293 1218 2517 1272 ordinat.

2000 1306 2230 1362 CAPUT
2267 1307 2354 1361 IV.
2385 1310 2527 1363 —4.
2557 1309 2635 1363 Ad
2677 1309 2798 1381 quid
2849 1310 2972 1363 mali
3010 1310 3061 1363 in
3117 1310 3326 1364 mundo.
3372 1310 3508 1378 Quid

1929 1396 2159 1465 faciunt,
2223 1400 2425 1469 inquit,
2489 1402 2539 1453 in
2606 1400 2706 1455 hoc
2766 1401 2963 1455 mundo
3033 1401 3277 1457 homines
3338 1402 3511 1458 mali?

1929 1492 2211 1563 Responde
2256 1494 2382 1549 mihi
2408 1535 2422 1559 ,
2468 1495 2518 1549 in
2562 1494 2776 1550 fornace
2801 1496 3033 1550 aurilicis
3081 1496 3230 1565 palea
3259 1496 3385 1566 quid
3431 1496 3510 1551 fa-

1929 1584 2033 1639 cit?
2066 1586 2197 1640 Puto
2226 1601 2330 1639 non
2364 1586 2432 1640 ibi
2465 1599 2583 1641 esse
2616 1587 2729 1641 sine
2753 1602 2909 1641 causa
2947 1587 3149 1656 paleam
3168 1618 3189 1651 ,-
3211 1587 3295 1641 ubi
3323 1603 3512 1641 aurum

1931 1686 2203 1745 purgatur.
2239 1676 2523 1731 Videamus
2553 1670 2673 1746 qua:
2700 1676 2768 1730 ibi
2800 1678 2903 1730 sint
2926 1678 3101 1730 omnia
3137 1695 3149 1729 :
3181 1675 3366 1732 fornax
3399 1686 3510 1743 est,

1930 1765 2080 1833 palea
2112 1774 2218 1832 est,
2254 1780 2441 1820 aurum
2464 1774 2542 1821 est
2566 1808 2579 1833 ,
2609 1767 2743 1836 ignis
2768 1775 2879 1832 est,
2910 1766 3099 1822 artifex
3130 1775 3213 1821 est
3246 1786 3258 1821 :
3288 1767 3381 1821 sed
3421 1766 3513 1821 illa

1932 1856 2029 1909 tria
2053 1897 2065 1919 ,
2112 1871 2297 1910 aurum
2321 1897 2335 1922 ,
2383 1857 2563 1927 palea,
2606 1857 2775 1927 ignis.
2810 1858 2862 1912 in
2904 1859 3151 1924 fornace;
3181 1860 3403 1925 artifex,
3445 1860 3513 1914 ad

1932 1946 2220 2001 fornacem.
2266 1946 2493 2002 Attende
2534 1950 2693 2002 etiam
2736 1949 2894 2002 istum
2933 1949 3189 2003 mundum
3235 1968 3248 2002 :
3283 1949 3513 2004 mundus

1931 2037 2117 2093 fornax
2147 2048 2260 2104 est;
2303 2040 2480 2109 palea,
2528 2039 2772 2096 homines
2814 2040 2972 2105 mali;
3006 2056 3219 2106 aurum,
3273 2041 3515 2095 homines

1931 2128 2085 2190 boni;
2113 2130 2267 2200 ignis,
2289 2131 2587 2196 tribulatio;
2606 2132 2817 2198 artifex,
2843 2131 3001 2185 Deus.
3018 2130 3247 2186 Attende
3277 2140 3329 2186 et
3356 2131 3509 2187 vide:

1932 2234 2118 2273 aurum
2138 2234 2240 2275 non
2260 2230 2512 2291 purgatur
2534 2264 2548 2289 ,
2572 2222 2615 2276 si
2632 2223 2779 2291 palea
2811 2238 2914 2277 non
2938 2231 3139 2277 uratur.
3174 2222 3305 2277 Vide
3330 2238 3515 2277 aurum

1935 2310 1987 2364 in
2009 2310 2109 2365 hoc
2131 2311 2244 2381 ipso
2262 2314 2465 2382 psalmo
2484 2354 2499 2379 ,
2522 2314 2608 2369 ubi
2630 2315 2896 2385 diligimus
2912 2315 3156 2369 decorem
3175 2315 3363 2370 domus
3390 2316 3479 2371 Dei
3500 2333 3515 2381 ;

1934 2412 1988 2457 et
2032 2403 2205 2457 locum
2238 2404 2559 2460 tabernaculi
2586 2406 2839 2465 claritatis
2881 2406 3014 2476 ejus.
3045 2406 3176 2462 Vide
3212 2407 3280 2461 ibi
3306 2422 3516 2473 aurum,

1934 2493 2053 2549 vide
2080 2508 2265 2549 vocem
2302 2498 2450 2563 auri;
2483 2498 2693 2567 purgari
2740 2498 2883 2567 cupit
2916 2515 2928 2550 :
2962 2496 3131 2552 Proba
3176 2516 3285 2564 me,
3342 2498 3521 2551 Domi-

1935 2600 2025 2651 ne,
2049 2594 2093 2639 et
2128 2595 2263 2639 tenta
2299 2604 2407 2653 me;
2439 2604 2526 2643 ure
2570 2604 2711 2641 renes
2754 2604 2888 2641 meos
2928 2597 2973 2642 et
3003 2606 3089 2643 cor
3128 2606 3310 2643 nteant.
3352 2589 3520 2643 Proba

1937 2693 2044 2745 me,
2102 2678 2303 2748 inquit,
2332 2678 2575 2747 Domine,
2608 2690 2651 2733 et
2675 2690 2807 2735 tenta
2852 2698 2948 2735 me.
2977 2680 3077 2747 Qui
3124 2683 3309 2736 timere
3338 2680 3522 2736 debuit

1940 2768 2314 2833 tentationcm,
2360 2771 2489 2839 petit
2531 2773 2896 2825 tentationcm.
2947 2769 3117 2826 Proba
3160 2788 3265 2837 me,
3314 2772 3517 2841 inquit,

1939 2859 2182 2927 Domine,
2215 2871 2261 2915 et
2282 2872 2415 2916 tenta
2442 2880 2538 2917 me.
2568 2863 2634 2917 Et
2676 2864 2793 2918 vide
2846 2864 2889 2918 si
2934 2879 3037 2918 n0n
3096 2864 3268 2933 ignem
3292 2864 3518 2933 quierit:

1940 2947 2112 3003 Proba
2134 2968 2210 3005 me
2229 2994 2242 3018 ,
2264 2962 2310 3005 et
2333 2961 2465 3005 tenta
2488 2970 2597 3016 me;
2619 2970 2706 3007 ure
2724 2971 2865 3007 rencs
2887 2971 3018 3007 meos
3046 2965 3088 3007 el
3104 2972 3190 3007 cor
3206 2971 3387 3007 meum.
3407 2954 3521 3008 Non

1943 3039 2096 3094 times
2127 3055 2192 3096 ne
2235 3042 2286 3095 in
2316 3043 2436 3113 igne
2474 3043 2734 3097 delicias?
2762 3042 2906 3111 Non,
2932 3044 3119 3111 inquit.
3152 3042 3359 3109 Quare?
3390 3042 3525 3110 Quia

1940 3133 2283 3187 misericordia
2306 3143 2391 3187 tua
2415 3145 2531 3189 ante
2558 3135 2728 3189 oculos
2750 3118 2885 3189 ineas
2911 3147 2981 3190 est
3000 3136 3165 3207 (Psnl.
3191 3152 3320 3198 xxv,
3344 3135 3379 3188 2
3396 3176 3409 3199 ,
3440 3136 3519 3206 5).

1942 3220 2101 3289 Ecce,
2127 3224 2312 3294 inquit,
2337 3242 2500 3295 quare
2526 3243 2742 3281 securus
2758 3226 2906 3294 dico,
2954 3227 3122 3281 Proba
3144 3245 3223 3282 me
3240 3270 3254 3294 ,
3284 3226 3521 3292 Domine,

1941 3324 1985 3369 et
2007 3326 2140 3371 tenta
2161 3335 2272 3385 me;
2295 3336 2381 3372 ure
2410 3337 2550 3374 renes
2568 3337 2702 3374 meos
2726 3330 2773 3374 et
2798 3338 2883 3375 cor
2902 3338 3065 3376 meum
3087 3339 3103 3374 :
3124 3338 3228 3375 non
3246 3326 3367 3390 quia
3406 3320 3523 3375 ido-

1941 3422 2073 3462 neus
2098 3424 2213 3462 sum
2240 3410 2434 3464 viribus
2454 3412 2583 3465 meis
2605 3411 2778 3481 ignem
2797 3411 3059 3467 sustinere
3078 3411 3399 3474 tentationis,
3431 3410 3525 3466 sed

1940 3500 2057 3568 quia
2077 3500 2418 3553 misericordia
2440 3509 2525 3553 tua
2545 3512 2660 3554 ante
2688 3502 2857 3555 oculos
2879 3519 3011 3555 meos
3034 3512 3122 3555 est.
3143 3502 3242 3568 Qui
3278 3501 3427 3565 mihi,
3446 3501 3527 3555 in-

1940 3590 2074 3660 quit,
2114 3589 2323 3644 donasti
2350 3601 2406 3644 ut
2449 3606 2633 3644 aurum
2668 3593 2942 3660 probatum
2971 3607 3175 3656 essem,
3226 3592 3275 3645 in
3306 3590 3525 3647 fornace

1942 3696 2027 3735 me
2046 3682 2220 3752 perire
2236 3681 2536 3754 permittis?
2558 3682 2784 3735 Prorsus
2810 3681 2973 3735 mittis
2994 3684 3319 3751 purgandum
3336 3723 3351 3748 ,
3376 3681 3525 3750 ejicis

1941 3781 2239 3842 purgatum.
2271 3772 2528 3827 Custodiat
2558 3773 2798 3826 Dominus
2819 3772 3075 3825 introitum
3097 3781 3237 3824 tuum
3262 3781 3308 3825 et
3332 3772 3522 3824 exitum

1941 3871 2083 3916 tuum
2131 3862 2299 3936 (Psal.
2331 3878 2438 3918 cxx
2460 3906 2474 3931 ,
2506 3862 2582 3937 8).
2616 3861 2748 3917 Vide
2790 3863 2960 3933 ipsum
3004 3863 3202 3916 exitqu
3228 3902 3245 3928 ,
3277 3860 3399 3917 vide
3440 3862 3525 3916 in-

1939 3970 2181 4027 gressum
2210 3956 2260 4009 in
2293 3955 2581 4010 fornacem.
2609 3954 2769 4008 Omne
2804 3952 3045 4024 gaudium
3071 3953 3351 4007 existimate
3370 3993 3384 4017 ,
3412 3956 3525 4023 fra-

1942 4056 2041 4102 tres
2070 4048 2199 4113 mei,
2233 4064 2347 4101 cum
2392 4048 2445 4101 in
2490 4046 2783 4101 tentationes
2822 4045 2988 4099 varias
3027 4043 3301 4098 incideritis
3322 4041 3527 4115 (Jacobi

1943 4153 1996 4205 ι,
2026 4138 2107 4209 2).
2138 4138 2275 4193 Ecce
2316 4137 2511 4193 audisti
2565 4138 2897 4207 ingressum,
2942 4150 3123 4205 quaare
3161 4135 3383 4189 exitum.
3425 4133 3527 4187 Fa-

1941 4232 2041 4288 cile
2066 4232 2205 4287 enim
2236 4240 2318 4287 est
2346 4232 2543 4287 intrare
2568 4249 2581 4284 :
2607 4231 2752 4285 exire
2774 4244 3022 4299 magnum
3050 4236 3149 4282 est.
3175 4227 3277 4282 Sed
3308 4226 3414 4281 noli
3456 4230 3525 4280 ti-

1941 4338 2087 4377 mere
2121 4339 2132 4373 :
2166 4321 2356 4377 Fidelis
2378 4322 2534 4376 Deus.
2564 4320 2765 4389 Nempe
2794 4321 2915 4391 quia
2940 4320 3210 4389 ingressus
3230 4316 3427 4383 fueras,
3461 4317 3527 4371 de

1942 4414 2084 4469 exitu
2125 4414 2412 4484 cogitabas.
2443 4412 2637 4467 Fidelis
2658 4412 2914 4480 Deus,qui
2931 4428 3029 4465 non
3056 4427 3141 4465 vos
3162 4411 3399 4481 permittit
3421 4418 3527 4463 ten-

1944 4507 2039 4559 tari
2086 4522 2240 4574 supra
2267 4505 2321 4559 id
2362 4504 2495 4574 quod
2526 4505 2769 4573 potestis;
2799 4502 2887 4556 sed
2930 4503 3079 4570 faciet
3121 4501 3527 4556 cumtentatione

1944 4599 2091 4649 etiam
2120 4596 2326 4649 exitum.
2356 4594 2489 4662 Quid
2526 4603 2609 4649 est
2654 4593 2889 4647 exitum?
2932 4590 2997 4646 Ut
3040 4592 3240 4662 possitis
3282 4591 3527 4644 sustinere

1946 4687 1987 4758 (I
2019 4688 2133 4741 Cor.
2160 4703 2212 4752 χ,
2252 4685 2358 4758 i5).
2393 4685 2639 4747 Intrasti,
2686 4684 2953 4747 incidisti;
3004 4682 3319 4746 sustinuisti,
3347 4679 3523 4734 existi.

2015 4777 2236 4835 CAPUT
2277 4776 2415 4833 V.—-
2440 4778 2492 4832 5.
2520 4776 2841 4829 Abundantia
2866 4775 3135 4839 malorum,
3166 4780 3368 4842 propter
3408 4786 3529 4839 pur-

1945 4871 2193 4942 gationem
2246 4870 2508 4923 bonorum.
2562 4866 2745 4936 Magna
2811 4865 3061 4919 materies
3104 4871 3187 4917 est
3256 4860 3529 4930 purgatio-

1948 4962 2031 5017 nis
2069 4961 2365 5027 bonorum,
2414 4957 2733 5013 abundantia
2765 4956 3044 5010 malorum.
3093 4952 3224 5007 Nam
3252 4954 3303 5005 in
3347 4949 3529 5005 multi—

1949 5054 2130 5109 tudine
2179 5053 2436 5107 malorum
2476 5049 2715 5120 quamvis
2743 5047 2985 5117 permixti
3011 5046 3206 5099 lateant
3234 5042 3358 5097 boni
3384 5084 3396 5106 ,
3430 5058 3529 5095 no-

1947 5148 2015 5202 vit
2044 5146 2289 5200 Dominus
2315 5145 2400 5216 qui
2438 5152 2552 5197 sunt
2594 5143 2723 5213 ejus.
2753 5139 2864 5195 Sub
2898 5153 3054 5193 manu
3101 5134 3229 5190 tanti
3270 5133 3487 5188 artiﬁcis
3511 5173 3527 5197 ,

1948 5237 2063 5292 auri
2089 5237 2223 5292 mica
2251 5236 2303 5290 in
2334 5249 2519 5305 magna
2550 5232 2699 5302 palea
2725 5230 2898 5301 perire
2948 5243 3054 5281 non
3089 5234 3279 5296 petest.
3320 5223 3527 5293 Quanta
3602 5240 3605 5243 ·

1950 5330 2021 5385 ibi
2049 5330 2196 5400 palea
2221 5370 2237 5396 ,
2275 5344 2431 5399 quam
2466 5325 2731 5381 modicum
2773 5320 2995 5376 aurum?
3022 5318 3125 5375 Sed
3164 5318 3271 5373 noli
3302 5318 3491 5372 timere
3511 5359 3527 5377 .

1952 5431 2126 5478 tantus
2165 5429 2248 5476 est
2292 5418 2481 5474 artifex
2504 5460 2518 5486 ,
2551 5427 2605 5471 ut
2636 5430 2857 5485 purgare
2909 5412 3112 5483 possit,
3153 5408 3377 5481 perdere
3421 5422 3527 5461 non

1955 5513 2139 5584 possit.
2175 5510 2305 5567 Vide
2326 5525 2511 5565 aurum
2534 5508 2742 5563 beatum
2766 5503 3081 5575 Apostolum
3113 5503 3166 5555 in
3196 5503 3291 5555 ista
3316 5499 3531 5553 fornace

1953 5603 2138 5659 mundi
2168 5602 2324 5672 hujus
2349 5596 2798 5672 quemadmodum
2837 5595 3086 5667 periculis
3128 5590 3380 5663 probatur
3419 5607 3431 5642 :
3474 5598 3533 5641 ut

1951 5697 2228 5753 veniamus
2251 5695 2318 5750 ad
2358 5707 2481 5748 vasa
2527 5690 2839 5746 inhonorata
2892 5703 3009 5759 qua:
3040 5687 3183 5740 intus
3216 5689 3374 5746 sunt,
3412 5678 3533 5747 qui-

1954 5790 2052 5846 bus
2092 5788 2237 5844 novit
2263 5786 2397 5843 bene
2427 5784 2501 5841 uti
2548 5781 2801 5839 Dominus
2827 5794 3035 5852 magna:
3064 5775 3271 5833 domus.
3303 5774 3532 5843 Aposto-
