4014 6310
510 339 617 403 “9

507 452 593 507 Ius
635 465 762 522 ergo
806 465 928 508 cum
981 447 1228 522 periculis
1270 448 1619 520 probaretur,
1670 446 1796 518 quid
1833 447 2081 502 dicebat?

507 541 760 602 Periculi:
800 545 854 598 ir.
897 543 1058 610 mari,
1105 541 1338 613 periculis
1387 541 1441 595 in
1484 540 1714 607 deserto,
1740 539 1973 610 periculis
2021 553 2086 592 ea:

505 651 716 706 genere,
756 635 992 705 periculis
1026 650 1089 689 ea:
1137 633 1382 704 gentibus.
1415 631 1518 690 Ista
1563 631 1737 686 omnia
1782 630 1910 686 foris
1933 638 2080 691 sunt.

503 724 654 786 Intus
681 723 894 780 attende
919 743 932 779 :
957 722 1205 779 Periculis
1231 725 1284 777 in
1309 723 1454 793 falsis
1497 721 1735 793 fratribus
1760 719 1824 793 (Il
1846 720 1962 774 Cor.
1989 734 2043 774 XI
2061 760 2078 784 ,

499 813 615 886 26).
645 814 902 885 Ailoquor
939 829 1067 886 ergo
1091 829 1278 868 aurum
1319 813 1444 880 Dei,
1494 811 1739 882 alloquor
1768 824 1891 865 vasa
1940 808 2078 866 facta

503 906 556 960 in
581 907 836 960 honorem
856 948 871 971 ,
903 906 1147 977 alloquor
1173 921 1334 976 grana
1356 905 1408 959 in
1437 904 1622 964 tritura
1659 918 1797 958 area:
1827 903 1964 956 inter
1987 915 2080 970 pa-

503 997 639 1052 leam
669 997 984 1052 laborantia.
1015 997 1129 1052 Tibi
1156 997 1304 1062 dico,
1331 995 1567 1066 quisquis
1595 993 1775 1059 audis,
1818 1006 1924 1047 non
1952 1006 2036 1044 me
2058 1030 2075 1055 ,

501 1085 597 1141 sed
643 1101 740 1157 per
793 1103 878 1143 me
905 1089 970 1141 ‘z
1027 1088 1153 1148 Esto
1199 1087 1406 1154 bonus,
1458 1085 1623 1144 tolera
1676 1083 1894 1140 malum.
1942 1080 2077 1136 Nolo

499 1177 678 1246 dicas,
709 1180 837 1248 Quis
866 1189 948 1236 est
977 1179 1178 1235 bonus?
1208 1179 1319 1234 lmo
1363 1185 1419 1234 et
1445 1177 1547 1235 hoc
1579 1176 1700 1233 volo
1725 1175 1872 1230 dicas
1900 1190 1913 1226 :
1941 1187 2076 1242 quo-

499 1269 642 1330 niam
690 1279 1176 1342 quantumcumque
1215 1269 1377 1327 fueris
1423 1269 1626 1332 bonus,
1678 1280 1784 1319 non
1827 1263 1936 1320 oris
1962 1263 2078 1316 sine

499 1359 677 1430 aliquo
709 1361 868 1416 malo.
900 1360 1054 1418 Unde
1104 1359 1399 1415 rectissime
1425 1357 1650 1423 dicitur,
1685 1354 1849 1408 Nemo
1881 1352 2075 1418 bonus,

498 1449 597 1504 nisi
633 1467 762 1506 unus
803 1450 943 1506 Deus
989 1450 1138 1524 (Luc.
1167 1466 1295 1505 xvnt
1320 1491 1334 1515 ,
1367 1447 1477 1518 l9).
1505 1447 1610 1504 Sed
1638 1447 1807 1501 bonus
1851 1444 1939 1498 ille
1984 1440 2076 1512 qui

502 1537 621 1594 facit
641 1541 801 1608 bona,
826 1543 966 1598 Deus
985 1551 1085 1597 est.
1105 1540 1161 1598 Si
1178 1557 1305 1611 ergo
1319 1541 1490 1602 bonus
1508 1539 1644 1593 Deus
1663 1537 1754 1608 qui
1773 1535 1896 1590 facit
1912 1534 2072 1596 bona,

504 1639 560 1686 et
597 1633 744 1687 solus
785 1633 871 1688 ille
911 1633 1084 1689 bonus
1116 1632 1336 1690 effector
1363 1632 1655 1695 bonorum;
1687 1624 1953 1700 quomodo
1996 1631 2078 1678 est

506 1721 726 1778 effector
736 1723 1017 1791 bonorum,
1033 1725 1077 1780 si
1097 1725 1271 1789 nullus
1288 1724 1556 1779 hominum
1572 1718 1865 1782 estbonus?
1885 1717 2080 1774 Secum

501 1812 628 1867 dum
651 1813 919 1876 modulum
941 1831 1066 1887 ergo
1087 1817 1384 1886 proximum
1403 1823 1485 1870 est
1508 1823 1561 1870 et
1581 1812 1741 1868 homo
1767 1812 1957 1866 bonus.
1973 1805 2075 1873 Qui

498 1903 545 1964 si
584 1919 688 1966 non
713 1914 892 1970 esset,
920 1907 1172 1962 Dominus
1203 1907 1315 1978 ipse
1344 1921 1448 1961 non
1473 1905 1694 1969 diceret,
1727 1900 1892 1961 Homo
1914 1899 2076 1958 bonus

495 1994 558 2048 de
584 1995 712 2049 bono
733 1996 968 2060 thesauro
998 1998 1164 2056 cordis
1182 2000 1263 2052 sui
1284 1998 1474 2068 profert
1496 1997 1624 2056 bona
1666 1993 1773 2068 (Id.
1802 2009 1875 2060 vr,
1904 1991 2019 2063 45).

563 2084 791 2146 CAPUT
831 2086 1083 2144 ιιι-θ.
1117 2087 1245 2142 Mali
1290 2088 1416 2158 foris
1436 2097 1482 2141 et
1522 2088 1654 2142 intus
1706 2083 1977 2140 tolerandi.
2009 2111 2074 2130 -.-

490 2175 623 2236 Esto
649 2191 774 2249 ergo
803 2176 976 2240 bonus
997 2219 1010 2242 ,
1038 2187 1093 2234 et
1140 2179 1308 2240 tolera
1334 2179 1553 2235 malum.
1603 2178 1733 2240 Esto
1761 2175 2072 2246 simpliciter

490 2265 696 2331 bonus,
725 2275 780 2322 et
817 2267 1098 2344 dupliciter
1145 2270 1309 2325 tolera
1340 2271 1555 2330 malum.
1605 2268 1817 2331 Bonus,
1859 2265 2071 2328 nonnisi

492 2356 634 2412 intus
663 2375 676 2410 :
705 2374 826 2413 nam
857 2361 1027 2418 sinon
1060 2361 1200 2425 intus
1222 2401 1238 2426 ,
1280 2376 1536 2432 nusquam
1566 2360 1756 2422 benus.
1785 2359 1914 2420 Esto
1941 2372 2069 2428 ergo

489 2441 660 2496 bonus
709 2443 879 2517 intus,
911 2446 1106 2507 malum
1139 2447 1301 2502 tolera
1349 2456 1404 2504 et
1431 2446 1559 2508 foris
1604 2455 1659 2502 et
1705 2447 1865 2501 intus.
1915 2443 2069 2506 Foris

487 2534 655 2594 tolera
679 2533 1007 2604 hazreticum,
1028 2537 1191 2593 tolera
1213 2553 1499 2611 paganum,
1516 2538 1679 2593 tolera
1695 2537 1966 2604 Judaaum;
1989 2545 2069 2592 ιο-

486 2621 595 2678 lera
621 2631 675 2677 et
693 2624 833 2681 intus
852 2627 1046 2687 malum
1067 2627 1440 2684 Christianum.
1464 2628 1597 2696 Quia
1614 2628 1811 2683 inimici
1839 2627 2067 2683 hominis

485 2713 766 2769 domestici
781 2715 893 2792 ejus
915 2715 1170 2789 (illicitae
1187 2734 1284 2786 vn,
1311 2719 1390 2788 6).
1413 2718 1625 2775 Patiens
1650 2718 1906 2774 molestos
1930 2718 2069 2774 mul-

486 2812 572 2859 tos
597 2805 738 2861 intus
759 2809 932 2869 malos
949 2809 1318 2879 stomacharis,
1342 2809 1649 2881 indignaris,
1671 2810 1819 2882 quasi
1830 2810 1943 2881 jam
1970 2824 2065 2865 ve-

487 2897 631 2950 nerit
658 2905 866 2975 tempus
908 2901 1282 2956 ventilationis.
1339 2899 1396 2958 In
1425 2903 1610 2958 tritura
1638 2903 1840 2972 positus
1867 2917 1926 2957 es
1947 2943 1961 2968 ,
2010 2901 2064 2958 iu

487 2986 677 3045 tritura
715 3003 773 3042 es
810 2989 1016 3056 adhuc,
1047 3005 1168 3045 area
1201 2991 1478 3051 trituratur
1505 2992 1713 3058 adhuc;
1742 2992 1917 3054 adhuc
1938 3008 2064 3063 gra-

483 3091 552 3137 na
579 3086 633 3132 et
662 3078 947 3148 manipuli,
978 3095 1099 3136 cum
1138 3081 1336 3138 Gentes
1361 3083 1613 3150 credunt,
1643 3083 1708 3138 ad
1735 3099 1915 3140 aream
1953 3085 2065 3146 col-

484 3167 741 3238 liguntur.
771 3171 935 3227 Putas
964 3187 1082 3229 esse
1111 3182 1162 3229 te
1190 3189 1348 3246 posse
1373 3175 1425 3230 in
1456 3191 1579 3232 area
1601 3176 1831 3238 triticum
1851 3177 2062 3233 solum?

483 3261 667 3317 Erras.
697 3262 864 3321 G‘emc
909 3265 962 3320 in
988 3282 1110 3323 area
1133 3308 1149 3336 ,
1180 3279 1237 3325 ut
1286 3269 1517 3339 gaudeas
1560 3270 1614 3325 in
1659 3269 1872 3329 horreo.
1903 3271 2065 3326 Fiunt

483 3352 650 3406 multa
681 3354 817 3408 mala
845 3370 875 3410 a
904 3355 1208 3421 christianis
1253 3359 1405 3414 malis
1432 3378 1446 3414 :
1480 3359 1553 3415 illi
1607 3360 1698 3431 qui
1746 3359 1873 3424 foris
1902 3370 2058 3429 sunt,

481 3451 538 3496 et
565 3443 754 3498 nolunt
795 3459 917 3501 esse
963 3447 1276 3516 christiani,
1320 3449 1597 3509 inveniunt
1641 3452 1948 3506 occasiones
1992 3451 2059 3508 ad

483 3535 874 3597 excusationes.
923 3536 1191 3599 Hortatori
1217 3553 1315 3593 suo
1359 3548 1416 3595 ut
1443 3539 1654 3608 credat,
1686 3541 1787 3596 ista
1834 3555 2059 3611 respon-

481 3626 616 3681 det:
649 3625 742 3682 Vis
766 3643 853 3688 me
893 3643 1012 3684 esse
1036 3629 1177 3700 quod
1219 3640 1296 3686 est
1328 3631 1416 3688 ille
1453 3640 1508 3688 et
1538 3632 1664 3688 ille?
1711 3632 1778 3688 Et
1822 3633 2060 3689 nominat

480 3716 628 3778 illum
673 3726 728 3774 et
781 3720 927 3776 illum
989 3738 1002 3776 :
1057 3722 1342 3793 aliquando
1391 3732 1680 3780 etverum
1728 3726 1874 3781 dicit.
1923 3725 2058 3782 Cum

479 3818 657 3869 autem
709 3825 892 3871 verum
945 3828 1054 3876 non,
1105 3822 1281 3884 potest
1322 3815 1576 3876 inveniri.
1626 3817 1751 3888 quid
1809 3833 2056 3888 magnum

479 3905 564 3952 est
614 3901 958 3963 calumniari?
1002 3903 1132 3964 Cum
1165 3905 1250 3959 ille
1279 3921 1384 3962 non
1433 3907 1662 3977 trepidat
1699 3907 2053 3977 calumniari,

478 3986 605 4051 facit
630 3989 790 4050 alium
828 3992 972 4061 quod
1000 4010 1102 4047 non
1139 3995 1283 4050 videt
1309 3997 1584 4066 suspicari.
1607 3998 1685 4060 Tu
1725 4015 1846 4054 cum
1875 4000 2058 4062 audie-

479 4076 847 4142 rishominem
889 4082 987 4137 ista
1011 4083 1313 4151 dicentem,
1351 4087 1484 4142 forte
1512 4089 1632 4158 quia
1676 4090 1818 4149 nosti
1862 4089 2059 4148 fratrs

480 4177 601 4224 tuos
627 4171 831 4237 malos,
861 4171 995 4228 dicis
1037 4175 1176 4244 apud
1223 4185 1274 4231 te
1305 4177 1498 4246 ipsum,
1527 4178 1725 4234 Verum
1751 4180 1879 4235 dicit
1911 4198 1925 4234 :
1957 4180 2056 4236 Pe-

477 4260 652 4314 riculis
677 4261 729 4315 in
759 4262 903 4336 [uisis
939 4264 1197 4333 fratribus.
1229 4266 1333 4322 Sed
1361 4268 1468 4322 noli
1510 4267 1770 4335 deficere;
1796 4269 1935 4340 quod
1967 4271 2055 4332 ille

479 4351 668 4419 qurerit
689 4392 703 4415 ,
738 4361 794 4406 tu
815 4361 950 4409 esto.
978 4355 1102 4410 Esto
1127 4356 1297 4412 bonus
1317 4357 1664 4426 cbristianus,
1688 4369 1744 4414 ut
1768 4361 2055 4417 convincas

477 4428 862 4501 calumniosum
891 4459 1174 4514 paganum.

546 4532 771 4597 CAPUT
802 4536 909 4596 Vll-
929 4568 1001 4578 —
1019 4539 1074 4598 ’1.
1096 4539 1388 4596 Constantia
1414 4543 1466 4596 in
1489 4543 1706 4614 ferendis
1724 4541 1857 4606 intus
1885 4544 2052 4600 malis.

474 4623 582 4680 Sed
627 4625 716 4681 ille
749 4627 1136 4696 calumniatur,
1174 4641 1226 4686 et
1265 4631 1331 4690 de
1365 4632 1518 4688 bonis
1555 4633 1684 4692 dicit
1729 4633 1891 4702 falsa,
1936 4635 2052 4704 ple-

474 4734 701 4789 rumque
726 4720 798 4774 illi
819 4721 1065 4777 creditur.
1091 4721 1228 4797 Quid
1253 4723 1374 4778 facit
1393 4726 1614 4780 aurum?
1637 4725 1881 4798 Undique
1902 4727 2053 4796 palea

475 4820 591 4877 est,
622 4811 779 4883 ignis.
810 4810 1007 4869 Sordes
1033 4829 1189 4889 pone,
1219 4829 1323 4869 non
1353 4815 1509 4873 fidem
1539 4817 1559 4848 ⁸
1586 4834 1599 4870 :
1627 4825 1742 4872 esto
1771 4817 2050 4884 mundior,

474 4899 588 4970 ipsa
631 4901 1010 4963 exercitatione
1048 4912 1163 4959 esto
1203 4905 1477 4970 mundior;
1519 4906 1689 4960 valeat
1717 4906 1806 4963 tibi
1843 4907 1931 4966 ille
1959 4908 2051 4978 qui

475 4991 680 5047 auferat
705 5007 810 5068 quo
838 4993 1102 5050 sordidior
1127 5009 1186 5050 es
1204 5034 1220 5061 ,
1253 5010 1357 5050 non
1385 4996 1474 5065 qui
1503 4997 1764 5066 opprimat
1787 4998 1928 5068 quod
1955 5013 2052 5053 au-

474 5099 593 5138 rum
623 5099 702 5138 es.
742 5084 950 5148 Etenim
992 5086 1036 5144 si
1077 5085 1370 5152 deieceris,
1413 5089 1556 5157 peris
1591 5088 1643 5144 in
1686 5090 1833 5159 palea
1871 5099 1970 5147 :et
2007 5092 2053 5147 si

474 5174 618 5245 peris
647 5175 698 5230 in
737 5177 904 5246 palea,
945 5192 1132 5239 aurum
1177 5192 1283 5234 non
1318 5191 1469 5243 eras,
1501 5177 1592 5232 sed
1629 5194 1814 5234 aurum
1841 5187 1894 5235 te
1933 5196 2054 5238 esse

474 5263 734 5336 fingebas.
760 5267 918 5323 Novit
944 5268 1197 5327 Dominus
1221 5269 1311 5338 qui
1336 5277 1456 5323 sunt
1478 5269 1592 5339 ejus
1611 5269 1677 5341 (ll
1699 5270 1832 5326 Tim.
1857 5289 1910 5337 ιι,
1939 5273 2049 5347 19).

475 5355 552 5411 Illi
581 5366 757 5415 autem
784 5359 874 5431 qui
903 5367 1025 5414 sunt
1051 5359 1210 5422 mali,
1236 5358 1302 5414 de
1328 5359 1520 5436 quibus
1548 5361 1818 5418 erubescis
1841 5365 2052 5434 quando

475 5461 535 5504 cs
560 5447 696 5504 inter
722 5450 892 5504 malos
915 5447 1005 5520 qui
1027 5456 1149 5505 sunt
1169 5448 1295 5506 foris
1314 5491 1332 5517 ,
1356 5460 1624 5507 memento
1645 5453 1783 5524 quod
1813 5470 1919 5513 non
1947 5456 2054 5518 sint

541 5561 856 5632 traduce.
879 5574 973 5613 ποθι
993 5575 1088 5632 ψει
1107 5563 1194 5632 sed
1221 5564 1473 5632 Dominum
1493 5577 1582 5632 per
1598 5581 1690 5632 tne-

539 5625 562 5655 ⁴⁸
583 5631 692 5693 Am.
711 5631 765 5675 et
785 5631 858 5673 Er.
878 5637 898 5693 -:_
923 5623 1050 5693 Ignis
1068 5625 1236 5693 sordes
1249 5626 1402 5691 prurit,
1425 5623 1520 5678 non
1730 5637 1836 5681 nov.
1863 5640 1915 5684 et
1933 5639 2050 5683 Ger-

475 5686 851 5756 ωιιξειιεὶδμε..
879 5684 1021 5756 ignis,
1038 5687 1221 5756 sordes.
1250 5684 1395 5740 'Pone'
1418 5684 1720 5756 nunc'fidem.
1745 5694 1904 5746 codex
1940 5706 2008 5746 es.
2033 5711 2045 5746 :

480 5743 608 5810 ,guis
625 5746 790 5798 sordes
806 5743 1015 5802 uram
1028 5746 1196 5813 ﬁdem.

1735 337 1792 394 S.
1833 336 1969 393 AUC
1981 333 2195 392 USTINI
2236 335 2536 392 EPISCOI’I

3671 349 3775 406 120

2190 446 2242 500 in
2268 446 2428 502 domo
2458 461 2644 517 magna
2667 447 2756 504 ubi
2778 465 2858 521 es,
2884 453 3048 508 vasin
3074 453 3354 522 honorem,
3383 459 3479 515 sed
3503 459 3555 514 in
3581 473 3772 519 contu-

2188 536 2420 592 meliam.
2449 536 2700 594 Instruxit
2738 549 2790 596 te
2826 543 3140 614 Apostolus,
3170 557 3318 618 regat
3354 557 3408 606 te
3447 551 3588 608 Deus
3628 555 3668 608 ¹.
3707 553 3770 611 Si

2187 627 2312 683 mali
2350 641 2456 682 non
2489 638 2672 684 essent
2709 646 2804 699 pro
2825 633 3018 702 quibus
3040 650 3336 708 oraremus,
3363 642 3574 711 quando
3611 647 3767 702 nobis

2188 717 2483 785 diceretur,
2530 717 2684 774 Orate
2709 738 2800 791 pro
2834 723 3046 782 inimicis
3075 729 3282 784 vestris?
3312 731 3392 789 An
3427 729 3564 790 forte
3595 734 3766 790 velle—

2187 822 2307 862 mus
2331 807 2501 863 bonos
2525 809 2719 868 habere
2756 811 3041 870 inimicos?
3070 817 3216 873 Unde
3253 818 3366 876 fieri
3396 824 3604 892 potest?
3645 825 3765 881 Non

2187 896 2406 958 habebis
2430 898 2626 954 bonum
2649 902 2938 973 inimicum,
2967 907 3068 962 nisi
3091 908 3252 965 fueris
3277 912 3483 968 malus:
3515 915 3558 970 si
3583 925 3766 974 autem

2186 989 2352 1050 fueris
2393 991 2594 1059 bonus,
2643 995 2887 1055 inimicus
2926 1007 3046 1054 tuus
3085 1016 3190 1056 non
3234 1005 3374 1072 erit,
3419 1006 3520 1061 nisi
3567 1009 3766 1065 malus.

2189 1079 2343 1135 Orate
2369 1099 2461 1151 pro
2484 1083 2699 1140 inimicis
2725 1087 2915 1142 vestris.
2947 1089 3086 1160 Ergo
3113 1091 3237 1147 boni
3273 1105 3422 1151 orate
3449 1111 3548 1172 pro
3585 1100 3759 1156 malis.

2185 1170 2318 1226 Redi
2346 1173 2411 1226 ad
2439 1189 2533 1229 cor
2560 1183 2727 1232 tuum.
2757 1177 2802 1231 Ο
2839 1187 2893 1233 ιιι
2921 1182 3008 1250 qui
3036 1183 3087 1236 in
3111 1183 3207 1238 ista
3237 1183 3452 1241 fornace
3477 1170 3718 1259 purgaris
3742 1233 3760 1260 ,

2184 1263 2228 1316 si
2252 1265 2419 1332 potuit
2438 1281 2554 1320 esse
2577 1282 2675 1321 vox
2701 1276 2807 1332 tua,
2835 1267 3006 1324 Proba
3033 1289 3102 1325 ms
3153 1271 3389 1342 Domine,
3415 1286 3462 1331 et
3487 1288 3621 1332 tenta
3643 1297 3765 1345 me;

2183 1367 2275 1406 ure
2297 1369 2440 1409 renes
2468 1371 2602 1410 meos
2629 1366 2675 1410 et
2701 1373 2788 1411 cor
2807 1374 2970 1414 meum
2993 1375 3012 1414 :
3038 1363 3274 1431 quoniam
3303 1365 3641 1421 misericordia
3669 1379 3762 1424 tua

2183 1451 2299 1496 ante
2325 1443 2494 1498 oculos
2522 1462 2660 1502 meos
2680 1458 2791 1512 est;
2816 1464 2941 1507 ecce
2969 1453 3080 1506 τι(Ιὶ
3105 1455 3170 1507 ad
3195 1469 3289 1509 cor
3319 1466 3483 1514 tuum.
3515 1457 3626 1515 Sub
3649 1461 3760 1517 Deo

2181 1547 2278 1600 es,
2306 1535 2598 1594 orationem
2630 1537 2843 1598 fusurus
2879 1556 2972 1607 es;
3001 1545 3231 1599 occurrit
3260 1545 3352 1601 tibi
3375 1548 3464 1618 qui
3499 1558 3551 1603 te
3588 1549 3757 1616 larsit,

2182 1625 2411 1680 occurrit
2428 1626 2518 1680 tibi
2539 1627 2624 1696 qui
2648 1637 2700 1686 te
2721 1631 2934 1699 pressit,
2955 1634 3184 1691 occurrit
3205 1635 3295 1691 tibi
3311 1639 3399 1707 qui
3423 1647 3472 1693 te
3488 1640 3752 1709 Spoliavit,

2181 1715 2414 1769 occurrit
2443 1715 2534 1771 tibi
2561 1718 2650 1788 qui
2672 1719 2723 1774 in
2746 1727 2798 1774 te
2824 1735 3090 1778 carcerem
3113 1725 3255 1779 misit
3283 1744 3296 1781 :
3324 1728 3404 1782 eia
3429 1729 3643 1785 attende
3661 1745 3759 1786 cor

2181 1810 2352 1870 tuum,
2383 1807 2590 1877 reSpicc
2627 1809 2907 1865 Dominum
2936 1820 3105 1868 tuum.
3134 1814 3274 1871 Ecce
3307 1819 3477 1876 malus
3512 1820 3760 1877 inimicus

2179 1901 2336 1962 tuus,
2365 1912 2492 1954 ecce
2528 1899 2700 1963 bonus
2725 1901 2975 1958 Dominus
3011 1913 3131 1960 tuus
3160 1925 3174 1962 :
3209 1917 3367 1976 uocet
3392 1909 3485 1964 tibi
3513 1910 3758 1968 inimicus

2179 1991 2301 2041 tuus
2329 1987 2497 2042 malus
2517 2029 2532 2054 ,
2567 2003 2659 2043 ora
2697 2006 2800 2060 pro
2832 1992 3046 2051 inimico
3075 2004 3197 2064 tuo,
3229 1996 3355 2052 dicit
3382 1999 3471 2054 tibi
3505 2001 3758 2057 Dominus

2179 2086 2300 2132 tuus
2320 2078 2542 2134 bonus’.
2563 2081 2703 2136 Inter
2723 2082 2992 2139 inimicum
3016 2093 3160 2143 tuum
3183 2090 3378 2144 malum
3399 2099 3452 2146 et
3475 2091 3757 2152 Dominum

2177 2169 2373 2224 bonum
2392 2211 2408 2236 ,
2437 2171 2563 2241 quid
2588 2183 2642 2226 tu
2671 2162 2902 2229 facturus
2928 2178 3031 2234 es?
3067 2177 3264 2240 Contra
3289 2181 3438 2238 illum
3471 2194 3715 2241 oraturus
3735 2225 3753 2253 ,

2175 2270 2265 2314 aut
2290 2258 2411 2314 huic
2431 2261 2944 2332 obtemperaturus?

2244 2349 2468 2409 CAPUT
2513 2352 2644 2407 VIII.
2673 2355 2816 2412 —8.
2867 2356 3015 2412 Dura
3044 2361 3235 2430 jussu,
3278 2363 3368 2416 sed
3410 2379 3594 2435 magna
3636 2382 3757 2436 pro.-

2173 2439 2346 2500 missa.
2387 2440 2624 2512 Suscipis
2662 2459 2727 2498 ex
2781 2457 3045 2517 prmcepto
3098 2450 3308 2505 Domini
3353 2453 3424 2508 tui
3464 2468 3618 2510 orare
3647 2471 3747 2524 pro

2172 2532 2402 2602 maligno
2440 2533 2530 2588 illo
2557 2535 2770 2591 inimico
2799 2547 2888 2592 tuo
2912 2556 2924 2590 :
2957 2539 3080 2609 quid
3108 2540 3341 2598 facturus
3369 2543 3470 2598 es?
3497 2545 3753 2603 Dominus

2166 2619 2363 2689 jussit:
2401 2621 2533 2677 dura
2564 2623 2751 2692 jussit,
2786 2626 2878 2681 sed
2918 2643 3108 2698 magna
3139 2632 3401 2700 promisit.
3441 2633 3572 2701 Quae
3618 2635 3751 2692 dura

2165 2711 2367 2783 jussit?
2405 2712 2618 2788 Diligite
2674 2716 2897 2772 inimicos
2943 2729 3162 2787 vestros,
3195 2722 3490 2792 'benefacite
3531 2725 3609 2779 his
3665 2728 3754 2796 qui

2169 2802 2384 2858 oderunt
2429 2821 2515 2859 vos
2535 2847 2549 2872 ,
2592 2815 2639 2860 et
2682 2817 2823 2867 orate
2866 2825 2957 2879 pro
2999 2814 3403 2882 persequentibus
3452 2832 3556 2870 vos.
3611 2817 3750 2872 Dura

2169 2903 2294 2951 sunt
2317 2914 2331 2950 :
2353 2895 2447 2951 sed
2486 2907 2686 2966 prapter
2713 2901 2860 2954 verba
2899 2901 3145 2956 labiorum
3174 2914 3373 2959 tuorum
3396 2923 3485 2978 ego
3507 2910 3754 2965 custodiri

2167 2985 2274 3038 uias
2326 2985 2480 3040 duras
2523 2986 2693 3058 (Psal.
2751 3006 2872 3055 xvi,
2913 2991 3006 3064 4).
3059 2992 3224 3054 υιιόθο
3257 2995 3347 3049 tibi
3399 2997 3598 3054 viribus
3646 3001 3751 3055 tuis

2166 3077 2432 3134 custodire
2471 3079 2582 3135 vias
2609 3079 2805 3148 duras,
2842 3082 2943 3137 nisi
2978 3084 3099 3152 quia
3136 3086 3478 3142 misericordia
3514 3098 3600 3142 tua
3635 3099 3753 3145 ante

2167 3169 2342 3224 oculos
2391 3186 2528 3227 meos
2577 3173 2694 3228 est?
2740 3173 2876 3228 Ecce
2918 3173 3047 3230 dura
3094 3177 3280 3244 jussit,
3330 3193 3508 3235 amara
3553 3181 3746 3252 jussit;

2165 3256 2286 3312 vide
2340 3273 2458 3328 quae
2509 3260 2770 3329 promisit.
2828 3261 2982 3318 Orate
3029 3280 3124 3334 pro.
3175 3269 3574 3338 persequentibus
3627 3286 3745 3340 cos,

2165 3353 2222 3400 ut
2258 3348 2368 3402 sitis
2397 3349 2491 3417 ﬁlii
2536 3348 2707 3404 Patris
2750 3353 2897 3405 vestri
2938 3354 3023 3423 qui
3049 3355 3104 3408 in
3146 3355 3284 3410 caelis
3323 3367 3395 3414 est
3425 3357 3635 3429 (Matth.
3669 3375 3705 3414 v
3727 3400 3746 3427 ,

2164 3437 2401 3511 44,45).
2431 3439 2487 3498 Si
2527 3440 2618 3495 tibi
2660 3441 2879 3509 diceret,
2907 3442 3010 3498 Ora
3051 3460 3146 3514 pro
3173 3445 3394 3503 inimico
3431 3457 3540 3516 tuo,
3585 3459 3643 3506 ut
3670 3452 3746 3508 sis

2164 3527 2304 3584 filius
2332 3530 2496 3600 patris
2527 3531 2630 3598 tui,
2663 3547 2730 3587 ne
2763 3533 3069 3595 exiueredet
3097 3543 3147 3590 te
3177 3544 3326 3606 pater
3362 3539 3625 3608 carnalis,
3655 3541 3747 3611 qui

2165 3618 2266 3676 hoc
2296 3621 2388 3676 tibi
2417 3623 2698 3679 relicturus
2724 3632 2838 3689 est,
2869 3626 3010 3695 quod
3042 3627 3164 3682 hinc
3194 3645 3298 3683 non
3326 3639 3408 3685 est
3431 3632 3743 3698 ablaturus;

2163 3711 2408 3780 timeres,
2456 3721 2511 3770 et
2539 3713 2777 3770 faceres:
2819 3718 3144 3786 promittitur
3186 3720 3280 3775 tibi
3319 3737 3414 3791 pro
3443 3721 3524 3779 bis
3561 3723 3743 3793 duris,

2162 3813 2220 3857 ut
2241 3805 2315 3860 sis
2340 3803 2478 3860 ﬁlius
2508 3805 2798 3871 Altissimi;
2827 3808 3000 3878 cogita
3027 3809 3240 3864 Patrem
3259 3852 3274 3876 ,
3305 3820 3360 3867 et
3385 3827 3614 3882 agnosce
3634 3813 3749 3870 hae-

2160 3895 2460 3951 reditatem.
2491 3898 2582 3953 Dic
2605 3914 2752 3969 ergo,
2781 3899 2956 3970 incipe
2988 3917 3143 3956 orare
3170 3919 3265 3972 pro
3291 3903 3504 3960 inimico
3535 3916 3624 3962 tuo
3651 3908 3745 3964 illo

2160 4003 2373 4059 magno,
2398 3990 2484 4058 qui
2511 3989 2602 4044 tibi
2630 3992 2792 4046 multa
2819 3993 2954 4046 mala
2979 3992 3120 4057 fecit,
3145 3996 3233 4064 qui
3264 3995 3316 4048 in
3347 4006 3396 4050 te
3425 3998 3590 4053 multa
3611 3999 3742 4056 dura

2160 4079 2467 4149 congessit:
2515 4077 2687 4150 incipe
2728 4096 2827 4152 pro
2865 4081 2956 4136 illo
3001 4097 3175 4149 orare,
3217 4093 3270 4139 et
3293 4085 3413 4141 vide
3453 4102 3547 4143 cor
3593 4098 3740 4145 tuum

2160 4175 2335 4229 tecum
2365 4169 2587 4240 litigare.
2616 4171 2768 4241 Quod
2798 4186 2925 4241 ergo
2945 4173 3026 4227 vis
3044 4215 3058 4238 ,
3083 4173 3222 4244 quod
3253 4175 3425 4244 placet
3452 4177 3567 4244 tibi,
3599 4182 3742 4249 quod

2159 4257 2438 4320 delectaris
2453 4260 2741 4320 secundum
2757 4261 3060 4323 interiorem
3073 4263 3363 4334 hominem,
3381 4268 3524 4337 quod
3539 4269 3746 4324 obtem-

2158 4363 2316 4418 peras
2359 4350 2585 4410 Domino
2625 4359 2748 4418 tuo,
2777 4360 2831 4407 et
2876 4366 2998 4408 oras
3024 4369 3120 4424 pro
3150 4353 3366 4412 inimico
3396 4366 3505 4425 tuo,
3548 4374 3739 4416 aurum

2159 4449 2278 4495 est:
2325 4441 2466 4512 quod
2494 4456 2656 4508 vero,
2700 4457 2820 4501 cum
2851 4457 3008 4502 orare
3048 4446 3296 4516 coeperis,
3338 4448 3521 4519 incipit
3563 4457 3738 4507 tecum

2159 4531 2386 4590 carnalis
2412 4531 2690 4589 infirmitas
2720 4535 2943 4604 litigare,
2969 4536 3096 4605 ipsa:
3120 4546 3244 4592 sunt
3263 4539 3468 4606 sordes,
3491 4555 3520 4594 a
3545 4542 3742 4612 quibus

2159 4632 2212 4679 te
2240 4625 2379 4680 Deus
2409 4625 2520 4680 vult
2549 4624 2602 4679 in
2632 4624 2844 4681 fornace
2869 4642 3117 4700 purgare.
3641 4675 3644 4680 .

2229 4714 2454 4771 CAPUT
2493 4714 2749 4772 lX.—9.
2791 4715 2923 4771 Mali
2958 4718 3071 4779 ideo
3095 4719 3273 4786 multi,
3319 4729 3375 4774 ut
3415 4732 3740 4778 exerceantur

2159 4805 2294 4859 boni.
2321 4805 2568 4868 Amurca,
2598 4806 2782 4860 oleum.
2826 4806 3088 4863 Exercere
3137 4823 3264 4879 ergo
3317 4809 3370 4864 in
3398 4811 3587 4869 mediis
3625 4829 3739 4868 ma-

2159 4895 2266 4974 lis,
2297 4910 2331 4951 ο
2355 4895 2526 4959 bone,
2565 4895 2607 4950 si
2635 4897 2752 4974 quis
2794 4912 2851 4952 es
2880 4897 3088 4953 bonus:
3128 4914 3236 4961 non
3277 4899 3346 4956 de
3386 4908 3476 4958 tuo
3504 4902 3644 4958 bone
3673 4903 3695 4935 ³
3719 4945 3735 4971 ,

2159 4986 2280 5060 quia
2310 4984 2454 5042 fuisti
2480 4985 2679 5053 malus,
2710 4985 2802 5040 sed
2827 4985 2896 5041 de
2919 4987 3059 5046 illius
3099 4988 3190 5062 qui
3218 5005 3486 5062 nunquam
3516 4999 3600 5049 est
3623 5009 3738 5051 ma-

2159 5076 2242 5131 lus
2267 5095 2278 5130 :
2310 5091 2559 5132 exercere
2587 5077 2639 5132 in
2663 5078 2849 5133 mediis
2873 5079 3046 5134 malis.
3091 5079 3199 5136 Nec
3227 5082 3356 5136 mihi
3395 5083 3517 5137 volo
3541 5083 3691 5142 dicas
3718 5103 3732 5140 :

2157 5166 2352 5222 Saltem
2392 5167 2436 5221 si
2466 5181 2685 5224 necesse
2726 5178 2868 5225 esset
2910 5179 3123 5242 pr0pter
3160 5173 3592 5234 exercitationem
3635 5191 3736 5232 no-

2159 5267 2322 5314 stram
2347 5267 2403 5313 ut
2426 5269 2604 5315 essent
2627 5261 2772 5328 mali,
2803 5264 2953 5331 pauci
2983 5273 3160 5320 essent
3181 5265 3336 5333 mali,
3363 5274 3416 5322 et
3433 5267 3559 5325 boni
3585 5271 3738 5326 multi

2157 5359 2358 5407 essent.
2386 5351 2499 5406 Non
2523 5353 2747 5409 attendis
2774 5355 2896 5429 quia
2927 5356 2970 5409 si
2997 5355 3148 5424 pauci
3177 5366 3356 5412 essent
3373 5399 3392 5426 ,
3419 5358 3601 5415 multis
3628 5377 3736 5416 non

2159 5440 2444 5496 nocerent?
2471 5441 2660 5511 Utique
2678 5443 2977 5511 considera,
2999 5445 3079 5499 vir
3099 5445 3352 5515 prudens,
3373 5448 3497 5518 quia
3515 5449 3561 5504 si
3580 5451 3736 5507 multi

2221 5576 2335 5648 {sic
2354 5583 2541 5626 Am.Er.
2568 5583 2620 5648 et
2655 5585 2733 5648 bis.
2751 5581 3103 5631 Germanis.
3129 5586 3184 5631 At
3204 5587 3334 5644 hom,
3357 5589 3495 5648 rogat
3514 5589 3562 5636 te
3585 5592 3734 5638 Deus.

2157 5643 2293 5710 mis
2312 5650 2414 5700 μνον
2426 5643 2836 5710 romam-

2219 5697 2380 5767 ξῌξέιι
2879 5700 3054 5767 bonus;
3073 5705 3267 5767 omisso,
3288 5707 3414 5758 tuus.

2221 5759 2241 5792 ³
2263 5761 2334 5810 Sic
2357 5767 2461 5810 Mss.
2489 5766 2541 5810 At
2565 5760 2700 5824 editi,
2723 5760 2784 5814 de
2807 5768 2886 5813 tuo
2910 5761 3032 5817 bona
