4002 6462
523 378 628 435 193

520 493 564 547 si
594 491 730 546 hanc
754 491 913 546 vitam
935 532 948 559 ,
979 491 1028 545 in
1057 505 1157 562 qua
1179 504 1320 546 nunc
1347 503 1536 546 sumus
1555 534 1568 558 ,
1598 491 2018 548 intellexerimus
2048 493 2102 546 in

519 600 586 640 eo
605 584 745 656 quod
767 585 964 640 dictum
1011 593 1127 647 est,
1163 583 1287 649 Quis
1329 594 1400 637 est
1437 585 1585 640 homo
1631 585 1718 656 qui
1766 585 1875 638 vult
1912 583 2103 638 vitam?

517 684 573 730 et
609 685 827 745 propter
870 675 1005 735 hanc
1036 673 1334 730 habendam
1376 689 1495 744 qua:
1530 683 1920 731 connectuntur
1964 690 2099 745 prte-

513 775 668 836 cepta
695 765 986 829 faciamus;
1012 765 1138 835 quid
1163 767 1333 820 acturi
1376 780 1591 833 sumus,
1629 782 1751 822 cum
1803 767 1992 837 aliquis
2043 766 2097 822 in

513 857 712 912 malitia
741 865 925 926 potens
951 865 1176 911 mortem
1200 857 1353 912 nobis
1383 857 1544 912 fuerit
1571 858 1926 913 comminatus
1946 899 1961 926 ,
1991 858 2097 912 nisi

513 948 705 1004 falsum
727 947 1087 1002 testimonium
1119 948 1452 1004 dixerimus?
1482 949 1723 1004 Profecto
1751 950 1894 1005 enim
1924 950 1969 1004 si
2013 948 2095 1003 fe-

509 1041 742 1096 cerimus
783 1041 925 1111 quod
967 1041 1054 1096 hic
1092 1041 1328 1111 jubctur,
1383 1039 1568 1097 Cohibe
1609 1042 1836 1113 linguam
1880 1051 2021 1096 tuam
2063 1058 2096 1097 α

511 1134 666 1199 malo,
718 1142 778 1188 ut
829 1142 1050 1204 propter
1093 1134 1196 1190 hoc
1237 1145 1558 1205 prmccptum
1611 1136 1898 1190 testimonii
1940 1135 2092 1190 falla-

507 1228 642 1282 ciam
673 1243 1014 1296 recusemus,
1043 1229 1194 1299 quasi
1223 1227 1433 1299 decepti
1454 1228 1785 1284 videbimur:
1813 1228 1936 1298 quia
1965 1243 2090 1298 pro-

505 1326 623 1388 pter
650 1317 908 1374 habendae
958 1320 1080 1374 vita:
1125 1319 1470 1389 cupiditatem
1509 1328 1829 1390 praeceptum
1878 1333 2090 1376 servare

502 1411 858 1480 suscepimus,
892 1420 945 1465 et
967 1427 1085 1467 eam
1109 1413 1276 1482 magis
1296 1420 1618 1482 praeceptum
1658 1411 1918 1469 servando
1961 1428 2086 1482 per-

503 1499 759 1557 didimus.
793 1501 961 1557 Porro
999 1502 1046 1557 si
1073 1503 1234 1557 vitam
1288 1503 1708 1558 intellexerimus
1750 1503 1800 1556 in
1826 1512 2086 1559 mternum

503 1589 738 1656 beatam,
771 1607 927 1661 quam
973 1605 1091 1663 post
1143 1594 1298 1648 istam
1348 1595 1489 1650 Deus
1525 1595 1671 1651 dabit
1718 1596 2086 1652 obedientibus

498 1678 635 1746 sibi;
664 1680 732 1736 de
750 1698 853 1752 qua
898 1681 1153 1740 Dominus
1188 1685 1323 1740 dixit
1361 1687 1427 1741 ad
1457 1687 1769 1757 quemdam,
1799 1688 1861 1743 Si
1898 1690 1972 1743 uis
2003 1705 2086 1743 ve-

496 1773 606 1826 nire
632 1773 700 1827 ad
728 1776 881 1827 vitam
900 1816 916 1840 ,
956 1791 1099 1830 serva
1128 1779 1367 1831 mandata
1397 1778 1606 1851 (Matth.
1633 1795 1725 1835 ιιι
1747 1821 1760 1845 ,
1788 1781 1876 1849 l7)
1910 1797 1923 1833 :
1958 1788 2082 1836 tunc

497 1877 628 1917 vero
649 1863 981 1934 interrogati,
1015 1865 1139 1930 Quis
1160 1877 1232 1922 est
1270 1869 1427 1923 homo
1459 1871 1544 1940 qui
1591 1870 1695 1924 vult
1745 1872 1931 1936 vitam;
1988 1887 2080 1927 rc-

491 1955 820 2022 spondemus
845 1969 944 2011 nos
977 1957 1113 2012 velle
1139 1957 1326 2023 vitam,
1359 1966 1412 2013 et
1443 1959 1488 2012 si
1511 1960 1669 2014 etiam
1698 1960 1798 2016 sub
1820 1961 1935 2031 ipso
1960 1977 2082 2031 per-

490 2047 724 2103 cussoris
774 2048 884 2103 ictu
928 2049 1204 2103 veritatem
1249 2050 1582 2105 servabimus
1627 2052 1680 2106 in
1735 2053 2074 2122 testimonio,

488 2147 718 2195 mortem
743 2141 1135 2196 contemnimus
1164 2141 1218 2195 in
1248 2141 1469 2209 mundo,
1497 2143 1658 2199 vitam
1698 2146 2078 2217 consequimur

487 2227 542 2283 in
569 2230 728 2285 casio.

557 2319 612 2374 4.
645 2318 764 2374 Dies
781 2319 896 2375 boni
923 2321 976 2374 in
1004 2321 1217 2390 psalmo,
1242 2338 1343 2376 non
1371 2322 1522 2390 huius
1547 2325 1722 2378 seaculi
1740 2367 1755 2390 ,
1787 2327 1877 2380 sed
1899 2330 2074 2384 teterni

485 2409 864 2479 promittuntur.
921 2409 1084 2480 Loqui
1131 2412 1325 2465 dolum.
1370 2413 1484 2471 Hoc
1553 2413 1623 2470 de
1666 2415 1857 2471 diebus
1918 2418 2072 2474 bonis

484 2499 857 2570 intelligamus.
886 2500 1017 2556 Nam
1043 2502 1087 2557 si
1119 2511 1335 2572 propter
1378 2503 1494 2560 dies
1540 2506 1822 2574 praesentis
1847 2509 2027 2563 srecnli
2051 2550 2068 2577 ,

483 2590 575 2660 qui
604 2591 727 2645 boni
747 2591 1014 2658 dicuntur,
1059 2601 1114 2648 et
1139 2607 1242 2647 non
1271 2601 1431 2660 sunt,
1476 2595 1528 2649 in
1582 2596 1851 2666 sepultura
1892 2599 2071 2655 cordis

482 2695 584 2752 per
602 2681 878 2750 epularum
905 2697 1126 2752 aggeres
1143 2724 1158 2749 ,
1189 2684 1243 2737 in
1272 2683 1494 2739 luxuriae
1519 2699 1582 2740 ac
1608 2686 1911 2742 vinolentiaa
1938 2703 2068 2758 gur-

479 2771 708 2840 g'dlbus,
733 2774 786 2825 in
833 2772 1153 2841 turpissimis
1185 2773 1472 2844 ingluvium
1511 2776 1869 2846 voluptatibus
1897 2779 1914 2810 ¹
1954 2797 1968 2835 :
2021 2779 2067 2835 si

479 2875 608 2931 ergo
636 2869 851 2931 propter
881 2862 1010 2918 istos
1051 2863 1202 2928 dies,
1237 2866 1387 2934 quasi
1432 2876 1646 2936 propter
1685 2867 1804 2924 dies
1849 2869 2020 2925 honos
2045 2910 2061 2938 ,

479 2954 873 3023 susceperimus
909 2964 1268 3024 prmceptum,
1318 2965 1376 3012 ut
1419 2957 1557 3013 labia
1603 2967 1784 3014 nostra
1829 2976 1936 3015 non
1981 2963 2065 3018 lo-

477 3053 711 3113 quantur
738 3043 954 3111 dolum;
987 3046 1298 3116 plerumque
1319 3049 1454 3103 tales
1477 3049 1590 3104 dies
1633 3063 1829 3122 cogunt
1861 3063 2062 3110 amato-

475 3148 564 3189 res
592 3149 720 3190 suos
751 3137 892 3206 loqui
918 3137 1119 3205 dolum,
1146 3147 1202 3194 et
1231 3140 1362 3194 tales
1385 3141 1501 3209 dies
1539 3154 1799 3212 negantur
1839 3146 1919 3200 eis
1971 3148 2061 3217 qui

475 3239 582 3280 non
610 3227 897 3295 loquuntur
922 3228 1122 3282 dolum.
1150 3229 1285 3296 Quid
1313 3231 1455 3285 enim
1476 3232 1618 3287 aliud
1643 3242 1722 3288 est
1745 3274 1760 3301 ,
1793 3235 1935 3305 loqui
1967 3239 2062 3292 do-

475 3314 608 3382 lum,
633 3316 736 3370 nisi
763 3317 904 3372 aliud
933 3318 1084 3373 labiis
1127 3334 1396 3389 promere,
1437 3336 1558 3376 cum
1599 3323 1742 3380 aliud
1781 3326 2062 3384 claudatur

473 3405 527 3460 in
556 3408 808 3475 pectore?
836 3409 916 3464 Ad
948 3410 1048 3465 hoc
1074 3411 1304 3467 maxime
1349 3412 1683 3470 adulatorum
1720 3419 1922 3473 exarsit
1964 3436 2058 3476 ne-

469 3499 702 3566 gotium;
732 3499 854 3568 quia
884 3515 1020 3570 pene
1045 3516 1279 3571 semper,
1313 3518 1380 3558 ne
1411 3503 1793 3573 prohibeantur
1831 3510 1898 3564 ab
1942 3511 2056 3580 opi-

470 3590 574 3642 mis
597 3591 796 3645 mensis
825 3591 1198 3664 apparatisque
1243 3596 1534 3664 conviviis,
1578 3598 1900 3656 blandiendo
1945 3619 2053 3658 non

471 3685 646 3733 tacent
674 3678 904 3747 falsum;
946 3691 1001 3738 et
1046 3684 1113 3740 ab
1151 3683 1236 3739 his
1284 3685 1692 3757 prohibentur’,
1731 3691 1776 3744 si
1823 3695 2052 3749 amando

468 3769 637 3827 Deum
667 3773 901 3830 dixerint
927 3792 1133 3832 verum.
1167 3779 1309 3850 Ergo
1339 3790 1554 3859 propter
1580 3783 1710 3838 istos
1739 3784 1854 3840 dies
1872 3827 1888 3848 ,
1914 3802 2049 3857 quos

466 3867 863 3935 putanthonos,
895 3879 954 3924 ut
979 3871 1058 3925 eis
1099 3872 1470 3942 exhibeantur,
1503 3875 1792 3946 loquuntur
1827 3879 2043 3948 dolum;

464 3966 519 4012 et
537 3959 617 4013 eis
640 3970 918 4030 negantur,
951 3962 996 4017 si
1023 3978 1128 4018 non
1162 3965 1452 4034 loquuntur
1475 3966 1679 4022 dolum.

533 4068 758 4125 CAPUT
780 4070 942 4126 lV.-—
968 4074 1069 4128 Alit
1092 4088 1218 4130 sum
1245 4075 1403 4146 igitur
1427 4078 1542 4133 dies
1569 4078 1692 4134 boni
1718 4121 1732 4145 ,
1760 4080 1827 4137 de
1853 4084 2044 4153 quibus

463 4159 833 4232 admonemur,
863 4177 920 4219 ut
947 4166 990 4219 si
1021 4181 1116 4221 eos
1143 4166 1321 4223 videre
1347 4169 1612 4240 diligimus
1633 4213 1648 4238 ,
1699 4174 2042 4233 cohibeamus

458 4269 489 4309 a
519 4255 658 4311 malo
685 4257 912 4326 linguam
937 4299 952 4324 ,
980 4274 1080 4314 nec
1118 4259 1297 4314 dolum
1327 4261 1624 4331 loquamur.
1661 4263 1776 4320 Non
1811 4277 1935 4322 sunt
1972 4269 2041 4325 de

458 4346 562 4401 isto
586 4348 782 4402 saeculo
811 4349 924 4404 dies
947 4349 1018 4404 illi
1041 4370 1053 4405 :
1075 4366 1182 4405 non
1203 4367 1294 4407 eos
1309 4352 1467 4409 habet
1484 4355 1675 4410 ctelum
1699 4358 1838 4426 quod
1859 4367 2034 4414 trans~

460 4440 549 4505 iet,
580 4439 673 4495 sed
724 4442 865 4512 quod
898 4445 1266 4512 permanebit;
1295 4460 1400 4500 non
1437 4461 1529 4502 eos
1565 4449 1710 4503 novit
1749 4459 1886 4505 terra
1916 4467 2036 4507 mo-

455 4531 736 4599 rientiu‘m,
783 4534 875 4589 sed
906 4545 1044 4591 terra
1093 4538 1406 4594 Viventium.
1445 4539 1552 4594 llos
1591 4543 1831 4613 quisquis
1882 4543 2038 4599 intel-

455 4625 645 4681 lexerit
668 4635 721 4682 et
750 4627 1028 4695 dilexerit,
1058 4630 1290 4700 linguam
1334 4631 1584 4688 cobibet’
1607 4649 1634 4687 a
1664 4635 1802 4690 malo
1848 4654 1860 4688 :
1907 4646 1961 4692 et
1990 4636 2035 4692 si

452 4731 575 4772 eum
604 4724 774 4773 terror
794 4721 981 4774 mortis
1009 4731 1161 4790 cogat
1189 4721 1251 4776 ad
1272 4722 1490 4789 malum,
1518 4724 1653 4778 labia
1680 4725 1792 4795 ejus
1819 4742 1921 4780 non
1951 4727 2033 4780 lo-

456 4817 692 4877 quuntur
716 4807 896 4864 dolum
925 4827 937 4863 :
962 4819 1015 4866 et
1039 4812 1082 4865 si
1109 4811 1295 4867 diebus
1321 4812 1578 4870 fallaciter
1604 4817 1754 4872 bonis
1781 4818 2034 4875 invitetur

451 4898 517 4952 ad
544 4899 747 4966 dolum,
775 4900 1056 4956 declinata
1080 4903 1220 4958 malo
1247 4904 1408 4960 etiam
1429 4906 1566 4960 inter
1591 4907 1756 4974 bona,
1786 4909 1908 4964 facit
1930 4910 2028 4966 bo-

451 5005 576 5045 num
604 4993 762 5049 etiam
790 4995 928 5050 inter
954 4994 1124 5060 mala;
1156 4997 1343 5065 qumrit
1369 4987 1555 5067 pacem
1571 4998 1612 5068 ⁸,
1639 5016 1755 5071 quae
1791 5018 1894 5058 non
1947 5010 2029 5058 est

511 5167 687 5243 ljpdlti,
723 5167 1425 5243 ingltniiarumvoluptatibus;
1459 5189 1545 5243 pro
1581 5171 1820 5243 quo‘ttss,
1853 5179 2024 5243 inglu-

451 5224 586 5305 t‘iunt
597 5224 1014 5305 ‘uoluptt'ttjbusq—
1034 5224 1205 5303 Morel,
1238 5224 1384 5304 clem.
1407 5224 2023 5305 'ditic.,‘pag:“l§5,"nf2“6,

444 5296 616 5359 censet
650 5290 791 5359 torte
810 5292 1090 5356 legendum,
1125 5290 1390 5359 inguinum.
1417 5290 1738 5350 Lecuouémua
1763 5290 1845 5350 PP.
1863 5290 2024 5355 bene:

442 5349 634 5423 dictinis
668 5349 921 5403 admissa'm
953 5349 1298 5423 praeponimus,
1340 5349 1578 5423 siquidem
1613 5349 1809 5412 sensum
1832 5349 2023 5418 'r‘aiibin

441 5411 637 5486 cumino
671 5411 1382 5486 consentaneum'suppeditet,
1399 5411 1510 5474 'nec
1539 5423 1685 5474 alium
1718 5411 2024 5481 necesse—sil

441 5482 890 5610 θίἓῗέωᾶξεί-βὲίιί
908 5552 1042 5610 vero2
1067 5553 1126 5610 ne
1148 5541 1206 5591 ab
1231 5541 1303 5610 Itis
1325 5545 1680 5610 prohibeantur.

503 5575 890 5671 ξ
1741 5611 1902 5671 modo,
1949 5615 2018 5666 lo-

439 5663 664 5732 munitur,
687 5657 909 5732 decipiet,
935 5661 1095 5732 furuit,
1120 5674 1324 5732 amarat,
1344 5657 1586 5732 scortatu}.

489 5718 905 5800 declinet
921 5718 952 5774 ὰ
976 5718 1100 5800 nullo
1129 5718 1146 5776 Ξ
1169 5718 1323 5781 ειίαηί
1347 5718 1469 5784 inter
1491 5718 1620 5785 mala
1657 5735 1802 5797 faciat
1825 5735 2012 5800 bonum,

434 5783 578 5830 etiam
592 5783 715 5834 inter
736 5783 865 5836 ntala
886 5796 1071 5850 amarat
1091 5803 1273 5853 pacem.

1719 378 1775 437 S.
1819 377 2181 437 AUGUSTINI
2221 381 2520 443 EPlSCOPl

3696 412 3796 470 124

2212 508 2372 564 super
2395 508 2608 566 terram,
2639 507 2691 554 et
2710 504 2945 574 sequitur
2967 521 3086 563 eam
3116 508 3166 564 in
3194 509 3286 566 illo
3315 513 3404 583 qui
3433 514 3555 572 fecit
3598 520 3795 577 coelum

2209 592 2262 638 et
2284 594 2498 642 terrain.

2279 679 2332 733 5.
2363 679 2565 744 Quanto
2587 684 2769 740 ardore
2805 691 3074 758 quatrenda
3116 709 3219 763 pax
3255 704 3302 749 et
3341 697 3443 751 vita
3487 708 3694 756 teterna.
3722 735 3796 746 —

2207 766 2456 838 Proinde,
2481 773 2692 844 fratres,
2714 781 3072 851 concupiscite
3100 785 3280 852 vitam,
3305 798 3358 842 et
3383 789 3584 862 diligite
3609 794 3794 852 videre

2204 858 2320 916 dies
2345 861 2510 918 bonos
2537 865 2625 921 ubi
2653 868 2792 923 nulla
2823 885 2926 926 nox
2955 873 3052 927 erit
3098 892 3112 928 :
3136 876 3294 930 vitam
3321 878 3370 932 in
3391 858 3502 950 qua
3519 882 3634 938 dies
3677 901 3791 940 ma-

2203 950 2285 1005 lus
2313 970 2418 1008 non
2450 955 2729 1026 timeatur;
2773 961 2890 1017 dies
2937 963 3142 1034 honos,
3181 968 3234 1022 in
3281 971 3472 1039 quibus
3515 989 3787 1046 nunquam

2204 1043 2310 1096 vita
2338 1042 2573 1106 finiatur.
2607 1047 2714 1104 Sed
2736 1051 2778 1104 si
2809 1052 2945 1107 hanc
2970 1057 3271 1124 mercedem
3303 1059 3520 1130 diligitis
3540 1105 3556 1131 ,
3602 1042 3788 1123 cavete

2200 1148 2268 1188 ne
2294 1149 2445 1204 opus,
2477 1137 2630 1208 cujus
2657 1155 2721 1196 ea
2748 1157 2954 1200 merces
2980 1154 3082 1212 est,
3115 1151 3390 1207 recusatis.
3437 1153 3586 1209 Illam
3641 1159 3784 1214 enim

2199 1238 2381 1294 pacem
2409 1230 2695 1298 quaerendo
2719 1234 3000 1306 sequimini
3032 1255 3045 1292 :
3079 1241 3302 1309 quaerite
3331 1253 3509 1298 autem
3536 1249 3784 1304 manibus

2199 1319 2386 1374 vestris
2412 1330 2568 1378 nocte
2588 1339 2768 1380 coram
2801 1327 2910 1383 Deo
2933 1367 2951 1395 ,
2976 1339 3029 1385 et
3067 1347 3173 1386 non
3216 1333 3550 1404 decipiemini
3596 1337 3781 1410 (Psal.

2195 1421 2388 1476 Lxxvr,
2416 1410 2494 1482 5).
2526 1413 2662 1480 Quid
2691 1425 2774 1472 est
2797 1418 2938 1473 enim
2968 1421 3214 1478 manibus
3252 1425 3442 1482 vestris
3463 1467 3476 1491 ,
3501 1428 3601 1482 nisi
3647 1443 3782 1500 0pc-

2193 1499 2340 1555 rihus
2365 1505 2592 1560 vestris?
2611 1506 2748 1574 Quid
2776 1518 2865 1565 est
2901 1522 3058 1569 nocte
3081 1554 3104 1584 ,ν
3141 1515 3242 1570 nisi
3287 1517 3341 1572 in
3394 1499 3733 1577 tribulatione
3756 1522 3782 1574 ?

2191 1589 2327 1660 Quid
2356 1603 2435 1648 est
2464 1609 2644 1651 coram
2674 1598 2818 1665 Deo,
2860 1602 2963 1656 nisi
3000 1605 3339 1661 conscientia:
3383 1610 3646 1678 puritate?
3688 1611 3780 1668 Sic

2189 1681 2419 1740 vivendo
2443 1695 2498 1741 et
2526 1687 2627 1743 hoc
2647 1691 2895 1758 amando,
2933 1693 3196 1752 habebitis
3231 1697 3399 1753 Deum
3439 1700 3492 1754 in
3531 1712 3778 1757 contem-

2187 1776 2452 1846 platione,
2485 1789 2541 1836 et
2564 1782 2616 1836 in
2641 1783 2731 1837 illo
2756 1785 2922 1840 vitam
2970 1788 3084 1843 sine
3141 1789 3468 1858 defectione;
3513 1792 3630 1848 dies
3676 1795 3773 1850 bo«

2185 1882 2284 1924 nos
2304 1869 2418 1925 sine
2445 1874 2932 1944 contenebratione,
2959 1893 3140 1948 pacem
3169 1881 3284 1943 sine
3302 1882 3659 1941 dissensione.

2677 2005 2902 2062 SERMO
2940 2007 3082 2063 xvu
3129 2009 3269 2082 ’(a).

2188 2110 2266 2168 De
2286 2129 2342 2167 eo
2365 2115 2501 2183 quod
2526 2115 2709 2172 dicitur
2736 2120 2788 2174 in
2832 2119 3042 2177 Psalmo
3068 2140 3193 2182 χιιι
3212 2167 3228 2192 ,
3273 2126 3308 2182 5
3329 2169 3355 2200 ,_
3399 2128 3540 2185 Deus
3589 2133 3767 2190 manis

2284 2205 2452 2262 festus
2479 2210 2690 2275 veniet,
2735 2210 2872 2267 Deus
2897 2223 3096 2282 noster,
3129 2225 3181 2271 et
3209 2232 3313 2272 non
3337 2219 3530 2289 silebit,
3560 2232 3658 2278 etc.

2249 2317 2476 2376 CAPUT
2537 2320 2818 2380 PRIMUM.
2882 2355 2954 2365 -
3019 2327 3070 2381 1.
3131 2327 3392 2384 Judicium
3464 2344 3766 2393 extremum.

2179 2406 2555 2478 Cantavimus,
2614 2414 2836 2482 fratres,
2897 2416 3030 2472 Deus
3078 2421 3372 2490 manifestus
3409 2426 3586 2492 veniet,
3627 2426 3776 2488 Deus

2178 2510 2374 2567 noster,
2409 2513 2456 2556 et
2522 2521 2621 2559 non
2690 2507 2870 2561 silebit.
2942 2509 3109 2564 Deum
3181 2510 3448 2568 Christum
3516 2515 3767 2588 Scriptu-

2176 2609 2236 2648 ra
2298 2595 2540 2663 przedixit
2618 2609 2898 2654 venturum
2957 2602 3024 2657 ad
3089 2602 3346 2672 judicium
3416 2606 3654 2663 vivorum
3709 2619 3772 2670 et

2175 2696 2530 2741 mortuorum.
2601 2687 2823 2756 Quando
2887 2691 3028 2746 enim
3094 2694 3240 2762 prius
3289 2696 3435 2750 venit
3488 2698 3766 2768 judicari,

2174 2776 2412 2832 occultus
2444 2777 2598 2833 fuit:
2667 2780 2884 2850 quando
2949 2785 3128 2841 veniet
3197 2785 3467 2856 judicare,
3525 2791 3760 2848 manife-

2172 2876 2286 2922 stus
2332 2869 2453 2924 erit.
2486 2870 2654 2936 Quam
2692 2871 2849 2928 fuerit
2895 2883 3021 2931 tunc
3069 2879 3340 2945 occultus,
3389 2879 3512 2936 hinc
3561 2878 3768 2940 intelli‘

2169 2959 2279 3028 gite
2330 2960 2471 3029 quod
2521 2961 2595 3015 ait
2635 2963 2922 3033 Apostolus
2951 2983 2963 3019 :
2999 2967 3060 3021 Si
3087 2969 3217 3022 enim
3239 2972 3600 3040 cognovissent,
3624 2991 3766 3031 nun-

2169 3066 2321 3120 quam
2369 3050 2644 3106 Dominum
2691 3055 2867 3126 gloria:
2913 3060 3276 3128 cruci/inissent
3313 3062 3356 3133 (l
3397 3063 3512 3118 Cor.
3565 3083 3623 3133 ll,
3669 3069 3761 3141 8).

2168 3138 2318 3195 Tunc
2346 3151 2521 3196 autem
2552 3144 2698 3198 siluit
2722 3145 3076 3218 interrogatus
3095 3191 3110 3217 ,
3135 3151 3272 3206 sicut
3313 3162 3366 3208 et
3403 3138 3762 3227 Evangeliutn

2170 3231 2420 3302 loquitur,
2457 3244 2511 3289 et
2555 3236 2805 3306 impletur
2857 3239 2906 3292 in
2962 3256 3028 3295 eo
3066 3242 3213 3298 Isaiae
3250 3247 3522 3315 prophetia
3563 3249 3763 3308 dicen-

2165 3323 2233 3377 tis
2264 3340 2277 3376 :
2316 3323 2461 3378 Sicut
2492 3327 2595 3380 ovis
2634 3327 2702 3380 ad
2737 3329 3103 3386 immolandum
3149 3337 3328 3390 ductus
3371 3347 3468 3403 est,
3522 3350 3569 3393 et
3613 3341 3762 3398 sicut

2161 3428 2321 3483 agnus
2349 3431 2517 3468 coram
2543 3417 2776 3474 tondente
2802 3436 2854 3473 se
2879 3422 2974 3490 fuit
2993 3423 3100 3476 sine
3134 3439 3278 3492 uoce,
3310 3427 3382 3480 sic
3409 3444 3508 3483 non
3531 3435 3758 3500 aperuit

2161 3518 2381 3557 ossuum
2414 3504 2566 3573 (Isai.
2603 3510 2810 3581 un,7).
2847 3509 3020 3566 Veniet
3041 3529 3169 3584 ergo
3206 3517 3529 3587 manifestus,
3564 3530 3756 3579 etnon
3839 3570 3846 3578 .

2158 3594 2339 3649 silebit.
2363 3597 2443 3650 Ad
2467 3598 2566 3652 hoc
2601 3598 2800 3655 dictum
2839 3612 2958 3671 est,
3005 3603 3126 3660 Non
3168 3608 3385 3674 silebit‘,
3433 3612 3554 3681 quia
3597 3614 3764 3672 siluit

2151 3684 2437 3755 judicatus.
2461 3688 2592 3744 Nam
2623 3694 2878 3762 quantum
2907 3695 3095 3750 attinet
3121 3697 3187 3750 ad
3218 3713 3375 3753 voces
3402 3701 3564 3769 ipsius
3585 3703 3754 3762 nobis

2155 3779 2505 3842 necessarias,
2525 3781 2736 3850 quando
2759 3783 2936 3837 siluit?
2955 3783 3069 3838 Non
3093 3785 3236 3840 siluit
3261 3803 3355 3857 per
3380 3789 3747 3862 Patriarchas,

2153 3881 2260 3921 non
2300 3869 2446 3924 siluit
2472 3884 2567 3940 per
2603 3887 2664 3926 os
2703 3875 2879 3928 carnis
2925 3888 3036 3929 suae
3081 3893 3094 3929 :
3140 3884 3194 3934 et
3233 3877 3390 3932 modo
3433 3881 3478 3934 si
3522 3881 3747 3952 sileret,

2151 3957 2420 4029 Scriptura
2461 3976 2566 4017 non
2605 3963 2928 4033 loqueretur.
2968 3965 3160 4022 Lector
3203 3970 3474 4037 ascendit,
3523 3982 3577 4028 et
3621 3974 3753 4044 ipse

2151 4066 2256 4105 non
2287 4052 2428 4106 silet.
2459 4052 2735 4110 Tractator
2757 4056 3009 4126 loquitur,
3038 4059 3081 4113 si
3121 4073 3240 4114 vera
3272 4060 3524 4130 IOquitur,
3551 4062 3752 4123 Chriss

2149 4151 2236 4198 tus
2264 4142 2516 4213 loquitur.
2540 4144 2595 4200 Si
2635 4147 2815 4202 sileret
2852 4147 3125 4215 Christus,
3181 4167 3280 4222 ego
3308 4153 3457 4209 vobis
3491 4155 3586 4210 ista
3623 4172 3744 4214 non

2148 4234 2400 4290 dicerem.
2443 4236 2552 4292 Nec
2597 4252 2694 4307 per
2728 4253 2790 4294 os
2825 4251 3059 4296 vestrum
3103 4242 3248 4297 siluit
3296 4261 3310 4298 :
3350 4259 3470 4299 nam
3515 4248 3742 4316 quando

2146 4327 2471 4394 cantabatis,
2505 4328 2618 4397 ipse
2661 4329 2991 4400 loquebatur.
3026 4333 3138 4387 Non
3179 4333 3334 4401 silet,
3381 4349 3514 4406 opus
3555 4345 3637 4393 est
3663 4350 3737 4396 ut

2146 4432 2246 4472 nos
2274 4417 2569 4485 audiamus,
2595 4419 2688 4474 sed
2714 4435 2843 4476 aure
2871 4421 3051 4477 cordis
3083 4439 3096 4476 :
3142 4438 3264 4478 nam
3304 4423 3459 4482 facile
3499 4436 3582 4482 est
3623 4441 3738 4486 au-

2143 4508 2259 4564 dire
2289 4511 2506 4565 auribus
2541 4511 2738 4566 carnis.
2785 4512 2892 4567 Illis
2941 4514 3156 4570 auribus
3194 4514 3380 4572 audire
3428 4516 3689 4575 debemus
3717 4562 3737 4588 ,

2142 4615 2276 4670 quas
2302 4602 2572 4672 qumrebat
2595 4603 2847 4674 magister
2872 4604 3002 4673 ipse,
3027 4619 3148 4664 cum
3168 4605 3370 4662 diceret
3398 4625 3412 4662 :
3448 4608 3548 4674 Qui
3573 4609 3732 4668 habet

2141 4708 2290 4746 aures
2319 4693 2591 4759 audiendi,
2637 4693 2812 4750 audiat
2850 4694 3234 4766 (Matth-xm,
3286 4696 3365 4767 9).
3407 4697 3537 4766 Quis
3578 4699 3736 4758 enim

2139 4793 2265 4838 ante
2294 4783 2464 4850 illum,
2493 4785 2707 4854 quando
2733 4785 3096 4852 ista'dicebat,
3131 4787 3248 4844 sine
3280 4789 3498 4847 auribus
3541 4796 3737 4853 carnis

2138 4874 2334 4929 stabat?
2350 4875 2548 4930 Omnes
2573 4890 2730 4931 aures
2748 4875 3030 4943 habebant,
3049 4886 3103 4933 et
3119 4879 3268 4948 pauci
3284 4879 3549 4938 habebant
3574 4900 3588 4936 :
3609 4899 3732 4942 non

2136 4980 2325 5021 omnes
2348 4965 2610 5022 habebant
2635 4982 2792 5024 aures
2821 4967 3088 5036 audiendi,
3109 4969 3211 5026 hoc
3224 4980 3328 5040 est,
3355 4973 3661 5030 obediendi.

2205 5057 2431 5114 CAPUT
2491 5059 2554 5114 ll.
2596 5089 2668 5101 -—-
2713 5059 2769 5113 2.
2821 5059 3118 5131 Prwpositis
3179 5079 3362 5121 munus
3401 5066 3725 5138 impositum.

2143 5147 2322 5204 Votum
2376 5150 2448 5220 pii
2503 5151 2737 5220 pastoris.
2803 5151 2972 5221 Quam
3015 5155 3318 5211 terribiliter
3368 5158 3572 5214 locutus
3628 5172 3724 5218 est

2130 5256 2227 5312 per
2266 5241 2582 5313 pr0phetam
2644 5243 2976 5301 Ezechielem
2999 5287 3014 5314 ,
3061 5246 3223 5304 credo
3261 5248 3572 5306 adhibuistis
3615 5267 3722 5308 au-

2129 5347 2265 5400 rem,
2295 5333 2456 5389 credo
2481 5333 2699 5390 audistis
2741 5335 3187 5406 quemadmodum
3225 5339 3449 5408 dixerit,
3489 5340 3570 5394 Ad
3612 5341 3720 5397 do-

2190 5537 2212 5606 g
2235 5534 2371 5596 adio,
2395 5541 2495 5585 Non
2514 5533 2670 5586 silebit
2681 5533 2995 5598 iuetth
3016 5533 3146 5599 quia.
3179 5536 3343 5597 Abest,
3373 5535 3718 5606 iudicaturus,

2125 5607 2154 5645 a
2178 5603 2518 5720 gsscastigatus
2559 5666 2636 5708 est
2673 5658 2747 5722 ad_
2777 5671 2951 5709 omnes
2992 5659 3184 5722 codices
3227 5668 3429 5722 scriptos
3467 5668 3520 5713 et
3551 5671 3714 5717 exal-

2126 5732 2204 5771 sos
2235 5721 2281 5768 in
2304 5719 2534 5769 sermone
2559 5719 2856 5781 praecedenti
2895 5721 3036 5770 modo
3077 5719 3370 5784 designatos.

2191 5804 2262 5866 (α)
2298 5801 2435 5866 Alias,
2457 5802 2517 5851 28
2543 5804 2667 5853 Inter
2689 5803 2909 5854 Homilias
2931 5804 3007 5855 50.
