4014 6310
225 306 327 365 ιὲδ

220 437 355 481 suum
387 418 549 473 Israel
574 417 770 471 mittant
802 424 849 469 te
868 458 882 481 ,
916 431 1013 469 non
1039 414 1106 468 ad
1134 413 1376 484 populum
1401 412 1593 466 altioris
1623 413 1808 482 lingua:

218 525 263 568 te
286 514 504 565 mittam.
528 507 765 579 Papulus
795 517 959 560 autem
980 506 1065 559 ille
1090 506 1255 558 nolent
1282 503 1458 556 audire
1478 512 1543 567 te,
1576 503 1805 572 quiano-

218 606 323 660 lsnt
349 604 531 663 audire
557 604 673 656 me‘
702 600 910 673 (Ezech.
940 616 1019 665 ιιι,
1044 600 1182 668 5-7).
1211 597 1345 666 Quid
1393 597 1626 659 ostendit
1647 638 1664 664 ,
1704 596 1805 650 nisi

218 698 334 767 quia
364 697 481 765 ipse
508 695 648 749 Deus
673 708 768 762 per
794 692 1111 761 Prophetam
1141 689 1489 760 loquebatur?
1516 688 1648 755 Quia
1678 701 1805 742 vero

220 790 269 844 in
294 787 421 857 ipsis
454 785 633 839 verbis
658 771 983 854 propheticis
1013 797 1111 836 nos
1138 782 1368 835 maxime
1391 778 1561 834 territi
1588 792 1799 843 sumus,

219 880 269 935 id
320 886 442 943 est,
490 876 762 947 prtepositi
811 887 944 944 quos
997 872 1172 943 posuit
1213 872 1355 941 loqui
1414 869 1479 925 ad
1551 869 1803 939 pupulum

218 986 388 1033 suum,
422 969 574 1037 prius
596 968 648 1021 in
672 967 778 1021 illis
805 965 983 1021 verbis
1029 963 1270 1018 videmus
1320 960 1508 1016 faciem
1544 968 1800 1013 nostram.

218 1062 653 1116 Demonstratum
720 1066 803 1113 est
852 1057 993 1110 enim
1036 1054 1226 1121 nobis,
1284 1060 1506 1107 sonante
1562 1051 1797 1114 lectore;

216 1152 356 1223 quasi
382 1150 666 1220 speculum
699 1148 790 1204 ubi
820 1163 914 1203 nos
945 1148 1357 1217 inspiceremus;
1393 1155 1445 1199 et
1476 1141 1801 1212 inSpcximus

215 1258 305 1297 nos
333 1260 345 1294 :
380 1241 637 1309 inSpicite
669 1255 784 1294 vos.
815 1239 951 1293 Ecce
979 1252 1077 1307 ego
1100 1235 1235 1291 facio
1255 1277 1270 1300 ,
1300 1234 1442 1305 quod
1479 1234 1550 1287 ibi
1602 1230 1797 1285 audivi.

214 1332 271 1387 Si
296 1348 396 1384 non
421 1330 741 1391 discreveris,
773 1329 959 1399 inquit,
974 1330 1193 1398 justum,
1225 1327 1267 1379 si
1307 1342 1407 1379 non
1443 1324 1629 1377 dixeris
1686 1339 1801 1391 pec-

213 1424 362 1483 caturi
380 1464 397 1487 ,
427 1421 601 1476 Morte
627 1421 876 1485 morieris,
899 1429 945 1472 et
965 1418 1239 1472 ostenderis
1276 1417 1353 1470 illi
1391 1424 1446 1469 ut
1488 1414 1685 1468 recedat
1736 1412 1798 1467 ab

213 1513 559 1583 iniquitatibus
587 1513 726 1576 suis;
756 1512 863 1582 ipse
895 1510 1093 1580 quidem
1115 1510 1165 1562 in
1208 1508 1423 1579 peccatis
1469 1507 1572 1561 suis
1614 1505 1799 1558 morie-

216 1616 309 1668 tur,
337 1605 646 1675 sanguith
675 1612 841 1659 autem
870 1603 979 1671 ejus
1002 1600 1063 1654 de
1098 1616 1251 1652 manu
1290 1606 1377 1651 tua
1411 1598 1692 1667 exquiram.
1737 1596 1798 1651 Si

214 1676 369 1748 autem
402 1695 601 1748 dixeris
621 1736 636 1758 ,
666 1703 715 1749 et
752 1694 839 1749 ille
867 1691 1257 1761 contempserit,
1292 1698 1338 1746 et
1375 1706 1476 1743 non
1525 1689 1796 1755 obedierit;

212 1787 291 1847 ille
315 1786 366 1837 in
395 1784 675 1839 sceleribus
699 1786 805 1838 suis
828 1784 1085 1849 morietur,
1118 1792 1172 1835 tu
1209 1790 1376 1834 autem
1413 1782 1635 1834 animam
1656 1789 1797 1835 (nam

213 1877 439 1931 liberabis
473 1874 591 1944 (Id.
628 1890 822 1939 χχχιιι,
854 1875 908 1940 8,
954 1872 1038 1945 9).
1076 1874 1203 1927 Dico
1241 1872 1413 1936 vobis,
1442 1872 1630 1927 .libero
1675 1871 1796 1926 ani-

211 1982 341 2021 mam
369 1982 576 2021 meam.
608 1965 667 2020 ln
696 1980 887 2036 magno
916 1964 1056 2019 enim
1086 1979 1223 2028 sum,
1251 1978 1357 2018 non
1385 1963 1623 2034 periculo
1644 2004 1656 2026 ,
1700 1960 1797 2017 sed

211 2057 362 2113 exitio
381 2058 748 2123 constitutus,
777 2058 820 2111 si
867 2066 1097 2112 tacuero.
1137 2055 1242 2111 Sed
1279 2071 1399 2110 cum
1437 2070 1536 2125 ego
1583 2054 1793 2121 dixero,

211 2158 259 2203 et
294 2148 597 2217 implevero
625 2147 855 2202 officium
890 2162 1097 2214 meum,
1130 2162 1223 2201 vos
1254 2146 1365 2216 jam
1396 2146 1651 2201 attendite
1704 2162 1798 2216 pe-

210 2237 429 2292 rieulum
467 2246 732 2293 vestrum.
774 2237 907 2306 Quid
944 2247 1118 2291 autem
1151 2237 1305 2291 volo?
1349 2237 1472 2307 quid
1516 2236 1797 2292 desidero?

210 2330 321 2399 quid
342 2330 547 2398 cupio?
577 2344 741 2397 quam
787 2329 1011 2398 loquor?
1050 2344 1214 2399 quare
1251 2327 1336 2381 hic
1389 2327 1587 2382 sedeo?
1631 2342 1798 2397 quare

212 2421 358 2474 vivo?
386 2421 495 2475 nisi
523 2419 627 2473 hac
655 2420 967 2483 intentione,
1016 2430 1071 2473 ut
1109 2435 1227 2474 cum
1268 2419 1481 2473 Christo
1520 2419 1676 2473 simul
1722 2419 1799 2473 vi-

212 2514 427 2570 vamus?
458 2514 740 2584 Cupiditas
771 2529 888 2568 mea
919 2513 1015 2567 ista
1056 2522 1159 2579 est,
1184 2513 1354 2569 honor
1373 2528 1524 2567 meus
1555 2513 1654 2567 iste
1680 2522 1793 2579 est,

206 2608 357 2680 gloria
388 2624 517 2663 mea
548 2608 649 2662 ista
669 2618 772 2676 εει,
790 2607 1036 2679 gaudium
1058 2622 1235 2661 meum
1258 2605 1359 2660 hoc
1386 2614 1467 2661 est
1487 2647 1501 2672 ,
1532 2607 1797 2675 possessio

206 2715 308 2756 mea
339 2699 447 2753 ista
498 2708 605 2754 est.
647 2697 754 2755 Sed
792 2700 837 2752 si
880 2714 984 2753 non
1040 2714 1127 2753 me
1171 2696 1464 2765 audieritis,
1519 2705 1572 2752 et
1619 2706 1794 2752 tamen

206 2804 295 2861 ego
342 2805 454 2853 non
493 2799 747 2857 tacuere,
779 2790 1007 2851 animam
1047 2804 1220 2844 meam
1245 2789 1501 2844 liberabo.
1534 2788 1637 2845 Sed
1671 2789 1795 2845 nolo

205 2883 368 2935 salvus
403 2896 531 2936 esse
581 2882 697 2935 sine
726 2880 893 2937 vobis.

265 2971 495 3028 CAPUT
546 2970 636 3025 Ill.
674 3002 743 3011 —
767 2974 821 3027 5.
863 2970 1081 3025 Peccata
1130 2969 1489 3024 consuetudine
1523 2970 1787 3037 vilescunt,

205 3082 283 3139 nec
334 3064 651 3119 sentiuntur.
708 3064 1005 3125 Ebriositas.
1072 3063 1565 3121 Excommunicatio.
1620 3064 1792 3120 Nolite

212 3172 329 3227 ergo
374 3165 761 3221 contemnere,
806 3155 997 3209 fratres
1048 3155 1192 3220 mei,
1236 3164 1448 3222 peccata
1494 3155 1545 3208 in
1600 3155 1791 3224 quibus

206 3246 333 3303 forte
356 3248 807 3302 consuetudinem
832 3247 940 3316 jam
972 3246 1192 3301 fecistis.
1216 3245 1385 3301 Omne
1426 3248 1566 3301 enim
1605 3262 1793 3316 pecca-

204 3346 306 3392 tum
336 3338 733 3409 consuetudine
755 3338 979 3402 vilescit,
1004 3346 1057 3391 et
1085 3338 1139 3390 lit
1170 3336 1373 3391 homini
1405 3339 1560 3407 quasi
1585 3338 1788 3392 nullum

186 3430 264 3501 sit
311 3446 323 3480 :
362 3429 656 3493 obduruit,
704 3429 814 3498 jam
855 3427 1093 3482 dolorem
1134 3428 1381 3497 perdidit.
1434 3428 1584 3495 Quod
1634 3428 1789 3483 valde

202 3530 344 3589 putre
380 3528 491 3583 est,
522 3535 625 3574 nec
647 3518 794 3573 dolet
820 3535 834 3570 :
868 3518 1006 3588 quod
1035 3533 1138 3573 non
1165 3518 1330 3581 dolet,
1380 3534 1486 3572 non
1532 3534 1628 3588 pro
1658 3534 1789 3574 sano

202 3610 499 3667 habendum
518 3654 532 3675 ,
557 3611 652 3665 sed
687 3626 781 3681 pro
810 3619 1019 3665 mortuo
1038 3610 1451 3677 computandum
1472 3622 1569 3666 eSt.
1602 3612 1788 3666 Atten-

204 3704 303 3761 dite
327 3720 453 3775 qua!
479 3703 623 3758 dicat
643 3702 939 3773 Scriptura,
962 3710 1016 3759 et
1042 3702 1110 3757 ibi
1134 3702 1307 3758 videte
1337 3701 1784 3772 quemadmodum

203 3798 372 3853 vivere
404 3797 672 3853 debeatis.
701 3796 832 3865 Quis
864 3812 967 3849 non
992 3804 1297 3850 contemnat
1312 3795 1634 3850 ebriositalis
1664 3811 1788 3865 pec-

203 3890 407 3943 catum?
440 3888 692 3943 Abundat
719 3888 821 3943 tale
851 3895 1152 3958 peccatum,
1184 3895 1237 3941 et
1265 3886 1638 3940 contemnitur.
1665 3885 1783 3941 Jam

205 3996 288 4037 cor
314 3982 595 4037 ebriosum
622 3980 852 4051 perdidit
876 3997 1089 4035 sensum
1112 4021 1127 4046 ,
1168 3995 1273 4033 non
1314 3979 1474 4035 habet
1521 3979 1782 4045 dolorem,

203 4074 313 4143 quia
343 4085 453 4128 net;
479 4072 729 4127 salutem.
762 4071 985 4140 Quando
1013 4070 1211 4141 aliquid
1241 4071 1489 4140 pungitur
1523 4079 1575 4125 et
1619 4070 1782 4137 dolet,

205 4174 285 4218 aut
308 4179 507 4219 sanum
532 4172 614 4217 est
634 4206 649 4232 ,
672 4171 763 4217 aut
791 4171 872 4217 est
901 4163 952 4216 in
981 4162 1069 4216 illo
1094 4177 1215 4231 spes
1255 4162 1427 4231 aliqua
1470 4162 1713 4216 sanitatis
1768 4181 1781 4216 :

204 4255 408 4327 quando
450 4264 633 4309 autem
679 4254 929 4324 tangitur,
984 4252 1251 4323 pangitur,
1304 4252 1638 4317 vellicatur’,
1688 4268 1786 4307 nec

204 4347 368 4412 dolet;
404 4361 506 4416 pro
532 4353 744 4399 mortuo
766 4343 1065 4399 habendum
1096 4355 1197 4408 est,
1229 4359 1291 4398 ac
1311 4343 1376 4398 de
1401 4359 1625 4413 corpore
1651 4360 1788 4415 pra:-

207 4437 508 4492 cidendum.
535 4436 645 4492 Sed
670 4435 955 4506 aliquando
985 4450 1081 4489 nos
1110 4435 1391 4504 parcimus,
1418 4447 1471 4489 et
1501 4451 1605 4489 non
1633 4436 1786 4490 novi-

206 4544 312 4583 mus
336 4529 445 4584 nisi
472 4528 619 4599 loqui
653 4527 1188 4592 :excommunicare,
1227 4526 1294 4581 de
1334 4527 1570 4581 Ecclesia
1622 4527 1786 4597 proji-

209 4634 318 4675 cere
339 4620 484 4690 pigri
506 4633 712 4673 sumus.
762 4617 1063 4689 Aliquando
1103 4616 1243 4673 enim
1275 4617 1522 4671 timemus
1560 4633 1626 4671 ne
1672 4618 1787 4687 ipso

213 4710 415 4782 ﬂagello
446 4712 599 4781 pejor
628 4710 721 4764 fiat
743 4711 836 4780 qui
869 4710 1108 4765 czcditur.
1135 4708 1198 4763 Et
1233 4710 1473 4778 quamvis
1520 4709 1609 4778 qui
1656 4710 1788 4763 tales

208 4812 342 4870 sunt,
367 4804 485 4873 jam
512 4804 566 4857 in
598 4802 776 4857 anima
797 4802 992 4856 mortui
1013 4802 1118 4855 sint
1144 4820 1155 4859 :
1186 4810 1357 4855 tamen
1395 4802 1513 4871 quia
1556 4801 1788 4857 Medicus

212 4905 385 4949 noster
412 4894 762 4963 omnipotens
782 4902 884 4957 est,
914 4908 1020 4947 non
1047 4902 1129 4947 est
1156 4892 1545 4963 desperandum
1567 4894 1633 4949 de
1672 4894 1785 4958 his;

212 4985 293 5039 sed
320 4986 449 5040 totis
475 4985 681 5040 viribus
700 4983 1127 5054 supplicandum,
1156 4990 1215 5037 ut
1234 4999 1389 5039 aures
1419 4985 1627 5051 cordis,
1657 5000 1789 5055 quas

212 5078 407 5132 clausas
427 5076 632 5131 habere
653 5076 962 5145 probantur,
998 5076 1253 5129 Dominus
1278 5076 1486 5144 aperire
1516 5074 1781 5145 dignetur.

214 5167 591 5238 Sednumquid
623 5167 715 5221 ille
736 5176 954 5238 parcet,
996 5166 1254 5236 numquid
1301 5166 1478 5220 silebit
1522 5182 1679 5236 quem
1727 5168 1791 5222 ti-

220 5277 363 5317 mere
389 5261 688 5317 debemus?
716 5259 953 5315 Audistis
981 5260 1032 5323 in
1051 5260 1165 5331 ipso
1186 5260 1417 5326 Psalmo,
1444 5258 1637 5316 fratres
1663 5264 1787 5329 mei,

214 5367 325 5407 cum
355 5360 698 5407 enumeraret
727 5362 941 5421 peccata
972 5353 1287 5420 peccatoris,
1310 5352 1412 5419 ait,
1445 5350 1569 5406 Ilwc
1597 5353 1790 5423 fecisti,

216 5455 257 5499 et
277 5448 427 5500 tacui.
457 5446 656 5521 contra
685 5445 788 5500 hoc
812 5446 1012 5500 dictum
1036 5453 1151 5513 est,
1191 5444 1396 5513 Veniet,
1446 5455 1493 5500 et
1532 5462 1634 5500 non
1674 5448 1796 5502 sile-

276 5562 565 5635 {Er._ysgd.
614 5570 736 5635 Ven.
914 5561 984 5635 sic
1020 5559 1192 5634 legunt
1220 5561 1557 5635 bunclocum:
1588 5564 1794 5629 Populus

222 5631 373 5672 autem
394 5622 597 5674 ille'non
620 5623 719 5674 vult
759 5622 930 5693 audire
962 5622 1391 5687 te,quianonvult
1405 5622 1668 5677 audircme'.
1737 5636 1791 5677 tu.

221 5687 471 5797 “$622332:
510 5701 610 5752 gn,
662 5683 1074 5749 Μαρισαίων,
1111 5686 1275 5749 habet,
1314 5686 1519 5740 utentur.
1573 5696 1627 5740 At
1681 5703 1792 5749 rm.,

1601 294 1837 355 SERMO
1874 260 2047 349 xvnf

3392 305 3489 369 ηε

1918 413 2004 466 bit.
2039 412 2323 469 Praesentia
2366 430 2460 470 sua
2509 431 2614 471 non
2661 417 2853 473 silebit.
2895 418 3130 490 Excepto
3167 419 3307 475 enim
3349 422 3487 491 quod

1914 504 2166 560 Dominus
2192 507 2433 562 Christus
2459 510 2803 579 significatur,
2836 513 2958 583 quia
2996 513 3143 568 siluit
3175 514 3227 568 in
3267 514 3487 583 judicio,

1915 603 1969 649 ut
1997 596 2305 666 impleretur
2331 600 2384 652 in
2408 600 2499 654 illo
2527 603 2686 657 etiam
2707 619 2767 658 ea
2791 604 3069 675 prepbetia
3087 646 3101 669 ,
3143 621 3301 675 quam
3332 608 3487 676 paulo

1911 695 2033 740 ante
2072 691 2517 752 commemoravi;
2556 691 2657 746 hoc
2686 704 2939 764 excepto,
2980 696 3141 752 modo
3188 697 3328 753 Deus
3374 698 3487 768 ipse

1910 789 2006 844 per
2034 791 2091 831 se
2114 777 2283 846 ipsum
2311 780 2565 835 Dominus
2585 782 2828 838 Christus
2856 794 3017 841 tacet.
3058 788 3311 843 Ascendit
3344 790 3485 849 enim

1909 867 1962 921 in
1990 868 2207 935 coelum,
2241 881 2295 926 et
2320 872 2474 927 sedet
2498 872 2562 926 ad
2595 873 2865 930 dexteram
2894 877 3061 933 Patris
3084 920 3098 945 ,
3141 880 3263 935 inde
3293 889 3485 937 ventu—

1911 972 2003 1011 rus
2028 968 2109 1012 est
2128 960 2371 1029 judicare
2398 964 2546 1017 vivos
2566 973 2620 1018 et
2641 976 2878 1020 mortuos
2913 985 2926 1019 :
2958 970 3208 1037 quamdiu
3254 970 3327 1025 ibi
3366 982 3485 1039 est,

1908 1048 2080 1104 donec
2102 1053 2281 1106 veniat
2311 1063 2469 1109 tacet.
2504 1055 2669 1111 Voces
2700 1057 2814 1126 ejus
2843 1058 2896 1111 in
2923 1058 3097 1113 Libris
3126 1062 3390 1127 audimus,
3418 1064 3485 1118 de

1907 1155 2000 1195 ore
2026 1142 2190 1210 ipsius
2225 1159 2330 1198 non
2376 1146 2644 1201 audimus.
2698 1149 2936 1203 Audistis
2969 1166 3152 1205 vocem
3204 1153 3369 1208 iusius
3417 1153 3484 1210 de

1907 1234 2104 1288 sanctis
2125 1233 2414 1304 Scriptnris
2440 1237 2543 1291 isto
2578 1239 2739 1292 loco:
2783 1240 2975 1294 auditis
3028 1257 3149 1296 cum
3189 1258 3284 1298 vos
3339 1245 3482 1314 ipsas

1905 1326 2335 1381 commemoratis
2362 1328 2400 1392 ί,
2427 1338 2480 1383 ει
2508 1328 2643 1384 forte
2662 1330 2729 1385 de
2752 1331 2833 1385 bis
2859 1332 3017 1387 rebus
3054 1333 3193 1387 inter
3225 1350 3318 1389 vos
3366 1350 3484 1391 ser-

1903 1428 2265 1470 mocmanunt.

1974 1504 2196 1562 CAPUT
2226 1509 2313 1563 ιν.
2349 1541 2418 1550 -
2446 1512 2498 1566 4.
2531 1512 2801 1568 Peccantes
2821 1511 2958 1567 'videt
2984 1525 3031 1570 et
3063 1516 3167 1569 odit
3193 1515 3331 1570 Deus
3352 1557 3365 1582 ,
3392 1518 3484 1572 etsi

1902 1610 2034 1649 nunc
2078 1606 2225 1652 tacet.
2257 1598 2356 1665 Qui
2388 1602 2500 1655 vult
2537 1602 2708 1657 audiri
2751 1618 2781 1657 a
2818 1604 2944 1669 Deo,
2979 1606 3299 1671 charissimi,
3336 1608 3483 1676 prius

1903 1686 2083 1742 audiat
2137 1690 2323 1744 Deum.
2375 1692 2638 1763 Numquid
2693 1696 2845 1751 audis
2898 1697 3047 1752 illum
3090 1699 3304 1768 quando
3351 1700 3483 1756 facis

1902 1775 2251 1846 adulterium;
2280 1790 2335 1837 et
2362 1783 2525 1839 latere
2552 1793 2602 1839 te
2631 1795 2784 1855 putas
2805 1828 2820 1853 ,
2842 1789 2963 1857 quia
2992 1789 3153 1844 homo
3184 1799 3236 1845 te
3266 1806 3371 1845 non
3398 1792 3481 1846 vi-

1901 1863 2031 1919 det?
2062 1869 2154 1924 llle
2194 1880 2243 1925 te
2272 1872 2446 1937 videt,
2485 1874 2579 1929 sed
2621 1884 2775 1931 tacet.
2808 1878 3031 1944 Quando
3069 1878 3267 1935 furtum
3307 1880 3437 1937 facis
3462 1923 3480 1950 ,

1900 1968 2083 2029 captas
2105 1964 2286 2019 oculos
2312 1966 2428 2035 ejus
2452 1968 2537 2021 cui
2566 1966 2754 2023 furaris
2778 2011 2793 2031 .
2827 1980 2879 2024 et
2900 1971 2944 2024 si
2971 1988 3092 2026 eum
3119 1973 3249 2028 latet
3270 2016 3283 2033 .
3312 1970 3480 2029 facis;

1902 2050 1947 2105 si
1973 2063 2251 2123 propterea
2281 2072 2385 2111 non
2416 2057 2563 2126 facis,
2591 2060 2713 2129 quia
2737 2061 2890 2116 times
2915 2078 2982 2117 ne
3005 2063 3236 2119 videaris
3264 2067 3305 2129 ²,
3339 2066 3481 2120 intus

1900 2141 2109 2212 fecisti,
2140 2147 2191 2201 in
2217 2149 2378 2203 corde
2415 2150 2620 2216 fecisti;
2654 2153 2736 2206 fur
2764 2155 2961 2209 teneris
2984 2197 2996 2219 ,
3028 2166 3080 2210 et
3113 2156 3244 2210 nihil
3274 2158 3480 2225 tulisti»:

1900 2237 1994 2292 sed
2022 2248 2075 2293 et
2106 2248 2179 2306 tu,
2207 2242 2251 2295 si
2276 2245 2641 2312 opportunitas
2668 2245 2822 2301 detur
2842 2247 2907 2301 ad
2938 2248 3261 2317 implendum
3283 2251 3485 2305 malum

1901 2328 2097 2386 factum
2129 2342 2294 2396 tuum,
2323 2334 2532 2401 furaris,
2556 2346 2610 2391 et
2638 2338 2833 2392 laetaris
2861 2340 2982 2408 quia
3011 2347 3165 2396 tacet.
3190 2341 3326 2395 Audi
3354 2356 3483 2411 ergo

1902 2420 2171 2476 Psalmum
2207 2442 2217 2476 :
2254 2433 2304 2478 te
2332 2425 2638 2493 admonuit,
2682 2436 2732 2481 te
2756 2429 3071 2498 quicumque
3099 2445 3159 2485 es
3180 2471 3195 2494 ,
3227 2430 3316 2499 qui
3346 2430 3485 2485 forte

1901 2511 1988 2566 hic
2014 2513 2170 2569 hodie
2197 2527 2307 2571 stas
2327 2558 2341 2582 ,
2372 2527 2427 2572 et
2457 2527 2609 2573 nocte
2638 2520 2835 2589 aliquid
2866 2521 3035 2576 fecisti
3059 2563 3073 2588 ,
3101 2531 3152 2577 te
3180 2522 3478 2589 admonuit,

1900 2603 1991 2655 tibi
2010 2604 2159 2669 dixit,
2189 2604 2311 2659 Hmc
2331 2608 2490 2677 fecisti
2509 2618 2554 2662 et
2574 2610 2728 2662 tacui.
2753 2609 3051 2679 Suspicatus
3068 2628 3122 2665 es
3142 2612 3481 2681 iniquitatem,

1899 2693 2034 2761 quod
2059 2711 2142 2747 cro
2170 2696 2255 2748 tibi
2279 2698 2498 2752 similis?
2526 2698 2569 2753 Ο
2596 2698 2839 2755 homines
2858 2741 2872 2767 ,
2904 2702 2992 2771 qui
3020 2701 3137 2757 haec
3175 2703 3333 2758 verba
3360 2719 3482 2773 qua:

1898 2783 2133 2839 dicturus
2152 2800 2289 2851 sum,
2322 2803 2420 2842 nec
2440 2788 2492 2842 in
2512 2803 2607 2844 ore
2633 2790 2862 2856 habetis,
2888 2806 2986 2846 nec
3013 2793 3065 2847 in
3086 2793 3269 2859 corde,
3302 2793 3482 2849 felices

1897 2876 2043 2929 estis.
2085 2876 2270 2932 Nonne
2312 2880 2549 2948 quOtidie
2602 2880 2844 2936 homines
2891 2884 3027 2938 mala
3067 2884 3320 2940 facientes
3345 2927 3358 2949 ,
3392 2894 3483 2941 aut

1895 2981 2029 3035 quos
2071 2967 2207 3023 bene
2260 2968 2448 3025 fecisse
2496 2973 2735 3040 paenitet,
2782 2982 2836 3028 et
2880 2975 3187 3043 ptenitentia
3231 2990 3482 3044 perversa

1896 3056 2125 3113 fundunt
2148 3061 2290 3129 quod
2334 3063 2660 3128 mulserunt;
2703 3080 2883 3119 nonne
2922 3066 3156 3135 quotidie
3193 3066 3393 3131 dicunt,
3425 3075 3483 3124 et

1894 3148 1992 3203 ista
2024 3166 2291 3205 murmura
2317 3153 2453 3207 inter
2478 3168 2535 3208 se
2565 3154 2797 3211 rodunt:
2832 3155 2969 3211 Vere
2998 3157 3043 3211 si
3077 3157 3185 3212 Deo
3223 3156 3478 3226 displice-

1893 3249 2014 3295 rent
2042 3242 2137 3295 ista
2160 3283 2174 3307 ,
2206 3244 2539 3312 permitteret
2565 3246 2653 3298 illa
2684 3246 2797 3300 fieri
2819 3288 2832 3310 ,
2864 3255 2957 3301 aut
2981 3247 3052 3301 illi
3080 3248 3168 3317 qui
3197 3263 3259 3303 ea
3286 3248 3482 3304 faciunt

1892 3332 2075 3386 felices
2110 3343 2289 3388 essent
2332 3336 2386 3388 in
2427 3338 2605 3391 terra?
2634 3337 2886 3394 Videmus
2926 3348 3167 3408 raptores
3190 3382 3205 3408 ,
3238 3341 3481 3397 videmus

1892 3422 2224 3479 infirmorum
2263 3441 2608 3495 oppressores
2634 3470 2648 3493 ,
2684 3429 2927 3484 videmus
2965 3431 3257 3485 vicinorum
3295 3434 3482 3501 expul-

1892 3529 2063 3581 sores,
2094 3517 2334 3572 videmus
2372 3519 2634 3573 violentos
2665 3520 2889 3575 limitum
2916 3523 3205 3587 invasores,
3237 3524 3478 3579 videmus

1891 3605 2336 3670 calumniatores;
2378 3617 2432 3662 et
2462 3617 2636 3663 tamen
2669 3620 2910 3678 potentes
2932 3652 2946 3675 ,
2972 3612 3181 3677 divites,
3214 3612 3396 3673 felices
3426 3616 3480 3670 in

1892 3692 1991 3748 hac
2021 3705 2180 3749 terra.
2213 3697 2268 3751 Si
2298 3712 2424 3752 vere
2456 3698 2591 3752 Deus
2631 3698 2729 3752 ista
2765 3700 3005 3766 videret,
3045 3702 3089 3754 si
3117 3702 3215 3755 ista
3245 3712 3476 3767 curaret,

1891 3794 2133 3855 parceret
2166 3787 2280 3841 eis?
2321 3787 2537 3841 Addunt
2575 3797 2629 3842 et
2671 3790 2791 3855 hoc,
2822 3790 2961 3857 quod
3001 3791 3150 3860 pejus
3195 3802 3277 3846 est
3318 3794 3476 3848 :Non

1890 3876 2095 3946 placent
2129 3877 2227 3931 nisi
2270 3878 2395 3931 mali
2434 3878 2475 3930 ³.
2512 3878 2793 3949 Contingat
2834 3889 3012 3934 autem
3057 3890 3114 3935 ut
3153 3881 3311 3937 faciat
3339 3883 3477 3939 bene

1889 3967 2099 4037 aliquis,
2129 3976 2183 4022 et
2210 3978 2461 4039 sequatur
2485 3968 2618 4024 forte
2644 3970 2817 4040 aliqua
2850 3972 3093 4039 tentatio,
3122 3974 3374 4028 continuo
3407 3974 3478 4029 ad

1890 4075 2104 4115 manum
2136 4062 2293 4116 habet
2320 4081 2332 4111 :
2371 4060 2486 4116 Non
2519 4062 2733 4132 expedit
2757 4065 2895 4118 bene
2925 4062 3138 4129 facere;
3169 4066 3264 4135 qui
3292 4065 3477 4121 fecerit

1890 4152 2045 4217 bene,
2075 4153 2205 4207 nihil
2233 4154 2309 4208 illi
2330 4154 2548 4224 prodest
2571 4153 2611 4206 ".
2638 4154 2827 4209 Parum
2850 4163 2931 4211 est
2958 4156 3047 4210 tibi
3071 4157 3209 4227 quod
3239 4158 3377 4213 male
3397 4157 3477 4212 vis

1890 4245 2083 4312 facere,
2110 4256 2166 4302 et
2192 4248 2328 4303 bene
2358 4248 2667 4303 facientibus
2696 4250 3004 4306 maledicis?
3032 4251 3159 4307 Hcec
3173 4254 3354 4323 fecisti,
3386 4270 3473 4309 m-

1890 4340 2040 4409 quit,
2068 4349 2111 4393 et
2142 4341 2294 4394 tacui.
2328 4340 2629 4409 Suspicatus
2653 4358 2704 4395 es
2740 4344 3050 4412 iniquitatem
3074 4386 3088 4411 ,
3117 4346 3252 4416 quod
3278 4363 3360 4400 ero
3387 4346 3478 4401 tibi

1890 4432 2087 4486 similis.
2125 4431 2260 4498 Quid
2292 4441 2373 4487 est
2392 4473 2408 4499 ,
2448 4434 2584 4503 quod
2616 4450 2702 4487 ero
2729 4435 2816 4487 tibi
2840 4437 3053 4491 similis?
3076 4437 3208 4504 Quia
3238 4438 3315 4493 sic
3345 4440 3477 4494 mihi

1891 4521 2065 4589 placet
2110 4522 2340 4587 malum,
2389 4523 2657 4592 quomodo
2703 4525 2793 4578 tibi
2843 4542 2856 4577 :
2901 4525 3001 4580 hoc
3048 4542 3107 4581 es
3153 4529 3473 4598 suspicatus.

1891 4614 2003 4668 lloc
2049 4614 2225 4668 dixisti
2263 4614 2315 4669 in
2362 4615 2523 4668 corde
2567 4624 2656 4668 tuo
2689 4633 2701 4668 :
2733 4615 2826 4670 sed
2876 4632 2976 4685 ego
3014 4618 3226 4686 audivi,
3258 4620 3474 4689 quando

1892 4706 2065 4760 dixisti
2097 4706 2147 4759 in
2183 4706 2343 4761 corde
2386 4716 2476 4759 tuo
2503 4707 2544 4761 ³.
2583 4707 2733 4773 Quod
2763 4707 2912 4777 pejus
2949 4719 3050 4777 est,
3081 4711 3132 4765 in
3169 4711 3281 4767 hzec
3310 4712 3475 4767 verba

1892 4796 2317 4867 progrediuntur,
2342 4804 2399 4849 ut
2428 4812 2524 4851 nec
2550 4797 2716 4851 audiri
2745 4800 2981 4854 timeant.

1965 4886 2188 4943 CAPUT
2222 4887 2282 4941 V.
2311 4916 2379 4925 ——
2408 4888 2460 4941 5.
2494 4885 2587 4941 Dei
2603 4889 2858 4957 judicium
2892 4891 2945 4943 in
2985 4900 3261 4958 peccantes.
3294 4890 3472 4947 Pleni-

1893 4978 2028 5034 tendi
2056 4988 2269 5049 tempus.
2297 4980 2434 5048 Ergo
2474 4981 2756 5049 suspicatus
2777 4997 2828 5034 es
2849 4983 3033 5053 inique,
3052 4983 3185 5059 quod
3202 4985 3387 5038 erolibi
3403 5002 3475 5039 st-

1894 5071 2049 5124 milis.
2073 5072 2294 5141 Arguam
2319 5080 2365 5124 te
2386 5087 2404 5123 :
2430 5072 2695 5139 quomodo
2722 5089 2824 5128 non
2854 5084 3023 5144 putas,
3051 5084 3106 5131 et
3130 5076 3342 5146 quando
3365 5094 3473 5134 non

1896 5173 2067 5233 putas,
2094 5179 2305 5233 arguam
2333 5171 2398 5215 te.
2429 5161 2571 5217 Stleo
2592 5178 2714 5218 cum
2745 5165 2873 5220 facis
2905 5181 2921 5219 :
2946 5166 3039 5221 sed
3066 5182 3169 5221 non
3192 5169 3325 5224 sileo
3352 5186 3472 5227 cum

1960 5318 1977 5386 ξ
2002 5317 2073 5366 sic
2093 5324 2198 5366 Mss.
2224 5318 2339 5386 editi
2364 5332 2501 5377 vero,
2526 5333 2635 5386 cum
2657 5334 2737 5386 vos
2758 5336 2849 5386 ipsi
2872 5333 3267 5379 commemoratis.

1956 5380 1979 5410 ²
2000 5386 2101 5430 Mss.
2127 5394 2223 5428 non
2246 5380 2444 5439 habent,
2466 5393 2526 5430 ne
2547 5380 2773 5434 tiidearis.

1961 5441 1981 5472 ³
1998 5442 2069 5490 sic
2094 5450 2195 5490 Mss.
2224 5449 2279 5491 At
2302 5443 2435 5501 editi,
2455 5442 2548 5493 nisi
2570 5444 2714 5494 mala.

1959 5500 1981 5534 δ
2006 5510 2109 5577 atas.
2141 5518 2152 5552 :
2178 5512 2278 5577 θ’οη
2296 5500 2493 5577 pepedit
2516 5507 2675 5577 fin-ere
2689 5505 2832 5577 bene,
2869 5506 2996 5577 male
3028 5511 3113 5571 qui
3132 5514 3309 5577 fecerit
3332 5515 3479 5577 bow;

1897 5564 2214 5674 répqlrbabent,
2254 5564 2376 5616 nihil
2414 5566 2487 5616 illi
2506 5564 2717 5633 prodest,
2770 5564 2900 5631 quod
2931 5564 3076 5623 etiam
3099 5564 3239 5626 abest
3273 5564 3334 5627 ab
3364 5564 3478 5627 xm:

1961 5691 1981 5720 ⁸
2001 5695 2049 5737 ιιι
2075 5689 2429 5758 editisdeerat,
2446 5690 2533 5741 sed
2555 5704 2642 5755 ego
2662 5691 2844 5753 audivi,
2861 5696 3055 5758 qiunufo
3078 5697 3247 5752 diaisti
3268 5700 3317 5751 in
3336 5701 3481 5752 corde

1898 5757 2011 5813 tuo;
2036 5751 2163 5816 quod
2188 5752 2263 5803 hic
2279 5756 2555 5805 restitutum
2580 5751 2738 5806 estex
2761 5751 3110 5821 manuscriptis.
