  <div class='ocr_page' id='page_1' title='image "/cluster/home/n/w/nwhite01/storage/ocr_20150623/38/hvd.32044015706294/069.png"; bbox 0 0 4002 6458; ppageno 0'>
   <div class='ocr_carea' id='block_1_1' title="bbox 549 373 650 428">
    <p class='ocr_par' dir='ltr' id='par_1_1' title="bbox 549 373 650 428">
     <span class='ocr_line' id='line_1_1' title="bbox 549 373 650 428; baseline 0.02 -2"><span class='ocrx_word' id='word_1_1' title='bbox 549 373 650 428; x_wconf 76' lang='grc'><strong>127</strong></span> 
     </span>
    </p>
   </div>
   <div class='ocr_carea' id='block_1_2' title="bbox 541 485 2131 563">
    <p class='ocr_par' dir='ltr' id='par_1_2' title="bbox 541 485 2131 563">
     <span class='ocr_line' id='line_1_2' title="bbox 541 485 2131 563; baseline 0.006 -25"><span class='ocrx_word' id='word_1_2' title='bbox 541 485 746 556; x_wconf 82' lang='lat' dir='ltr'><strong>judico.</strong></span> <span class='ocrx_word' id='word_1_3' title='bbox 778 487 996 558; x_wconf 76' lang='lat' dir='ltr'><strong>Argunm</strong></span> <span class='ocrx_word' id='word_1_4' title='bbox 1023 496 1087 542; x_wconf 84' lang='lat' dir='ltr'><strong>te.</strong></span> <span class='ocrx_word' id='word_1_5' title='bbox 1131 487 1264 554; x_wconf 85' lang='lat' dir='ltr'><strong>Quid</strong></span> <span class='ocrx_word' id='word_1_6' title='bbox 1297 487 1387 542; x_wconf 90' lang='lat' dir='ltr'><strong>tibi</strong></span> <span class='ocrx_word' id='word_1_7' title='bbox 1420 487 1644 560; x_wconf 27' lang='lat' dir='ltr'><strong>faciam‘,</strong></span> <span class='ocrx_word' id='word_1_8' title='bbox 1675 491 1888 561; x_wconf 80' lang='lat' dir='ltr'><strong>quando</strong></span> <span class='ocrx_word' id='word_1_9' title='bbox 1915 507 2131 563; x_wconf 81' lang='lat' dir='ltr'><strong>arguam</strong></span> 
     </span>
    </p>
   </div>
   <div class='ocr_carea' id='block_1_3' title="bbox 545 577 2132 653">
    <p class='ocr_par' dir='ltr' id='par_1_3' title="bbox 545 577 2132 653">
     <span class='ocr_line' id='line_1_3' title="bbox 545 577 2132 653; baseline 0.005 -23"><span class='ocrx_word' id='word_1_10' title='bbox 545 578 641 631; x_wconf 88' lang='lat' dir='ltr'><strong>te?</strong></span> <span class='ocrx_word' id='word_1_11' title='bbox 674 577 910 632; x_wconf 89' lang='lat' dir='ltr'><strong>Statuam</strong></span> <span class='ocrx_word' id='word_1_12' title='bbox 935 588 982 632; x_wconf 89' lang='lat' dir='ltr'><strong>te</strong></span> <span class='ocrx_word' id='word_1_13' title='bbox 1006 588 1121 632; x_wconf 91' lang='lat' dir='ltr'><strong>ante</strong></span> <span class='ocrx_word' id='word_1_14' title='bbox 1144 579 1328 650; x_wconf 80' lang='lat' dir='ltr'><strong>faciem</strong></span> <span class='ocrx_word' id='word_1_15' title='bbox 1364 588 1523 634; x_wconf 83' lang='lat' dir='ltr'><strong>luam.</strong></span> <span class='ocrx_word' id='word_1_16' title='bbox 1563 580 1719 636; x_wconf 84' lang='lat' dir='ltr'><strong>Modo</strong></span> <span class='ocrx_word' id='word_1_17' title='bbox 1747 583 1889 636; x_wconf 90' lang='lat' dir='ltr'><strong>enim</strong></span> <span class='ocrx_word' id='word_1_18' title='bbox 1920 584 2132 653; x_wconf 85' lang='lat' dir='ltr'><strong>quando</strong></span> 
     </span>
    </p>
   </div>
   <div class='ocr_carea' id='block_1_4' title="bbox 544 667 2129 740">
    <p class='ocr_par' dir='ltr' id='par_1_4' title="bbox 544 667 2129 740">
     <span class='ocr_line' id='line_1_4' title="bbox 544 667 2129 740; baseline 0.005 -21"><span class='ocrx_word' id='word_1_19' title='bbox 544 667 684 722; x_wconf 89' lang='lat' dir='ltr'><strong>male</strong></span> <span class='ocrx_word' id='word_1_20' title='bbox 701 668 848 735; x_wconf 83' lang='lat' dir='ltr'><strong>facis,</strong></span> <span class='ocrx_word' id='word_1_21' title='bbox 871 683 1024 738; x_wconf 85' lang='lat' dir='ltr'><strong>putas</strong></span> <span class='ocrx_word' id='word_1_22' title='bbox 1044 667 1165 737; x_wconf 84' lang='lat' dir='ltr'><strong>quia</strong></span> <span class='ocrx_word' id='word_1_23' title='bbox 1188 668 1358 723; x_wconf 90' lang='lat' dir='ltr'><strong>bonus</strong></span> <span class='ocrx_word' id='word_1_24' title='bbox 1382 683 1460 735; x_wconf 87' lang='lat' dir='ltr'><strong>es,</strong></span> <span class='ocrx_word' id='word_1_25' title='bbox 1477 670 1599 740; x_wconf 86' lang='lat' dir='ltr'><strong>quia</strong></span> <span class='ocrx_word' id='word_1_26' title='bbox 1633 685 1736 725; x_wconf 92' lang='lat' dir='ltr'><strong>non</strong></span> <span class='ocrx_word' id='word_1_27' title='bbox 1759 672 1838 726; x_wconf 95' lang='lat' dir='ltr'><strong>vis</strong></span> <span class='ocrx_word' id='word_1_28' title='bbox 1859 679 1910 726; x_wconf 90' lang='lat' dir='ltr'><strong>te</strong></span> <span class='ocrx_word' id='word_1_29' title='bbox 1930 672 2129 728; x_wconf 88' lang='lat' dir='ltr'><strong>videre.</strong></span> 
     </span>
    </p>
   </div>
   <div class='ocr_carea' id='block_1_5' title="bbox 547 757 2132 832">
    <p class='ocr_par' dir='ltr' id='par_1_5' title="bbox 547 757 2132 832">
     <span class='ocr_line' id='line_1_5' title="bbox 547 757 2132 832; baseline 0.005 -20"><span class='ocrx_word' id='word_1_30' title='bbox 547 757 699 814; x_wconf 77' lang='lat' dir='ltr'><strong>Alios</strong></span> <span class='ocrx_word' id='word_1_31' title='bbox 726 758 1089 829; x_wconf 87' lang='lat' dir='ltr'><strong>reprehendis,</strong></span> <span class='ocrx_word' id='word_1_32' title='bbox 1121 767 1176 816; x_wconf 90' lang='lat' dir='ltr'><strong>te</strong></span> <span class='ocrx_word' id='word_1_33' title='bbox 1205 776 1310 815; x_wconf 90' lang='lat' dir='ltr'><strong>non</strong></span> <span class='ocrx_word' id='word_1_34' title='bbox 1349 763 1602 832; x_wconf 86' lang='lat' dir='ltr'><strong>respicis;</strong></span> <span class='ocrx_word' id='word_1_35' title='bbox 1635 763 1766 818; x_wconf 89' lang='lat' dir='ltr'><strong>alios</strong></span> <span class='ocrx_word' id='word_1_36' title='bbox 1793 778 2033 832; x_wconf 83' lang='lat' dir='ltr'><strong>accusas,</strong></span> <span class='ocrx_word' id='word_1_37' title='bbox 2063 764 2132 820; x_wconf 91' lang='lat' dir='ltr'><strong>de</strong></span> 
     </span>
    </p>
   </div>
   <div class='ocr_carea' id='block_1_6' title="bbox 544 849 2130 926">
    <p class='ocr_par' dir='ltr' id='par_1_6' title="bbox 544 849 2130 926">
     <span class='ocr_line' id='line_1_6' title="bbox 544 849 2130 926; baseline 0.006 -26"><span class='ocrx_word' id='word_1_38' title='bbox 544 855 598 901; x_wconf 81' lang='lat' dir='ltr'><strong>te</strong></span> <span class='ocrx_word' id='word_1_39' title='bbox 627 863 732 903; x_wconf 91' lang='lat' dir='ltr'><strong>non</strong></span> <span class='ocrx_word' id='word_1_40' title='bbox 759 849 990 918; x_wconf 87' lang='lat' dir='ltr'><strong>cogitas;</strong></span> <span class='ocrx_word' id='word_1_41' title='bbox 1019 849 1150 904; x_wconf 89' lang='lat' dir='ltr'><strong>alios</strong></span> <span class='ocrx_word' id='word_1_42' title='bbox 1175 852 1328 920; x_wconf 89' lang='lat' dir='ltr'><strong>ponis</strong></span> <span class='ocrx_word' id='word_1_43' title='bbox 1355 861 1478 906; x_wconf 89' lang='lat' dir='ltr'><strong>ante</strong></span> <span class='ocrx_word' id='word_1_44' title='bbox 1507 854 1690 908; x_wconf 90' lang='lat' dir='ltr'><strong>oculos</strong></span> <span class='ocrx_word' id='word_1_45' title='bbox 1710 862 1830 910; x_wconf 92' lang='lat' dir='ltr'><strong>tuos</strong></span> <span class='ocrx_word' id='word_1_46' title='bbox 1853 897 1868 920; x_wconf 94' lang='lat'><strong>,</strong></span> <span class='ocrx_word' id='word_1_47' title='bbox 1900 865 1951 910; x_wconf 89' lang='lat' dir='ltr'><strong>te</strong></span> <span class='ocrx_word' id='word_1_48' title='bbox 1979 856 2130 926; x_wconf 88' lang='lat' dir='ltr'><strong>ponis</strong></span> 
     </span>
    </p>
   </div>
   <div class='ocr_carea' id='block_1_7' title="bbox 543 941 2127 1017">
    <p class='ocr_par' dir='ltr' id='par_1_7' title="bbox 543 941 2127 1017">
     <span class='ocr_line' id='line_1_7' title="bbox 543 941 2127 1017; baseline 0.006 -23"><span class='ocrx_word' id='word_1_49' title='bbox 543 951 664 1009; x_wconf 90' lang='lat' dir='ltr'><strong>post</strong></span> <span class='ocrx_word' id='word_1_50' title='bbox 679 941 896 996; x_wconf 85' lang='lat' dir='ltr'><strong>dorsum</strong></span> <span class='ocrx_word' id='word_1_51' title='bbox 919 949 1088 998; x_wconf 90' lang='lat' dir='ltr'><strong>tuum.</strong></span> <span class='ocrx_word' id='word_1_52' title='bbox 1107 944 1220 1014; x_wconf 87' lang='lat' dir='ltr'><strong>Ego</strong></span> <span class='ocrx_word' id='word_1_53' title='bbox 1240 945 1450 1014; x_wconf 85' lang='lat' dir='ltr'><strong>quando</strong></span> <span class='ocrx_word' id='word_1_54' title='bbox 1473 955 1523 1001; x_wconf 89' lang='lat' dir='ltr'><strong>te</strong></span> <span class='ocrx_word' id='word_1_55' title='bbox 1542 961 1726 1017; x_wconf 83' lang='lat' dir='ltr'><strong>arguo,</strong></span> <span class='ocrx_word' id='word_1_56' title='bbox 1749 957 1934 1003; x_wconf 86' lang='lat' dir='ltr'><strong>contra</strong></span> <span class='ocrx_word' id='word_1_57' title='bbox 1957 948 2127 1015; x_wconf 89' lang='lat' dir='ltr'><strong>facio;</strong></span> 
     </span>
    </p>
   </div>
   <div class='ocr_carea' id='block_1_8' title="bbox 543 1030 2128 1104">
    <p class='ocr_par' dir='ltr' id='par_1_8' title="bbox 543 1030 2128 1104">
     <span class='ocr_line' id='line_1_8' title="bbox 543 1030 2128 1104; baseline 0.006 -21"><span class='ocrx_word' id='word_1_58' title='bbox 543 1030 671 1086; x_wconf 89' lang='lat' dir='ltr'><strong>tollo</strong></span> <span class='ocrx_word' id='word_1_59' title='bbox 699 1038 752 1086; x_wconf 85' lang='lat' dir='ltr'><strong>te</strong></span> <span class='ocrx_word' id='word_1_60' title='bbox 780 1045 811 1086; x_wconf 91' lang='lat' dir='ltr'><strong>a</strong></span> <span class='ocrx_word' id='word_1_61' title='bbox 839 1031 1002 1088; x_wconf 89' lang='lat' dir='ltr'><strong>dorso</strong></span> <span class='ocrx_word' id='word_1_62' title='bbox 1025 1041 1134 1100; x_wconf 91' lang='lat' dir='ltr'><strong>tuo,</strong></span> <span class='ocrx_word' id='word_1_63' title='bbox 1166 1042 1220 1089; x_wconf 92' lang='lat' dir='ltr'><strong>et</strong></span> <span class='ocrx_word' id='word_1_64' title='bbox 1248 1050 1388 1104; x_wconf 92' lang='lat' dir='ltr'><strong>pono</strong></span> <span class='ocrx_word' id='word_1_65' title='bbox 1419 1045 1470 1091; x_wconf 89' lang='lat' dir='ltr'><strong>te</strong></span> <span class='ocrx_word' id='word_1_66' title='bbox 1497 1045 1621 1092; x_wconf 88' lang='lat' dir='ltr'><strong>ante</strong></span> <span class='ocrx_word' id='word_1_67' title='bbox 1645 1038 1829 1094; x_wconf 89' lang='lat' dir='ltr'><strong>oculos</strong></span> <span class='ocrx_word' id='word_1_68' title='bbox 1869 1047 2008 1094; x_wconf 94' lang='lat' dir='ltr'><strong>tuos.</strong></span> <span class='ocrx_word' id='word_1_69' title='bbox 2037 1039 2128 1093; x_wconf 88' lang='lat' dir='ltr'><strong>Vi-</strong></span> 
     </span>
    </p>
   </div>
   <div class='ocr_carea' id='block_1_9' title="bbox 541 1121 2128 1200">
    <p class='ocr_par' dir='ltr' id='par_1_9' title="bbox 541 1121 2128 1200">
     <span class='ocr_line' id='line_1_9' title="bbox 541 1121 2128 1200; baseline 0.006 -25"><span class='ocrx_word' id='word_1_70' title='bbox 541 1121 691 1177; x_wconf 88' lang='lat' dir='ltr'><strong>debis</strong></span> <span class='ocrx_word' id='word_1_71' title='bbox 720 1129 793 1190; x_wconf 91' lang='lat' dir='ltr'><strong>te,</strong></span> <span class='ocrx_word' id='word_1_72' title='bbox 815 1132 868 1180; x_wconf 91' lang='lat' dir='ltr'><strong>et</strong></span> <span class='ocrx_word' id='word_1_73' title='bbox 895 1125 1114 1195; x_wconf 84' lang='lat' dir='ltr'><strong>planges</strong></span> <span class='ocrx_word' id='word_1_74' title='bbox 1143 1134 1222 1192; x_wconf 89' lang='lat' dir='ltr'><strong>te;</strong></span> <span class='ocrx_word' id='word_1_75' title='bbox 1250 1132 1306 1182; x_wconf 91' lang='lat' dir='ltr'><strong>et</strong></span> <span class='ocrx_word' id='word_1_76' title='bbox 1329 1142 1433 1181; x_wconf 94' lang='lat' dir='ltr'><strong>non</strong></span> <span class='ocrx_word' id='word_1_77' title='bbox 1455 1128 1555 1183; x_wconf 91' lang='lat' dir='ltr'><strong>erit</strong></span> <span class='ocrx_word' id='word_1_78' title='bbox 1575 1127 1684 1198; x_wconf 88' lang='lat' dir='ltr'><strong>jam</strong></span> <span class='ocrx_word' id='word_1_79' title='bbox 1712 1138 1836 1184; x_wconf 89' lang='lat' dir='ltr'><strong>tunc</strong></span> <span class='ocrx_word' id='word_1_80' title='bbox 1863 1129 2128 1200; x_wconf 90' lang='lat' dir='ltr'><strong>quomodo</strong></span> 
     </span>
    </p>
   </div>
   <div class='ocr_carea' id='block_1_10' title="bbox 537 1211 2124 1287">
    <p class='ocr_par' dir='ltr' id='par_1_10' title="bbox 537 1211 2124 1287">
     <span class='ocr_line' id='line_1_10' title="bbox 537 1211 2124 1287; baseline 0.006 -23"><span class='ocrx_word' id='word_1_81' title='bbox 537 1211 776 1282; x_wconf 81' lang='lat' dir='ltr'><strong>corrigas</strong></span> <span class='ocrx_word' id='word_1_82' title='bbox 817 1223 888 1268; x_wconf 87' lang='lat' dir='ltr'><strong>te.</strong></span> <span class='ocrx_word' id='word_1_83' title='bbox 941 1212 1252 1270; x_wconf 91' lang='lat' dir='ltr'><strong>Contemnis</strong></span> <span class='ocrx_word' id='word_1_84' title='bbox 1297 1231 1426 1286; x_wconf 89' lang='lat' dir='ltr'><strong>ergo</strong></span> <span class='ocrx_word' id='word_1_85' title='bbox 1470 1227 1679 1287; x_wconf 89' lang='lat' dir='ltr'><strong>tempus</strong></span> <span class='ocrx_word' id='word_1_86' title='bbox 1727 1219 2124 1286; x_wconf 70' lang='lat' dir='ltr'><strong>misericordiae,</strong></span> 
     </span>
    </p>
   </div>
   <div class='ocr_carea' id='block_1_11' title="bbox 538 1304 2125 1377">
    <p class='ocr_par' dir='ltr' id='par_1_11' title="bbox 538 1304 2125 1377">
     <span class='ocr_line' id='line_1_11' title="bbox 538 1304 2125 1377; baseline 0.006 -21"><span class='ocrx_word' id='word_1_87' title='bbox 538 1304 716 1358; x_wconf 91' lang='lat' dir='ltr'><strong>veniet</strong></span> <span class='ocrx_word' id='word_1_88' title='bbox 743 1313 954 1376; x_wconf 81' lang='lat' dir='ltr'><strong>tempus</strong></span> <span class='ocrx_word' id='word_1_89' title='bbox 973 1307 1194 1377; x_wconf 88' lang='lat' dir='ltr'><strong>judicii:</strong></span> <span class='ocrx_word' id='word_1_90' title='bbox 1225 1308 1346 1376; x_wconf 89' lang='lat' dir='ltr'><strong>quia</strong></span> <span class='ocrx_word' id='word_1_91' title='bbox 1387 1316 1442 1362; x_wconf 86' lang='grc' dir='ltr'><strong>ιιι</strong></span> <span class='ocrx_word' id='word_1_92' title='bbox 1479 1307 1532 1362; x_wconf 92' lang='lat' dir='ltr'><strong>in</strong></span> <span class='ocrx_word' id='word_1_93' title='bbox 1571 1310 1799 1365; x_wconf 86' lang='lat' dir='ltr'><strong>ecclesia</strong></span> <span class='ocrx_word' id='word_1_94' title='bbox 1837 1309 1970 1364; x_wconf 89' lang='lat' dir='ltr'><strong>mihi</strong></span> <span class='ocrx_word' id='word_1_95' title='bbox 1995 1325 2125 1365; x_wconf 90' lang='lat' dir='ltr'><strong>can-</strong></span> 
     </span>
    </p>
   </div>
   <div class='ocr_carea' id='block_1_12' title="bbox 538 1395 2128 1470">
    <p class='ocr_par' dir='ltr' id='par_1_12' title="bbox 538 1395 2128 1470">
     <span class='ocr_line' id='line_1_12' title="bbox 538 1395 2128 1470; baseline 0.006 -22"><span class='ocrx_word' id='word_1_96' title='bbox 538 1395 659 1449; x_wconf 88' lang='lat' dir='ltr'><strong>tasti</strong></span> <span class='ocrx_word' id='word_1_97' title='bbox 684 1438 698 1459; x_wconf 94' lang='lat'><strong>,</strong></span> <span class='ocrx_word' id='word_1_98' title='bbox 728 1395 1136 1452; x_wconf 79' lang='lat' dir='ltr'><strong>Misericordiam</strong></span> <span class='ocrx_word' id='word_1_99' title='bbox 1161 1408 1206 1454; x_wconf 89' lang='lat' dir='ltr'><strong>et</strong></span> <span class='ocrx_word' id='word_1_100' title='bbox 1221 1399 1476 1470; x_wconf 83' lang='lat' dir='ltr'><strong>judicium</strong></span> <span class='ocrx_word' id='word_1_101' title='bbox 1515 1402 1726 1456; x_wconf 89' lang='lat' dir='ltr'><strong>cantabo</strong></span> <span class='ocrx_word' id='word_1_102' title='bbox 1756 1402 1875 1468; x_wconf 92' lang='lat' dir='ltr'><strong>tibi,</strong></span> <span class='ocrx_word' id='word_1_103' title='bbox 1914 1402 2128 1458; x_wconf 83' lang='lat' dir='ltr'><strong>Domine</strong></span> 
     </span>
    </p>
   </div>
   <div class='ocr_carea' id='block_1_13' title="bbox 537 1483 2125 1560">
    <p class='ocr_par' dir='ltr' id='par_1_13' title="bbox 537 1483 2125 1560">
     <span class='ocr_line' id='line_1_13' title="bbox 537 1483 2125 1560; baseline 0.008 -22"><span class='ocrx_word' id='word_1_104' title='bbox 537 1483 708 1556; x_wconf 86' lang='lat' dir='ltr'><strong>(Psal.</strong></span> <span class='ocrx_word' id='word_1_105' title='bbox 739 1501 768 1542; x_wconf 90' lang='lat' dir='ltr'><strong>c</strong></span> <span class='ocrx_word' id='word_1_106' title='bbox 787 1526 803 1554; x_wconf 93' lang='lat'><strong>,</strong></span> <span class='ocrx_word' id='word_1_107' title='bbox 833 1489 908 1557; x_wconf 83' lang='lat' dir='ltr'><strong>l).</strong></span> <span class='ocrx_word' id='word_1_108' title='bbox 947 1488 1028 1542; x_wconf 81' lang='lat' dir='ltr'><strong>Ex</strong></span> <span class='ocrx_word' id='word_1_109' title='bbox 1056 1504 1150 1544; x_wconf 91' lang='lat' dir='ltr'><strong>ore</strong></span> <span class='ocrx_word' id='word_1_110' title='bbox 1189 1498 1370 1544; x_wconf 87' lang='lat' dir='ltr'><strong>nostro</strong></span> <span class='ocrx_word' id='word_1_111' title='bbox 1394 1491 1506 1545; x_wconf 81' lang='lat' dir='ltr'><strong>exit</strong></span> <span class='ocrx_word' id='word_1_112' title='bbox 1534 1532 1550 1558; x_wconf 93' lang='lat'><strong>,</strong></span> <span class='ocrx_word' id='word_1_113' title='bbox 1580 1500 1636 1547; x_wconf 90' lang='lat' dir='ltr'><strong>et</strong></span> <span class='ocrx_word' id='word_1_114' title='bbox 1659 1492 1855 1560; x_wconf 85' lang='lat' dir='ltr'><strong>ubique</strong></span> <span class='ocrx_word' id='word_1_115' title='bbox 1883 1493 2125 1550; x_wconf 60' lang='lat' dir='ltr'><strong>ecclesiae</strong></span> 
     </span>
    </p>
   </div>
   <div class='ocr_carea' id='block_1_14' title="bbox 535 1575 2123 1651">
    <p class='ocr_par' dir='ltr' id='par_1_14' title="bbox 535 1575 2123 1651">
     <span class='ocr_line' id='line_1_14' title="bbox 535 1575 2123 1651; baseline 0.006 -23"><span class='ocrx_word' id='word_1_116' title='bbox 535 1585 853 1646; x_wconf 89' lang='lat' dir='ltr'><strong>concrepant</strong></span> <span class='ocrx_word' id='word_1_117' title='bbox 872 1575 1106 1643; x_wconf 88' lang='lat' dir='ltr'><strong>Christo,</strong></span> <span class='ocrx_word' id='word_1_118' title='bbox 1141 1577 1542 1633; x_wconf 70' lang='lat' dir='ltr'><strong>Misericordia&quot;:</strong></span> <span class='ocrx_word' id='word_1_119' title='bbox 1569 1589 1615 1634; x_wconf 89' lang='lat' dir='ltr'><strong>et</strong></span> <span class='ocrx_word' id='word_1_120' title='bbox 1636 1582 1887 1651; x_wconf 84' lang='lat' dir='ltr'><strong>judicium</strong></span> <span class='ocrx_word' id='word_1_121' title='bbox 1912 1584 2123 1638; x_wconf 85' lang='lat' dir='ltr'><strong>cantabo</strong></span> 
     </span>
    </p>
   </div>
   <div class='ocr_carea' id='block_1_15' title="bbox 535 1662 2120 1744">
    <p class='ocr_par' dir='ltr' id='par_1_15' title="bbox 535 1662 2120 1744">
     <span class='ocr_line' id='line_1_15' title="bbox 535 1662 2120 1744; baseline 0.008 -28"><span class='ocrx_word' id='word_1_122' title='bbox 535 1662 641 1729; x_wconf 85' lang='lat' dir='ltr'><strong>tibi,</strong></span> <span class='ocrx_word' id='word_1_123' title='bbox 661 1663 895 1720; x_wconf 84' lang='lat' dir='ltr'><strong>Domine.</strong></span> <span class='ocrx_word' id='word_1_124' title='bbox 913 1665 1146 1737; x_wconf 88' lang='lat' dir='ltr'><strong>Tempus</strong></span> <span class='ocrx_word' id='word_1_125' title='bbox 1165 1676 1248 1722; x_wconf 89' lang='lat' dir='ltr'><strong>est</strong></span> <span class='ocrx_word' id='word_1_126' title='bbox 1265 1669 1662 1736; x_wconf 64' lang='lat' dir='ltr'><strong>misericordiae,</strong></span> <span class='ocrx_word' id='word_1_127' title='bbox 1682 1680 1739 1726; x_wconf 94' lang='lat' dir='ltr'><strong>ut</strong></span> <span class='ocrx_word' id='word_1_128' title='bbox 1757 1673 2120 1744; x_wconf 89' lang='lat' dir='ltr'><strong>corrigamur:</strong></span> 
     </span>
    </p>
   </div>
   <div class='ocr_carea' id='block_1_16' title="bbox 534 1757 2118 1834">
    <p class='ocr_par' dir='ltr' id='par_1_16' title="bbox 534 1757 2118 1834">
     <span class='ocr_line' id='line_1_16' title="bbox 534 1757 2118 1834; baseline 0.006 -23"><span class='ocrx_word' id='word_1_129' title='bbox 534 1757 770 1812; x_wconf 88' lang='lat' dir='ltr'><strong>nondum</strong></span> <span class='ocrx_word' id='word_1_130' title='bbox 797 1758 942 1815; x_wconf 84' lang='lat' dir='ltr'><strong>venit</strong></span> <span class='ocrx_word' id='word_1_131' title='bbox 971 1767 1178 1830; x_wconf 80' lang='lat' dir='ltr'><strong>tempus</strong></span> <span class='ocrx_word' id='word_1_132' title='bbox 1194 1761 1400 1831; x_wconf 90' lang='lat' dir='ltr'><strong>judicii.</strong></span> <span class='ocrx_word' id='word_1_133' title='bbox 1429 1761 1602 1818; x_wconf 91' lang='lat' dir='ltr'><strong>Locus</strong></span> <span class='ocrx_word' id='word_1_134' title='bbox 1620 1772 1722 1830; x_wconf 88' lang='lat' dir='ltr'><strong>est,</strong></span> <span class='ocrx_word' id='word_1_135' title='bbox 1745 1765 1974 1834; x_wconf 89' lang='lat' dir='ltr'><strong>spatium</strong></span> <span class='ocrx_word' id='word_1_136' title='bbox 1999 1773 2118 1822; x_wconf 88' lang='lat' dir='ltr'><strong>est:</strong></span> 
     </span>
    </p>
   </div>
   <div class='ocr_carea' id='block_1_17' title="bbox 533 1849 2116 1926">
    <p class='ocr_par' dir='ltr' id='par_1_17' title="bbox 533 1849 2116 1926">
     <span class='ocr_line' id='line_1_17' title="bbox 533 1849 2116 1926; baseline 0.006 -25"><span class='ocrx_word' id='word_1_137' title='bbox 533 1849 909 1916; x_wconf 84' lang='lat' dir='ltr'><strong>peccavimus,</strong></span> <span class='ocrx_word' id='word_1_138' title='bbox 961 1851 1311 1920; x_wconf 87' lang='lat' dir='ltr'><strong>corrigamur.</strong></span> <span class='ocrx_word' id='word_1_139' title='bbox 1364 1852 1609 1908; x_wconf 86' lang='lat' dir='ltr'><strong>Nondum</strong></span> <span class='ocrx_word' id='word_1_140' title='bbox 1660 1854 1804 1909; x_wconf 85' lang='lat' dir='ltr'><strong>finita</strong></span> <span class='ocrx_word' id='word_1_141' title='bbox 1855 1864 1938 1911; x_wconf 91' lang='lat' dir='ltr'><strong>est</strong></span> <span class='ocrx_word' id='word_1_142' title='bbox 1993 1857 2116 1926; x_wconf 90' lang='lat' dir='ltr'><strong>via,</strong></span> 
     </span>
    </p>
   </div>
   <div class='ocr_carea' id='block_1_18' title="bbox 532 1939 2117 2016">
    <p class='ocr_par' dir='ltr' id='par_1_18' title="bbox 532 1939 2117 2016">
     <span class='ocr_line' id='line_1_18' title="bbox 532 1939 2117 2016; baseline 0.006 -23"><span class='ocrx_word' id='word_1_143' title='bbox 532 1939 767 1994; x_wconf 90' lang='lat' dir='ltr'><strong>nondum</strong></span> <span class='ocrx_word' id='word_1_144' title='bbox 806 1941 1019 1996; x_wconf 91' lang='lat' dir='ltr'><strong>clausus</strong></span> <span class='ocrx_word' id='word_1_145' title='bbox 1058 1951 1140 1997; x_wconf 90' lang='lat' dir='ltr'><strong>est</strong></span> <span class='ocrx_word' id='word_1_146' title='bbox 1180 1941 1317 2010; x_wconf 92' lang='lat' dir='ltr'><strong>dies,</strong></span> <span class='ocrx_word' id='word_1_147' title='bbox 1359 1945 1592 1999; x_wconf 91' lang='lat' dir='ltr'><strong>nondum</strong></span> <span class='ocrx_word' id='word_1_148' title='bbox 1637 1947 1960 2016; x_wconf 68' lang='lat' dir='ltr'><strong>exspiratum</strong></span> <span class='ocrx_word' id='word_1_149' title='bbox 2002 1957 2117 2014; x_wconf 86' lang='lat' dir='ltr'><strong>est;</strong></span> 
     </span>
    </p>
   </div>
   <div class='ocr_carea' id='block_1_19' title="bbox 531 2030 2122 2108">
    <p class='ocr_par' dir='ltr' id='par_1_19' title="bbox 531 2030 2122 2108">
     <span class='ocr_line' id='line_1_19' title="bbox 531 2030 2122 2108; baseline 0.006 -24"><span class='ocrx_word' id='word_1_150' title='bbox 531 2044 641 2084; x_wconf 87' lang='lat' dir='ltr'><strong>non</strong></span> <span class='ocrx_word' id='word_1_151' title='bbox 684 2030 1017 2102; x_wconf 90' lang='lat' dir='ltr'><strong>desperetur,</strong></span> <span class='ocrx_word' id='word_1_152' title='bbox 1065 2034 1205 2104; x_wconf 91' lang='lat' dir='ltr'><strong>quod</strong></span> <span class='ocrx_word' id='word_1_153' title='bbox 1245 2044 1328 2089; x_wconf 90' lang='lat' dir='ltr'><strong>est</strong></span> <span class='ocrx_word' id='word_1_154' title='bbox 1368 2036 1517 2106; x_wconf 85' lang='lat' dir='ltr'><strong>pejus</strong></span> <span class='ocrx_word' id='word_1_155' title='bbox 1560 2039 1855 2107; x_wconf 90' lang='lat' dir='ltr'><strong>:quoniam</strong></span> <span class='ocrx_word' id='word_1_156' title='bbox 1902 2048 2122 2108; x_wconf 88' lang='lat' dir='ltr'><strong>propter</strong></span> 
     </span>
    </p>
   </div>
   <div class='ocr_carea' id='block_1_20' title="bbox 530 2121 2115 2199">
    <p class='ocr_par' dir='ltr' id='par_1_20' title="bbox 530 2121 2115 2199">
     <span class='ocr_line' id='line_1_20' title="bbox 530 2121 2115 2199; baseline 0.005 -21"><span class='ocrx_word' id='word_1_157' title='bbox 530 2121 645 2193; x_wconf 88' lang='lat' dir='ltr'><strong>ipsa</strong></span> <span class='ocrx_word' id='word_1_158' title='bbox 673 2133 888 2193; x_wconf 88' lang='lat' dir='ltr'><strong>peccata</strong></span> <span class='ocrx_word' id='word_1_159' title='bbox 911 2125 1139 2181; x_wconf 89' lang='lat' dir='ltr'><strong>humana</strong></span> <span class='ocrx_word' id='word_1_160' title='bbox 1161 2137 1214 2183; x_wconf 91' lang='lat' dir='ltr'><strong>et</strong></span> <span class='ocrx_word' id='word_1_161' title='bbox 1240 2128 1554 2192; x_wconf 89' lang='lat' dir='ltr'><strong>tolerabilia,</strong></span> <span class='ocrx_word' id='word_1_162' title='bbox 1579 2139 1632 2185; x_wconf 89' lang='lat' dir='ltr'><strong>et</strong></span> <span class='ocrx_word' id='word_1_163' title='bbox 1653 2140 1800 2186; x_wconf 90' lang='lat' dir='ltr'><strong>tanto</strong></span> <span class='ocrx_word' id='word_1_164' title='bbox 1822 2131 2115 2199; x_wconf 86' lang='lat' dir='ltr'><strong>crebriora,</strong></span> 
     </span>
    </p>
   </div>
   <div class='ocr_carea' id='block_1_21' title="bbox 529 2217 2120 2294">
    <p class='ocr_par' dir='ltr' id='par_1_21' title="bbox 529 2217 2120 2294">
     <span class='ocr_line' id='line_1_21' title="bbox 529 2217 2120 2294; baseline 0.007 -27"><span class='ocrx_word' id='word_1_165' title='bbox 529 2223 728 2284; x_wconf 88' lang='lat' dir='ltr'><strong>quanto</strong></span> <span class='ocrx_word' id='word_1_166' title='bbox 754 2217 956 2272; x_wconf 91' lang='lat' dir='ltr'><strong>minora</strong></span> <span class='ocrx_word' id='word_1_167' title='bbox 980 2258 997 2284; x_wconf 90' lang='lat'><strong>,</strong></span> <span class='ocrx_word' id='word_1_168' title='bbox 1033 2219 1305 2273; x_wconf 89' lang='lat' dir='ltr'><strong>constituit</strong></span> <span class='ocrx_word' id='word_1_169' title='bbox 1345 2220 1484 2274; x_wconf 89' lang='lat' dir='ltr'><strong>Deus</strong></span> <span class='ocrx_word' id='word_1_170' title='bbox 1525 2220 1578 2274; x_wconf 93' lang='lat' dir='ltr'><strong>in</strong></span> <span class='ocrx_word' id='word_1_171' title='bbox 1610 2221 1847 2276; x_wconf 88' lang='lat' dir='ltr'><strong>Ecclesia</strong></span> <span class='ocrx_word' id='word_1_172' title='bbox 1879 2231 2120 2294; x_wconf 88' lang='lat' dir='ltr'><strong>tempore</strong></span> 
     </span>
    </p>
   </div>
   <div class='ocr_carea' id='block_1_22' title="bbox 529 2305 2119 2379">
    <p class='ocr_par' dir='ltr' id='par_1_22' title="bbox 529 2305 2119 2379">
     <span class='ocr_line' id='line_1_22' title="bbox 529 2305 2119 2379; baseline 0.005 -21"><span class='ocrx_word' id='word_1_173' title='bbox 529 2305 909 2365; x_wconf 77' lang='lat' dir='ltr'><strong>misericordia:</strong></span> <span class='ocrx_word' id='word_1_174' title='bbox 931 2309 1288 2379; x_wconf 72' lang='lat' dir='ltr'><strong>prmroganda:</strong></span> <span class='ocrx_word' id='word_1_175' title='bbox 1308 2310 1671 2379; x_wconf 87' lang='lat' dir='ltr'><strong>quotidianam</strong></span> <span class='ocrx_word' id='word_1_176' title='bbox 1699 2309 2037 2377; x_wconf 89' lang='lat' dir='ltr'><strong>medicinam,</strong></span> <span class='ocrx_word' id='word_1_177' title='bbox 2059 2321 2119 2367; x_wconf 90' lang='lat' dir='ltr'><strong>ut</strong></span> 
     </span>
    </p>
   </div>
   <div class='ocr_carea' id='block_1_23' title="bbox 526 2394 2117 2466">
    <p class='ocr_par' dir='ltr' id='par_1_23' title="bbox 526 2394 2117 2466">
     <span class='ocr_line' id='line_1_23' title="bbox 526 2394 2117 2466; baseline 0.003 -18"><span class='ocrx_word' id='word_1_178' title='bbox 526 2394 766 2449; x_wconf 87' lang='lat' dir='ltr'><strong>dicamus</strong></span> <span class='ocrx_word' id='word_1_179' title='bbox 789 2437 804 2462; x_wconf 96' lang='lat'><strong>,</strong></span> <span class='ocrx_word' id='word_1_180' title='bbox 837 2396 1048 2451; x_wconf 87' lang='lat' dir='ltr'><strong>Dimitte</strong></span> <span class='ocrx_word' id='word_1_181' title='bbox 1075 2398 1216 2452; x_wconf 88' lang='lat' dir='ltr'><strong>nobis</strong></span> <span class='ocrx_word' id='word_1_182' title='bbox 1246 2398 1414 2452; x_wconf 90' lang='lat' dir='ltr'><strong>debita</strong></span> <span class='ocrx_word' id='word_1_183' title='bbox 1443 2408 1614 2452; x_wconf 91' lang='lat' dir='ltr'><strong>nostra</strong></span> <span class='ocrx_word' id='word_1_184' title='bbox 1639 2441 1654 2466; x_wconf 97' lang='lat'><strong>,</strong></span> <span class='ocrx_word' id='word_1_185' title='bbox 1682 2400 1810 2453; x_wconf 91' lang='lat' dir='ltr'><strong>sicut</strong></span> <span class='ocrx_word' id='word_1_186' title='bbox 1839 2409 1886 2453; x_wconf 90' lang='lat' dir='ltr'><strong>et</strong></span> <span class='ocrx_word' id='word_1_187' title='bbox 1916 2417 2006 2455; x_wconf 87' lang='lat' dir='ltr'><strong>nos</strong></span> <span class='ocrx_word' id='word_1_188' title='bbox 2033 2400 2117 2453; x_wconf 82' lang='lat' dir='ltr'><strong>di-</strong></span> 
     </span>
    </p>
   </div>
   <div class='ocr_carea' id='block_1_24' title="bbox 527 2487 2119 2563">
    <p class='ocr_par' dir='ltr' id='par_1_24' title="bbox 527 2487 2119 2563">
     <span class='ocr_line' id='line_1_24' title="bbox 527 2487 2119 2563; baseline 0.005 -23"><span class='ocrx_word' id='word_1_189' title='bbox 527 2487 773 2541; x_wconf 77' lang='lat' dir='ltr'><strong>mittimus</strong></span> <span class='ocrx_word' id='word_1_190' title='bbox 789 2488 1088 2543; x_wconf 74' lang='lat' dir='ltr'><strong>debitoribus</strong></span> <span class='ocrx_word' id='word_1_191' title='bbox 1109 2491 1292 2545; x_wconf 87' lang='lat' dir='ltr'><strong>nostris</strong></span> <span class='ocrx_word' id='word_1_192' title='bbox 1311 2489 1522 2561; x_wconf 80' lang='lat' dir='ltr'><strong>(Matth.</strong></span> <span class='ocrx_word' id='word_1_193' title='bbox 1551 2507 1624 2555; x_wconf 78' lang='lat' dir='ltr'><strong>vr,</strong></span> <span class='ocrx_word' id='word_1_194' title='bbox 1651 2491 1739 2563; x_wconf 69' lang='lat'><strong>12)</strong></span> <span class='ocrx_word' id='word_1_195' title='bbox 1773 2510 1785 2546; x_wconf 90' lang='lat'>:</span> <span class='ocrx_word' id='word_1_196' title='bbox 1809 2501 1868 2546; x_wconf 90' lang='lat' dir='ltr'><strong>ut</strong></span> <span class='ocrx_word' id='word_1_197' title='bbox 1894 2492 1977 2548; x_wconf 91' lang='lat' dir='ltr'><strong>his</strong></span> <span class='ocrx_word' id='word_1_198' title='bbox 2000 2508 2119 2548; x_wconf 87' lang='lat' dir='ltr'><strong>ver-</strong></span> 
     </span>
    </p>
   </div>
   <div class='ocr_carea' id='block_1_25' title="bbox 528 2578 2115 2649">
    <p class='ocr_par' dir='ltr' id='par_1_25' title="bbox 528 2578 2115 2649">
     <span class='ocr_line' id='line_1_25' title="bbox 528 2578 2115 2649; baseline 0.004 -15"><span class='ocrx_word' id='word_1_199' title='bbox 528 2578 612 2634; x_wconf 86' lang='lat' dir='ltr'><strong>bis</strong></span> <span class='ocrx_word' id='word_1_200' title='bbox 640 2580 746 2635; x_wconf 87' lang='lat' dir='ltr'><strong>lota</strong></span> <span class='ocrx_word' id='word_1_201' title='bbox 776 2579 911 2636; x_wconf 88' lang='lat' dir='ltr'><strong>facie</strong></span> <span class='ocrx_word' id='word_1_202' title='bbox 945 2582 1011 2636; x_wconf 91' lang='lat' dir='ltr'><strong>ad</strong></span> <span class='ocrx_word' id='word_1_203' title='bbox 1037 2583 1205 2638; x_wconf 89' lang='lat' dir='ltr'><strong>altare</strong></span> <span class='ocrx_word' id='word_1_204' title='bbox 1239 2582 1577 2649; x_wconf 90' lang='lat' dir='ltr'><strong>accedamus,</strong></span> <span class='ocrx_word' id='word_1_205' title='bbox 1609 2592 1663 2639; x_wconf 88' lang='lat' dir='ltr'><strong>et</strong></span> <span class='ocrx_word' id='word_1_206' title='bbox 1693 2583 1774 2639; x_wconf 86' lang='lat' dir='ltr'><strong>his</strong></span> <span class='ocrx_word' id='word_1_207' title='bbox 1803 2585 1980 2640; x_wconf 87' lang='lat' dir='ltr'><strong>verbis</strong></span> <span class='ocrx_word' id='word_1_208' title='bbox 2009 2585 2115 2640; x_wconf 88' lang='lat' dir='ltr'><strong>Iota</strong></span> 
     </span>
    </p>
   </div>
   <div class='ocr_carea' id='block_1_26' title="bbox 524 2669 2004 2743">
    <p class='ocr_par' dir='ltr' id='par_1_26' title="bbox 524 2669 2004 2743">
     <span class='ocr_line' id='line_1_26' title="bbox 524 2669 2004 2743; baseline 0.002 -18"><span class='ocrx_word' id='word_1_209' title='bbox 524 2669 662 2726; x_wconf 89' lang='lat' dir='ltr'><strong>facie</strong></span> <span class='ocrx_word' id='word_1_210' title='bbox 689 2686 914 2742; x_wconf 91' lang='lat' dir='ltr'><strong>corpore</strong></span> <span class='ocrx_word' id='word_1_211' title='bbox 939 2672 1135 2728; x_wconf 87' lang='lat' dir='ltr'><strong>Christi</strong></span> <span class='ocrx_word' id='word_1_212' title='bbox 1163 2681 1218 2728; x_wconf 91' lang='lat' dir='ltr'><strong>et</strong></span> <span class='ocrx_word' id='word_1_213' title='bbox 1245 2674 1500 2743; x_wconf 79' lang='lat' dir='ltr'><strong>sanguine</strong></span> <span class='ocrx_word' id='word_1_214' title='bbox 1529 2675 2004 2730; x_wconf 90' lang='lat' dir='ltr'><strong>communicemus.</strong></span> 
     </span>
    </p>
   </div>
   <div class='ocr_carea' id='block_1_27' title="bbox 601 2762 2112 2837">
    <p class='ocr_par' dir='ltr' id='par_1_27' title="bbox 601 2762 2112 2837">
     <span class='ocr_line' id='line_1_27' title="bbox 601 2762 2112 2837; baseline 0.001 -17"><span class='ocrx_word' id='word_1_215' title='bbox 601 2762 830 2820; x_wconf 87' lang='lat' dir='ltr'><strong>CAPUT</strong></span> <span class='ocrx_word' id='word_1_216' title='bbox 860 2765 947 2820; x_wconf 82' lang='lat' dir='ltr'><strong>Vl.</strong></span> <span class='ocrx_word' id='word_1_217' title='bbox 974 2794 1046 2806; x_wconf 94' lang='lat'><strong>—-</strong></span> <span class='ocrx_word' id='word_1_218' title='bbox 1074 2765 1130 2821; x_wconf 85' lang='lat'><strong>6.</strong></span> <span class='ocrx_word' id='word_1_219' title='bbox 1163 2765 1420 2820; x_wconf 83' lang='lat' dir='ltr'><strong>Medicina</strong></span> <span class='ocrx_word' id='word_1_220' title='bbox 1449 2776 1560 2836; x_wconf 85' lang='lat' dir='ltr'><strong>post</strong></span> <span class='ocrx_word' id='word_1_221' title='bbox 1601 2775 1859 2837; x_wconf 83' lang='lat' dir='ltr'><strong>peccatum</strong></span> <span class='ocrx_word' id='word_1_222' title='bbox 1888 2784 1987 2822; x_wconf 91' lang='lat' dir='ltr'><strong>non</strong></span> <span class='ocrx_word' id='word_1_223' title='bbox 2026 2784 2112 2822; x_wconf 89' lang='lat' dir='ltr'><strong>re-</strong></span> 
     </span>
    </p>
   </div>
   <div class='ocr_carea' id='block_1_28' title="bbox 521 2854 2112 2927">
    <p class='ocr_par' dir='ltr' id='par_1_28' title="bbox 521 2854 2112 2927">
     <span class='ocr_line' id='line_1_28' title="bbox 521 2854 2112 2927; baseline 0.001 -17"><span class='ocrx_word' id='word_1_224' title='bbox 521 2856 772 2924; x_wconf 86' lang='lat' dir='ltr'><strong>spuenda.</strong></span> <span class='ocrx_word' id='word_1_225' title='bbox 823 2854 929 2910; x_wconf 92' lang='lat' dir='ltr'><strong>Sed</strong></span> <span class='ocrx_word' id='word_1_226' title='bbox 968 2855 1110 2926; x_wconf 92' lang='lat' dir='ltr'><strong>quod</strong></span> <span class='ocrx_word' id='word_1_227' title='bbox 1161 2865 1243 2910; x_wconf 88' lang='lat' dir='ltr'><strong>est</strong></span> <span class='ocrx_word' id='word_1_228' title='bbox 1288 2856 1540 2927; x_wconf 77' lang='lat' dir='ltr'><strong>gravius,</strong></span> <span class='ocrx_word' id='word_1_229' title='bbox 1573 2857 1743 2926; x_wconf 88' lang='lat' dir='ltr'><strong>ipsam</strong></span> <span class='ocrx_word' id='word_1_230' title='bbox 1793 2857 2112 2912; x_wconf 89' lang='lat' dir='ltr'><strong>medicinam</strong></span> 
     </span>
    </p>
   </div>
   <div class='ocr_carea' id='block_1_29' title="bbox 523 2942 2110 3010">
    <p class='ocr_par' dir='ltr' id='par_1_29' title="bbox 523 2942 2110 3010">
     <span class='ocr_line' id='line_1_29' title="bbox 523 2942 2110 3010; baseline 0.003 -14"><span class='ocrx_word' id='word_1_231' title='bbox 523 2942 602 2996; x_wconf 89' lang='lat' dir='ltr'><strong>sic</strong></span> <span class='ocrx_word' id='word_1_232' title='bbox 631 2943 872 2999; x_wconf 88' lang='lat' dir='ltr'><strong>homines</strong></span> <span class='ocrx_word' id='word_1_233' title='bbox 899 2952 1279 3010; x_wconf 88' lang='lat' dir='ltr'><strong>contemnunt,</strong></span> <span class='ocrx_word' id='word_1_234' title='bbox 1306 2952 1364 2998; x_wconf 92' lang='lat' dir='ltr'><strong>ut</strong></span> <span class='ocrx_word' id='word_1_235' title='bbox 1400 2959 1505 2998; x_wconf 92' lang='lat' dir='ltr'><strong>non</strong></span> <span class='ocrx_word' id='word_1_236' title='bbox 1535 2945 1706 2998; x_wconf 91' lang='lat' dir='ltr'><strong>solum</strong></span> <span class='ocrx_word' id='word_1_237' title='bbox 1735 2959 1840 2998; x_wconf 90' lang='lat' dir='ltr'><strong>non</strong></span> <span class='ocrx_word' id='word_1_238' title='bbox 1868 2945 1997 3000; x_wconf 91' lang='lat' dir='ltr'><strong>dent</strong></span> <span class='ocrx_word' id='word_1_239' title='bbox 2021 2961 2110 3001; x_wconf 84' lang='lat' dir='ltr'><strong>ve-</strong></span> 
     </span>
    </p>
   </div>
   <div class='ocr_carea' id='block_1_30' title="bbox 521 3033 2111 3107">
    <p class='ocr_par' dir='ltr' id='par_1_30' title="bbox 521 3033 2111 3107">
     <span class='ocr_line' id='line_1_30' title="bbox 521 3033 2111 3107; baseline 0.006 -22"><span class='ocrx_word' id='word_1_240' title='bbox 521 3033 667 3086; x_wconf 85' lang='lat' dir='ltr'><strong>niam</strong></span> <span class='ocrx_word' id='word_1_241' title='bbox 696 3033 910 3102; x_wconf 88' lang='lat' dir='ltr'><strong>quando</strong></span> <span class='ocrx_word' id='word_1_242' title='bbox 937 3035 989 3088; x_wconf 90' lang='lat' dir='ltr'><strong>in</strong></span> <span class='ocrx_word' id='word_1_243' title='bbox 1016 3034 1133 3089; x_wconf 91' lang='lat' dir='ltr'><strong>illos</strong></span> <span class='ocrx_word' id='word_1_244' title='bbox 1161 3043 1412 3105; x_wconf 89' lang='lat' dir='ltr'><strong>peccatur</strong></span> <span class='ocrx_word' id='word_1_245' title='bbox 1432 3075 1446 3100; x_wconf 94' lang='lat'><strong>,</strong></span> <span class='ocrx_word' id='word_1_246' title='bbox 1480 3033 1574 3089; x_wconf 90' lang='lat' dir='ltr'><strong>sed</strong></span> <span class='ocrx_word' id='word_1_247' title='bbox 1603 3049 1702 3090; x_wconf 91' lang='lat' dir='ltr'><strong>nec</strong></span> <span class='ocrx_word' id='word_1_248' title='bbox 1736 3036 1900 3091; x_wconf 89' lang='lat' dir='ltr'><strong>velint</strong></span> <span class='ocrx_word' id='word_1_249' title='bbox 1927 3045 2111 3107; x_wconf 88' lang='lat' dir='ltr'><strong>petere</strong></span> 
     </span>
    </p>
   </div>
   <div class='ocr_carea' id='block_1_31' title="bbox 520 3126 2106 3200">
    <p class='ocr_par' dir='ltr' id='par_1_31' title="bbox 520 3126 2106 3200">
     <span class='ocr_line' id='line_1_31' title="bbox 520 3126 2106 3200; baseline 0.003 -20"><span class='ocrx_word' id='word_1_250' title='bbox 520 3126 735 3196; x_wconf 87' lang='lat' dir='ltr'><strong>quando</strong></span> <span class='ocrx_word' id='word_1_251' title='bbox 773 3127 872 3197; x_wconf 89' lang='lat' dir='ltr'><strong>ipsi</strong></span> <span class='ocrx_word' id='word_1_252' title='bbox 911 3138 1151 3198; x_wconf 90' lang='lat' dir='ltr'><strong>peccant.</strong></span> <span class='ocrx_word' id='word_1_253' title='bbox 1191 3129 1410 3184; x_wconf 89' lang='lat' dir='ltr'><strong>Intravit</strong></span> <span class='ocrx_word' id='word_1_254' title='bbox 1443 3129 1683 3197; x_wconf 89' lang='lat' dir='ltr'><strong>tentatio,</strong></span> <span class='ocrx_word' id='word_1_255' title='bbox 1702 3129 1966 3200; x_wconf 88' lang='lat' dir='ltr'><strong>subrepsit</strong></span> <span class='ocrx_word' id='word_1_256' title='bbox 1995 3129 2106 3196; x_wconf 87' lang='lat' dir='ltr'><strong>ira;</strong></span> 
     </span>
    </p>
   </div>
   <div class='ocr_carea' id='block_1_32' title="bbox 520 3219 2111 3292">
    <p class='ocr_par' dir='ltr' id='par_1_32' title="bbox 520 3219 2111 3292">
     <span class='ocr_line' id='line_1_32' title="bbox 520 3219 2111 3292; baseline 0.003 -20"><span class='ocrx_word' id='word_1_257' title='bbox 520 3227 724 3274; x_wconf 84' lang='lat' dir='ltr'><strong>tantum</strong></span> <span class='ocrx_word' id='word_1_258' title='bbox 756 3219 1024 3274; x_wconf 87' lang='lat' dir='ltr'><strong>dominata</strong></span> <span class='ocrx_word' id='word_1_259' title='bbox 1063 3230 1150 3276; x_wconf 91' lang='lat' dir='ltr'><strong>est</strong></span> <span class='ocrx_word' id='word_1_260' title='bbox 1191 3220 1463 3275; x_wconf 88' lang='lat' dir='ltr'><strong>iracundia</strong></span> <span class='ocrx_word' id='word_1_261' title='bbox 1484 3262 1499 3286; x_wconf 93' lang='lat'><strong>,</strong></span> <span class='ocrx_word' id='word_1_262' title='bbox 1532 3229 1786 3291; x_wconf 85' lang='lat' dir='ltr'><strong>quantum</strong></span> <span class='ocrx_word' id='word_1_263' title='bbox 1813 3221 2020 3292; x_wconf 90' lang='lat' dir='ltr'><strong>potuit,</strong></span> <span class='ocrx_word' id='word_1_264' title='bbox 2050 3229 2111 3277; x_wconf 90' lang='lat' dir='ltr'><strong>ut</strong></span> 
     </span>
    </p>
   </div>
   <div class='ocr_carea' id='block_1_33' title="bbox 521 3310 2107 3373">
    <p class='ocr_par' dir='ltr' id='par_1_33' title="bbox 521 3310 2107 3373">
     <span class='ocr_line' id='line_1_33' title="bbox 521 3310 2107 3373; baseline 0 -9"><span class='ocrx_word' id='word_1_265' title='bbox 521 3323 630 3365; x_wconf 89' lang='lat' dir='ltr'><strong>non</strong></span> <span class='ocrx_word' id='word_1_266' title='bbox 651 3311 823 3366; x_wconf 90' lang='lat' dir='ltr'><strong>solum</strong></span> <span class='ocrx_word' id='word_1_267' title='bbox 853 3310 1261 3365; x_wconf 87' lang='lat' dir='ltr'><strong>lumultuaretur</strong></span> <span class='ocrx_word' id='word_1_268' title='bbox 1285 3325 1380 3365; x_wconf 91' lang='lat' dir='ltr'><strong>cor</strong></span> <span class='ocrx_word' id='word_1_269' title='bbox 1401 3353 1415 3373; x_wconf 90' lang='lat'><strong>,</strong></span> <span class='ocrx_word' id='word_1_270' title='bbox 1447 3310 1540 3366; x_wconf 89' lang='lat' dir='ltr'><strong>sed</strong></span> <span class='ocrx_word' id='word_1_271' title='bbox 1571 3318 1625 3366; x_wconf 88' lang='lat' dir='ltr'><strong>et</strong></span> <span class='ocrx_word' id='word_1_272' title='bbox 1649 3312 1888 3366; x_wconf 88' lang='lat' dir='ltr'><strong>convicia</strong></span> <span class='ocrx_word' id='word_1_273' title='bbox 1917 3322 1970 3366; x_wconf 90' lang='lat' dir='ltr'><strong>et</strong></span> <span class='ocrx_word' id='word_1_274' title='bbox 1999 3311 2107 3366; x_wconf 86' lang='lat' dir='ltr'><strong>cri-</strong></span> 
     </span>
    </p>
   </div>
   <div class='ocr_carea' id='block_1_34' title="bbox 523 3399 2106 3471">
    <p class='ocr_par' dir='ltr' id='par_1_34' title="bbox 523 3399 2106 3471">
     <span class='ocr_line' id='line_1_34' title="bbox 523 3399 2106 3471; baseline 0.002 -17"><span class='ocrx_word' id='word_1_275' title='bbox 523 3401 667 3455; x_wconf 82' lang='lat' dir='ltr'><strong>mina</strong></span> <span class='ocrx_word' id='word_1_276' title='bbox 698 3409 937 3456; x_wconf 89' lang='lat' dir='ltr'><strong>vomeret</strong></span> <span class='ocrx_word' id='word_1_277' title='bbox 963 3401 1162 3470; x_wconf 85' lang='lat' dir='ltr'><strong>lingua.</strong></span> <span class='ocrx_word' id='word_1_278' title='bbox 1193 3399 1310 3455; x_wconf 90' lang='lat' dir='ltr'><strong>Non</strong></span> <span class='ocrx_word' id='word_1_279' title='bbox 1340 3401 1489 3456; x_wconf 86' lang='lat' dir='ltr'><strong>vides</strong></span> <span class='ocrx_word' id='word_1_280' title='bbox 1518 3417 1623 3471; x_wconf 93' lang='lat' dir='ltr'><strong>quo</strong></span> <span class='ocrx_word' id='word_1_281' title='bbox 1651 3410 1703 3457; x_wconf 88' lang='lat' dir='ltr'><strong>te</strong></span> <span class='ocrx_word' id='word_1_282' title='bbox 1731 3402 1972 3471; x_wconf 90' lang='lat' dir='ltr'><strong>impulit?</strong></span> <span class='ocrx_word' id='word_1_283' title='bbox 1997 3417 2106 3458; x_wconf 89' lang='lat' dir='ltr'><strong>non</strong></span> 
     </span>
    </p>
   </div>
   <div class='ocr_carea' id='block_1_35' title="bbox 517 3491 2106 3563">
    <p class='ocr_par' dir='ltr' id='par_1_35' title="bbox 517 3491 2106 3563">
     <span class='ocr_line' id='line_1_35' title="bbox 517 3491 2106 3563; baseline 0.002 -18"><span class='ocrx_word' id='word_1_284' title='bbox 517 3491 670 3546; x_wconf 82' lang='lat' dir='ltr'><strong>vides</strong></span> <span class='ocrx_word' id='word_1_285' title='bbox 697 3506 802 3562; x_wconf 91' lang='lat' dir='ltr'><strong>quo</strong></span> <span class='ocrx_word' id='word_1_286' title='bbox 830 3501 880 3546; x_wconf 90' lang='lat' dir='ltr'><strong>te</strong></span> <span class='ocrx_word' id='word_1_287' title='bbox 901 3491 1290 3562; x_wconf 68' lang='lat' dir='ltr'><strong>principitavit?</strong></span> <span class='ocrx_word' id='word_1_288' title='bbox 1315 3491 1550 3547; x_wconf 85' lang='lat' dir='ltr'><strong>Tandem</strong></span> <span class='ocrx_word' id='word_1_289' title='bbox 1579 3493 1806 3563; x_wconf 81' lang='lat' dir='ltr'><strong>corrige,</strong></span> <span class='ocrx_word' id='word_1_290' title='bbox 1837 3493 1942 3562; x_wconf 91' lang='lat' dir='ltr'><strong>dic,</strong></span> <span class='ocrx_word' id='word_1_291' title='bbox 1972 3493 2106 3549; x_wconf 80' lang='lat' dir='ltr'><strong>Male</strong></span> 
     </span>
    </p>
   </div>
   <div class='ocr_carea' id='block_1_36' title="bbox 518 3582 2100 3654">
    <p class='ocr_par' dir='ltr' id='par_1_36' title="bbox 518 3582 2100 3654">
     <span class='ocr_line' id='line_1_36' title="bbox 518 3582 2100 3654; baseline 0.001 -16"><span class='ocrx_word' id='word_1_292' title='bbox 518 3582 617 3639; x_wconf 83' lang='lat' dir='ltr'><strong>feci</strong></span> <span class='ocrx_word' id='word_1_293' title='bbox 638 3625 653 3650; x_wconf 93' lang='lat'><strong>,</strong></span> <span class='ocrx_word' id='word_1_294' title='bbox 679 3584 913 3654; x_wconf 87' lang='lat' dir='ltr'><strong>peccavi.</strong></span> <span class='ocrx_word' id='word_1_295' title='bbox 954 3583 1068 3639; x_wconf 90' lang='lat' dir='ltr'><strong>Non</strong></span> <span class='ocrx_word' id='word_1_296' title='bbox 1094 3583 1236 3638; x_wconf 93' lang='lat' dir='ltr'><strong>enim</strong></span> <span class='ocrx_word' id='word_1_297' title='bbox 1263 3584 1508 3639; x_wconf 92' lang='lat' dir='ltr'><strong>morieris</strong></span> <span class='ocrx_word' id='word_1_298' title='bbox 1535 3626 1550 3651; x_wconf 94' lang='lat'><strong>,</strong></span> <span class='ocrx_word' id='word_1_299' title='bbox 1582 3585 1626 3639; x_wconf 90' lang='lat' dir='ltr'><strong>si</strong></span> <span class='ocrx_word' id='word_1_300' title='bbox 1651 3585 1847 3640; x_wconf 83' lang='lat' dir='ltr'><strong>dixeris</strong></span> <span class='ocrx_word' id='word_1_301' title='bbox 1881 3603 1899 3639; x_wconf 92' lang='lat'><strong>:-</strong></span> <span class='ocrx_word' id='word_1_302' title='bbox 1921 3585 2100 3652; x_wconf 92' lang='lat' dir='ltr'><strong>crede,</strong></span> 
     </span>
    </p>
   </div>
   <div class='ocr_carea' id='block_1_37' title="bbox 517 3673 2104 3746">
    <p class='ocr_par' dir='ltr' id='par_1_37' title="bbox 517 3673 2104 3746">
     <span class='ocr_line' id='line_1_37' title="bbox 517 3673 2104 3746; baseline 0.003 -19"><span class='ocrx_word' id='word_1_303' title='bbox 517 3678 625 3727; x_wconf 78' lang='lat' dir='ltr'><strong>nun</strong></span> <span class='ocrx_word' id='word_1_304' title='bbox 655 3673 806 3741; x_wconf 89' lang='lat' dir='ltr'><strong>mihi,</strong></span> <span class='ocrx_word' id='word_1_305' title='bbox 837 3673 930 3730; x_wconf 86' lang='lat' dir='ltr'><strong>sed</strong></span> <span class='ocrx_word' id='word_1_306' title='bbox 959 3673 1088 3729; x_wconf 82' lang='lat' dir='ltr'><strong>Deo.</strong></span> <span class='ocrx_word' id='word_1_307' title='bbox 1125 3673 1262 3741; x_wconf 85' lang='lat' dir='ltr'><strong>Quid</strong></span> <span class='ocrx_word' id='word_1_308' title='bbox 1301 3688 1418 3728; x_wconf 92' lang='lat' dir='ltr'><strong>sum</strong></span> <span class='ocrx_word' id='word_1_309' title='bbox 1461 3675 1599 3745; x_wconf 85' lang='lat' dir='ltr'><strong>ego?</strong></span> <span class='ocrx_word' id='word_1_310' title='bbox 1637 3675 1807 3730; x_wconf 82' lang='lat' dir='ltr'><strong>Homo</strong></span> <span class='ocrx_word' id='word_1_311' title='bbox 1836 3691 1976 3744; x_wconf 90' lang='lat' dir='ltr'><strong>sum,</strong></span> <span class='ocrx_word' id='word_1_312' title='bbox 2007 3691 2104 3746; x_wconf 87' lang='lat' dir='ltr'><strong>par</strong></span> 
     </span>
    </p>
   </div>
   <div class='ocr_carea' id='block_1_38' title="bbox 514 3765 2101 3836">
    <p class='ocr_par' dir='ltr' id='par_1_38' title="bbox 514 3765 2101 3836">
     <span class='ocr_line' id='line_1_38' title="bbox 514 3765 2101 3836; baseline 0.004 -18"><span class='ocrx_word' id='word_1_313' title='bbox 514 3772 693 3820; x_wconf 83' lang='lat' dir='ltr'><strong>vester</strong></span> <span class='ocrx_word' id='word_1_314' title='bbox 717 3779 835 3820; x_wconf 90' lang='lat' dir='ltr'><strong>sum</strong></span> <span class='ocrx_word' id='word_1_315' title='bbox 873 3765 891 3797; x_wconf 85' lang='grc'>¹</span> <span class='ocrx_word' id='word_1_316' title='bbox 916 3807 932 3833; x_wconf 87' lang='grc'><strong><em>,</em></strong></span> <span class='ocrx_word' id='word_1_317' title='bbox 966 3780 1181 3821; x_wconf 88' lang='lat' dir='ltr'><strong>carnem</strong></span> <span class='ocrx_word' id='word_1_318' title='bbox 1215 3775 1369 3836; x_wconf 89' lang='lat' dir='ltr'><strong>porto</strong></span> <span class='ocrx_word' id='word_1_319' title='bbox 1391 3807 1406 3834; x_wconf 94' lang='lat'><strong>,</strong></span> <span class='ocrx_word' id='word_1_320' title='bbox 1439 3765 1680 3823; x_wconf 77' lang='lat' dir='ltr'><strong>infirmus</strong></span> <span class='ocrx_word' id='word_1_321' title='bbox 1717 3782 1834 3823; x_wconf 93' lang='lat' dir='ltr'><strong>sum</strong></span> <span class='ocrx_word' id='word_1_322' title='bbox 1869 3787 1881 3823; x_wconf 94' lang='lat'>:</span> <span class='ocrx_word' id='word_1_323' title='bbox 1915 3783 2101 3827; x_wconf 91' lang='lat' dir='ltr'><strong>omnes</strong></span> 
     </span>
    </p>
   </div>
   <div class='ocr_carea' id='block_1_39' title="bbox 513 3855 2099 3928">
    <p class='ocr_par' dir='ltr' id='par_1_39' title="bbox 513 3855 2099 3928">
     <span class='ocr_line' id='line_1_39' title="bbox 513 3855 2099 3928; baseline 0.003 -17"><span class='ocrx_word' id='word_1_324' title='bbox 513 3855 792 3911; x_wconf 89' lang='lat' dir='ltr'><strong>credamus</strong></span> <span class='ocrx_word' id='word_1_325' title='bbox 821 3856 950 3912; x_wconf 88' lang='lat' dir='ltr'><strong>Deo.</strong></span> <span class='ocrx_word' id='word_1_326' title='bbox 987 3857 1258 3912; x_wconf 83' lang='lat' dir='ltr'><strong>Attendite</strong></span> <span class='ocrx_word' id='word_1_327' title='bbox 1295 3857 1470 3913; x_wconf 87' lang='lat' dir='ltr'><strong>vobis.</strong></span> <span class='ocrx_word' id='word_1_328' title='bbox 1501 3858 1619 3928; x_wconf 90' lang='lat' dir='ltr'><strong>Ipse</strong></span> <span class='ocrx_word' id='word_1_329' title='bbox 1659 3860 1912 3916; x_wconf 87' lang='lat' dir='ltr'><strong>Dominus</strong></span> <span class='ocrx_word' id='word_1_330' title='bbox 1940 3861 2099 3916; x_wconf 87' lang='lat' dir='ltr'><strong>Chri-</strong></span> 
     </span>
    </p>
   </div>
   <div class='ocr_carea' id='block_1_40' title="bbox 512 3947 2094 4024">
    <p class='ocr_par' dir='ltr' id='par_1_40' title="bbox 512 3947 2094 4024">
     <span class='ocr_line' id='line_1_40' title="bbox 512 3947 2094 4024; baseline 0.004 -21"><span class='ocrx_word' id='word_1_331' title='bbox 512 3955 628 4003; x_wconf 86' lang='lat' dir='ltr'><strong>stus</strong></span> <span class='ocrx_word' id='word_1_332' title='bbox 661 3947 755 4016; x_wconf 89' lang='lat' dir='ltr'><strong>ait,</strong></span> <span class='ocrx_word' id='word_1_333' title='bbox 798 3948 1066 4004; x_wconf 82' lang='lat' dir='ltr'><strong>Attendite</strong></span> <span class='ocrx_word' id='word_1_334' title='bbox 1100 3949 1252 4004; x_wconf 86' lang='lat' dir='ltr'><strong>vobis</strong></span> <span class='ocrx_word' id='word_1_335' title='bbox 1292 3967 1305 4003; x_wconf 91' lang='lat'>:</span> <span class='ocrx_word' id='word_1_336' title='bbox 1354 3949 1416 4005; x_wconf 88' lang='lat' dir='ltr'><strong>Si</strong></span> <span class='ocrx_word' id='word_1_337' title='bbox 1463 3953 1736 4021; x_wconf 82' lang='lat' dir='ltr'><strong>peccaverit</strong></span> <span class='ocrx_word' id='word_1_338' title='bbox 1773 3956 1930 4024; x_wconf 78' lang='lat' dir='ltr'><strong>frater</strong></span> <span class='ocrx_word' id='word_1_339' title='bbox 1959 3963 2094 4023; x_wconf 86' lang='lat' dir='ltr'><strong>tuus,</strong></span> 
     </span>
    </p>
   </div>
   <div class='ocr_carea' id='block_1_41' title="bbox 512 4040 2099 4111">
    <p class='ocr_par' dir='ltr' id='par_1_41' title="bbox 512 4040 2099 4111">
     <span class='ocr_line' id='line_1_41' title="bbox 512 4040 2099 4111; baseline 0.006 -19"><span class='ocrx_word' id='word_1_340' title='bbox 512 4040 708 4108; x_wconf 86' lang='lat' dir='ltr'><strong>corripe</strong></span> <span class='ocrx_word' id='word_1_341' title='bbox 731 4055 843 4093; x_wconf 88' lang='lat' dir='ltr'><strong>eum</strong></span> <span class='ocrx_word' id='word_1_342' title='bbox 865 4040 993 4094; x_wconf 89' lang='lat' dir='ltr'><strong>inter</strong></span> <span class='ocrx_word' id='word_1_343' title='bbox 1020 4049 1066 4094; x_wconf 88' lang='lat' dir='ltr'><strong>te</strong></span> <span class='ocrx_word' id='word_1_344' title='bbox 1088 4041 1328 4111; x_wconf 79' lang='lat' dir='ltr'><strong>et&#39;ipsum</strong></span> <span class='ocrx_word' id='word_1_345' title='bbox 1356 4042 1538 4096; x_wconf 90' lang='lat' dir='ltr'><strong>solum.</strong></span> <span class='ocrx_word' id='word_1_346' title='bbox 1573 4042 1635 4099; x_wconf 91' lang='lat' dir='ltr'><strong>Si</strong></span> <span class='ocrx_word' id='word_1_347' title='bbox 1664 4055 1710 4099; x_wconf 89' lang='lat' dir='ltr'><strong>te</strong></span> <span class='ocrx_word' id='word_1_348' title='bbox 1734 4045 1986 4109; x_wconf 89' lang='lat' dir='ltr'><strong>audierit,</strong></span> <span class='ocrx_word' id='word_1_349' title='bbox 2020 4047 2099 4102; x_wconf 87' lang='lat' dir='ltr'><strong>lu-</strong></span> 
     </span>
    </p>
   </div>
   <div class='ocr_carea' id='block_1_42' title="bbox 511 4131 2098 4201">
    <p class='ocr_par' dir='ltr' id='par_1_42' title="bbox 511 4131 2098 4201">
     <span class='ocr_line' id='line_1_42' title="bbox 511 4131 2098 4201; baseline 0.006 -20"><span class='ocrx_word' id='word_1_350' title='bbox 511 4138 679 4184; x_wconf 83' lang='lat' dir='ltr'><strong>cratus</strong></span> <span class='ocrx_word' id='word_1_351' title='bbox 699 4146 751 4184; x_wconf 87' lang='lat' dir='ltr'><strong>es</strong></span> <span class='ocrx_word' id='word_1_352' title='bbox 777 4133 984 4200; x_wconf 81' lang='lat' dir='ltr'><strong>fratrem</strong></span> <span class='ocrx_word' id='word_1_353' title='bbox 1007 4139 1146 4183; x_wconf 88' lang='lat' dir='ltr'><strong>tuum</strong></span> <span class='ocrx_word' id='word_1_354' title='bbox 1170 4145 1188 4184; x_wconf 83' lang='lat'><strong>.&#39;</strong></span> <span class='ocrx_word' id='word_1_355' title='bbox 1210 4131 1254 4184; x_wconf 91' lang='lat' dir='ltr'><strong>si</strong></span> <span class='ocrx_word' id='word_1_356' title='bbox 1279 4140 1326 4185; x_wconf 88' lang='lat' dir='ltr'><strong>te</strong></span> <span class='ocrx_word' id='word_1_357' title='bbox 1353 4147 1452 4185; x_wconf 88' lang='lat' dir='ltr'><strong>non</strong></span> <span class='ocrx_word' id='word_1_358' title='bbox 1478 4132 1712 4201; x_wconf 87' lang='lat' dir='ltr'><strong>audierit,</strong></span> <span class='ocrx_word' id='word_1_359' title='bbox 1735 4135 1917 4190; x_wconf 84' lang='lat' dir='ltr'><strong>adhibe</strong></span> <span class='ocrx_word' id='word_1_360' title='bbox 1937 4145 2098 4192; x_wconf 86' lang='lat' dir='ltr'><strong>tecum</strong></span> 
     </span>
    </p>
   </div>
   <div class='ocr_carea' id='block_1_43' title="bbox 512 4220 2096 4284">
    <p class='ocr_par' dir='ltr' id='par_1_43' title="bbox 512 4220 2096 4284">
     <span class='ocr_line' id='line_1_43' title="bbox 512 4220 2096 4284; baseline 0.006 -10"><span class='ocrx_word' id='word_1_361' title='bbox 512 4220 640 4275; x_wconf 86' lang='lat' dir='ltr'><strong>duos</strong></span> <span class='ocrx_word' id='word_1_362' title='bbox 676 4230 763 4275; x_wconf 91' lang='lat' dir='ltr'><strong>aut</strong></span> <span class='ocrx_word' id='word_1_363' title='bbox 801 4231 918 4277; x_wconf 91' lang='lat' dir='ltr'><strong>tres.</strong></span> <span class='ocrx_word' id='word_1_364' title='bbox 949 4220 1017 4276; x_wconf 88' lang='lat' dir='ltr'><strong>In</strong></span> <span class='ocrx_word' id='word_1_365' title='bbox 1059 4238 1145 4276; x_wconf 91' lang='lat' dir='ltr'><strong>ore</strong></span> <span class='ocrx_word' id='word_1_366' title='bbox 1184 4222 1400 4276; x_wconf 89' lang='lat' dir='ltr'><strong>duorum</strong></span> <span class='ocrx_word' id='word_1_367' title='bbox 1429 4232 1515 4276; x_wconf 88' lang='lat' dir='ltr'><strong>aut</strong></span> <span class='ocrx_word' id='word_1_368' title='bbox 1543 4226 1696 4279; x_wconf 89' lang='lat' dir='ltr'><strong>trium</strong></span> <span class='ocrx_word' id='word_1_369' title='bbox 1727 4228 1922 4282; x_wconf 87' lang='lat' dir='ltr'><strong>testium</strong></span> <span class='ocrx_word' id='word_1_370' title='bbox 1947 4230 2096 4284; x_wconf 88' lang='lat' dir='ltr'><strong>stabit</strong></span> 
     </span>
    </p>
   </div>
   <div class='ocr_carea' id='block_1_44' title="bbox 512 4310 2092 4386">
    <p class='ocr_par' dir='ltr' id='par_1_44' title="bbox 512 4310 2092 4386">
     <span class='ocr_line' id='line_1_44' title="bbox 512 4310 2092 4386; baseline 0.007 -23"><span class='ocrx_word' id='word_1_371' title='bbox 512 4327 659 4364; x_wconf 91' lang='lat' dir='ltr'><strong>omne</strong></span> <span class='ocrx_word' id='word_1_372' title='bbox 679 4311 900 4365; x_wconf 85' lang='lat' dir='ltr'><strong>verbum.</strong></span> <span class='ocrx_word' id='word_1_373' title='bbox 927 4310 988 4366; x_wconf 90' lang='lat' dir='ltr'><strong>Si</strong></span> <span class='ocrx_word' id='word_1_374' title='bbox 1015 4327 1105 4365; x_wconf 86' lang='lat' dir='ltr'><strong>nec</strong></span> <span class='ocrx_word' id='word_1_375' title='bbox 1120 4311 1256 4382; x_wconf 86' lang='lat' dir='ltr'><strong>ipsos</strong></span> <span class='ocrx_word' id='word_1_376' title='bbox 1284 4311 1522 4379; x_wconf 88' lang='lat' dir='ltr'><strong>audierit,</strong></span> <span class='ocrx_word' id='word_1_377' title='bbox 1545 4318 1677 4386; x_wconf 81' lang='lat' dir='ltr'><strong>refer</strong></span> <span class='ocrx_word' id='word_1_378' title='bbox 1698 4316 1766 4369; x_wconf 89' lang='lat' dir='ltr'><strong>ad</strong></span> <span class='ocrx_word' id='word_1_379' title='bbox 1794 4316 2092 4374; x_wconf 85' lang='lat' dir='ltr'><strong>Ecclesium.</strong></span> 
     </span>
    </p>
   </div>
   <div class='ocr_carea' id='block_1_45' title="bbox 513 4402 2092 4480">
    <p class='ocr_par' dir='ltr' id='par_1_45' title="bbox 513 4402 2092 4480">
     <span class='ocr_line' id='line_1_45' title="bbox 513 4402 2092 4480; baseline 0.005 -23"><span class='ocrx_word' id='word_1_380' title='bbox 513 4402 576 4457; x_wconf 87' lang='lat' dir='ltr'><strong>Si</strong></span> <span class='ocrx_word' id='word_1_381' title='bbox 603 4419 692 4458; x_wconf 83' lang='lat' dir='ltr'><strong>nec</strong></span> <span class='ocrx_word' id='word_1_382' title='bbox 710 4404 874 4473; x_wconf 88' lang='lat' dir='ltr'><strong>ipsam</strong></span> <span class='ocrx_word' id='word_1_383' title='bbox 894 4403 1130 4468; x_wconf 88' lang='lat' dir='ltr'><strong>audierit,</strong></span> <span class='ocrx_word' id='word_1_384' title='bbox 1151 4404 1216 4457; x_wconf 91' lang='lat' dir='ltr'><strong>sit</strong></span> <span class='ocrx_word' id='word_1_385' title='bbox 1243 4404 1330 4458; x_wconf 90' lang='lat' dir='ltr'><strong>tibi</strong></span> <span class='ocrx_word' id='word_1_386' title='bbox 1347 4413 1584 4473; x_wconf 88' lang='lat' dir='ltr'><strong>tanquam</strong></span> <span class='ocrx_word' id='word_1_387' title='bbox 1603 4407 1826 4463; x_wconf 83' lang='lat' dir='ltr'><strong>ethnicus</strong></span> <span class='ocrx_word' id='word_1_388' title='bbox 1851 4418 1896 4464; x_wconf 91' lang='lat' dir='ltr'><strong>et</strong></span> <span class='ocrx_word' id='word_1_389' title='bbox 1923 4409 2092 4480; x_wconf 85' lang='lat' dir='ltr'><strong>publi-</strong></span> 
     </span>
    </p>
   </div>
   <div class='ocr_carea' id='block_1_46' title="bbox 510 4493 2092 4572">
    <p class='ocr_par' dir='ltr' id='par_1_46' title="bbox 510 4493 2092 4572">
     <span class='ocr_line' id='line_1_46' title="bbox 510 4493 2092 4572; baseline 0.007 -25"><span class='ocrx_word' id='word_1_390' title='bbox 510 4509 667 4548; x_wconf 85' lang='lat' dir='ltr'><strong>canus</strong></span> <span class='ocrx_word' id='word_1_391' title='bbox 687 4493 895 4566; x_wconf 81' lang='lat' dir='ltr'><strong>(Matth.</strong></span> <span class='ocrx_word' id='word_1_392' title='bbox 914 4510 1061 4557; x_wconf 82' lang='lat' dir='ltr'><strong>xvm,</strong></span> <span class='ocrx_word' id='word_1_393' title='bbox 1078 4494 1240 4564; x_wconf 84' lang='grc'><strong>15-7).</strong></span> <span class='ocrx_word' id='word_1_394' title='bbox 1261 4493 1516 4551; x_wconf 86' lang='lat' dir='ltr'><strong>Ethnicus</strong></span> <span class='ocrx_word' id='word_1_395' title='bbox 1530 4497 1741 4567; x_wconf 86' lang='lat' dir='ltr'><strong>gentilis</strong></span> <span class='ocrx_word' id='word_1_396' title='bbox 1761 4507 1843 4555; x_wconf 90' lang='lat' dir='ltr'><strong>est</strong></span> <span class='ocrx_word' id='word_1_397' title='bbox 1859 4503 2092 4572; x_wconf 87' lang='lat' dir='ltr'><strong>:gentilis</strong></span> 
     </span>
    </p>
   </div>
   <div class='ocr_carea' id='block_1_47' title="bbox 509 4585 2090 4656">
    <p class='ocr_par' dir='ltr' id='par_1_47' title="bbox 509 4585 2090 4656">
     <span class='ocr_line' id='line_1_47' title="bbox 509 4585 2090 4656; baseline 0.006 -15"><span class='ocrx_word' id='word_1_398' title='bbox 509 4586 597 4641; x_wconf 92' lang='lat' dir='ltr'><strong>ille</strong></span> <span class='ocrx_word' id='word_1_399' title='bbox 625 4593 728 4652; x_wconf 89' lang='lat' dir='ltr'><strong>est,</strong></span> <span class='ocrx_word' id='word_1_400' title='bbox 757 4587 846 4656; x_wconf 90' lang='lat' dir='ltr'><strong>qui</strong></span> <span class='ocrx_word' id='word_1_401' title='bbox 867 4586 919 4640; x_wconf 91' lang='lat' dir='ltr'><strong>in</strong></span> <span class='ocrx_word' id='word_1_402' title='bbox 948 4585 1216 4640; x_wconf 87' lang='lat' dir='ltr'><strong>Christum</strong></span> <span class='ocrx_word' id='word_1_403' title='bbox 1240 4601 1346 4641; x_wconf 92' lang='lat' dir='ltr'><strong>non</strong></span> <span class='ocrx_word' id='word_1_404' title='bbox 1374 4587 1565 4643; x_wconf 90' lang='lat' dir='ltr'><strong>credit.</strong></span> <span class='ocrx_word' id='word_1_405' title='bbox 1591 4587 1646 4644; x_wconf 91' lang='lat' dir='ltr'><strong>Si</strong></span> <span class='ocrx_word' id='word_1_406' title='bbox 1672 4605 1771 4646; x_wconf 92' lang='lat' dir='ltr'><strong>nec</strong></span> <span class='ocrx_word' id='word_1_407' title='bbox 1796 4592 2090 4651; x_wconf 88' lang='lat' dir='ltr'><strong>Ecclesiam</strong></span> 
     </span>
    </p>
   </div>
   <div class='ocr_carea' id='block_1_48' title="bbox 509 4676 2089 4749">
    <p class='ocr_par' dir='ltr' id='par_1_48' title="bbox 509 4676 2089 4749">
     <span class='ocr_line' id='line_1_48' title="bbox 509 4676 2089 4749; baseline 0.005 -18"><span class='ocrx_word' id='word_1_408' title='bbox 509 4677 756 4743; x_wconf 88' lang='lat' dir='ltr'><strong>audierit,</strong></span> <span class='ocrx_word' id='word_1_409' title='bbox 788 4683 1055 4731; x_wconf 90' lang='lat' dir='ltr'><strong>mortuum</strong></span> <span class='ocrx_word' id='word_1_410' title='bbox 1085 4683 1351 4746; x_wconf 89' lang='lat' dir='ltr'><strong>computa.</strong></span> <span class='ocrx_word' id='word_1_411' title='bbox 1384 4676 1491 4732; x_wconf 89' lang='lat' dir='ltr'><strong>Sed</strong></span> <span class='ocrx_word' id='word_1_412' title='bbox 1516 4693 1643 4734; x_wconf 91' lang='lat' dir='ltr'><strong>ecce</strong></span> <span class='ocrx_word' id='word_1_413' title='bbox 1669 4681 1818 4749; x_wconf 86' lang='lat' dir='ltr'><strong>vivit,</strong></span> <span class='ocrx_word' id='word_1_414' title='bbox 1851 4697 1976 4738; x_wconf 91' lang='lat' dir='ltr'><strong>ecce</strong></span> <span class='ocrx_word' id='word_1_415' title='bbox 2003 4684 2089 4740; x_wconf 90' lang='lat' dir='ltr'><strong>in-</strong></span> 
     </span>
    </p>
   </div>
   <div class='ocr_carea' id='block_1_49' title="bbox 508 4767 2089 4839">
    <p class='ocr_par' dir='ltr' id='par_1_49' title="bbox 508 4767 2089 4839">
     <span class='ocr_line' id='line_1_49' title="bbox 508 4767 2089 4839; baseline 0.008 -17"><span class='ocrx_word' id='word_1_416' title='bbox 508 4776 634 4836; x_wconf 88' lang='lat' dir='ltr'><strong>trat,</strong></span> <span class='ocrx_word' id='word_1_417' title='bbox 661 4781 786 4823; x_wconf 90' lang='lat' dir='ltr'><strong>ecce</strong></span> <span class='ocrx_word' id='word_1_418' title='bbox 809 4767 1020 4837; x_wconf 86' lang='lat' dir='ltr'><strong>signat,</strong></span> <span class='ocrx_word' id='word_1_419' title='bbox 1046 4781 1172 4822; x_wconf 92' lang='lat' dir='ltr'><strong>ecce</strong></span> <span class='ocrx_word' id='word_1_420' title='bbox 1195 4783 1334 4837; x_wconf 90' lang='lat' dir='ltr'><strong>genu</strong></span> <span class='ocrx_word' id='word_1_421' title='bbox 1365 4767 1512 4838; x_wconf 83' lang='lat' dir='ltr'><strong>ﬁgit,</strong></span> <span class='ocrx_word' id='word_1_422' title='bbox 1540 4785 1666 4826; x_wconf 91' lang='lat' dir='ltr'><strong>ecce</strong></span> <span class='ocrx_word' id='word_1_423' title='bbox 1695 4782 1846 4839; x_wconf 88' lang='lat' dir='ltr'><strong>orat,</strong></span> <span class='ocrx_word' id='word_1_424' title='bbox 1870 4790 1996 4832; x_wconf 92' lang='lat' dir='ltr'><strong>ecce</strong></span> <span class='ocrx_word' id='word_1_425' title='bbox 2020 4778 2089 4833; x_wconf 87' lang='lat' dir='ltr'><strong>ad</strong></span> 
     </span>
    </p>
   </div>
   <div class='ocr_carea' id='block_1_50' title="bbox 505 4855 2090 4938">
    <p class='ocr_par' dir='ltr' id='par_1_50' title="bbox 505 4855 2090 4938">
     <span class='ocr_line' id='line_1_50' title="bbox 505 4855 2090 4938; baseline 0.009 -28"><span class='ocrx_word' id='word_1_426' title='bbox 505 4859 673 4913; x_wconf 86' lang='lat' dir='ltr'><strong>altare</strong></span> <span class='ocrx_word' id='word_1_427' title='bbox 699 4855 921 4913; x_wconf 87' lang='lat' dir='ltr'><strong>accedit.</strong></span> <span class='ocrx_word' id='word_1_428' title='bbox 965 4856 1071 4912; x_wconf 86' lang='lat' dir='ltr'><strong>Sed</strong></span> <span class='ocrx_word' id='word_1_429' title='bbox 1100 4857 1165 4910; x_wconf 87' lang='lat' dir='ltr'><strong>sit</strong></span> <span class='ocrx_word' id='word_1_430' title='bbox 1198 4857 1286 4911; x_wconf 90' lang='lat' dir='ltr'><strong>tibi</strong></span> <span class='ocrx_word' id='word_1_431' title='bbox 1327 4867 1565 4938; x_wconf 83' lang='lat' dir='ltr'><strong>tanquam</strong></span> <span class='ocrx_word' id='word_1_432' title='bbox 1605 4862 1830 4920; x_wconf 86' lang='lat' dir='ltr'><strong>ethnicus</strong></span> <span class='ocrx_word' id='word_1_433' title='bbox 1853 4876 1899 4920; x_wconf 91' lang='lat' dir='ltr'><strong>et</strong></span> <span class='ocrx_word' id='word_1_434' title='bbox 1926 4870 2090 4938; x_wconf 82' lang='lat' dir='ltr'><strong>publi-</strong></span> 
     </span>
    </p>
   </div>
   <div class='ocr_carea' id='block_1_51' title="bbox 507 4934 2087 5023">
    <p class='ocr_par' dir='ltr' id='par_1_51' title="bbox 507 4934 2087 5023">
     <span class='ocr_line' id='line_1_51' title="bbox 507 4934 2087 5023; baseline 0.009 -20"><span class='ocrx_word' id='word_1_435' title='bbox 507 4966 681 5005; x_wconf 87' lang='lat' dir='ltr'><strong>canus.</strong></span> <span class='ocrx_word' id='word_1_436' title='bbox 704 4949 819 5004; x_wconf 87' lang='lat' dir='ltr'><strong>Noli</strong></span> <span class='ocrx_word' id='word_1_437' title='bbox 846 4949 898 5003; x_wconf 91' lang='lat' dir='ltr'><strong>in</strong></span> <span class='ocrx_word' id='word_1_438' title='bbox 931 4948 1020 5004; x_wconf 90' lang='lat' dir='ltr'><strong>illo</strong></span> <span class='ocrx_word' id='word_1_439' title='bbox 1049 4934 1338 5004; x_wconf 33' lang='lat' dir='ltr'><strong>attendere,</strong></span> <span class='ocrx_word' id='word_1_440' title='bbox 1353 4948 1481 5006; x_wconf 89' lang='lat' dir='ltr'><strong>falsa</strong></span> <span class='ocrx_word' id='word_1_441' title='bbox 1507 4952 1657 5023; x_wconf 88' lang='lat' dir='ltr'><strong>signa</strong></span> <span class='ocrx_word' id='word_1_442' title='bbox 1691 4972 1704 5009; x_wconf 91' lang='lat'>:</span> <span class='ocrx_word' id='word_1_443' title='bbox 1733 4934 2087 5017; x_wconf 32' lang='lat' dir='ltr'><strong>vivens-mor-</strong></span> 
     </span>
    </p>
   </div>
   <div class='ocr_carea' id='block_1_52' title="bbox 508 5037 2087 5107">
    <p class='ocr_par' dir='ltr' id='par_1_52' title="bbox 508 5037 2087 5107">
     <span class='ocr_line' id='line_1_52' title="bbox 508 5037 2087 5107; baseline 0.009 -14"><span class='ocrx_word' id='word_1_444' title='bbox 508 5049 626 5093; x_wconf 87' lang='lat' dir='ltr'><strong>tuus</strong></span> <span class='ocrx_word' id='word_1_445' title='bbox 663 5047 763 5094; x_wconf 88' lang='lat' dir='ltr'><strong>est.</strong></span> <span class='ocrx_word' id='word_1_446' title='bbox 803 5037 952 5094; x_wconf 84' lang='lat' dir='ltr'><strong>Unde</strong></span> <span class='ocrx_word' id='word_1_447' title='bbox 979 5038 1144 5092; x_wconf 85' lang='lat' dir='ltr'><strong>vivit?</strong></span> <span class='ocrx_word' id='word_1_448' title='bbox 1165 5037 1440 5105; x_wconf 87' lang='lat' dir='ltr'><strong>Quomodo</strong></span> <span class='ocrx_word' id='word_1_449' title='bbox 1465 5040 1592 5097; x_wconf 89' lang='lat' dir='ltr'><strong>vivit</strong></span> <span class='ocrx_word' id='word_1_450' title='bbox 1619 5043 1678 5097; x_wconf 79' lang='lat'><strong>&#39;?</strong></span> <span class='ocrx_word' id='word_1_451' title='bbox 1711 5043 1766 5100; x_wconf 91' lang='lat' dir='ltr'><strong>Si</strong></span> <span class='ocrx_word' id='word_1_452' title='bbox 1793 5046 1961 5103; x_wconf 91' lang='lat' dir='ltr'><strong>dicam</strong></span> <span class='ocrx_word' id='word_1_453' title='bbox 1989 5052 2087 5107; x_wconf 91' lang='lat' dir='ltr'><strong>ali-</strong></span> 
     </span>
    </p>
   </div>
   <div class='ocr_carea' id='block_1_53' title="bbox 505 5129 2086 5211">
    <p class='ocr_par' dir='ltr' id='par_1_53' title="bbox 505 5129 2086 5211">
     <span class='ocr_line' id='line_1_53' title="bbox 505 5129 2086 5211; baseline 0.01 -27"><span class='ocrx_word' id='word_1_454' title='bbox 505 5131 589 5184; x_wconf 88' lang='lat' dir='ltr'><strong>cui</strong></span> <span class='ocrx_word' id='word_1_455' title='bbox 620 5130 670 5184; x_wconf 91' lang='lat' dir='ltr'><strong>in</strong></span> <span class='ocrx_word' id='word_1_456' title='bbox 698 5138 985 5200; x_wconf 88' lang='lat' dir='ltr'><strong>conspectu</strong></span> <span class='ocrx_word' id='word_1_457' title='bbox 1015 5137 1192 5184; x_wconf 81' lang='lat' dir='ltr'><strong>vestro</strong></span> <span class='ocrx_word' id='word_1_458' title='bbox 1217 5170 1232 5194; x_wconf 92' lang='lat'><strong>,</strong></span> <span class='ocrx_word' id='word_1_459' title='bbox 1261 5129 1342 5185; x_wconf 88' lang='lat' dir='ltr'><strong>Tu</strong></span> <span class='ocrx_word' id='word_1_460' title='bbox 1375 5129 1476 5186; x_wconf 90' lang='lat' dir='ltr'><strong>hoc</strong></span> <span class='ocrx_word' id='word_1_461' title='bbox 1501 5131 1669 5189; x_wconf 90' lang='lat' dir='ltr'><strong>fecisti</strong></span> <span class='ocrx_word' id='word_1_462' title='bbox 1699 5153 1713 5188; x_wconf 88' lang='lat'><strong>:</strong></span> <span class='ocrx_word' id='word_1_463' title='bbox 1745 5141 2086 5211; x_wconf 87' lang='lat' dir='ltr'><strong>respondebit</strong></span> 
     </span>
    </p>
   </div>
   <div class='ocr_carea' id='block_1_54' title="bbox 503 5219 2082 5297">
    <p class='ocr_par' dir='ltr' id='par_1_54' title="bbox 503 5219 2082 5297">
     <span class='ocr_line' id='line_1_54' title="bbox 503 5219 2082 5297; baseline 0.011 -24"><span class='ocrx_word' id='word_1_464' title='bbox 503 5229 709 5290; x_wconf 90' lang='lat' dir='ltr'><strong>postea,</strong></span> <span class='ocrx_word' id='word_1_465' title='bbox 747 5219 1011 5286; x_wconf 87' lang='lat' dir='ltr'><strong>Quantum</strong></span> <span class='ocrx_word' id='word_1_466' title='bbox 1053 5227 1170 5275; x_wconf 88' lang='lat' dir='ltr'><strong>erat</strong></span> <span class='ocrx_word' id='word_1_467' title='bbox 1212 5219 1273 5272; x_wconf 75' lang='lat'><strong>‘?</strong></span> <span class='ocrx_word' id='word_1_468' title='bbox 1311 5219 1457 5276; x_wconf 85' lang='lat' dir='ltr'><strong>Intus</strong></span> <span class='ocrx_word' id='word_1_469' title='bbox 1505 5238 1592 5280; x_wconf 90' lang='lat' dir='ltr'><strong>me</strong></span> <span class='ocrx_word' id='word_1_470' title='bbox 1632 5239 1894 5297; x_wconf 90' lang='lat' dir='ltr'><strong>moneret,</strong></span> <span class='ocrx_word' id='word_1_471' title='bbox 1941 5232 2082 5290; x_wconf 90' lang='lat' dir='ltr'><strong>intus</strong></span> 
     </span>
    </p>
   </div>
   <div class='ocr_carea' id='block_1_55' title="bbox 503 5307 2079 5390">
    <p class='ocr_par' dir='ltr' id='par_1_55' title="bbox 503 5307 2079 5390">
     <span class='ocr_line' id='line_1_55' title="bbox 503 5307 2079 5390; baseline 0.01 -26"><span class='ocrx_word' id='word_1_472' title='bbox 503 5309 634 5365; x_wconf 87' lang='lat' dir='ltr'><strong>mihi</strong></span> <span class='ocrx_word' id='word_1_473' title='bbox 663 5309 862 5365; x_wconf 91' lang='lat' dir='ltr'><strong>diceret</strong></span> <span class='ocrx_word' id='word_1_474' title='bbox 885 5311 1006 5381; x_wconf 87' lang='lat' dir='ltr'><strong>quia</strong></span> <span class='ocrx_word' id='word_1_475' title='bbox 1037 5310 1176 5365; x_wconf 91' lang='lat' dir='ltr'><strong>male</strong></span> <span class='ocrx_word' id='word_1_476' title='bbox 1205 5307 1303 5365; x_wconf 89' lang='lat' dir='ltr'><strong>feci</strong></span> <span class='ocrx_word' id='word_1_477' title='bbox 1331 5352 1346 5379; x_wconf 93' lang='lat'><strong>,</strong></span> <span class='ocrx_word' id='word_1_478' title='bbox 1370 5311 1512 5368; x_wconf 88' lang='lat' dir='ltr'><strong>intus</strong></span> <span class='ocrx_word' id='word_1_479' title='bbox 1537 5314 1770 5373; x_wconf 89' lang='lat' dir='ltr'><strong>viderem</strong></span> <span class='ocrx_word' id='word_1_480' title='bbox 1802 5331 2079 5390; x_wconf 85' lang='lat' dir='ltr'><strong>peccatum</strong></span> 
     </span>
    </p>
   </div>
   <div class='ocr_carea' id='block_1_56' title="bbox 565 5422 2080 5494">
    <p class='ocr_par' dir='ltr' id='par_1_56' title="bbox 565 5422 2080 5494">
     <span class='ocr_line' id='line_1_56' title="bbox 565 5422 2080 5494; baseline 0.011 -22"><span class='ocrx_word' id='word_1_481' title='bbox 565 5425 583 5456; x_wconf 75' lang='grc' dir='ltr'>ί</span> <span class='ocrx_word' id='word_1_482' title='bbox 608 5422 745 5484; x_wconf 79' lang='lat' dir='ltr'><strong>Editi,</strong></span> <span class='ocrx_word' id='word_1_483' title='bbox 777 5435 874 5494; x_wconf 84' lang='lat' dir='ltr'><strong>par_</strong></span> <span class='ocrx_word' id='word_1_484' title='bbox 901 5431 1107 5494; x_wconf 71' lang='lat' dir='ltr'><strong>uestrum</strong></span> <span class='ocrx_word' id='word_1_485' title='bbox 1139 5436 1262 5494; x_wconf 85' lang='lat' dir='ltr'><strong>sum.</strong></span> <span class='ocrx_word' id='word_1_486' title='bbox 1298 5424 1460 5476; x_wconf 80' lang='lat' dir='ltr'><strong>codex</strong></span> <span class='ocrx_word' id='word_1_487' title='bbox 1498 5439 1610 5492; x_wconf 89' lang='lat' dir='ltr'><strong>rm.,</strong></span> <span class='ocrx_word' id='word_1_488' title='bbox 1645 5442 1822 5494; x_wconf 80' lang='lat' dir='ltr'><strong>paruus</strong></span> <span class='ocrx_word' id='word_1_489' title='bbox 1842 5445 1969 5484; x_wconf 87' lang='lat' dir='ltr'><strong>sum.</strong></span> <span class='ocrx_word' id='word_1_490' title='bbox 1993 5433 2080 5488; x_wconf 82' lang='lat' dir='ltr'><strong>Alii</strong></span> 
     </span>
    </p>
   </div>
   <div class='ocr_carea' id='block_1_57' title="bbox 499 5486 1388 5546">
    <p class='ocr_par' dir='ltr' id='par_1_57' title="bbox 499 5486 1388 5546">
     <span class='ocr_line' id='line_1_57' title="bbox 499 5486 1388 5546; baseline -0.001 -9"><span class='ocrx_word' id='word_1_491' title='bbox 499 5497 620 5537; x_wconf 86' lang='lat' dir='ltr'><strong>vero</strong></span> <span class='ocrx_word' id='word_1_492' title='bbox 641 5486 965 5546; x_wconf 60' lang='lat' dir='ltr'><strong>manusqiipti,</strong></span> <span class='ocrx_word' id='word_1_493' title='bbox 980 5495 1077 5546; x_wconf 81' lang='lat' dir='ltr'><strong>par</strong></span> <span class='ocrx_word' id='word_1_494' title='bbox 1099 5492 1250 5536; x_wconf 81' lang='lat' dir='ltr'><strong>vester</strong></span> <span class='ocrx_word' id='word_1_495' title='bbox 1265 5497 1388 5536; x_wconf 88' lang='lat' dir='ltr'><strong>sum.</strong></span> 
     </span>
    </p>
   </div>
   <div class='ocr_carea' id='block_1_58' title="bbox 562 5544 2078 5622">
    <p class='ocr_par' dir='ltr' id='par_1_58' title="bbox 562 5544 2078 5622">
     <span class='ocr_line' id='line_1_58' title="bbox 562 5544 2078 5622; baseline 0.004 0"><span class='ocrx_word' id='word_1_496' title='bbox 562 5544 1430 5622; x_wconf 53' lang='lat' dir='ltr'><strong>:eeeuislemereuea</strong></span> <span class='ocrx_word' id='word_1_497' title='bbox 1445 5549 1584 5622; x_wconf 54' lang='lat' dir='ltr'><strong>eam</strong></span> <span class='ocrx_word' id='word_1_498' title='bbox 1605 5552 1800 5606; x_wconf 75' lang='grc' dir='ltr'><strong>υίυεηιίε</strong></span> <span class='ocrx_word' id='word_1_499' title='bbox 1827 5563 2078 5610; x_wconf 61' lang='lat' dir='ltr'><strong>mortuus</strong></span> 
     </span>
    </p>
   </div>
   <div class='ocr_carea' id='block_1_59' title="bbox 499 5605 1477 5668">
    <p class='ocr_par' dir='ltr' id='par_1_59' title="bbox 499 5605 1477 5668">
     <span class='ocr_line' id='line_1_59' title="bbox 499 5605 1477 5668; baseline 0.002 -9"><span class='ocrx_word' id='word_1_500' title='bbox 499 5612 585 5660; x_wconf 85' lang='lat' dir='ltr'><strong>est.</strong></span> <span class='ocrx_word' id='word_1_501' title='bbox 625 5608 757 5657; x_wconf 78' lang='lat' dir='ltr'><strong>unde</strong></span> <span class='ocrx_word' id='word_1_502' title='bbox 778 5605 948 5657; x_wconf 76' lang='lat' dir='ltr'><strong>vivitur</strong></span> <span class='ocrx_word' id='word_1_503' title='bbox 963 5606 988 5658; x_wconf 88' lang='lat'><strong>?</strong></span> <span class='ocrx_word' id='word_1_504' title='bbox 1009 5609 1246 5668; x_wconf 81' lang='lat' dir='ltr'><strong>Quomodo</strong></span> <span class='ocrx_word' id='word_1_505' title='bbox 1267 5605 1436 5660; x_wconf 83' lang='lat' dir='ltr'><strong>vivitur</strong></span> <span class='ocrx_word' id='word_1_506' title='bbox 1451 5611 1477 5661; x_wconf 70' lang='grc' dir='ltr'><em>Ρ</em></span> 
     </span>
    </p>
   </div>
   <div class='ocr_carea' id='block_1_60' title="bbox 565 5668 2074 5734">
    <p class='ocr_par' dir='ltr' id='par_1_60' title="bbox 565 5668 2074 5734">
     <span class='ocr_line' id='line_1_60' title="bbox 565 5668 2074 5734; baseline 0.009 -16"><span class='ocrx_word' id='word_1_507' title='bbox 565 5671 587 5701; x_wconf 81' lang='grc'>³</span> <span class='ocrx_word' id='word_1_508' title='bbox 608 5668 766 5734; x_wconf 66' lang='grc' dir='ltr'><strong>ῐέςίἱιὶεΔ</strong></span> <span class='ocrx_word' id='word_1_509' title='bbox 803 5675 1039 5734; x_wconf 79' lang='lat' dir='ltr'><strong>Quantum</strong></span> <span class='ocrx_word' id='word_1_510' title='bbox 1062 5675 1193 5734; x_wconf 78' lang='lat' dir='ltr'><strong>errat</strong></span> <span class='ocrx_word' id='word_1_511' title='bbox 1215 5670 1256 5734; x_wconf 16' lang='lat'><strong>.9,</strong></span> <span class='ocrx_word' id='word_1_512' title='bbox 1281 5679 1336 5722; x_wconf 81' lang='grc' dir='ltr'><strong>Αῑ</strong></span> <span class='ocrx_word' id='word_1_513' title='bbox 1374 5680 1479 5724; x_wconf 77' lang='lat' dir='ltr'><strong>Mss.</strong></span> <span class='ocrx_word' id='word_1_514' title='bbox 1508 5689 1520 5724; x_wconf 90' lang='lat'><strong>:</strong></span> <span class='ocrx_word' id='word_1_515' title='bbox 1545 5682 1778 5734; x_wconf 78' lang='lat' dir='ltr'><strong>Quantum</strong></span> <span class='ocrx_word' id='word_1_516' title='bbox 1818 5679 1962 5730; x_wconf 83' lang='lat' dir='ltr'><strong>erat?</strong></span> <span class='ocrx_word' id='word_1_517' title='bbox 2007 5687 2074 5732; x_wconf 74' lang='lat' dir='ltr'><strong>Ex</strong></span> 
     </span>
    </p>
   </div>
   <div class='ocr_carea' id='block_1_61' title="bbox 498 5731 2074 5844">
    <p class='ocr_par' dir='ltr' id='par_1_61' title="bbox 498 5731 2074 5844">
     <span class='ocr_line' id='line_1_61' title="bbox 498 5731 2074 5844; baseline 0.011 -64"><span class='ocrx_word' id='word_1_518' title='bbox 498 5731 864 5844; x_wconf 45' lang='lat' dir='ltr'><strong>evictorinus</strong></span> <span class='ocrx_word' id='word_1_519' title='bbox 883 5731 1040 5782; x_wconf 87' lang='lat' dir='ltr'><strong>addita</strong></span> <span class='ocrx_word' id='word_1_520' title='bbox 1062 5733 1292 5793; x_wconf 84' lang='lat' dir='ltr'><strong>particula</strong></span> <span class='ocrx_word' id='word_1_521' title='bbox 1314 5731 1634 5802; x_wconf 84' lang='lat' dir='ltr'><strong>prosequitur,</strong></span> <span class='ocrx_word' id='word_1_522' title='bbox 1664 5744 1714 5790; x_wconf 88' lang='lat' dir='ltr'><strong>ut</strong></span> <span class='ocrx_word' id='word_1_523' title='bbox 1735 5737 1861 5794; x_wconf 84' lang='lat' dir='ltr'><strong>intus</strong></span> <span class='ocrx_word' id='word_1_524' title='bbox 1881 5755 1956 5796; x_wconf 88' lang='lat' dir='ltr'><strong>me</strong></span> <span class='ocrx_word' id='word_1_525' title='bbox 1979 5731 2074 5797; x_wconf 44' lang='lat' dir='ltr'><strong>mo;</strong></span> 
     </span>
    </p>
   </div>
   <div class='ocr_carea' id='block_1_62' title="bbox 499 5805 648 5845">
    <p class='ocr_par' dir='ltr' id='par_1_62' title="bbox 499 5805 648 5845">
     <span class='ocr_line' id='line_1_62' title="bbox 499 5805 648 5845; baseline -0.007 -2"><span class='ocrx_word' id='word_1_526' title='bbox 499 5805 648 5845; x_wconf 74' lang='lat' dir='ltr'><strong>neres.</strong></span> 
     </span>
    </p>
   </div>
   <div class='ocr_carea' id='block_1_63' title="bbox 1789 379 2590 441">
    <p class='ocr_par' dir='ltr' id='par_1_63' title="bbox 1789 379 2590 441">
     <span class='ocr_line' id='line_1_63' title="bbox 1789 379 2590 441; baseline 0.005 -6"><span class='ocrx_word' id='word_1_527' title='bbox 1789 382 1848 435; x_wconf 91' lang='lat' dir='ltr'><strong>S.</strong></span> <span class='ocrx_word' id='word_1_528' title='bbox 1887 379 2252 438; x_wconf 80' lang='lat' dir='ltr'><strong>AUCUSTINI</strong></span> <span class='ocrx_word' id='word_1_529' title='bbox 2288 382 2590 441; x_wconf 85' lang='lat' dir='ltr'><strong>EPISCOPI</strong></span> 
     </span>
    </p>
   </div>
   <div class='ocr_carea' id='block_1_64' title="bbox 3720 405 3824 464">
    <p class='ocr_par' dir='ltr' id='par_1_64' title="bbox 3720 405 3824 464">
     <span class='ocr_line' id='line_1_64' title="bbox 3720 405 3824 464; baseline 0.019 -2"><span class='ocrx_word' id='word_1_530' title='bbox 3720 405 3824 464; x_wconf 72' lang='lat'><strong>128</strong></span> 
     </span>
    </p>
   </div>
   <div class='ocr_carea' id='block_1_65' title="bbox 2239 500 3824 592">
    <p class='ocr_par' dir='ltr' id='par_1_65' title="bbox 2239 500 3824 592">
     <span class='ocr_line' id='line_1_65' title="bbox 2239 500 3824 592; baseline 0.016 -40"><span class='ocrx_word' id='word_1_531' title='bbox 2239 512 2416 553; x_wconf 92' lang='lat' dir='ltr'><strong>meum</strong></span> <span class='ocrx_word' id='word_1_532' title='bbox 2459 500 2476 531; x_wconf 85' lang='grc'>¹</span> <span class='ocrx_word' id='word_1_533' title='bbox 2508 516 2521 552; x_wconf 92' lang='lat'>:</span> <span class='ocrx_word' id='word_1_534' title='bbox 2561 515 2726 570; x_wconf 87' lang='lat' dir='ltr'><strong>quare</strong></span> <span class='ocrx_word' id='word_1_535' title='bbox 2773 503 2824 557; x_wconf 92' lang='lat' dir='ltr'><strong>in</strong></span> <span class='ocrx_word' id='word_1_536' title='bbox 2874 507 3068 575; x_wconf 92' lang='lat' dir='ltr'><strong>popqu</strong></span> <span class='ocrx_word' id='word_1_537' title='bbox 3096 509 3304 580; x_wconf 85' lang='lat' dir='ltr'><strong>arguit?</strong></span> <span class='ocrx_word' id='word_1_538' title='bbox 3330 511 3466 580; x_wconf 89' lang='lat' dir='ltr'><strong>Quid</strong></span> <span class='ocrx_word' id='word_1_539' title='bbox 3507 518 3552 573; x_wconf 89' lang='lat' dir='ltr'><strong>si</strong></span> <span class='ocrx_word' id='word_1_540' title='bbox 3597 520 3745 592; x_wconf 90' lang='lat' dir='ltr'><strong>feci,</strong></span> <span class='ocrx_word' id='word_1_541' title='bbox 3769 532 3824 582; x_wconf 89' lang='lat' dir='ltr'><strong>et</strong></span> 
     </span>
    </p>
   </div>
   <div class='ocr_carea' id='block_1_66' title="bbox 2239 590 3822 679">
    <p class='ocr_par' dir='ltr' id='par_1_66' title="bbox 2239 590 3822 679">
     <span class='ocr_line' id='line_1_66' title="bbox 2239 590 3822 679; baseline 0.017 -36"><span class='ocrx_word' id='word_1_542' title='bbox 2239 602 2345 644; x_wconf 93' lang='lat' dir='ltr'><strong>non</strong></span> <span class='ocrx_word' id='word_1_543' title='bbox 2367 590 2832 658; x_wconf 80' lang='lat' dir='ltr'><strong>correxisli?Quid</strong></span> <span class='ocrx_word' id='word_1_544' title='bbox 2850 595 2895 650; x_wconf 94' lang='lat' dir='ltr'><strong>si</strong></span> <span class='ocrx_word' id='word_1_545' title='bbox 2914 595 3041 663; x_wconf 91' lang='lat' dir='ltr'><strong>feci,</strong></span> <span class='ocrx_word' id='word_1_546' title='bbox 3067 608 3118 654; x_wconf 85' lang='lat' dir='ltr'><strong>et</strong></span> <span class='ocrx_word' id='word_1_547' title='bbox 3134 600 3304 656; x_wconf 90' lang='lat' dir='ltr'><strong>adhuc</strong></span> <span class='ocrx_word' id='word_1_548' title='bbox 3321 611 3662 672; x_wconf 78' lang='lat' dir='ltr'><strong>perseveras?</strong></span> <span class='ocrx_word' id='word_1_549' title='bbox 3681 590 3822 679; x_wconf 80' lang='lat' dir='ltr'><strong>Quid</strong></span> 
     </span>
    </p>
   </div>
   <div class='ocr_carea' id='block_1_67' title="bbox 2238 677 3821 761">
    <p class='ocr_par' dir='ltr' id='par_1_67' title="bbox 2238 677 3821 761">
     <span class='ocr_line' id='line_1_67' title="bbox 2238 677 3821 761; baseline 0.018 -29"><span class='ocrx_word' id='word_1_550' title='bbox 2238 678 2282 732; x_wconf 92' lang='lat' dir='ltr'><strong>si</strong></span> <span class='ocrx_word' id='word_1_551' title='bbox 2301 677 2418 744; x_wconf 85' lang='lat' dir='ltr'><strong>feci,</strong></span> <span class='ocrx_word' id='word_1_552' title='bbox 2445 688 2499 734; x_wconf 90' lang='lat' dir='ltr'><strong>et</strong></span> <span class='ocrx_word' id='word_1_553' title='bbox 2526 679 2699 736; x_wconf 91' lang='lat' dir='ltr'><strong>adhuc</strong></span> <span class='ocrx_word' id='word_1_554' title='bbox 2725 682 2817 737; x_wconf 89' lang='lat' dir='ltr'><strong>tibi</strong></span> <span class='ocrx_word' id='word_1_555' title='bbox 2841 684 2976 741; x_wconf 89' lang='lat' dir='ltr'><strong>bene</strong></span> <span class='ocrx_word' id='word_1_556' title='bbox 2996 686 3186 745; x_wconf 83' lang='lat' dir='ltr'><strong>fecisse</strong></span> <span class='ocrx_word' id='word_1_557' title='bbox 3208 691 3401 750; x_wconf 90' lang='lat' dir='ltr'><strong>videris</strong></span> <span class='ocrx_word' id='word_1_558' title='bbox 3426 696 3477 751; x_wconf 93' lang='lat' dir='ltr'><strong>in</strong></span> <span class='ocrx_word' id='word_1_559' title='bbox 3496 699 3659 756; x_wconf 91' lang='lat' dir='ltr'><strong>corde</strong></span> <span class='ocrx_word' id='word_1_560' title='bbox 3685 677 3821 761; x_wconf 82' lang='lat' dir='ltr'><strong>tuo?</strong></span> 
     </span>
    </p>
   </div>
   <div class='ocr_carea' id='block_1_68' title="bbox 2237 769 3816 866">
    <p class='ocr_par' dir='ltr' id='par_1_68' title="bbox 2237 769 3816 866">
     <span class='ocr_line' id='line_1_68' title="bbox 2237 769 3816 866; baseline 0.02 -42"><span class='ocrx_word' id='word_1_561' title='bbox 2237 769 2369 838; x_wconf 88' lang='lat' dir='ltr'><strong>Quia</strong></span> <span class='ocrx_word' id='word_1_562' title='bbox 2395 780 2537 829; x_wconf 90' lang='lat' dir='ltr'><strong>tacet</strong></span> <span class='ocrx_word' id='word_1_563' title='bbox 2560 775 2668 841; x_wconf 92' lang='lat' dir='ltr'><strong>ille,</strong></span> <span class='ocrx_word' id='word_1_564' title='bbox 2687 776 2860 846; x_wconf 89' lang='lat' dir='ltr'><strong>justus</strong></span> <span class='ocrx_word' id='word_1_565' title='bbox 2881 782 3120 851; x_wconf 86' lang='lat' dir='ltr'><strong>es?Quia</strong></span> <span class='ocrx_word' id='word_1_566' title='bbox 3143 787 3231 844; x_wconf 88' lang='lat' dir='ltr'><strong>ille</strong></span> <span class='ocrx_word' id='word_1_567' title='bbox 3251 791 3408 849; x_wconf 89' lang='lat' dir='ltr'><strong>modo</strong></span> <span class='ocrx_word' id='word_1_568' title='bbox 3436 810 3540 851; x_wconf 90' lang='lat' dir='ltr'><strong>non</strong></span> <span class='ocrx_word' id='word_1_569' title='bbox 3564 798 3816 866; x_wconf 89' lang='lat' dir='ltr'><strong>vindicat,</strong></span> 
     </span>
    </p>
   </div>
   <div class='ocr_carea' id='block_1_69' title="bbox 2237 865 3814 956">
    <p class='ocr_par' dir='ltr' id='par_1_69' title="bbox 2237 865 3814 956">
     <span class='ocr_line' id='line_1_69' title="bbox 2237 865 3814 956; baseline 0.02 -37"><span class='ocrx_word' id='word_1_570' title='bbox 2237 865 2370 956; x_wconf 89' lang='lat' dir='ltr'><strong>nihil</strong></span> <span class='ocrx_word' id='word_1_571' title='bbox 2425 870 2564 925; x_wconf 91' lang='lat' dir='ltr'><strong>male</strong></span> <span class='ocrx_word' id='word_1_572' title='bbox 2619 871 2831 929; x_wconf 88' lang='lat' dir='ltr'><strong>fecisti?</strong></span> <span class='ocrx_word' id='word_1_573' title='bbox 2881 877 2994 932; x_wconf 91' lang='lat' dir='ltr'><strong>Non</strong></span> <span class='ocrx_word' id='word_1_574' title='bbox 3052 880 3240 946; x_wconf 89' lang='lat' dir='ltr'><strong>times,</strong></span> <span class='ocrx_word' id='word_1_575' title='bbox 3287 884 3514 956; x_wconf 82' lang='lat' dir='ltr'><strong>Arguam</strong></span> <span class='ocrx_word' id='word_1_576' title='bbox 3566 893 3658 946; x_wconf 79' lang='lat' dir='ltr'><strong>te?</strong></span> <span class='ocrx_word' id='word_1_577' title='bbox 3695 865 3814 950; x_wconf 85' lang='lat' dir='ltr'><strong>Non</strong></span> 
     </span>
    </p>
   </div>
   <div class='ocr_carea' id='block_1_70' title="bbox 2237 955 3821 1039">
    <p class='ocr_par' dir='ltr' id='par_1_70' title="bbox 2237 955 3821 1039">
     <span class='ocr_line' id='line_1_70' title="bbox 2237 955 3821 1039; baseline 0.019 -30"><span class='ocrx_word' id='word_1_578' title='bbox 2237 955 2407 1023; x_wconf 90' lang='lat' dir='ltr'><strong>times,</strong></span> <span class='ocrx_word' id='word_1_579' title='bbox 2445 956 2758 1016; x_wconf 86' lang='lat' dir='ltr'><strong>Constituam</strong></span> <span class='ocrx_word' id='word_1_580' title='bbox 2795 973 2843 1018; x_wconf 90' lang='lat' dir='ltr'><strong>te</strong></span> <span class='ocrx_word' id='word_1_581' title='bbox 2885 978 3001 1020; x_wconf 88' lang='lat' dir='ltr'><strong>ante</strong></span> <span class='ocrx_word' id='word_1_582' title='bbox 3043 971 3224 1039; x_wconf 85' lang='lat' dir='ltr'><strong>faciem</strong></span> <span class='ocrx_word' id='word_1_583' title='bbox 3265 955 3440 1030; x_wconf 80' lang='lat' dir='ltr'><strong>tuam?</strong></span> <span class='ocrx_word' id='word_1_584' title='bbox 3473 993 3580 1034; x_wconf 89' lang='lat' dir='ltr'><strong>non</strong></span> <span class='ocrx_word' id='word_1_585' title='bbox 3629 981 3821 1038; x_wconf 84' lang='lat' dir='ltr'><strong>times?</strong></span> 
     </span>
    </p>
   </div>
   <div class='ocr_carea' id='block_1_71' title="bbox 2304 1045 3822 1144">
    <p class='ocr_par' dir='ltr' id='par_1_71' title="bbox 2304 1045 3822 1144">
     <span class='ocr_line' id='line_1_71' title="bbox 2304 1045 3822 1144; baseline 0.017 -42"><span class='ocrx_word' id='word_1_586' title='bbox 2304 1045 2530 1144; x_wconf 77' lang='lat' dir='ltr'><strong>CAPU&#39;I‘</strong></span> <span class='ocrx_word' id='word_1_587' title='bbox 2562 1051 2671 1144; x_wconf 66' lang='lat' dir='ltr'><strong>IIII.</strong></span> <span class='ocrx_word' id='word_1_588' title='bbox 2702 1083 2773 1095; x_wconf 91' lang='lat'><strong><em>—</em></strong></span> <span class='ocrx_word' id='word_1_589' title='bbox 2799 1056 2850 1109; x_wconf 90' lang='lat'><strong>7.</strong></span> <span class='ocrx_word' id='word_1_590' title='bbox 2889 1056 3014 1113; x_wconf 79' lang='lat' dir='ltr'><strong>Vita:</strong></span> <span class='ocrx_word' id='word_1_591' title='bbox 3040 1060 3270 1118; x_wconf 80' lang='lat' dir='ltr'><strong>brevitas.</strong></span> <span class='ocrx_word' id='word_1_592' title='bbox 3303 1065 3468 1122; x_wconf 81' lang='lat' dir='ltr'><strong>Homo</strong></span> <span class='ocrx_word' id='word_1_593' title='bbox 3503 1070 3629 1125; x_wconf 89' lang='lat' dir='ltr'><strong>vitro</strong></span> <span class='ocrx_word' id='word_1_594' title='bbox 3658 1075 3822 1144; x_wconf 79' lang='lat' dir='ltr'><strong>fragi-</strong></span> 
     </span>
    </p>
   </div>
   <div class='ocr_carea' id='block_1_72' title="bbox 2234 1139 3902 1234">
    <p class='ocr_par' dir='ltr' id='par_1_72' title="bbox 2234 1139 3902 1234">
     <span class='ocr_line' id='line_1_72' title="bbox 2234 1139 3902 1234; baseline 0.017 -41"><span class='ocrx_word' id='word_1_595' title='bbox 2234 1139 2509 1234; x_wconf 34' lang='lat' dir='ltr'><strong>lioraSed</strong></span> <span class='ocrx_word' id='word_1_596' title='bbox 2563 1143 2717 1215; x_wconf 86' lang='lat' dir='ltr'><strong>longe</strong></span> <span class='ocrx_word' id='word_1_597' title='bbox 2763 1155 2865 1215; x_wconf 89' lang='lat' dir='ltr'><strong>est,</strong></span> <span class='ocrx_word' id='word_1_598' title='bbox 2919 1150 3112 1220; x_wconf 89' lang='lat' dir='ltr'><strong>inquis,</strong></span> <span class='ocrx_word' id='word_1_599' title='bbox 3137 1153 3416 1223; x_wconf 88' lang='lat' dir='ltr'><strong>judicium.</strong></span> <span class='ocrx_word' id='word_1_600' title='bbox 3463 1139 3668 1230; x_wconf 76' lang='lat' dir='ltr'><strong>Primo,</strong></span> <span class='ocrx_word' id='word_1_601' title='bbox 3697 1139 3818 1234; x_wconf 80' lang='lat' dir='ltr'><strong>quis</strong></span> <span class='ocrx_word' id='word_1_602' title='bbox 3897 1192 3902 1197; x_wconf 62' lang='grc' dir='ltr'><em>ι</em></span> 
     </span>
    </p>
   </div>
   <div class='ocr_carea' id='block_1_73' title="bbox 2234 1232 3819 1330">
    <p class='ocr_par' dir='ltr' id='par_1_73' title="bbox 2234 1232 3819 1330">
     <span class='ocr_line' id='line_1_73' title="bbox 2234 1232 3819 1330; baseline 0.018 -45"><span class='ocrx_word' id='word_1_603' title='bbox 2234 1232 2327 1286; x_wconf 89' lang='lat' dir='ltr'><strong>tibi</strong></span> <span class='ocrx_word' id='word_1_604' title='bbox 2355 1233 2492 1330; x_wconf 73' lang='lat' dir='ltr'><strong>dixit</strong></span> <span class='ocrx_word' id='word_1_605' title='bbox 2515 1237 2816 1330; x_wconf 75' lang='lat' dir='ltr'><strong>quialonge</strong></span> <span class='ocrx_word' id='word_1_606' title='bbox 2837 1251 2914 1297; x_wconf 88' lang='lat' dir='ltr'><strong>est</strong></span> <span class='ocrx_word' id='word_1_607' title='bbox 2938 1242 3053 1300; x_wconf 91' lang='lat' dir='ltr'><strong>dies</strong></span> <span class='ocrx_word' id='word_1_608' title='bbox 3068 1244 3289 1315; x_wconf 86' lang='lat' dir='ltr'><strong>judicii?</strong></span> <span class='ocrx_word' id='word_1_609' title='bbox 3309 1249 3572 1324; x_wconf 81' lang='lat' dir='ltr'><strong>Numquid</strong></span> <span class='ocrx_word' id='word_1_610' title='bbox 3594 1257 3637 1310; x_wconf 91' lang='lat' dir='ltr'><strong>si</strong></span> <span class='ocrx_word' id='word_1_611' title='bbox 3660 1232 3819 1330; x_wconf 79' lang='lat' dir='ltr'><strong>longe</strong></span> 
     </span>
    </p>
   </div>
   <div class='ocr_carea' id='block_1_74' title="bbox 2231 1323 3819 1417">
    <p class='ocr_par' dir='ltr' id='par_1_74' title="bbox 2231 1323 3819 1417">
     <span class='ocr_line' id='line_1_74' title="bbox 2231 1323 3819 1417; baseline 0.019 -42"><span class='ocrx_word' id='word_1_612' title='bbox 2231 1331 2314 1376; x_wconf 84' lang='lat' dir='ltr'><strong>est</strong></span> <span class='ocrx_word' id='word_1_613' title='bbox 2339 1323 2452 1379; x_wconf 86' lang='lat' dir='ltr'><strong>dies</strong></span> <span class='ocrx_word' id='word_1_614' title='bbox 2472 1325 2675 1396; x_wconf 86' lang='lat' dir='ltr'><strong>judicii,</strong></span> <span class='ocrx_word' id='word_1_615' title='bbox 2706 1329 2860 1402; x_wconf 91' lang='lat' dir='ltr'><strong>longe</strong></span> <span class='ocrx_word' id='word_1_616' title='bbox 2882 1342 2962 1388; x_wconf 91' lang='lat' dir='ltr'><strong>est</strong></span> <span class='ocrx_word' id='word_1_617' title='bbox 2985 1334 3098 1391; x_wconf 91' lang='lat' dir='ltr'><strong>dies</strong></span> <span class='ocrx_word' id='word_1_618' title='bbox 3123 1339 3282 1393; x_wconf 91' lang='lat' dir='ltr'><strong>tuus?</strong></span> <span class='ocrx_word' id='word_1_619' title='bbox 3305 1339 3453 1398; x_wconf 90' lang='lat' dir='ltr'><strong>Unde</strong></span> <span class='ocrx_word' id='word_1_620' title='bbox 3472 1323 3577 1400; x_wconf 75' lang='lat' dir='ltr'><strong>Scis</strong></span> <span class='ocrx_word' id='word_1_621' title='bbox 3601 1323 3819 1417; x_wconf 76' lang='lat' dir='ltr'><strong>quando</strong></span> 
     </span>
    </p>
   </div>
   <div class='ocr_carea' id='block_1_75' title="bbox 2230 1415 3815 1496">
    <p class='ocr_par' dir='ltr' id='par_1_75' title="bbox 2230 1415 3815 1496">
     <span class='ocr_line' id='line_1_75' title="bbox 2230 1415 3815 1496; baseline 0.016 -28"><span class='ocrx_word' id='word_1_622' title='bbox 2230 1415 2354 1468; x_wconf 58' lang='lat' dir='ltr'><strong>est?</strong></span> <span class='ocrx_word' id='word_1_623' title='bbox 2382 1415 2568 1472; x_wconf 85' lang='lat' dir='ltr'><strong>Nonne</strong></span> <span class='ocrx_word' id='word_1_624' title='bbox 2605 1421 2754 1476; x_wconf 90' lang='lat' dir='ltr'><strong>multi</strong></span> <span class='ocrx_word' id='word_1_625' title='bbox 2797 1425 2912 1478; x_wconf 90' lang='lat' dir='ltr'><strong>sani</strong></span> <span class='ocrx_word' id='word_1_626' title='bbox 2949 1424 3280 1486; x_wconf 89' lang='lat' dir='ltr'><strong>dormierunt</strong></span> <span class='ocrx_word' id='word_1_627' title='bbox 3320 1441 3374 1488; x_wconf 91' lang='lat' dir='ltr'><strong>et</strong></span> <span class='ocrx_word' id='word_1_628' title='bbox 3413 1415 3815 1496; x_wconf 80' lang='lat' dir='ltr'><strong>obduruerunt?</strong></span> 
     </span>
    </p>
   </div>
   <div class='ocr_carea' id='block_1_76' title="bbox 2228 1503 3814 1598">
    <p class='ocr_par' dir='ltr' id='par_1_76' title="bbox 2228 1503 3814 1598">
     <span class='ocr_line' id='line_1_76' title="bbox 2228 1503 3814 1598; baseline 0.018 -40"><span class='ocrx_word' id='word_1_629' title='bbox 2228 1503 2414 1561; x_wconf 91' lang='lat' dir='ltr'><strong>Nonne</strong></span> <span class='ocrx_word' id='word_1_630' title='bbox 2456 1523 2610 1566; x_wconf 89' lang='lat' dir='ltr'><strong>casus</strong></span> <span class='ocrx_word' id='word_1_631' title='bbox 2650 1521 2862 1569; x_wconf 85' lang='lat' dir='ltr'><strong>nostros</strong></span> <span class='ocrx_word' id='word_1_632' title='bbox 2900 1516 3174 1574; x_wconf 86' lang='lat' dir='ltr'><strong>nobiscum</strong></span> <span class='ocrx_word' id='word_1_633' title='bbox 3216 1521 3271 1576; x_wconf 92' lang='lat' dir='ltr'><strong>in</strong></span> <span class='ocrx_word' id='word_1_634' title='bbox 3308 1521 3408 1578; x_wconf 87' lang='lat' dir='ltr'><strong>hac</strong></span> <span class='ocrx_word' id='word_1_635' title='bbox 3441 1540 3600 1584; x_wconf 91' lang='lat' dir='ltr'><strong>carne</strong></span> <span class='ocrx_word' id='word_1_636' title='bbox 3629 1540 3814 1598; x_wconf 88' lang='lat' dir='ltr'><strong>porta-</strong></span> 
     </span>
    </p>
   </div>
   <div class='ocr_carea' id='block_1_77' title="bbox 2228 1598 3814 1684">
    <p class='ocr_par' dir='ltr' id='par_1_77' title="bbox 2228 1598 3814 1684">
     <span class='ocr_line' id='line_1_77' title="bbox 2228 1598 3814 1684; baseline 0.019 -34"><span class='ocrx_word' id='word_1_637' title='bbox 2228 1598 2381 1652; x_wconf 88' lang='lat' dir='ltr'><strong>mus?</strong></span> <span class='ocrx_word' id='word_1_638' title='bbox 2407 1599 2593 1657; x_wconf 91' lang='lat' dir='ltr'><strong>Nonne</strong></span> <span class='ocrx_word' id='word_1_639' title='bbox 2631 1601 2928 1676; x_wconf 88' lang='lat' dir='ltr'><strong>fragiliores</strong></span> <span class='ocrx_word' id='word_1_640' title='bbox 2964 1622 3174 1676; x_wconf 91' lang='lat' dir='ltr'><strong>sumus,</strong></span> <span class='ocrx_word' id='word_1_641' title='bbox 3207 1628 3364 1684; x_wconf 91' lang='lat' dir='ltr'><strong>quam</strong></span> <span class='ocrx_word' id='word_1_642' title='bbox 3407 1617 3452 1671; x_wconf 92' lang='lat' dir='ltr'><strong>si</strong></span> <span class='ocrx_word' id='word_1_643' title='bbox 3480 1619 3634 1676; x_wconf 89' lang='lat' dir='ltr'><strong>vitrei</strong></span> <span class='ocrx_word' id='word_1_644' title='bbox 3662 1638 3814 1680; x_wconf 88' lang='lat' dir='ltr'><strong>esse-</strong></span> 
     </span>
    </p>
   </div>
   <div class='ocr_carea' id='block_1_78' title="bbox 2226 1688 3803 1773">
    <p class='ocr_par' dir='ltr' id='par_1_78' title="bbox 2226 1688 3803 1773">
     <span class='ocr_line' id='line_1_78' title="bbox 2226 1688 3803 1773; baseline 0.019 -32"><span class='ocrx_word' id='word_1_645' title='bbox 2226 1688 2388 1743; x_wconf 90' lang='lat' dir='ltr'><strong>mus?</strong></span> <span class='ocrx_word' id='word_1_646' title='bbox 2421 1691 2622 1747; x_wconf 82' lang='lat' dir='ltr'><strong>Vitrum</strong></span> <span class='ocrx_word' id='word_1_647' title='bbox 2651 1695 2793 1750; x_wconf 93' lang='lat' dir='ltr'><strong>enim</strong></span> <span class='ocrx_word' id='word_1_648' title='bbox 2818 1698 2920 1752; x_wconf 91' lang='lat' dir='ltr'><strong>etsi</strong></span> <span class='ocrx_word' id='word_1_649' title='bbox 2945 1697 3129 1772; x_wconf 85' lang='lat' dir='ltr'><strong>fragile</strong></span> <span class='ocrx_word' id='word_1_650' title='bbox 3161 1714 3242 1759; x_wconf 91' lang='lat' dir='ltr'><strong>est</strong></span> <span class='ocrx_word' id='word_1_651' title='bbox 3263 1747 3278 1773; x_wconf 94' lang='lat'><strong>,</strong></span> <span class='ocrx_word' id='word_1_652' title='bbox 3308 1715 3485 1764; x_wconf 90' lang='lat' dir='ltr'><strong>tamen</strong></span> <span class='ocrx_word' id='word_1_653' title='bbox 3529 1723 3803 1772; x_wconf 88' lang='lat' dir='ltr'><strong>servatum</strong></span> 
     </span>
    </p>
   </div>
   <div class='ocr_carea' id='block_1_79' title="bbox 2226 1777 3812 1872">
    <p class='ocr_par' dir='ltr' id='par_1_79' title="bbox 2226 1777 3812 1872">
     <span class='ocr_line' id='line_1_79' title="bbox 2226 1777 3812 1872; baseline 0.02 -41"><span class='ocrx_word' id='word_1_654' title='bbox 2226 1777 2314 1832; x_wconf 92' lang='lat' dir='ltr'><strong>diu</strong></span> <span class='ocrx_word' id='word_1_655' title='bbox 2345 1779 2500 1836; x_wconf 89' lang='lat' dir='ltr'><strong>durat</strong></span> <span class='ocrx_word' id='word_1_656' title='bbox 2535 1800 2548 1835; x_wconf 92' lang='lat'><strong>:</strong></span> <span class='ocrx_word' id='word_1_657' title='bbox 2589 1793 2645 1839; x_wconf 94' lang='lat' dir='ltr'><strong>et</strong></span> <span class='ocrx_word' id='word_1_658' title='bbox 2682 1785 2886 1843; x_wconf 92' lang='lat' dir='ltr'><strong>invenis</strong></span> <span class='ocrx_word' id='word_1_659' title='bbox 2913 1791 3107 1848; x_wconf 88' lang='lat' dir='ltr'><strong>calices</strong></span> <span class='ocrx_word' id='word_1_660' title='bbox 3148 1795 3216 1850; x_wconf 91' lang='lat' dir='ltr'><strong>ab</strong></span> <span class='ocrx_word' id='word_1_661' title='bbox 3249 1798 3362 1853; x_wconf 90' lang='lat' dir='ltr'><strong>avis</strong></span> <span class='ocrx_word' id='word_1_662' title='bbox 3399 1809 3453 1854; x_wconf 85' lang='lat' dir='ltr'><strong>et</strong></span> <span class='ocrx_word' id='word_1_663' title='bbox 3481 1805 3724 1872; x_wconf 86' lang='lat' dir='ltr'><strong>proavis,</strong></span> <span class='ocrx_word' id='word_1_664' title='bbox 3757 1807 3812 1863; x_wconf 91' lang='lat' dir='ltr'><strong>in</strong></span> 
     </span>
    </p>
   </div>
   <div class='ocr_carea' id='block_1_80' title="bbox 2226 1871 3802 1968">
    <p class='ocr_par' dir='ltr' id='par_1_80' title="bbox 2226 1871 3802 1968">
     <span class='ocr_line' id='line_1_80' title="bbox 2226 1871 3802 1968; baseline 0.02 -45"><span class='ocrx_word' id='word_1_665' title='bbox 2226 1871 2426 1968; x_wconf 73' lang='lat' dir='ltr'><strong>quibus</strong></span> <span class='ocrx_word' id='word_1_666' title='bbox 2441 1873 2627 1931; x_wconf 88' lang='lat' dir='ltr'><strong>bibunt</strong></span> <span class='ocrx_word' id='word_1_667' title='bbox 2653 1888 2874 1949; x_wconf 87' lang='lat' dir='ltr'><strong>nepotes</strong></span> <span class='ocrx_word' id='word_1_668' title='bbox 2902 1891 2956 1937; x_wconf 90' lang='lat' dir='ltr'><strong>et</strong></span> <span class='ocrx_word' id='word_1_669' title='bbox 2985 1896 3322 1956; x_wconf 90' lang='lat' dir='ltr'><strong>pronepotes.</strong></span> <span class='ocrx_word' id='word_1_670' title='bbox 3351 1871 3518 1948; x_wconf 89' lang='lat' dir='ltr'><strong>Tanta</strong></span> <span class='ocrx_word' id='word_1_671' title='bbox 3545 1893 3802 1968; x_wconf 84' lang='lat' dir='ltr'><strong>fragilitas</strong></span> 
     </span>
    </p>
   </div>
   <div class='ocr_carea' id='block_1_81' title="bbox 2225 1963 3812 2052">
    <p class='ocr_par' dir='ltr' id='par_1_81' title="bbox 2225 1963 3812 2052">
     <span class='ocr_line' id='line_1_81' title="bbox 2225 1963 3812 2052; baseline 0.02 -37"><span class='ocrx_word' id='word_1_672' title='bbox 2225 1963 2481 2019; x_wconf 89' lang='lat' dir='ltr'><strong>custodita</strong></span> <span class='ocrx_word' id='word_1_673' title='bbox 2521 1976 2606 2022; x_wconf 90' lang='lat' dir='ltr'><strong>est</strong></span> <span class='ocrx_word' id='word_1_674' title='bbox 2645 1984 2740 2038; x_wconf 91' lang='lat' dir='ltr'><strong>per</strong></span> <span class='ocrx_word' id='word_1_675' title='bbox 2764 1985 2950 2028; x_wconf 88' lang='lat' dir='ltr'><strong>annos.</strong></span> <span class='ocrx_word' id='word_1_676' title='bbox 2979 1975 3087 2032; x_wconf 93' lang='lat' dir='ltr'><strong>Nos</strong></span> <span class='ocrx_word' id='word_1_677' title='bbox 3124 1987 3298 2035; x_wconf 89' lang='lat' dir='ltr'><strong>autem</strong></span> <span class='ocrx_word' id='word_1_678' title='bbox 3328 1983 3568 2040; x_wconf 89' lang='lat' dir='ltr'><strong>homines</strong></span> <span class='ocrx_word' id='word_1_679' title='bbox 3588 2029 3602 2052; x_wconf 91' lang='lat'><strong>,</strong></span> <span class='ocrx_word' id='word_1_680' title='bbox 3628 1963 3686 2044; x_wconf 76' lang='lat' dir='ltr'><strong>et</strong></span> <span class='ocrx_word' id='word_1_681' title='bbox 3712 1993 3812 2048; x_wconf 91' lang='lat' dir='ltr'><strong>sub</strong></span> 
     </span>
    </p>
   </div>
   <div class='ocr_carea' id='block_1_82' title="bbox 2225 2053 3808 2146">
    <p class='ocr_par' dir='ltr' id='par_1_82' title="bbox 2225 2053 3808 2146">
     <span class='ocr_line' id='line_1_82' title="bbox 2225 2053 3808 2146; baseline 0.021 -41"><span class='ocrx_word' id='word_1_682' title='bbox 2225 2053 2384 2108; x_wconf 77' lang='lat' dir='ltr'><strong>tantis</strong></span> <span class='ocrx_word' id='word_1_683' title='bbox 2420 2057 2630 2113; x_wconf 84' lang='lat' dir='ltr'><strong>casibus</strong></span> <span class='ocrx_word' id='word_1_684' title='bbox 2670 2061 2989 2130; x_wconf 91' lang='lat' dir='ltr'><strong>quotidianis</strong></span> <span class='ocrx_word' id='word_1_685' title='bbox 3034 2065 3248 2138; x_wconf 84' lang='lat' dir='ltr'><strong>fragiles</strong></span> <span class='ocrx_word' id='word_1_686' title='bbox 3283 2073 3649 2146; x_wconf 86' lang='lat' dir='ltr'><strong>ambulamus;</strong></span> <span class='ocrx_word' id='word_1_687' title='bbox 3682 2083 3808 2138; x_wconf 90' lang='lat' dir='ltr'><strong>etsi</strong></span> 
     </span>
    </p>
   </div>
   <div class='ocr_carea' id='block_1_83' title="bbox 2223 2146 3809 2230">
    <p class='ocr_par' dir='ltr' id='par_1_83' title="bbox 2223 2146 3809 2230">
     <span class='ocr_line' id='line_1_83' title="bbox 2223 2146 3809 2230; baseline 0.02 -33"><span class='ocrx_word' id='word_1_688' title='bbox 2223 2157 2378 2199; x_wconf 90' lang='lat' dir='ltr'><strong>casus</strong></span> <span class='ocrx_word' id='word_1_689' title='bbox 2402 2146 2499 2216; x_wconf 88' lang='lat' dir='ltr'><strong>ipsi</strong></span> <span class='ocrx_word' id='word_1_690' title='bbox 2527 2152 2788 2219; x_wconf 85' lang='lat' dir='ltr'><strong>repentini</strong></span> <span class='ocrx_word' id='word_1_691' title='bbox 2815 2169 2917 2209; x_wconf 92' lang='lat' dir='ltr'><strong>non</strong></span> <span class='ocrx_word' id='word_1_692' title='bbox 2947 2158 3268 2228; x_wconf 84' lang='lat' dir='ltr'><strong>acciderent,</strong></span> <span class='ocrx_word' id='word_1_693' title='bbox 3295 2163 3388 2219; x_wconf 92' lang='lat' dir='ltr'><strong>diu</strong></span> <span class='ocrx_word' id='word_1_694' title='bbox 3421 2175 3595 2224; x_wconf 89' lang='lat' dir='ltr'><strong>tamen</strong></span> <span class='ocrx_word' id='word_1_695' title='bbox 3627 2172 3809 2230; x_wconf 89' lang='lat' dir='ltr'><strong>vivere</strong></span> 
     </span>
    </p>
   </div>
   <div class='ocr_carea' id='block_1_84' title="bbox 2223 2238 3810 2327">
    <p class='ocr_par' dir='ltr' id='par_1_84' title="bbox 2223 2238 3810 2327">
     <span class='ocr_line' id='line_1_84' title="bbox 2223 2238 3810 2327; baseline 0.02 -39"><span class='ocrx_word' id='word_1_696' title='bbox 2223 2250 2330 2290; x_wconf 92' lang='lat' dir='ltr'><strong>non</strong></span> <span class='ocrx_word' id='word_1_697' title='bbox 2361 2238 2676 2295; x_wconf 90' lang='lat' dir='ltr'><strong>valeremus.</strong></span> <span class='ocrx_word' id='word_1_698' title='bbox 2702 2242 2821 2298; x_wconf 78' lang='lat' dir='ltr'><strong>Vita</strong></span> <span class='ocrx_word' id='word_1_699' title='bbox 2851 2243 3079 2303; x_wconf 87' lang='lat' dir='ltr'><strong>humana</strong></span> <span class='ocrx_word' id='word_1_700' title='bbox 3122 2259 3226 2306; x_wconf 89' lang='lat' dir='ltr'><strong>tota</strong></span> <span class='ocrx_word' id='word_1_701' title='bbox 3257 2254 3435 2311; x_wconf 89' lang='lat' dir='ltr'><strong>brevis</strong></span> <span class='ocrx_word' id='word_1_702' title='bbox 3471 2268 3552 2314; x_wconf 91' lang='lat' dir='ltr'><strong>est</strong></span> <span class='ocrx_word' id='word_1_703' title='bbox 3575 2300 3590 2327; x_wconf 96' lang='lat'><strong>,</strong></span> <span class='ocrx_word' id='word_1_704' title='bbox 3624 2261 3692 2316; x_wconf 91' lang='lat' dir='ltr'><strong>ab</strong></span> <span class='ocrx_word' id='word_1_705' title='bbox 3721 2264 3810 2319; x_wconf 81' lang='lat' dir='ltr'><strong>in-</strong></span> 
     </span>
    </p>
   </div>
   <div class='ocr_carea' id='block_1_85' title="bbox 2221 2325 3814 2412">
    <p class='ocr_par' dir='ltr' id='par_1_85' title="bbox 2221 2325 3814 2412">
     <span class='ocr_line' id='line_1_85' title="bbox 2221 2325 3814 2412; baseline 0.02 -34"><span class='ocrx_word' id='word_1_706' title='bbox 2221 2325 2381 2381; x_wconf 84' lang='lat' dir='ltr'><strong>fantia</strong></span> <span class='ocrx_word' id='word_1_707' title='bbox 2419 2343 2585 2400; x_wconf 89' lang='lat' dir='ltr'><strong>usque</strong></span> <span class='ocrx_word' id='word_1_708' title='bbox 2627 2332 2692 2387; x_wconf 91' lang='lat' dir='ltr'><strong>ad</strong></span> <span class='ocrx_word' id='word_1_709' title='bbox 2733 2333 3060 2406; x_wconf 89' lang='lat' dir='ltr'><strong>decrepitam</strong></span> <span class='ocrx_word' id='word_1_710' title='bbox 3106 2354 3433 2402; x_wconf 85' lang='lat' dir='ltr'><strong>senectutem</strong></span> <span class='ocrx_word' id='word_1_711' title='bbox 3473 2325 3583 2405; x_wconf 86' lang='lat' dir='ltr'><strong>tota</strong></span> <span class='ocrx_word' id='word_1_712' title='bbox 3629 2352 3814 2412; x_wconf 80' lang='lat' dir='ltr'><strong>brevis</strong></span> 
     </span>
    </p>
   </div>
   <div class='ocr_carea' id='block_1_86' title="bbox 2221 2419 3811 2515">
    <p class='ocr_par' dir='ltr' id='par_1_86' title="bbox 2221 2419 3811 2515">
     <span class='ocr_line' id='line_1_86' title="bbox 2221 2419 3811 2515; baseline 0.019 -45"><span class='ocrx_word' id='word_1_713' title='bbox 2221 2424 2319 2471; x_wconf 87' lang='lat' dir='ltr'><strong>est.</strong></span> <span class='ocrx_word' id='word_1_714' title='bbox 2353 2419 2520 2474; x_wconf 86' lang='lat' dir='ltr'><strong>Adam</strong></span> <span class='ocrx_word' id='word_1_715' title='bbox 2545 2421 2590 2476; x_wconf 90' lang='lat' dir='ltr'><strong>si</strong></span> <span class='ocrx_word' id='word_1_716' title='bbox 2619 2422 2794 2480; x_wconf 91' lang='lat' dir='ltr'><strong>adhuc</strong></span> <span class='ocrx_word' id='word_1_717' title='bbox 2819 2426 3043 2498; x_wconf 88' lang='lat' dir='ltr'><strong>viveret,</strong></span> <span class='ocrx_word' id='word_1_718' title='bbox 3067 2441 3118 2486; x_wconf 89' lang='lat' dir='ltr'><strong>et</strong></span> <span class='ocrx_word' id='word_1_719' title='bbox 3149 2433 3305 2491; x_wconf 89' lang='lat' dir='ltr'><strong>hodie</strong></span> <span class='ocrx_word' id='word_1_720' title='bbox 3331 2449 3648 2509; x_wconf 87' lang='lat' dir='ltr'><strong>moreretur,</strong></span> <span class='ocrx_word' id='word_1_721' title='bbox 3676 2445 3811 2515; x_wconf 89' lang='lat' dir='ltr'><strong>quid</strong></span> 
     </span>
    </p>
   </div>
   <div class='ocr_carea' id='block_1_87' title="bbox 2220 2509 3810 2608">
    <p class='ocr_par' dir='ltr' id='par_1_87' title="bbox 2220 2509 3810 2608">
     <span class='ocr_line' id='line_1_87' title="bbox 2220 2509 3810 2608; baseline 0.019 -45"><span class='ocrx_word' id='word_1_722' title='bbox 2220 2509 2294 2608; x_wconf 76' lang='lat' dir='ltr'><strong>illi</strong></span> <span class='ocrx_word' id='word_1_723' title='bbox 2323 2512 2444 2568; x_wconf 72' lang='lat' dir='ltr'><strong>vitae</strong></span> <span class='ocrx_word' id='word_1_724' title='bbox 2473 2513 2743 2586; x_wconf 90' lang='lat' dir='ltr'><strong>longitudo</strong></span> <span class='ocrx_word' id='word_1_725' title='bbox 2773 2520 3097 2590; x_wconf 84' lang='lat' dir='ltr'><strong>profuisset?</strong></span> <span class='ocrx_word' id='word_1_726' title='bbox 3124 2524 3237 2582; x_wconf 88' lang='lat' dir='ltr'><strong>Huc</strong></span> <span class='ocrx_word' id='word_1_727' title='bbox 3260 2531 3500 2598; x_wconf 88' lang='lat' dir='ltr'><strong>accedit,</strong></span> <span class='ocrx_word' id='word_1_728' title='bbox 3533 2535 3653 2604; x_wconf 88' lang='lat' dir='ltr'><strong>quia</strong></span> <span class='ocrx_word' id='word_1_729' title='bbox 3685 2509 3810 2608; x_wconf 80' lang='lat' dir='ltr'><strong>ipse</strong></span> 
     </span>
    </p>
   </div>
   <div class='ocr_carea' id='block_1_88' title="bbox 2219 2601 3809 2686">
    <p class='ocr_par' dir='ltr' id='par_1_88' title="bbox 2219 2601 3809 2686">
     <span class='ocr_line' id='line_1_88' title="bbox 2219 2601 3809 2686; baseline 0.019 -31"><span class='ocrx_word' id='word_1_730' title='bbox 2219 2601 2354 2670; x_wconf 89' lang='lat' dir='ltr'><strong>dies,</strong></span> <span class='ocrx_word' id='word_1_731' title='bbox 2387 2612 2477 2674; x_wconf 86' lang='lat' dir='ltr'><strong>qut</strong></span> <span class='ocrx_word' id='word_1_732' title='bbox 2501 2609 2652 2676; x_wconf 90' lang='lat' dir='ltr'><strong>quasi</strong></span> <span class='ocrx_word' id='word_1_733' title='bbox 2681 2613 2993 2669; x_wconf 90' lang='lat' dir='ltr'><strong>naturaliter</strong></span> <span class='ocrx_word' id='word_1_734' title='bbox 3019 2617 3204 2686; x_wconf 90' lang='lat' dir='ltr'><strong>servit,</strong></span> <span class='ocrx_word' id='word_1_735' title='bbox 3235 2621 3423 2676; x_wconf 90' lang='lat' dir='ltr'><strong>morbo</strong></span> <span class='ocrx_word' id='word_1_736' title='bbox 3449 2601 3645 2681; x_wconf 71' lang='lat' dir='ltr'><strong>inlecto</strong></span> <span class='ocrx_word' id='word_1_737' title='bbox 3668 2601 3809 2685; x_wconf 46' lang='grc' dir='ltr'><strong>’.ἰη-</strong></span> 
     </span>
    </p>
   </div>
   <div class='ocr_carea' id='block_1_89' title="bbox 2218 2697 3811 2786">
    <p class='ocr_par' dir='ltr' id='par_1_89' title="bbox 2218 2697 3811 2786">
     <span class='ocr_line' id='line_1_89' title="bbox 2218 2697 3811 2786; baseline 0.018 -38"><span class='ocrx_word' id='word_1_738' title='bbox 2218 2703 2397 2749; x_wconf 91' lang='lat' dir='ltr'><strong>certus</strong></span> <span class='ocrx_word' id='word_1_739' title='bbox 2416 2706 2516 2752; x_wconf 88' lang='lat' dir='ltr'><strong>est.</strong></span> <span class='ocrx_word' id='word_1_740' title='bbox 2539 2697 2785 2765; x_wconf 81' lang='lat' dir='ltr'><strong>Quatidie</strong></span> <span class='ocrx_word' id='word_1_741' title='bbox 2810 2705 3108 2762; x_wconf 89' lang='lat' dir='ltr'><strong>moriuntur</strong></span> <span class='ocrx_word' id='word_1_742' title='bbox 3129 2707 3373 2769; x_wconf 90' lang='lat' dir='ltr'><strong>homines</strong></span> <span class='ocrx_word' id='word_1_743' title='bbox 3397 2729 3409 2767; x_wconf 90' lang='lat'><strong>:</strong></span> <span class='ocrx_word' id='word_1_744' title='bbox 3429 2724 3484 2769; x_wconf 90' lang='lat' dir='ltr'><strong>et</strong></span> <span class='ocrx_word' id='word_1_745' title='bbox 3506 2717 3595 2786; x_wconf 90' lang='lat' dir='ltr'><strong>qui</strong></span> <span class='ocrx_word' id='word_1_746' title='bbox 3618 2719 3811 2775; x_wconf 90' lang='lat' dir='ltr'><strong>vivunt</strong></span> 
     </span>
    </p>
   </div>
   <div class='ocr_carea' id='block_1_90' title="bbox 2217 2783 3807 2879">
    <p class='ocr_par' dir='ltr' id='par_1_90' title="bbox 2217 2783 3807 2879">
     <span class='ocr_line' id='line_1_90' title="bbox 2217 2783 3807 2879; baseline 0.018 -42"><span class='ocrx_word' id='word_1_747' title='bbox 2217 2783 2486 2841; x_wconf 89' lang='lat' dir='ltr'><strong>deducunt</strong></span> <span class='ocrx_word' id='word_1_748' title='bbox 2507 2787 2643 2858; x_wconf 91' lang='lat' dir='ltr'><strong>illos,</strong></span> <span class='ocrx_word' id='word_1_749' title='bbox 2671 2795 2950 2863; x_wconf 85' lang='lat' dir='ltr'><strong>exsequias</strong></span> <span class='ocrx_word' id='word_1_750' title='bbox 2977 2798 3267 2868; x_wconf 88' lang='lat' dir='ltr'><strong>celebrant,</strong></span> <span class='ocrx_word' id='word_1_751' title='bbox 3292 2812 3347 2857; x_wconf 93' lang='lat' dir='ltr'><strong>et</strong></span> <span class='ocrx_word' id='word_1_752' title='bbox 3369 2783 3647 2862; x_wconf 47' lang='lat' dir='ltr'><strong>vitam—sibi</strong></span> <span class='ocrx_word' id='word_1_753' title='bbox 3673 2825 3807 2879; x_wconf 85' lang='lat' dir='ltr'><strong>pro-</strong></span> 
     </span>
    </p>
   </div>
   <div class='ocr_carea' id='block_1_91' title="bbox 2217 2877 3804 2961">
    <p class='ocr_par' dir='ltr' id='par_1_91' title="bbox 2217 2877 3804 2961">
     <span class='ocr_line' id='line_1_91' title="bbox 2217 2877 3804 2961; baseline 0.02 -32"><span class='ocrx_word' id='word_1_754' title='bbox 2217 2877 2453 2932; x_wconf 90' lang='lat' dir='ltr'><strong>mittunt.</strong></span> <span class='ocrx_word' id='word_1_755' title='bbox 2478 2879 2648 2937; x_wconf 92' lang='lat' dir='ltr'><strong>Nemo</strong></span> <span class='ocrx_word' id='word_1_756' title='bbox 2671 2883 2816 2953; x_wconf 90' lang='lat' dir='ltr'><strong>dicit,</strong></span> <span class='ocrx_word' id='word_1_757' title='bbox 2859 2887 3132 2960; x_wconf 86' lang='lat' dir='ltr'><strong>Corrigam</strong></span> <span class='ocrx_word' id='word_1_758' title='bbox 3164 2908 3280 2961; x_wconf 89' lang='lat' dir='ltr'><strong>me,</strong></span> <span class='ocrx_word' id='word_1_759' title='bbox 3313 2911 3381 2952; x_wconf 92' lang='lat' dir='ltr'><strong>ne</strong></span> <span class='ocrx_word' id='word_1_760' title='bbox 3420 2913 3538 2954; x_wconf 89' lang='lat' dir='ltr'><strong>cras</strong></span> <span class='ocrx_word' id='word_1_761' title='bbox 3568 2877 3804 2960; x_wconf 19' lang='lat' dir='ltr'><strong>hoc‘sim</strong></span> 
     </span>
    </p>
   </div>
   <div class='ocr_carea' id='block_1_92' title="bbox 2216 2967 3809 3065">
    <p class='ocr_par' dir='ltr' id='par_1_92' title="bbox 2216 2967 3809 3065">
     <span class='ocr_line' id='line_1_92' title="bbox 2216 2967 3809 3065; baseline 0.02 -46"><span class='ocrx_word' id='word_1_762' title='bbox 2216 2967 2357 3035; x_wconf 92' lang='lat' dir='ltr'><strong>quod</strong></span> <span class='ocrx_word' id='word_1_763' title='bbox 2403 2969 2503 3065; x_wconf 77' lang='lat' dir='ltr'><strong>iste</strong></span> <span class='ocrx_word' id='word_1_764' title='bbox 2551 2987 2709 3065; x_wconf 78' lang='lat' dir='ltr'><strong>quem</strong></span> <span class='ocrx_word' id='word_1_765' title='bbox 2749 2975 2964 3032; x_wconf 84' lang='lat' dir='ltr'><strong>deduxi.</strong></span> <span class='ocrx_word' id='word_1_766' title='bbox 3013 2981 3230 3040; x_wconf 88' lang='lat' dir='ltr'><strong>Placent</strong></span> <span class='ocrx_word' id='word_1_767' title='bbox 3275 2987 3426 3042; x_wconf 88' lang='lat' dir='ltr'><strong>vobis</strong></span> <span class='ocrx_word' id='word_1_768' title='bbox 3471 2991 3650 3059; x_wconf 88' lang='lat' dir='ltr'><strong>verba,</strong></span> <span class='ocrx_word' id='word_1_769' title='bbox 3699 3009 3809 3065; x_wconf 91' lang='lat' dir='ltr'><strong>ego</strong></span> 
     </span>
    </p>
   </div>
   <div class='ocr_carea' id='block_1_93' title="bbox 2213 3058 3810 3144">
    <p class='ocr_par' dir='ltr' id='par_1_93' title="bbox 2213 3058 3810 3144">
     <span class='ocr_line' id='line_1_93' title="bbox 2213 3058 3810 3144; baseline 0.019 -35"><span class='ocrx_word' id='word_1_770' title='bbox 2213 3070 2394 3126; x_wconf 67' lang='lat' dir='ltr'><strong>quaero</strong></span> <span class='ocrx_word' id='word_1_771' title='bbox 2417 3058 2572 3114; x_wconf 90' lang='lat' dir='ltr'><strong>facta.</strong></span> <span class='ocrx_word' id='word_1_772' title='bbox 2602 3061 2774 3119; x_wconf 90' lang='lat' dir='ltr'><strong>Nolite</strong></span> <span class='ocrx_word' id='word_1_773' title='bbox 2799 3081 2884 3122; x_wconf 91' lang='lat' dir='ltr'><strong>me</strong></span> <span class='ocrx_word' id='word_1_774' title='bbox 2911 3071 3227 3129; x_wconf 85' lang='lat' dir='ltr'><strong>contristare</strong></span> <span class='ocrx_word' id='word_1_775' title='bbox 3253 3077 3430 3144; x_wconf 89' lang='lat' dir='ltr'><strong>pravis</strong></span> <span class='ocrx_word' id='word_1_776' title='bbox 3449 3058 3684 3137; x_wconf 88' lang='lat' dir='ltr'><strong>moribus</strong></span> <span class='ocrx_word' id='word_1_777' title='bbox 3707 3058 3810 3139; x_wconf 70' lang='lat' dir='ltr'><strong>ve-</strong></span> 
     </span>
    </p>
   </div>
   <div class='ocr_carea' id='block_1_94' title="bbox 2213 3147 3809 3231">
    <p class='ocr_par' dir='ltr' id='par_1_94' title="bbox 2213 3147 3809 3231">
     <span class='ocr_line' id='line_1_94' title="bbox 2213 3147 3809 3231; baseline 0.018 -29"><span class='ocrx_word' id='word_1_778' title='bbox 2213 3147 2338 3203; x_wconf 88' lang='lat' dir='ltr'><strong>stris</strong></span> <span class='ocrx_word' id='word_1_779' title='bbox 2369 3167 2382 3207; x_wconf 94' lang='lat'>:</span> <span class='ocrx_word' id='word_1_780' title='bbox 2411 3152 2534 3221; x_wconf 90' lang='lat' dir='ltr'><strong>quia</strong></span> <span class='ocrx_word' id='word_1_781' title='bbox 2565 3151 2849 3212; x_wconf 86' lang='lat' dir='ltr'><strong>delectatio</strong></span> <span class='ocrx_word' id='word_1_782' title='bbox 2885 3173 3000 3215; x_wconf 86' lang='lat' dir='ltr'><strong>mea</strong></span> <span class='ocrx_word' id='word_1_783' title='bbox 3031 3177 3139 3217; x_wconf 93' lang='lat' dir='ltr'><strong>non</strong></span> <span class='ocrx_word' id='word_1_784' title='bbox 3182 3174 3263 3221; x_wconf 89' lang='lat' dir='ltr'><strong>est</strong></span> <span class='ocrx_word' id='word_1_785' title='bbox 3302 3167 3354 3222; x_wconf 92' lang='lat' dir='ltr'><strong>in</strong></span> <span class='ocrx_word' id='word_1_786' title='bbox 3390 3167 3489 3224; x_wconf 88' lang='lat' dir='ltr'><strong>hac</strong></span> <span class='ocrx_word' id='word_1_787' title='bbox 3516 3172 3619 3228; x_wconf 89' lang='lat' dir='ltr'><strong>vita</strong></span> <span class='ocrx_word' id='word_1_788' title='bbox 3696 3174 3809 3231; x_wconf 88' lang='lat' dir='ltr'><strong>nisi</strong></span> 
     </span>
    </p>
   </div>
   <div class='ocr_carea' id='block_1_95' title="bbox 2212 3242 2703 3300">
    <p class='ocr_par' dir='ltr' id='par_1_95' title="bbox 2212 3242 2703 3300">
     <span class='ocr_line' id='line_1_95' title="bbox 2212 3242 2703 3300; baseline 0.014 -7"><span class='ocrx_word' id='word_1_789' title='bbox 2212 3249 2389 3295; x_wconf 84' lang='lat' dir='ltr'><strong>vestra</strong></span> <span class='ocrx_word' id='word_1_790' title='bbox 2413 3242 2550 3298; x_wconf 87' lang='lat' dir='ltr'><strong>bona</strong></span> <span class='ocrx_word' id='word_1_791' title='bbox 2581 3245 2703 3300; x_wconf 90' lang='lat' dir='ltr'><strong>vita.</strong></span> 
     </span>
    </p>
   </div>
   <div class='ocr_carea' id='block_1_96' title="bbox 2694 3330 3301 3443">
    <p class='ocr_par' dir='ltr' id='par_1_96' title="bbox 2694 3330 3301 3443">
     <span class='ocr_line' id='line_1_96' title="bbox 2694 3330 3301 3443; baseline 0.02 -29"><span class='ocrx_word' id='word_1_792' title='bbox 2694 3358 2924 3418; x_wconf 76' lang='lat' dir='ltr'><strong>SERMO</strong></span> <span class='ocrx_word' id='word_1_793' title='bbox 2959 3330 3128 3422; x_wconf 84' lang='lat' dir='ltr'><strong>xvin</strong></span> <span class='ocrx_word' id='word_1_794' title='bbox 3152 3371 3170 3393; x_wconf 69' lang='grc' dir='ltr'><strong><em>ο</em></strong></span> <span class='ocrx_word' id='word_1_795' title='bbox 3203 3368 3301 3443; x_wconf 86' lang='grc' dir='ltr'><strong>(α).</strong></span> 
     </span>
    </p>
   </div>
   <div class='ocr_carea' id='block_1_97' title="bbox 2209 3481 3805 3570">
    <p class='ocr_par' dir='ltr' id='par_1_97' title="bbox 2209 3481 3805 3570">
     <span class='ocr_line' id='line_1_97' title="bbox 2209 3481 3805 3570; baseline 0.021 -34"><span class='ocrx_word' id='word_1_796' title='bbox 2209 3481 2289 3538; x_wconf 86' lang='lat' dir='ltr'><strong>De</strong></span> <span class='ocrx_word' id='word_1_797' title='bbox 2323 3485 2496 3540; x_wconf 85' lang='lat' dir='ltr'><strong>eodem</strong></span> <span class='ocrx_word' id='word_1_798' title='bbox 2545 3503 2689 3544; x_wconf 83' lang='lat' dir='ltr'><strong>versu</strong></span> <span class='ocrx_word' id='word_1_799' title='bbox 2732 3490 2927 3550; x_wconf 84' lang='lat' dir='ltr'><strong>Psalmi</strong></span> <span class='ocrx_word' id='word_1_800' title='bbox 2971 3513 3122 3567; x_wconf 72' lang='grc' dir='ltr'>χιιι,</span> <span class='ocrx_word' id='word_1_801' title='bbox 3170 3501 3309 3560; x_wconf 91' lang='lat' dir='ltr'><strong>Deus</strong></span> <span class='ocrx_word' id='word_1_802' title='bbox 3345 3507 3655 3567; x_wconf 85' lang='lat' dir='ltr'><strong>manifestus</strong></span> <span class='ocrx_word' id='word_1_803' title='bbox 3703 3529 3805 3570; x_wconf 86' lang='lat' dir='ltr'><strong>ve-</strong></span> 
     </span>
    </p>
   </div>
   <div class='ocr_carea' id='block_1_98' title="bbox 2800 3585 3229 3662">
    <p class='ocr_par' dir='ltr' id='par_1_98' title="bbox 2800 3585 3229 3662">
     <span class='ocr_line' id='line_1_98' title="bbox 2800 3585 3229 3662; baseline 0.016 -24"><span class='ocrx_word' id='word_1_804' title='bbox 2800 3585 2910 3640; x_wconf 92' lang='lat' dir='ltr'><strong>niet</strong></span> <span class='ocrx_word' id='word_1_805' title='bbox 2933 3627 2948 3654; x_wconf 90' lang='lat'><strong>,</strong></span> <span class='ocrx_word' id='word_1_806' title='bbox 2988 3597 3084 3643; x_wconf 88' lang='lat' dir='ltr'><strong>etc.</strong></span> <span class='ocrx_word' id='word_1_807' title='bbox 3118 3590 3229 3662; x_wconf 88' lang='lat' dir='ltr'><strong>(b).&#39;</strong></span> 
     </span>
    </p>
   </div>
   <div class='ocr_carea' id='block_1_99' title="bbox 2275 3707 3802 3794">
    <p class='ocr_par' dir='ltr' id='par_1_99' title="bbox 2275 3707 3802 3794">
     <span class='ocr_line' id='line_1_99' title="bbox 2275 3707 3802 3794; baseline 0.02 -31"><span class='ocrx_word' id='word_1_808' title='bbox 2275 3707 2504 3767; x_wconf 83' lang='lat' dir='ltr'><strong>CAPUT</strong></span> <span class='ocrx_word' id='word_1_809' title='bbox 2552 3711 2832 3772; x_wconf 76' lang='lat' dir='ltr'><strong>PRIMUM.</strong></span> <span class='ocrx_word' id='word_1_810' title='bbox 2895 3745 2968 3760; x_wconf 86' lang='lat'><strong>—-</strong></span> <span class='ocrx_word' id='word_1_811' title='bbox 3027 3723 3079 3776; x_wconf 83' lang='grc'><strong>1.</strong></span> <span class='ocrx_word' id='word_1_812' title='bbox 3141 3724 3328 3782; x_wconf 85' lang='lat' dir='ltr'><strong>Christi</strong></span> <span class='ocrx_word' id='word_1_813' title='bbox 3373 3731 3612 3790; x_wconf 78' lang='lat' dir='ltr'><strong>adventus</strong></span> <span class='ocrx_word' id='word_1_814' title='bbox 3659 3738 3802 3794; x_wconf 85' lang='lat' dir='ltr'><strong>alter</strong></span> 
     </span>
    </p>
   </div>
   <div class='ocr_carea' id='block_1_100' title="bbox 2205 3803 3799 3895">
    <p class='ocr_par' dir='ltr' id='par_1_100' title="bbox 2205 3803 3799 3895">
     <span class='ocr_line' id='line_1_100' title="bbox 2205 3803 3799 3895; baseline 0.019 -41"><span class='ocrx_word' id='word_1_815' title='bbox 2205 3803 2431 3858; x_wconf 87' lang='lat' dir='ltr'><strong>occultus</strong></span> <span class='ocrx_word' id='word_1_816' title='bbox 2453 3847 2468 3872; x_wconf 92' lang='lat'><strong>,</strong></span> <span class='ocrx_word' id='word_1_817' title='bbox 2500 3807 2629 3861; x_wconf 87' lang='lat' dir='ltr'><strong>alter</strong></span> <span class='ocrx_word' id='word_1_818' title='bbox 2649 3811 2967 3881; x_wconf 80' lang='lat' dir='ltr'><strong>manifestus.</strong></span> <span class='ocrx_word' id='word_1_819' title='bbox 2999 3812 3262 3889; x_wconf 80' lang='lat' dir='ltr'><strong>Prtecepta</strong></span> <span class='ocrx_word' id='word_1_820' title='bbox 3290 3819 3388 3875; x_wconf 85' lang='lat' dir='ltr'><strong>Dei</strong></span> <span class='ocrx_word' id='word_1_821' title='bbox 3411 3824 3709 3895; x_wconf 86' lang='lat' dir='ltr'><strong>quibusdam</strong></span> <span class='ocrx_word' id='word_1_822' title='bbox 3738 3831 3799 3886; x_wconf 85' lang='lat' dir='ltr'><strong>in</strong></span> 
     </span>
    </p>
   </div>
   <div class='ocr_carea' id='block_1_101' title="bbox 2202 3893 3792 3988">
    <p class='ocr_par' dir='ltr' id='par_1_101' title="bbox 2202 3893 3792 3988">
     <span class='ocr_line' id='line_1_101' title="bbox 2202 3893 3792 3988; baseline 0.02 -44"><span class='ocrx_word' id='word_1_823' title='bbox 2202 3893 2360 3946; x_wconf 86' lang='lat' dir='ltr'><strong>risum</strong></span> <span class='ocrx_word' id='word_1_824' title='bbox 2378 3897 2596 3952; x_wconf 87' lang='lat' dir='ltr'><strong>veniunt.</strong></span> <span class='ocrx_word' id='word_1_825' title='bbox 2622 3897 2901 3955; x_wconf 84' lang='lat' dir='ltr'><strong>Hominum</strong></span> <span class='ocrx_word' id='word_1_826' title='bbox 2916 3907 3197 3962; x_wconf 86' lang='lat' dir='ltr'><strong>carnalium</strong></span> <span class='ocrx_word' id='word_1_827' title='bbox 3217 3893 3501 3981; x_wconf 81' lang='lat' dir='ltr'><strong>perversum</strong></span> <span class='ocrx_word' id='word_1_828' title='bbox 3509 3918 3792 3988; x_wconf 83' lang='lat' dir='ltr'><strong>judicium.</strong></span> 
     </span>
    </p>
   </div>
   <div class='ocr_carea' id='block_1_102' title="bbox 2201 3981 3796 4079">
    <p class='ocr_par' dir='ltr' id='par_1_102' title="bbox 2201 3981 3796 4079">
     <span class='ocr_line' id='line_1_102' title="bbox 2201 3981 3796 4079; baseline 0.021 -44"><span class='ocrx_word' id='word_1_829' title='bbox 2201 3981 2285 4036; x_wconf 84' lang='lat' dir='ltr'><strong>Ad</strong></span> <span class='ocrx_word' id='word_1_830' title='bbox 2343 3983 2699 4044; x_wconf 84' lang='lat' dir='ltr'><strong>exhortandas</strong></span> <span class='ocrx_word' id='word_1_831' title='bbox 2753 3999 2959 4048; x_wconf 87' lang='lat' dir='ltr'><strong>mentes</strong></span> <span class='ocrx_word' id='word_1_832' title='bbox 3004 3993 3287 4056; x_wconf 88' lang='lat' dir='ltr'><strong>Charitatis</strong></span> <span class='ocrx_word' id='word_1_833' title='bbox 3335 3981 3566 4073; x_wconf 63' lang='lat' dir='ltr'><strong>vestra),</strong></span> <span class='ocrx_word' id='word_1_834' title='bbox 3618 4024 3796 4079; x_wconf 75' lang='lat' dir='ltr'><strong>pauca</strong></span> 
     </span>
    </p>
   </div>
   <div class='ocr_carea' id='block_1_103' title="bbox 2201 4071 3798 4166">
    <p class='ocr_par' dir='ltr' id='par_1_103' title="bbox 2201 4071 3798 4166">
     <span class='ocr_line' id='line_1_103' title="bbox 2201 4071 3798 4166; baseline 0.019 -40"><span class='ocrx_word' id='word_1_835' title='bbox 2201 4071 2268 4128; x_wconf 90' lang='lat' dir='ltr'><strong>de</strong></span> <span class='ocrx_word' id='word_1_836' title='bbox 2293 4077 2539 4166; x_wconf 72' lang='lat' dir='ltr'><strong>prazsenti</strong></span> <span class='ocrx_word' id='word_1_837' title='bbox 2577 4080 2780 4148; x_wconf 87' lang='lat' dir='ltr'><strong>psalmo</strong></span> <span class='ocrx_word' id='word_1_838' title='bbox 2807 4123 2822 4148; x_wconf 95' lang='lat'><strong>,</strong></span> <span class='ocrx_word' id='word_1_839' title='bbox 2855 4098 2973 4154; x_wconf 62' lang='lat' dir='ltr'><strong>quae</strong></span> <span class='ocrx_word' id='word_1_840' title='bbox 3003 4086 3165 4143; x_wconf 87' lang='lat' dir='ltr'><strong>donat</strong></span> <span class='ocrx_word' id='word_1_841' title='bbox 3194 4091 3449 4149; x_wconf 90' lang='lat' dir='ltr'><strong>Dominus</strong></span> <span class='ocrx_word' id='word_1_842' title='bbox 3473 4137 3488 4161; x_wconf 93' lang='lat'><strong>,</strong></span> <span class='ocrx_word' id='word_1_843' title='bbox 3515 4071 3798 4166; x_wconf 74' lang='lat' dir='ltr'><strong>gratanter</strong></span> 
     </span>
    </p>
   </div>
   <div class='ocr_carea' id='block_1_104' title="bbox 2201 4165 3792 4256">
    <p class='ocr_par' dir='ltr' id='par_1_104' title="bbox 2201 4165 3792 4256">
     <span class='ocr_line' id='line_1_104' title="bbox 2201 4165 3792 4256; baseline 0.019 -40"><span class='ocrx_word' id='word_1_844' title='bbox 2201 4165 2442 4233; x_wconf 88' lang='lat' dir='ltr'><strong>accipite.</strong></span> <span class='ocrx_word' id='word_1_845' title='bbox 2473 4166 2548 4222; x_wconf 89' lang='lat' dir='ltr'><strong>De</strong></span> <span class='ocrx_word' id='word_1_846' title='bbox 2575 4169 2799 4226; x_wconf 89' lang='lat' dir='ltr'><strong>Domino</strong></span> <span class='ocrx_word' id='word_1_847' title='bbox 2824 4183 3006 4230; x_wconf 89' lang='lat' dir='ltr'><strong>nostro</strong></span> <span class='ocrx_word' id='word_1_848' title='bbox 3025 4176 3153 4234; x_wconf 88' lang='lat' dir='ltr'><strong>Jesu</strong></span> <span class='ocrx_word' id='word_1_849' title='bbox 3180 4178 3392 4237; x_wconf 89' lang='lat' dir='ltr'><strong>Christo</strong></span> <span class='ocrx_word' id='word_1_850' title='bbox 3414 4165 3792 4256; x_wconf 86' lang='lat' dir='ltr'><strong>prophetatum</strong></span> 
     </span>
    </p>
   </div>
   <div class='ocr_carea' id='block_1_105' title="bbox 2199 4255 3795 4345">
    <p class='ocr_par' dir='ltr' id='par_1_105' title="bbox 2199 4255 3795 4345">
     <span class='ocr_line' id='line_1_105' title="bbox 2199 4255 3795 4345; baseline 0.019 -35"><span class='ocrx_word' id='word_1_851' title='bbox 2199 4263 2282 4310; x_wconf 89' lang='lat' dir='ltr'><strong>est</strong></span> <span class='ocrx_word' id='word_1_852' title='bbox 2305 4255 2356 4344; x_wconf 87' lang='lat' dir='ltr'><strong>iu</strong></span> <span class='ocrx_word' id='word_1_853' title='bbox 2383 4255 2484 4312; x_wconf 91' lang='lat' dir='ltr'><strong>isto</strong></span> <span class='ocrx_word' id='word_1_854' title='bbox 2508 4259 2732 4329; x_wconf 90' lang='lat' dir='ltr'><strong>psalmo,</strong></span> <span class='ocrx_word' id='word_1_855' title='bbox 2761 4263 2849 4318; x_wconf 88' lang='lat' dir='ltr'><strong>ubi</strong></span> <span class='ocrx_word' id='word_1_856' title='bbox 2875 4265 3171 4324; x_wconf 89' lang='lat' dir='ltr'><strong>audivimus</strong></span> <span class='ocrx_word' id='word_1_857' title='bbox 3193 4279 3248 4326; x_wconf 92' lang='lat' dir='ltr'><strong>et</strong></span> <span class='ocrx_word' id='word_1_858' title='bbox 3272 4255 3621 4345; x_wconf 83' lang='lat' dir='ltr'><strong>cantavimus,</strong></span> <span class='ocrx_word' id='word_1_859' title='bbox 3647 4279 3795 4340; x_wconf 80' lang='lat' dir='ltr'><strong>Deus</strong></span> 
     </span>
    </p>
   </div>
   <div class='ocr_carea' id='block_1_106' title="bbox 2198 4340 3794 4439">
    <p class='ocr_par' dir='ltr' id='par_1_106' title="bbox 2198 4340 3794 4439">
     <span class='ocr_line' id='line_1_106' title="bbox 2198 4340 3794 4439; baseline 0.02 -42"><span class='ocrx_word' id='word_1_860' title='bbox 2198 4340 2492 4418; x_wconf 74' lang='lat' dir='ltr'><strong>manifestus</strong></span> <span class='ocrx_word' id='word_1_861' title='bbox 2517 4352 2693 4419; x_wconf 87' lang='lat' dir='ltr'><strong>veniet,</strong></span> <span class='ocrx_word' id='word_1_862' title='bbox 2715 4351 2855 4409; x_wconf 88' lang='lat' dir='ltr'><strong>Deus</strong></span> <span class='ocrx_word' id='word_1_863' title='bbox 2880 4367 3065 4426; x_wconf 83' lang='lat' dir='ltr'><strong>noster,</strong></span> <span class='ocrx_word' id='word_1_864' title='bbox 3097 4371 3144 4414; x_wconf 91' lang='lat' dir='ltr'><strong>et</strong></span> <span class='ocrx_word' id='word_1_865' title='bbox 3167 4379 3267 4418; x_wconf 89' lang='lat' dir='ltr'><strong>non</strong></span> <span class='ocrx_word' id='word_1_866' title='bbox 3287 4365 3464 4420; x_wconf 87' lang='lat' dir='ltr'><strong>silebit.</strong></span> <span class='ocrx_word' id='word_1_867' title='bbox 3495 4340 3614 4439; x_wconf 80' lang='lat' dir='ltr'><strong>Ipse</strong></span> <span class='ocrx_word' id='word_1_868' title='bbox 3635 4375 3794 4435; x_wconf 83' lang='lat' dir='ltr'><strong>enim</strong></span> 
     </span>
    </p>
   </div>
   <div class='ocr_carea' id='block_1_107' title="bbox 2114 4435 3791 4533">
    <p class='ocr_par' dir='ltr' id='par_1_107' title="bbox 2114 4435 3791 4533">
     <span class='ocr_line' id='line_1_107' title="bbox 2114 4435 3791 4533; baseline 0.021 -45"><span class='ocrx_word' id='word_1_869' title='bbox 2114 4469 2124 4480; x_wconf 82' lang='grc'><strong>.</strong></span> <span class='ocrx_word' id='word_1_870' title='bbox 2199 4435 2453 4494; x_wconf 91' lang='lat' dir='ltr'><strong>Dominus</strong></span> <span class='ocrx_word' id='word_1_871' title='bbox 2489 4439 2732 4498; x_wconf 90' lang='lat' dir='ltr'><strong>Christus</strong></span> <span class='ocrx_word' id='word_1_872' title='bbox 2757 4485 2772 4510; x_wconf 90' lang='lat'><strong>,</strong></span> <span class='ocrx_word' id='word_1_873' title='bbox 2821 4446 2960 4502; x_wconf 92' lang='lat' dir='ltr'><strong>Deus</strong></span> <span class='ocrx_word' id='word_1_874' title='bbox 2988 4461 3173 4508; x_wconf 87' lang='lat' dir='ltr'><strong>noster</strong></span> <span class='ocrx_word' id='word_1_875' title='bbox 3194 4495 3208 4521; x_wconf 94' lang='lat'><strong>,</strong></span> <span class='ocrx_word' id='word_1_876' title='bbox 3243 4454 3408 4514; x_wconf 85' lang='lat' dir='ltr'><strong>Filius</strong></span> <span class='ocrx_word' id='word_1_877' title='bbox 3439 4435 3574 4528; x_wconf 82' lang='lat' dir='ltr'><strong>Dei,</strong></span> <span class='ocrx_word' id='word_1_878' title='bbox 3604 4465 3791 4533; x_wconf 86' lang='lat' dir='ltr'><strong>primo</strong></span> 
     </span>
    </p>
   </div>
   <div class='ocr_carea' id='block_1_108' title="bbox 2195 4527 3784 4611">
    <p class='ocr_par' dir='ltr' id='par_1_108' title="bbox 2195 4527 3784 4611">
     <span class='ocr_line' id='line_1_108' title="bbox 2195 4527 3784 4611; baseline 0.019 -29"><span class='ocrx_word' id='word_1_879' title='bbox 2195 4527 2426 4584; x_wconf 89' lang='lat' dir='ltr'><strong>adventu</strong></span> <span class='ocrx_word' id='word_1_880' title='bbox 2451 4533 2594 4588; x_wconf 91' lang='lat' dir='ltr'><strong>venit</strong></span> <span class='ocrx_word' id='word_1_881' title='bbox 2618 4536 2855 4593; x_wconf 85' lang='lat' dir='ltr'><strong>occultus</strong></span> <span class='ocrx_word' id='word_1_882' title='bbox 2881 4579 2898 4605; x_wconf 91' lang='lat'><strong>,</strong></span> <span class='ocrx_word' id='word_1_883' title='bbox 2929 4542 3162 4597; x_wconf 91' lang='lat' dir='ltr'><strong>secundo</strong></span> <span class='ocrx_word' id='word_1_884' title='bbox 3187 4545 3418 4604; x_wconf 88' lang='lat' dir='ltr'><strong>adventu</strong></span> <span class='ocrx_word' id='word_1_885' title='bbox 3448 4527 3625 4608; x_wconf 78' lang='lat' dir='ltr'><strong>veniet</strong></span> <span class='ocrx_word' id='word_1_886' title='bbox 3652 4571 3784 4611; x_wconf 85' lang='lat' dir='ltr'><strong>ma-</strong></span> 
     </span>
    </p>
   </div>
   <div class='ocr_carea' id='block_1_109' title="bbox 2195 4621 3810 4714">
    <p class='ocr_par' dir='ltr' id='par_1_109' title="bbox 2195 4621 3810 4714">
     <span class='ocr_line' id='line_1_109' title="bbox 2195 4621 3810 4714; baseline 0.019 -39"><span class='ocrx_word' id='word_1_887' title='bbox 2195 4621 2440 4678; x_wconf 87' lang='lat' dir='ltr'><strong>nifestus.</strong></span> <span class='ocrx_word' id='word_1_888' title='bbox 2491 4624 2714 4695; x_wconf 89' lang='lat' dir='ltr'><strong>Quando</strong></span> <span class='ocrx_word' id='word_1_889' title='bbox 2763 4630 2909 4686; x_wconf 90' lang='lat' dir='ltr'><strong>venit</strong></span> <span class='ocrx_word' id='word_1_890' title='bbox 2951 4635 3225 4706; x_wconf 91' lang='lat' dir='ltr'><strong>occultus,</strong></span> <span class='ocrx_word' id='word_1_891' title='bbox 3258 4655 3363 4695; x_wconf 92' lang='lat' dir='ltr'><strong>non</strong></span> <span class='ocrx_word' id='word_1_892' title='bbox 3408 4643 3633 4701; x_wconf 90' lang='lat' dir='ltr'><strong>innotuit</strong></span> <span class='ocrx_word' id='word_1_893' title='bbox 3674 4650 3810 4714; x_wconf 45' lang='lat' dir='ltr'><strong>nisi,</strong></span> 
     </span>
    </p>
   </div>
   <div class='ocr_carea' id='block_1_110' title="bbox 2194 4716 3790 4802">
    <p class='ocr_par' dir='ltr' id='par_1_110' title="bbox 2194 4716 3790 4802">
     <span class='ocr_line' id='line_1_110' title="bbox 2194 4716 3790 4802; baseline 0.016 -32"><span class='ocrx_word' id='word_1_894' title='bbox 2194 4716 2361 4771; x_wconf 89' lang='lat' dir='ltr'><strong>servis</strong></span> <span class='ocrx_word' id='word_1_895' title='bbox 2408 4717 2519 4771; x_wconf 90' lang='lat' dir='ltr'><strong>suis</strong></span> <span class='ocrx_word' id='word_1_896' title='bbox 2562 4735 2574 4771; x_wconf 93' lang='lat'>:</span> <span class='ocrx_word' id='word_1_897' title='bbox 2627 4721 2839 4790; x_wconf 91' lang='lat' dir='ltr'><strong>quando</strong></span> <span class='ocrx_word' id='word_1_898' title='bbox 2885 4725 3064 4781; x_wconf 90' lang='lat' dir='ltr'><strong>veniet</strong></span> <span class='ocrx_word' id='word_1_899' title='bbox 3105 4729 3436 4802; x_wconf 82' lang='lat' dir='ltr'><strong>manifestus,</strong></span> <span class='ocrx_word' id='word_1_900' title='bbox 3478 4734 3790 4797; x_wconf 76' lang='lat' dir='ltr'><strong>innotescet</strong></span> 
     </span>
    </p>
   </div>
   <div class='ocr_carea' id='block_1_111' title="bbox 2191 4805 3786 4896">
    <p class='ocr_par' dir='ltr' id='par_1_111' title="bbox 2191 4805 3786 4896">
     <span class='ocr_line' id='line_1_111' title="bbox 2191 4805 3786 4896; baseline 0.016 -37"><span class='ocrx_word' id='word_1_901' title='bbox 2191 4805 2346 4862; x_wconf 90' lang='lat' dir='ltr'><strong>bonis</strong></span> <span class='ocrx_word' id='word_1_902' title='bbox 2372 4815 2426 4863; x_wconf 93' lang='lat' dir='ltr'><strong>et</strong></span> <span class='ocrx_word' id='word_1_903' title='bbox 2451 4809 2624 4864; x_wconf 90' lang='lat' dir='ltr'><strong>malis.</strong></span> <span class='ocrx_word' id='word_1_904' title='bbox 2649 4811 2874 4880; x_wconf 87' lang='lat' dir='ltr'><strong>Quando</strong></span> <span class='ocrx_word' id='word_1_905' title='bbox 2898 4815 3040 4871; x_wconf 87' lang='lat' dir='ltr'><strong>venit</strong></span> <span class='ocrx_word' id='word_1_906' title='bbox 3067 4819 3328 4888; x_wconf 90' lang='lat' dir='ltr'><strong>occultus,</strong></span> <span class='ocrx_word' id='word_1_907' title='bbox 3357 4825 3500 4879; x_wconf 91' lang='lat' dir='ltr'><strong>venit</strong></span> <span class='ocrx_word' id='word_1_908' title='bbox 3523 4825 3786 4896; x_wconf 86' lang='lat' dir='ltr'><strong>judican-</strong></span> 
     </span>
    </p>
   </div>
   <div class='ocr_carea' id='block_1_112' title="bbox 2191 4895 3779 4985">
    <p class='ocr_par' dir='ltr' id='par_1_112' title="bbox 2191 4895 3779 4985">
     <span class='ocr_line' id='line_1_112' title="bbox 2191 4895 3779 4985; baseline 0.016 -33"><span class='ocrx_word' id='word_1_909' title='bbox 2191 4895 2290 4953; x_wconf 92' lang='lat' dir='ltr'><strong>dus</strong></span> <span class='ocrx_word' id='word_1_910' title='bbox 2322 4916 2334 4951; x_wconf 90' lang='lat'>:</span> <span class='ocrx_word' id='word_1_911' title='bbox 2368 4899 2580 4968; x_wconf 86' lang='lat' dir='ltr'><strong>quando</strong></span> <span class='ocrx_word' id='word_1_912' title='bbox 2613 4903 2788 4958; x_wconf 87' lang='lat' dir='ltr'><strong>veniet</strong></span> <span class='ocrx_word' id='word_1_913' title='bbox 2827 4907 3138 4964; x_wconf 87' lang='lat' dir='ltr'><strong>manifestus</strong></span> <span class='ocrx_word' id='word_1_914' title='bbox 3161 4951 3177 4976; x_wconf 96' lang='lat'><strong>,</strong></span> <span class='ocrx_word' id='word_1_915' title='bbox 3219 4913 3396 4969; x_wconf 92' lang='lat' dir='ltr'><strong>veniet</strong></span> <span class='ocrx_word' id='word_1_916' title='bbox 3417 4895 3779 4985; x_wconf 86' lang='lat' dir='ltr'><strong>judicaturus.</strong></span> 
     </span>
    </p>
   </div>
   <div class='ocr_carea' id='block_1_113' title="bbox 2190 4987 3786 5070">
    <p class='ocr_par' dir='ltr' id='par_1_113' title="bbox 2190 4987 3786 5070">
     <span class='ocr_line' id='line_1_113' title="bbox 2190 4987 3786 5070; baseline 0.016 -27"><span class='ocrx_word' id='word_1_917' title='bbox 2190 4987 2427 5056; x_wconf 87' lang='lat' dir='ltr'><strong>Denique</strong></span> <span class='ocrx_word' id='word_1_918' title='bbox 2456 4998 2580 5047; x_wconf 91' lang='lat' dir='ltr'><strong>tunc</strong></span> <span class='ocrx_word' id='word_1_919' title='bbox 2603 5007 2723 5048; x_wconf 91' lang='lat' dir='ltr'><strong>cum</strong></span> <span class='ocrx_word' id='word_1_920' title='bbox 2743 4993 3073 5061; x_wconf 90' lang='lat' dir='ltr'><strong>judicaretur</strong></span> <span class='ocrx_word' id='word_1_921' title='bbox 3099 5000 3144 5068; x_wconf 80' lang='grc'><strong>³,</strong></span> <span class='ocrx_word' id='word_1_922' title='bbox 3173 5001 3354 5070; x_wconf 90' lang='lat' dir='ltr'><strong>siluit,</strong></span> <span class='ocrx_word' id='word_1_923' title='bbox 3383 5015 3438 5061; x_wconf 93' lang='lat' dir='ltr'><strong>et</strong></span> <span class='ocrx_word' id='word_1_924' title='bbox 3465 5007 3534 5063; x_wconf 89' lang='lat' dir='ltr'><strong>de</strong></span> <span class='ocrx_word' id='word_1_925' title='bbox 3556 5010 3786 5070; x_wconf 87' lang='lat' dir='ltr'><strong>silentio</strong></span> 
     </span>
    </p>
   </div>
   <div class='ocr_carea' id='block_1_114' title="bbox 2188 5078 3782 5160">
    <p class='ocr_par' dir='ltr' id='par_1_114' title="bbox 2188 5078 3782 5160">
     <span class='ocr_line' id='line_1_114' title="bbox 2188 5078 3782 5160; baseline 0.018 -27"><span class='ocrx_word' id='word_1_926' title='bbox 2188 5078 2302 5149; x_wconf 88' lang='lat' dir='ltr'><strong>ejus</strong></span> <span class='ocrx_word' id='word_1_927' title='bbox 2329 5081 2584 5152; x_wconf 89' lang='lat' dir='ltr'><strong>propheta</strong></span> <span class='ocrx_word' id='word_1_928' title='bbox 2625 5083 2980 5154; x_wconf 65' lang='lat' dir='ltr'><strong>praedixerat,</strong></span> <span class='ocrx_word' id='word_1_929' title='bbox 3009 5088 3154 5144; x_wconf 88' lang='lat' dir='ltr'><strong>Sicut</strong></span> <span class='ocrx_word' id='word_1_930' title='bbox 3181 5094 3284 5150; x_wconf 75' lang='lat' dir='ltr'><strong>ouis</strong></span> <span class='ocrx_word' id='word_1_931' title='bbox 3312 5096 3381 5150; x_wconf 86' lang='lat' dir='ltr'><strong>ad</strong></span> <span class='ocrx_word' id='word_1_932' title='bbox 3406 5096 3782 5160; x_wconf 86' lang='lat' dir='ltr'><strong>immolandum</strong></span> 
     </span>
    </p>
   </div>
   <div class='ocr_carea' id='block_1_115' title="bbox 2249 5274 3586 5350">
    <p class='ocr_par' dir='ltr' id='par_1_115' title="bbox 2249 5274 3586 5350">
     <span class='ocr_line' id='line_1_115' title="bbox 2249 5274 3586 5350; baseline 0.014 -27"><span class='ocrx_word' id='word_1_933' title='bbox 2249 5274 2267 5350; x_wconf 71' lang='grc' dir='ltr'><strong>ξ</strong></span> <span class='ocrx_word' id='word_1_934' title='bbox 2290 5274 2363 5350; x_wconf 69' lang='lat' dir='ltr'><strong>_si_c</strong></span> <span class='ocrx_word' id='word_1_935' title='bbox 2380 5280 2487 5350; x_wconf 78' lang='lat' dir='ltr'><strong>Mss.</strong></span> <span class='ocrx_word' id='word_1_936' title='bbox 2510 5275 2627 5350; x_wconf 54' lang='lat' dir='ltr'><strong>editi</strong></span> <span class='ocrx_word' id='word_1_937' title='bbox 2643 5289 2787 5350; x_wconf 80' lang='lat' dir='ltr'><strong>vero,</strong></span> <span class='ocrx_word' id='word_1_938' title='bbox 2798 5277 2928 5331; x_wconf 85' lang='lat' dir='ltr'><strong>intus</strong></span> <span class='ocrx_word' id='word_1_939' title='bbox 2948 5281 3130 5335; x_wconf 82' lang='lat' dir='ltr'><strong>videret</strong></span> <span class='ocrx_word' id='word_1_940' title='bbox 3152 5294 3398 5350; x_wconf 80' lang='lat' dir='ltr'><strong>peccatum</strong></span> <span class='ocrx_word' id='word_1_941' title='bbox 3411 5304 3586 5344; x_wconf 70' lang='lat' dir='ltr'><strong>meum</strong></span> 
     </span>
    </p>
   </div>
   <div class='ocr_carea' id='block_1_116' title="bbox 2181 5335 3767 5447">
    <p class='ocr_par' dir='ltr' id='par_1_116' title="bbox 2181 5335 3767 5447">
     <span class='ocr_line' id='line_1_116' title="bbox 2181 5335 3767 5447; baseline 0.016 -63"><span class='ocrx_word' id='word_1_942' title='bbox 2181 5336 2418 5447; x_wconf 34' lang='lat' dir='ltr'><strong>iugclgovq</strong></span> <span class='ocrx_word' id='word_1_943' title='bbox 2441 5336 2492 5388; x_wconf 88' lang='lat' dir='ltr'><strong>in</strong></span> <span class='ocrx_word' id='word_1_944' title='bbox 2509 5335 2646 5389; x_wconf 86' lang='lat' dir='ltr'><strong>lecto.</strong></span> <span class='ocrx_word' id='word_1_945' title='bbox 2672 5346 2728 5390; x_wconf 81' lang='lat' dir='ltr'><strong>AI.</strong></span> <span class='ocrx_word' id='word_1_946' title='bbox 2754 5335 2858 5392; x_wconf 68' lang='lat' dir='ltr'><strong>Mss.</strong></span> <span class='ocrx_word' id='word_1_947' title='bbox 2894 5356 2990 5394; x_wconf 88' lang='lat' dir='ltr'><strong>una</strong></span> <span class='ocrx_word' id='word_1_948' title='bbox 3018 5335 3396 5414; x_wconf 64' lang='lat' dir='ltr'><strong>voce;</strong></span> <span class='ocrx_word' id='word_1_949' title='bbox 3412 5335 3640 5418; x_wconf 49' lang='lat' dir='ltr'><strong>Baiae</strong></span> <span class='ocrx_word' id='word_1_950' title='bbox 3659 5361 3767 5422; x_wconf 61' lang='lat' dir='ltr'><strong>Eia,</strong></span> 
     </span>
    </p>
   </div>
   <div class='ocr_carea' id='block_1_117' title="bbox 2171 5459 3779 5582">
    <p class='ocr_par' dir='ltr' id='par_1_117' title="bbox 2171 5459 3779 5582">
     <span class='ocr_line' id='line_1_117' title="bbox 2190 5459 3779 5541; baseline 0.019 -38"><span class='ocrx_word' id='word_1_951' title='bbox 2190 5518 2202 5530; x_wconf 35' lang='grc' dir='ltr'><strong>ο</strong></span> <span class='ocrx_word' id='word_1_952' title='bbox 2245 5459 2394 5529; x_wconf 53' lang='grc' dir='ltr'><strong>ηυδε.</strong></span> <span class='ocrx_word' id='word_1_953' title='bbox 2428 5461 2691 5514; x_wconf 85' lang='lat' dir='ltr'><strong>Victorinus</strong></span> <span class='ocrx_word' id='word_1_954' title='bbox 2732 5471 2785 5516; x_wconf 90' lang='lat' dir='ltr'><strong>et</strong></span> <span class='ocrx_word' id='word_1_955' title='bbox 2817 5465 3224 5522; x_wconf 87' lang='lat' dir='ltr'><strong>Phimarconensis</strong></span> <span class='ocrx_word' id='word_1_956' title='bbox 3249 5486 3262 5522; x_wconf 89' lang='lat'><strong>:</strong></span> <span class='ocrx_word' id='word_1_957' title='bbox 3289 5473 3504 5540; x_wconf 83' lang='lat' dir='ltr'><strong>Denique</strong></span> <span class='ocrx_word' id='word_1_958' title='bbox 3552 5483 3667 5530; x_wconf 85' lang='lat' dir='ltr'><strong>tunc</strong></span> <span class='ocrx_word' id='word_1_959' title='bbox 3713 5490 3779 5541; x_wconf 61' lang='lat' dir='ltr'><strong>ut</strong></span> 
     </span>
     <span class='ocr_line' id='line_1_118' title="bbox 2171 5521 3445 5582; baseline 0.025 -14"><span class='ocrx_word' id='word_1_960' title='bbox 2171 5521 2498 5582; x_wconf 73' lang='lat' dir='ltr'><strong>Judscaretur.</strong></span> <span class='ocrx_word' id='word_1_961' title='bbox 3440 5551 3445 5557; x_wconf 85' lang='lat'><strong><em>&#39;</em></strong></span> 
     </span>
    </p>
   </div>
   <div class='ocr_carea' id='block_1_118' title="bbox 2241 5603 3722 5674">
    <p class='ocr_par' dir='ltr' id='par_1_118' title="bbox 2241 5603 3722 5674">
     <span class='ocr_line' id='line_1_119' title="bbox 2241 5603 3722 5674; baseline 0.015 -22"><span class='ocrx_word' id='word_1_962' title='bbox 2241 5603 2260 5624; x_wconf 86' lang='lat'><strong><em>‘</em></strong></span> <span class='ocrx_word' id='word_1_963' title='bbox 2276 5603 2482 5656; x_wconf 80' lang='lat' dir='ltr'><strong>collatus</strong></span> <span class='ocrx_word' id='word_1_964' title='bbox 2505 5607 2655 5658; x_wconf 84' lang='lat' dir='ltr'><strong>estad</strong></span> <span class='ocrx_word' id='word_1_965' title='bbox 2676 5607 2726 5658; x_wconf 84' lang='lat' dir='ltr'><strong>II.</strong></span> <span class='ocrx_word' id='word_1_966' title='bbox 2746 5609 2828 5672; x_wconf 89' lang='lat' dir='ltr'><strong>pb.</strong></span> <span class='ocrx_word' id='word_1_967' title='bbox 2849 5624 2896 5659; x_wconf 93' lang='lat' dir='ltr'><strong>v.</strong></span> <span class='ocrx_word' id='word_1_968' title='bbox 2924 5619 2976 5662; x_wconf 88' lang='lat' dir='ltr'><strong>et</strong></span> <span class='ocrx_word' id='word_1_969' title='bbox 2995 5613 3056 5663; x_wconf 83' lang='lat' dir='ltr'><strong>ad</strong></span> <span class='ocrx_word' id='word_1_970' title='bbox 3088 5621 3188 5666; x_wconf 76' lang='lat' dir='ltr'><strong>Am.</strong></span> <span class='ocrx_word' id='word_1_971' title='bbox 3213 5622 3284 5666; x_wconf 86' lang='lat' dir='ltr'><strong>Er.</strong></span> <span class='ocrx_word' id='word_1_972' title='bbox 3321 5617 3455 5669; x_wconf 89' lang='lat' dir='ltr'><strong>Ulim.</strong></span> <span class='ocrx_word' id='word_1_973' title='bbox 3483 5629 3584 5672; x_wconf 81' lang='lat' dir='ltr'><strong>Par.</strong></span> <span class='ocrx_word' id='word_1_974' title='bbox 3609 5629 3722 5674; x_wconf 85' lang='lat' dir='ltr'><strong>Lov.</strong></span> 
     </span>
    </p>
   </div>
   <div class='ocr_carea' id='block_1_119' title="bbox 2238 5684 2961 5807">
    <p class='ocr_par' dir='ltr' id='par_1_119' title="bbox 2238 5684 2961 5807">
     <span class='ocr_line' id='line_1_120' title="bbox 2238 5684 2961 5807; baseline 0.015 -76"><span class='ocrx_word' id='word_1_975' title='bbox 2238 5684 2312 5807; x_wconf 48' lang='lat' dir='ltr'><strong>Ea;</strong></span> <span class='ocrx_word' id='word_1_976' title='bbox 2347 5685 2488 5760; x_wconf 75' lang='lat' dir='ltr'><strong>Alias,</strong></span> <span class='ocrx_word' id='word_1_977' title='bbox 2507 5687 2574 5737; x_wconf 90' lang='lat' dir='ltr'><strong>de</strong></span> <span class='ocrx_word' id='word_1_978' title='bbox 2595 5696 2832 5752; x_wconf 84' lang='lat' dir='ltr'><strong>Tempore</strong></span> <span class='ocrx_word' id='word_1_979' title='bbox 2853 5691 2961 5744; x_wconf 67' lang='lat'><strong>220.</strong></span> 
     </span>
     <span class='ocr_line' id='line_1_121' title="bbox 2262 5745 2961 5807; baseline 0.023 -15"><span class='ocrx_word' id='word_1_980' title='bbox 2262 5745 2289 5793; x_wconf 74' lang='grc' dir='ltr'><strong>ὁ</strong></span> <span class='ocrx_word' id='word_1_981' title='bbox 2343 5753 2488 5807; x_wconf 67' lang='lat' dir='ltr'><strong>limus</strong></span> <span class='ocrx_word' id='word_1_982' title='bbox 2508 5754 2744 5804; x_wconf 87' lang='lat' dir='ltr'><strong>sermonis</strong></span> <span class='ocrx_word' id='word_1_983' title='bbox 2764 5752 2961 5807; x_wconf 71' lang='lat' dir='ltr'><strong>fragmen</strong></span> 
     </span>
    </p>
   </div>
   <div class='ocr_carea' id='block_1_120' title="bbox 2177 5745 3784 5861">
    <p class='ocr_par' dir='ltr' id='par_1_120' title="bbox 2177 5745 3784 5861">
     <span class='ocr_line' id='line_1_122' title="bbox 2177 5745 3784 5861; baseline 0.019 -67"><span class='ocrx_word' id='word_1_984' title='bbox 2177 5745 2488 5861; x_wconf 40' lang='lat' dir='ltr'><strong>milia</strong></span> <span class='ocrx_word' id='word_1_985' title='bbox 2508 5745 2744 5804; x_wconf 75' lang='lat' dir='ltr'><strong>sermonis</strong></span> <span class='ocrx_word' id='word_1_986' title='bbox 2764 5752 3084 5818; x_wconf 82' lang='lat' dir='ltr'><strong>fragmentum</strong></span> <span class='ocrx_word' id='word_1_987' title='bbox 3101 5763 3319 5813; x_wconf 83' lang='lat' dir='ltr'><strong>exstatin</strong></span> <span class='ocrx_word' id='word_1_988' title='bbox 3334 5761 3622 5818; x_wconf 77' lang='lat' dir='ltr'><strong>collectione</strong></span> <span class='ocrx_word' id='word_1_989' title='bbox 3639 5766 3784 5840; x_wconf 22' lang='lat' dir='ltr'><strong>Flori,</strong></span> 
     </span>
    </p>
   </div>
  </div>
