4014 6310
207 298 310 357 129

210 437 387 488 ductus
416 442 490 488 est
508 474 522 499 ,
549 442 597 485 et
627 430 756 485 sicut
782 446 942 501 agnus
968 444 1135 483 coram
1161 429 1391 484 tondente
1414 471 1428 494 ,
1459 430 1531 484 sic
1556 447 1655 484 non
1674 447 1796 500 ape-

210 526 385 578 raritas
409 540 560 577 suum
592 521 743 593 (lsai.
771 537 882 585 un,
912 521 989 590 7).
1017 520 1123 575 Sed
1149 520 1286 574 Deus
1307 530 1485 575 noster
1507 524 1797 592 manifestus

209 616 385 680 variet,
410 612 551 666 Deus
581 621 771 679 noster,
800 621 846 665 et
870 628 968 665 non
998 610 1175 664 silebit.
1196 610 1309 665 Non
1339 611 1604 680 quomodo
1631 612 1795 677 siluit,

210 705 418 777 quando
439 702 760 775 judicandus
781 711 915 765 erat,
936 703 1005 755 ita
1023 702 1216 764 silebit,
1242 702 1451 771 quando
1471 702 1797 772 judicaturus

212 799 326 853 erit.
358 796 430 851 Et
459 811 601 850 nunc
631 810 738 849 non
770 795 908 861 silet,
937 796 980 847 si
1008 795 1078 848 sit
1107 794 1195 863 qui
1226 794 1403 849 audiat
1438 812 1449 848 :
1478 795 1571 849 sed
1601 795 1797 850 dictum

214 902 318 953 est,
349 889 505 943 Tunc
534 904 636 942 non
665 886 828 941 silebit
848 927 864 951 ,
895 884 1107 956 quando
1136 900 1319 940 vocem
1366 886 1482 955 ejus
1511 895 1799 956 agnoscent

214 992 263 1036 et
286 981 375 1050 qui
402 979 570 1035 modo
591 986 959 1033 contemnunt.
990 976 1142 1031 Modo
1162 976 1302 1030 enim
1326 977 1536 1046 quando
1557 974 1801 1029 dicuntur

216 1082 479 1143 praecepta
512 1070 646 1136 Dei,
678 1067 997 1138 quibusdam
1026 1069 1075 1121 in
1106 1068 1267 1121 risum
1297 1069 1518 1122 veniunt
1545 1085 1557 1120 :
1587 1075 1641 1121 et
1666 1083 1800 1135 quo-

214 1164 348 1219 niam
379 1160 527 1230 quod
573 1159 823 1229 promisit
860 1159 999 1214 Deus
1039 1157 1199 1212 modo
1242 1172 1349 1211 non
1395 1156 1719 1219 ostenditur,
1750 1166 1803 1210 et

214 1254 347 1325 quod
377 1254 620 1308 minatur
662 1250 825 1305 modo
867 1265 972 1304 non
1014 1248 1256 1313 videtur,
1288 1249 1427 1317 quod
1468 1247 1703 1317 prmcipit
1735 1247 1803 1299 ir-

214 1347 431 1401 ridetur.
462 1344 623 1399 Μοόο
648 1343 793 1398 enim
821 1342 1123 1396 felicitatem
1144 1356 1262 1408 quze
1282 1340 1474 1394 dicitur
1499 1338 1679 1393 mundi
1710 1338 1805 1391 hu-

150 1486 165 1502 ,
212 1438 311 1507 jus,
331 1436 539 1491 habent
556 1445 608 1490 et
628 1434 785 1499 mali;
806 1432 1161 1488 infelicitatem
1181 1448 1295 1502 qua:
1309 1431 1501 1486 dicitur
1514 1430 1693 1486 mundi
1717 1430 1807 1483 hu-

214 1530 297 1600 jus
317 1570 333 1593 ,
362 1528 573 1583 habent
615 1536 670 1582 et
697 1526 842 1581 boni.
876 1525 1166 1580 Attendunt
1189 1524 1435 1579 homines
1464 1524 1551 1593 qui
1582 1522 1806 1578 credunt

219 1620 500 1690 prtesentia
530 1628 589 1674 et
614 1633 719 1672 non
753 1616 979 1672 credunt
1020 1615 1190 1671 futura
1216 1656 1232 1682 ,
1262 1615 1511 1685 quoniam
1541 1614 1636 1668 ista
1666 1614 1805 1668 bona

218 1719 269 1767 et
296 1710 434 1765 mala
483 1709 767 1779 praesentis
804 1708 984 1763 saeculi
1025 1707 1325 1777 promiscue
1367 1705 1564 1760 habent
1605 1705 1726 1760 boni
1755 1712 1808 1759 et

220 1801 357 1854 mali.
383 1800 439 1855 Si
468 1800 684 1854 divitias
711 1807 918 1867 optant,
946 1797 1128 1852 vident
1155 1796 1352 1851 habere
1381 1795 1588 1850 divitias
1609 1806 1661 1851 et
1684 1812 1807 1865 pes-

220 1893 383 1947 simos
429 1892 679 1946 homines
712 1900 765 1945 et
811 1890 978 1945 bonos
1008 1890 1283 1952 homines;
1315 1886 1497 1941 vident
1534 1887 1694 1941 etiam
1721 1928 1734 1949 ,
1763 1887 1808 1941 si

219 1984 516 2038 exhorreut
543 1989 908 2051 paupertatem
936 1990 989 2035 et
1015 1979 1257 2034 miserias
1286 1977 1446 2047 hujus
1474 1978 1656 2032 saeculi
1682 2019 1696 2042 ,
1728 1978 1807 2031 la—

220 2077 411 2131 borare
452 2075 508 2129 in
540 2074 623 2127 his
664 2073 892 2127 miseriis
935 2086 1042 2125 non
1080 2070 1253 2126 solum
1296 2070 1461 2124 bonos
1485 2109 1499 2134 ,
1528 2068 1621 2123 sed
1648 2067 1809 2123 etiam

222 2170 390 2221 malos
434 2185 448 2220 :
482 2175 537 2221 et
583 2166 765 2219 dicunt
795 2164 847 2217 in
895 2162 1056 2218 corde
1085 2176 1181 2216 suo
1206 2203 1220 2227 ,
1254 2161 1375 2231 quia
1423 2175 1511 2216 res
1554 2160 1810 2215 humanas

222 2260 363 2313 Deus
389 2272 494 2312 nec
527 2257 746 2326 respicit
770 2295 786 2321 ,
820 2270 918 2309 nec
970 2254 1140 2324 regit,
1172 2252 1266 2307 sed
1296 2254 1513 2307 omnino
1543 2252 1597 2307 in
1625 2252 1811 2307 intimo

222 2350 455 2421 quodam
493 2348 677 2403 mundi
708 2347 866 2417 hujus
904 2345 1065 2400 fundo
1104 2342 1180 2416 (α)
1222 2344 1422 2398 dimisit
1460 2359 1559 2399 nos
1600 2345 1811 2399 casibus

224 2444 400 2508 volvi,
435 2457 537 2497 nec
582 2442 812 2510 aliquam
853 2438 1240 2509 providentiam
1280 2436 1707 2491 exhibet'nobis.
1736 2437 1814 2490 Ac

225 2550 321 2605 per
348 2534 449 2588 hoc
482 2532 539 2586 ﬁt
569 2531 622 2586 in
649 2532 753 2585 illis
784 2538 1117 2599 contemptus
1145 2528 1416 2598 prmcepti,
1446 2528 1568 2598 quia
1598 2543 1702 2582 non
1730 2527 1813 2580 vi-

226 2628 353 2682 dent
382 2624 871 2681 manifestationem
898 2621 1105 2692 judicii.

295 2717 526 2774 CAPUT
554 2716 620 2771 ll.
642 2715 786 2769 -2.
818 2715 919 2768 Cur
947 2713 1083 2767 Deus
1126 2727 1260 2766 nunc
1293 2711 1495 2781 judicat
1536 2710 1765 2779 quazdam
1796 2749 1812 2775 ,

230 2827 329 2864 non
372 2809 570 2862 omnia.
603 2807 977 2862 Verumtamen
1015 2805 1175 2859 etiam
1210 2803 1369 2859 modo
1402 2802 1561 2857 debet
1594 2802 1817 2871 quisque

230 2902 530 2965 attendere,
563 2901 686 2970 quia
717 2899 928 2970 quando
956 2898 1069 2953 vult
1090 2898 1247 2961 Deus,
1277 2896 1495 2965 respicit
1521 2894 1814 2965 etjudicat,

232 3003 285 3048 et
306 2993 373 3047 ad
413 2994 604 3047 horam
633 3005 739 3045 non
771 2988 981 3044 differt:
1014 2987 1225 3058 quando
1253 2996 1431 3041 autem
1459 2986 1587 3051 vult,
1620 2986 1815 3040 diﬁ‘ert.

236 3090 300 3142 Et
326 3086 469 3142 unde
496 3084 637 3139 hoc?
658 3084 787 3151 Quia
816 3083 859 3137 si
886 3095 1151 3151 nunquam
1184 3081 1233 3134 in
1263 3079 1511 3151 prtesenti
1533 3078 1816 3148 judicaret,

232 3195 337 3234 non
369 3192 494 3233 esse
522 3177 662 3231 Deus
686 3173 1032 3229 crederetur:
1057 3173 1101 3226 si
1128 3171 1305 3226 omnia
1332 3170 1383 3224 in
1414 3168 1660 3240 praesenti
1684 3168 1823 3237 judi-

231 3278 407 3335 caret,
437 3268 569 3322 nihil
606 3266 806 3336 judicio
848 3271 1165 3319 reservaret.
1200 3260 1279 3315 Ad
1326 3260 1427 3315 hoc
1465 3260 1608 3314 enim
1656 3258 1823 3313 multa

232 3358 751 3429 servanturjudicio,
774 3365 829 3411 et
848 3355 1089 3425 quaedam
1117 3354 1168 3407 in
1197 3352 1477 3423 prtesentia
1496 3350 1820 3421 judicantur,

234 3465 293 3511 ut
321 3456 397 3510 illi
426 3454 516 3524 qui
549 3452 891 3513 differuntur,
926 3447 1144 3501 timeant
1182 3452 1233 3500 et
1273 3452 1666 3499 convertantur.
1706 3441 1823 3496 Non

235 3547 380 3602 enim
405 3554 551 3598 amat
577 3543 716 3596 Deus
741 3541 1014 3604 damnare,
1051 3538 1145 3593 sed
1182 3536 1387 3591 salvare
1418 3536 1436 3567 ί
1463 3554 1476 3589 :
1503 3544 1557 3590 et
1585 3534 1703 3589 ideo
1729 3549 1825 3603 pa-

238 3642 378 3693 tiens
403 3646 489 3692 est
512 3636 565 3690 in
595 3634 783 3696 malos,
813 3641 872 3685 ut
895 3631 961 3685 de
986 3631 1139 3685 malis
1168 3629 1323 3684 faciat
1346 3630 1532 3683 bonos.
1570 3626 1673 3683 Sed
1701 3627 1829 3681 dicit

240 3730 531 3801 Apostolus
552 3770 567 3794 ,
605 3728 726 3797 quia
769 3725 1066 3779 revelabitur
1093 3724 1171 3777 ira
1200 3722 1296 3775 Dei
1324 3738 1473 3791 super
1512 3737 1706 3774 onmem
1731 3721 1827 3772 im-

240 3826 477 3893 pietatem
505 3820 681 3891 (Rom.
712 3835 750 3883 ι,
779 3817 889 3883 18),
926 3826 979 3871 et
1007 3814 1180 3868 reddet
1210 3812 1349 3867 Deus
1370 3812 1634 3881 unicuique
1654 3826 1831 3864 secun-

242 3918 365 3970 dum
401 3930 560 3984 opera
599 3929 711 3967 sua.
740 3910 1006 3966 Admonet
1031 3919 1207 3963 autem
1235 3916 1288 3961 et
1316 3905 1534 3974 corripit
1562 3904 1829 3958 hominem

243 4016 713 4072 contemnentem;
740 4013 793 4060 et
818 4003 962 4068 dicit,
991 4002 1066 4055 An
1095 4001 1292 4054 divitias
1320 3998 1555 4052 bonitatis
1580 4006 1625 4050 et
1653 3998 1832 4067 longa-

246 4103 495 4157 nimitatis
524 4102 635 4171 ejus
655 4097 966 4151 contemnis?
988 4093 1121 4159 Quia
1164 4093 1336 4146 bonus
1377 4099 1460 4144 est
1499 4092 1549 4143 in
1597 4098 1681 4151 te,
1713 4088 1834 4157 quia

246 4192 572 4262 longanimis
602 4188 767 4243 estin
810 4197 895 4250 te,
945 4183 1066 4254 quia
1110 4183 1316 4252 patiens
1363 4190 1445 4235 est
1487 4180 1538 4232 in
1591 4188 1661 4243 te,
1713 4179 1835 4248 quia

248 4284 426 4338 diﬂ'ert
468 4292 519 4336 te
560 4288 614 4334 et
658 4294 762 4333 non
806 4275 979 4331 aufert
1023 4284 1103 4340 te,
1153 4272 1481 4337 contemnis,
1525 4278 1579 4326 et
1619 4272 1837 4325 omnino

250 4377 458 4431 nullum
500 4372 754 4442 judicium
785 4369 875 4423 Dei
917 4375 1072 4437 putas
1114 4382 1127 4417 :
1173 4366 1413 4435 ignorans
1450 4362 1568 4433 quia
1597 4361 1840 4432 patientia

250 4469 347 4523 Dei
372 4470 442 4522 ad
464 4464 801 4536 paenitentiam
826 4472 872 4515 te
891 4458 1142 4513 adducit?
1163 4454 1240 4510 Tu
1258 4465 1420 4509 autem
1443 4455 1714 4509 secundum
1741 4454 1841 4506 du-

251 4562 419 4615 ritiam
449 4556 618 4610 cordis
643 4556 715 4609 tui
740 4551 1054 4607 thezaurizas
1078 4548 1165 4601 tibi
1191 4548 1320 4601 iram
1344 4546 1395 4599 in
1421 4546 1504 4598 die
1522 4545 1611 4599 ira:
1635 4554 1679 4598 et
1706 4560 1843 4598 reve-
1896 4595 1901 4601 .

255 4654 460 4708 talionis
480 4650 611 4722 justi
626 4647 811 4720 judicii
833 4645 949 4710 Dei,
973 4644 1057 4713 qui
1084 4640 1254 4695 reddet
1283 4639 1551 4708 unicuique
1569 4637 1844 4692 secundum

257 4765 410 4818 Opera
438 4762 531 4800 sua
558 4742 668 4811 (Id.
698 4758 753 4807 It,
784 4738 929 4810 4-6).

330 4841 382 4893 5.
428 4836 715 4890 Thesaurus
744 4845 985 4901 Operam,
1016 4843 1106 4882 seu
1141 4824 1416 4887 bonorum,
1457 4839 1543 4876 seu
1578 4821 1842 4875 malorum.

260 4926 529 4999 Quidquid
562 4940 686 4995 ergo
714 4923 873 4976 homo
917 4918 1043 4973 facit
1084 4916 1277 4982 modo,
1308 4915 1358 4968 in
1391 4914 1695 4967 thesaurum
1723 4912 1848 4999 mit-

263 5024 359 5087 tit,
403 5018 500 5075 sed
529 5015 702 5071 nescit
738 5011 866 5083 quid
902 5010 1118 5079 colligat
1159 5026 1172 5062 :
1207 5004 1473 5077 quomodo
1511 5003 1723 5067 divites,
1760 5002 1850 5071 qui

265 5115 317 5169 in
351 5112 660 5167 thesaurum
694 5116 850 5161 terra:
881 5102 1132 5164 mittunt,
1162 5097 1313 5168 quasi
1340 5095 1513 5150 sciunt
1545 5094 1667 5164 quid
1697 5094 1849 5149 colli-

266 5214 420 5277 gunt,
449 5201 543 5257 sed
572 5199 819 5254 nesciunt
846 5194 929 5250 cui
958 5191 1230 5261 colligunt.
1260 5187 1388 5255 Quis
1414 5183 1556 5240 enim
1586 5183 1855 5253 possideat

266 5276 477 5353 divitias
516 5306 702 5348 eorum
745 5296 866 5360 post
903 5294 1131 5341 mortem
1162 5283 1426 5352 ipsorum,
1457 5292 1674 5348 prorsus
1703 5276 1853 5347 igno-

268 5398 389 5444 rant
412 5403 425 5439 :
450 5394 505 5441 et
532 5381 817 5454 aliquando
842 5378 1041 5434 divitia:
1067 5391 1255 5432 eorum
1295 5372 1361 5426 ad
1400 5371 1642 5425 inimicos
1667 5383 1853 5424 eorum

270 5477 610 5550 perveniunt.
650 5474 717 5528 Et
762 5471 883 5526 ideo
908 5484 965 5550 se
994 5467 1220 5539 quisque
1254 5461 1465 5517 fraudat
1493 5460 1681 5515 nolens
1707 5472 1857 5512 man-

335 5615 351 5645 ³
373 5614 445 5663 sic
468 5619 569 5658 Am.
590 5613 643 5657 et
663 5612 770 5654 Mss.
796 5610 852 5653 At
873 5600 1087 5663 EraUlim
1112 5605 1163 5649 et
1178 5605 1310 5663 Lov.,
1335 5595 1422 5647 sed
1445 5592 1668 5663 allevare.

331 5654 731 5739 (uigor—el]th
759 5680 771 5715 :
802 5661 1062 5739 tn_
1089 5654 1305 5725 quodam
1318 5655 1485 5708 mundi
1521 5654 1664 5717 hujus
1686 5655 1853 5717 fundo.

271 5728 509 5787 metuent.
533 5728 689 5783 attici
716 5741 827 5792 pag.
856 5728 961 5776 115.
1027 5732 1081 5773 Μ.

1616 288 1844 349 SERMO
1882 290 2063 347 XVIII.

3375 299 3477 354 im

1901 406 2097 461 ducaro
2123 408 2163 475 ¹,
2188 416 2248 463 ιιι
2271 408 2493 465 ditescat
2511 452 2524 477 ,
2557 419 2615 466 ut
2637 411 2771 468 alius
2814 411 2881 469 de
2917 410 3185 469 laboribus
3211 412 3324 482 ejus
3344 412 3477 468 ﬂuat

1902 506 1956 553 et
1985 498 2280 553 luxurietur
2302 508 2357 554 et
2384 500 2725 558 dissolvatur.

1977 585 2201 644 CAPUT
2251 588 2338 644 Ill.
2374 590 2749 658 —Quomodo
2794 608 2923 664 ergo
2965 593 3222 664 colligunt
3266 594 3476 662 quidem

1902 678 2161 744 scientes,
2191 680 2283 734 sed
2327 681 2411 735 cui
2454 682 2731 753 colligant,
2770 684 3053 739 nesciunt:
3085 686 3161 740 sic
3200 695 3384 741 contra
3425 687 3477 740 in

1903 768 2208 825 thesaurum
2235 771 2505 827 caelestem
2540 773 2663 826 boni
2702 774 2825 841 quid
2865 775 3112 845 colligant
3134 776 3328 841 sciunt,
3354 776 3478 831 mali

1902 862 2028 932 quid
2057 865 2324 934 colligant,
2352 866 2613 920 nesciunt.
2636 865 2811 921 Bonus
2834 868 2972 921 enim
3004 868 3150 937 ponit
3177 868 3229 921 in
3262 868 3477 923 thesau-

1902 971 1965 1010 ro
1993 958 2195 1013 coelesti
2221 960 2397 1013 omnia
2428 974 2589 1029 opera
2620 961 3018 1027 misericordiae,
3042 978 3162 1031 quae
3188 962 3313 1018 fecit
3334 963 3481 1019 circa

1903 1048 2146 1104 homines
2176 1051 2366 1120 quibus
2392 1052 2669 1118 subvenit;
2712 1061 2766 1107 et
2802 1054 2901 1107 scit
2925 1053 3173 1122 quoniam
3204 1054 3373 1109 ﬁdelis
3400 1062 3485 1109 est

1904 1148 2117 1207 custos,
2143 1142 2230 1211 qui
2262 1142 2334 1196 illi
2381 1152 2557 1197 servat
2580 1143 2759 1199 omnia
2788 1158 2907 1213 quae
2936 1144 3167 1212 reponit.
3193 1144 3259 1199 Et
3282 1159 3389 1198 non
3418 1158 3483 1199 ea

1904 1231 2066 1296 videt,
2094 1232 2187 1286 sed
2208 1232 2273 1287 de
2304 1233 2553 1289 thesauro
2578 1250 2673 1289 suo
2697 1244 2875 1289 certus
2902 1242 3012 1301 est,
3036 1234 3157 1303 quia
3184 1249 3353 1304 neque
3380 1234 3483 1289 ali-

1905 1321 2031 1391 quid
2057 1337 2086 1375 a
2114 1321 2225 1377 fure
2254 1323 2563 1392 subripitur,
2596 1338 2767 1394 neque
2796 1324 2863 1378 ab
2892 1323 3045 1378 hoste
3071 1323 3354 1389 invaditur,
3389 1338 3483 1378 ne-

1906 1428 2008 1483 que
2038 1415 2105 1468 ab
2134 1414 2347 1469 inimico
2373 1425 2425 1470 et
2467 1416 2706 1485 improbo
2740 1426 2793 1471 et
2826 1424 3041 1485 potente
3084 1416 3237 1485 quasi
3278 1430 3309 1471 e
3344 1416 3485 1470 victo

1908 1503 2137 1570 tollitur;
2167 1504 2260 1559 sed
2290 1519 2501 1575 semper
2539 1505 2801 1572 manebit,
2836 1507 2957 1576 quia
2987 1521 3015 1559 a
3047 1507 3271 1561 Domino
3295 1513 3484 1576 poten-

1910 1594 2115 1648 tissime
2155 1594 2470 1649 custoditur.
2495 1593 2549 1651 Si
2586 1596 2727 1649 enim
2770 1596 3025 1665 pecunias
3060 1596 3308 1651 homines
3342 1595 3487 1651 ﬁdeli

1908 1700 2063 1739 servo
2083 1686 2478 1754 commendant,
2504 1695 2554 1741 et
2581 1687 2753 1741 securi
2776 1695 2928 1752 sunt;
2951 1687 3341 1742 misericordias
3365 1700 3489 1742 suas

1909 1775 2281 1830 commendant
2310 1777 2507 1846 potenti
2532 1777 2776 1842 Domino,
2808 1784 2863 1832 et
2892 1777 3103 1832 solliciti
3133 1777 3295 1832 sunt?
3318 1776 3489 1832 Nove-

1910 1874 2034 1920 runt
2060 1881 2186 1936 ergo
2213 1866 2335 1935 quia
2363 1866 2615 1937 quidquid
2642 1876 2939 1935 reponunt,
2971 1874 3141 1920 totum
3180 1866 3251 1920 ibi
3285 1866 3489 1921 salvum

1911 1964 1994 2010 est
2017 1973 2030 2007 :
2054 1957 2141 2025 qui
2170 1956 2356 2011 ﬁdeles
2383 1965 2523 2020 sunt,
2557 1956 2804 2025 potentia:
2832 1955 3039 2010 Domini
3068 1956 3150 2010 sui
3180 1953 3337 2010 ﬁdem
3362 1956 3490 2024 junu

1911 2054 2059 2116 gunt.
2100 2045 2334 2100 Credunt
2374 2046 2517 2099 enim
2563 2046 2685 2115 quia
2716 2054 2922 2111 servat,
2952 2053 3002 2100 et
3033 2045 3308 2100 inveniunt
3347 2044 3490 2115 quod

1912 2147 2108 2193 servat.
2132 2136 2261 2191 Nam
2282 2145 2336 2192 et
2362 2137 2600 2192 homines
2620 2138 2707 2207 qui
2731 2137 3004 2207 pecuniam
3034 2137 3306 2206 colligunt,
3332 2153 3489 2191 num-

1912 2228 2038 2298 quid
2082 2227 2263 2283 vldent
2311 2242 2489 2282 arcam
2536 2227 2734 2297 ipsam,
2766 2236 2877 2282 aut
2902 2231 2953 2281 in
2995 2241 3170 2282 arcam
3212 2228 3493 2297 pecuniam

1914 2332 2124 2387 semper
2144 2317 2401 2387 colligunt
2429 2326 2483 2372 et
2502 2318 2737 2383 mittunt,
2766 2326 2857 2371 aut
2876 2316 3137 2373 infodiunt
3161 2326 3215 2372 et
3242 2317 3493 2372 servant?

1914 2408 2027 2463 Non
2064 2409 2279 2473 vident;
2310 2418 2363 2462 et
2388 2417 2561 2462 tamen
2609 2408 2759 2478 quasi
2805 2407 3127 2462 conscientia
3169 2422 3351 2463 eorum
3396 2408 3499 2462 scit

1915 2498 2035 2568 quia
2078 2499 2147 2552 ibi
2188 2508 2269 2552 est
2298 2497 2350 2551 in
2381 2498 2497 2553 loco
2536 2497 2630 2551 illo
2670 2498 2757 2552 ubi
2799 2505 3105 2567 posuerunt.
3135 2498 3201 2551 Et
3227 2496 3365 2552 forte
3385 2497 3495 2567 jam

1916 2588 1999 2641 fur
2026 2588 2175 2652 tulit,
2203 2596 2261 2643 et
2288 2602 2454 2642 vanus
2482 2587 2674 2655 gaudet
2714 2587 2805 2657 qui
2848 2587 3075 2641 inaniter
3099 2589 3408 2641 reservavit.
3439 2588 3498 2641 ln

1919 2677 2165 2732 thesauro
2195 2686 2371 2733 autem
2399 2678 2601 2733 ccelesti
2624 2678 2667 2731 si
2696 2676 2819 2747 quid
2848 2677 3205 2748 posuerimus,
3233 2686 3286 2732 et
3306 2676 3374 2733 de
3396 2678 3501 2733 Do-

1919 2772 2050 2827 mini
2076 2772 2312 2826 custodia
2345 2772 2517 2826 securi
2546 2786 2753 2837 sumus,
2776 2780 2829 2824 et
2852 2766 3069 2824 omnino
3096 2768 3264 2823 furem
3296 2770 3500 2824 nullum

1919 2862 2200 2932 patiamur,
2229 2876 2328 2916 nec
2352 2862 2601 2916 damnum
2629 2859 2842 2930 aliquod
2866 2860 3207 2915 sustinemus.
3231 2859 3349 2914 Mali
3374 2874 3502 2915 vero

1921 2963 1974 3008 et
1998 2954 2097 3023 ipsi
2122 2954 2338 3007 mittunt
2362 2953 2413 3006 in
2445 2952 2749 3031 thesaurum
2790 2950 2968 3004 omnia
3006 2950 3145 3004 mala
3184 2964 3347 3020 opera
3385 2963 3501 3017 sua,

1921 3051 1976 3099 et
2017 3051 2193 3099 servat
2243 3043 2345 3097 illis
2374 3043 2531 3097 Deus.
2578 3041 2691 3097 Hoc
2730 3049 2811 3095 est
2853 3039 2994 3110 quod
3034 3039 3168 3094 dixit
3192 3040 3500 3108 Apostolus,

1922 3135 2255 3191 Tltesaurizas
2284 3135 2370 3188 tibi
2398 3136 2522 3189 iram
2554 3135 2606 3187 in
2630 3134 2710 3187 die
2733 3134 2825 3187 ira:
2841 3134 2970 3203 justi
2989 3132 3175 3202 judicii
3193 3130 3310 3186 Dei.

1995 3228 2220 3284 CAPUT
2245 3227 2305 3281 IV
2318 3228 2459 3281 ,σα-4.
2480 3224 2616 3281 Suus
2632 3240 2871 3295 quemque
2886 3233 3049 3277 manet
3067 3223 3346 3276 thesaurus.
3363 3219 3509 3275 Pau-

1928 3340 2066 3393 peres
2084 3321 2312 3375 divitibus
2333 3320 2578 3374 laturarii.
2598 3317 2703 3373 Sed
2721 3317 2969 3388 quoniam
2996 3324 3235 3369 servatur
3254 3311 3507 3384 quidquid
3546 3326 3551 3331 ‘

1927 3415 2051 3468 mali
2082 3413 2294 3477 faciunt,
2327 3420 2383 3466 et
2425 3410 2670 3465 nesciunt
2705 3426 2717 3461 :
2760 3409 2846 3462 ubi
2893 3407 3098 3461 venerit
3143 3406 3281 3461 Deus
3328 3413 3510 3459 noster

1929 3505 2270 3570 manifestus,
2298 3515 2352 3559 et
2389 3520 2492 3557 non
2524 3502 2730 3568 silebit,
2760 3498 3074 3553 convocabit
3110 3497 3174 3550 ad
3223 3511 3280 3550 se
3323 3509 3510 3550 omnes

1929 3605 2130 3667 gentes,
2160 3596 2295 3649 sicut
2313 3593 2440 3647 dicit
2466 3592 2516 3645 in
2541 3589 2846 3659 Evangelio,
2870 3596 2923 3643 et
2944 3588 3228 3656 separabit,
3253 3584 3510 3654 quosdam

1933 3703 2132 3759 ponens
2148 3687 2211 3740 ad
2228 3686 2521 3747 dexteram,
2541 3682 2795 3753 quosdam
2817 3681 2881 3735 ad
2904 3680 3169 3734 sinistram
3189 3694 3202 3729 :
3229 3687 3285 3734 et
3301 3679 3515 3748 incipiet

1928 3778 2037 3848 jam
2070 3785 2298 3830 tractare
2319 3774 2601 3829 thesauros
2627 3780 2994 3838 utrorumque,
3022 3768 3145 3838 quid
3170 3769 3392 3837 quisque
3420 3782 3515 3837 po-

1934 3869 2038 3923 suit
2067 3875 2125 3921 ut
2154 3867 2406 3920 inveniat.
2450 3862 2642 3929 Venite,
2678 3862 2883 3932 inquit,
2914 3860 3156 3926 benedicti
3183 3858 3354 3912 Patris
3378 3858 3475 3912 mei
3495 3898 3511 3922 ,

1934 3961 2000 4016 ad
2030 3975 2122 4015 eos
2150 3958 2239 4029 qui
2271 3966 2393 4012 sunt
2420 3956 2485 4010 ad
2515 3955 2789 4010 dexteram
2811 3994 2826 4019 ,
2858 3952 3096 4022 percipite
3136 3965 3345 4020 regnum
3377 3948 3515 4019 quod

1936 4053 2072 4107 vobis
2100 4060 2333 4120 paratum
2362 4058 2432 4103 est
2459 4046 2518 4100 ab
2549 4046 2692 4099 initio
2721 4043 2916 4097 mundi.
2949 4043 3188 4111 Regnum
3215 4040 3471 4096 caelorum
3499 4078 3515 4106 ,

1938 4159 2157 4215 regnum
2186 4141 2591 4211 sempiternum,
2618 4136 2925 4191 societatem
2948 4147 3066 4187 cum
3096 4132 3331 4200 Angelis,
3362 4138 3520 4184 teter-

1940 4252 2061 4289 nam
2107 4234 2300 4297 vitam,
2343 4230 2430 4285 ubi
2480 4227 2655 4282 nullus
2689 4226 2877 4288 oritur,
2925 4237 3097 4291 neque
3142 4224 3384 4286 moritur,
3421 4220 3521 4274 hoc

1944 4325 2213 4396 percipite.
2242 4320 2463 4389 Quando
2501 4319 2641 4371 enim
2689 4330 2850 4383 upera
2894 4322 3067 4367 vestra
3113 4314 3163 4365 in
3211 4312 3519 4365 thesaurum

1944 4415 2231 4471 mittebatis
2251 4455 2265 4479 ,
2290 4425 2509 4481 regnum
2548 4408 2802 4465 ccelorum
2832 4403 3109 4459 emebatis.
3154 4401 3404 4470 Percipite
3441 4418 3523 4454 re-

1946 4523 2099 4579 gnum
2139 4503 2273 4574 quod
2308 4503 2443 4556 vobis
2485 4506 2716 4571 paratum
2745 4506 2817 4550 est
2857 4495 2919 4548 ab
2958 4493 3102 4548 initio
3129 4493 3320 4546 mundi.
3352 4492 3526 4545 Etiam

1947 4599 2178 4655 ostendit
2215 4597 2317 4651 illis
2344 4596 2621 4650 thesauros
2645 4588 3058 4654 suoszEsurivi,
3091 4597 3137 4640 et
3162 4587 3368 4641 dedistis
3405 4586 3527 4638 mihi

1949 4691 2292 4750 manducare;
2318 4687 2469 4752 sitivi,
2498 4693 2543 4738 et
2569 4681 2777 4753 putastis
2807 4695 2919 4742 me;
2945 4677 3113 4731 nudus
3131 4677 3225 4747 fui,
3244 4686 3290 4729 et
3319 4675 3530 4728 vestistis

1950 4802 2063 4849 me;
2092 4762 2269 4851 hospes
2298 4780 2401 4849 fui,
2425 4787 2468 4831 et
2495 4773 2777 4829 adduxistis
2807 4787 2919 4835 me;
2946 4770 2998 4822 in
3018 4784 3214 4822 carcere
3233 4767 3309 4837 fui
3327 4807 3341 4831 ,
3364 4775 3411 4818 et
3442 4782 3546 4839 ven‘

1952 4877 2095 4930 nistis
2147 4872 2213 4926 ad
2259 4888 2337 4924 me
2350 4884 2523 4939 ;a:ger
2552 4866 2661 4935 fui,
2703 4874 2750 4918 et
2780 4862 3017 4916 visitastis
3057 4875 3155 4912 me.
3199 4858 3267 4911 Et
3307 4870 3532 4924 respon-

1954 4966 2081 5021 dent
2112 4964 2184 5018 illi
2215 4979 2227 5014 :
2263 4960 2493 5021 Domine,
2522 4955 2721 5026 quando
2746 4964 2792 5006 te
2818 4952 3030 5005 vidimus
3061 4950 3111 5002 in
3134 4946 3213 5000 his
3233 4946 3530 4999 necessita-

1957 5057 2095 5110 tibus
2141 5052 2485 5107 constitutum
2517 5088 2532 5111 ,
2577 5056 2622 5099 et
2667 5043 3060 5097 ministravimus
3105 5038 3235 5090 tibi?
3282 5035 3345 5089 Et
3389 5036 3475 5089 ille
3516 5052 3529 5088 :

1962 5145 2174 5214 Quando
2202 5142 2288 5196 uni
2314 5156 2375 5194 ex
2403 5137 2621 5191 minimis
2644 5134 2765 5187 meis
2786 5131 2991 5203 fecistis,
3020 5127 3143 5181 mihi
3171 5126 3374 5197 fecistis.
3399 5124 3532 5191 Quia

1958 5252 2084 5306 ergo
2105 5232 2313 5304 quando
2340 5230 2428 5285 uni
2460 5244 2525 5283 ex
2562 5227 2794 5280 minimis
2826 5223 2959 5276 meis
2997 5218 3220 5281 I‘ecistis,
3248 5215 3376 5270 mihi
3408 5215 3536 5271 feci-

1959 5304 2085 5391 stis,
2121 5323 2373 5395 percipite
2399 5318 2535 5389 quod
2566 5315 2782 5371 misistis
2802 5353 2817 5377 ,
2847 5308 3113 5380 possidete
3137 5306 3278 5376 quod
3309 5304 3535 5359 emistis.

1959 5420 2083 5476 Mihi
2114 5419 2253 5473 enim
2282 5410 2555 5470 Servatori
2583 5409 2702 5463 ideo
2726 5402 3046 5461 credidistis.
3082 5398 3284 5453 Deinde
3315 5411 3532 5451 conver-

1963 5520 2038 5568 tet
2077 5526 2137 5566 se
2175 5508 2242 5563 ad
2283 5507 2404 5561 illos
2443 5502 2532 5573 qui
2576 5508 2700 5555 sunt
2723 5512 2752 5550 a
2779 5494 3037 5560 sinistris,
3064 5502 3117 5546 et
3147 5488 3389 5544 ostendet
3436 5485 3538 5540 illis

2027 5650 2042 5680 ι
2066 5644 2329 5695 Victorinus
2349 5649 2428 5689 Ms.
2445 5677 2458 5695 ,
2485 5634 2643 5687 volens
2664 5630 2975 5682 manducare.
3001 5626 3142 5695 Paulo
3171 5632 3278 5695 post
3301 5623 3438 5695 idem.
3458 5632 3539 5695 co-

1964 5711 2060 5761 dex
2350 5686 2575 5764 colrligtmt
2600 5695 2753 5748 sciunt
2776 5707 2792 5757 ;
2831 5705 2917 5755 pro
2933 5729 2947 5753 ,
2985 5688 3100 5751 quid
3124 5686 3345 5749 colligant
3367 5686 3535 5734 sciunt
