4014 6310
517 435 795 491 thesauros
841 442 968 487 suos
1008 428 1193 484 inanes
1237 423 1419 495 "operis
1458 420 1622 477 boni:
1649 417 1759 484 Ite,
1804 419 2003 488 inquit,
2035 417 2093 470 iu

533 538 681 596 gnem
706 530 950 579 attentum
968 560 983 585 ,
1006 517 1091 582 qui
1115 521 1319 586 paratus
1356 521 1426 568 est
1459 509 1659 565 diabolo
1677 518 1723 565 et
1745 507 1939 579 augetis

515 593 719 669 Εενήυὶ
733 652 748 678 ,
770 619 817 666 et
840 625 940 664 non
970 606 1176 661 dedistis
1192 603 1316 658 mihi
1335 600 1660 656 manducare.
1688 599 1796 653 Aut
1819 596 1865 652 si
1890 593 2092 665 aliquid

513 702 796 760 invenistis
826 701 879 755 in
910 698 1161 753 thesauro
1182 697 1307 761 isto,
1331 702 1425 750 aut
1445 690 1646 762 aliquid
1673 689 1914 754 misistis,
1943 686 2093 757 cogi-

518 803 657 859 tate,
693 802 749 850 et
788 790 1041 847 reddetur
1083 788 1254 843 vobis.
1296 785 1401 842 Sed
1446 794 1702 854 nunquam
1745 789 1827 848 te,
1853 779 2096 850 inquiunt

514 886 651 955 ipsi,
673 884 888 939 vidimus
913 881 1227 935 esurientem.
1260 879 1325 934 Et
1351 877 1478 932 ille:
1510 873 1724 941 Quando
1750 872 1838 926 uni
1861 887 1924 925 ea:
1942 869 2095 923 mini-

513 976 610 1030 mis
650 975 772 1029 meis
812 989 914 1027 non
952 971 1138 1042 fecistis
1160 1009 1176 1036 ,
1212 959 1312 1023 nec
1349 968 1473 1022 mihi
1498 966 1683 1035 fecistis
1711 962 1919 1034 (Matth.
1962 975 2089 1026 xxv,

513 1063 729 1134 Sl—LS).
752 1062 910 1118 Forte
935 1061 1076 1116 enim
1107 1059 1227 1115 ideo
1252 1058 1383 1113 mihi
1402 1073 1509 1113 non
1537 1054 1829 1121 faciebatis,
1860 1052 1983 1123 quia
2007 1056 2096 1106 me

514 1154 571 1209 in
598 1145 738 1210 terra
764 1151 1035 1221 ambulare
1075 1166 1181 1205 non
1221 1147 1512 1204 videbatis?
1538 1146 1667 1201 Tam
1695 1144 1820 1199 mali
1849 1143 2010 1209 estis,
2037 1149 2097 1196 ut

513 1224 575 1299 si”
598 1242 884 1306 videretis,
927 1242 1064 1296 sicut
1106 1240 1274 1295 Judaei
1317 1236 1715 1308 crucifigeretis.
1753 1233 1923 1290 Hodie
1939 1232 2095 1299 enim

514 1336 642 1392 mali
668 1336 930 1401 homines,
956 1334 1047 1405 qui
1080 1343 1360 1399 conantur,
1388 1333 1432 1389 si
1455 1332 1579 1408 fieri
1596 1336 1813 1402 posset,
1841 1343 1946 1383 non
1975 1340 2097 1382 esse

513 1428 770 1486 ecclesias
796 1427 888 1482 ubi
915 1427 1017 1482 illis
1045 1426 1402 1498 praedicantur
1437 1432 1700 1496 praecepta
1730 1422 1827 1477 Dei
1853 1422 1894 1488 ι,
1917 1434 2097 1475 nonne

519 1528 576 1576 et
616 1519 791 1590 ipsum
818 1516 1087 1573 Christum
1127 1517 1465 1584 occiderent,
1494 1515 1538 1569 si
1566 1514 1618 1569 in
1650 1521 1790 1568 terra
1829 1512 2095 1567 viventem

517 1611 846 1667 invenirent?
869 1609 974 1667 Sed
998 1609 1267 1666 audebunt
1290 1608 1486 1671 dicere,
1504 1606 1654 1677 quasi
1682 1605 1754 1659 illi
1781 1604 1871 1674 qui
1896 1602 2097 1658 nesciat

514 1702 865 1773 cogitationes
907 1701 1229 1756 hominum:
1256 1699 1506 1763 Domine,
1555 1695 1761 1769 quando
1798 1702 1845 1749 te
1881 1693 2096 1747 vidimus

517 1791 853 1846 esurientem?
873 1790 940 1844 Et
967 1790 1094 1845 ille:
1121 1788 1336 1854 Quando
1368 1787 1456 1841 uni
1486 1802 1549 1841 ea:
1584 1784 1802 1839 minimis
1834 1783 1956 1838 meis
1993 1798 2097 1837 non

516 1882 737 1954 fecistis,
774 1897 864 1936 nec
899 1882 1025 1935 mihi
1061 1880 1267 1951 fecistis.
1295 1879 1543 1934 Minimos
1576 1892 1725 1932 meos
1753 1885 1969 1956 egentes
1996 1882 2094 1943 pos

516 1986 727 2028 sueram
755 1970 908 2028 vobis
931 1971 985 2025 in
1017 1980 1158 2026 terra
1185 1986 1197 2022 :
1221 1984 1321 2040 ego
1352 1979 1599 2038 tanquam
1627 1976 1822 2037 caput,
1844 1966 2010 2030 dicet,
2043 1965 2095 2021 in

516 2065 656 2122 caelo
683 2064 933 2120 sedebam
956 2063 1022 2118 ad
1044 2062 1316 2117 dexteram
1346 2061 1518 2116 Patris
1534 2101 1549 2127 ,
1574 2059 1669 2115 sed
1705 2058 1944 2115 membra
1977 2072 2096 2113 mea

516 2159 570 2214 in
600 2167 740 2214 terra
764 2157 1103 2221 laborabant,
1130 2155 1367 2211 membra
1410 2168 1528 2210 mea
1567 2153 1620 2207 in
1657 2160 1797 2207 terra
1835 2150 2093 2222 egebant;

514 2253 772 2309 membris
816 2252 949 2308 meis
987 2251 1220 2316 daretis,
1251 2258 1306 2304 et
1337 2247 1405 2303 ad
1445 2254 1605 2318 caput
1631 2246 1931 2316 perveniret
1954 2244 2097 2316 quod

514 2341 734 2399 daretis.
752 2344 819 2398 Et
844 2341 1050 2397 sciretis
1068 2341 1193 2412 quia
1210 2340 1461 2395 minimos
1482 2354 1631 2394 meos
1649 2347 1866 2408 egentes
1885 2339 2097 2408 quando

517 2433 664 2490 vobis
708 2433 762 2488 in
807 2442 946 2488 terra
990 2431 1179 2501 posui,
1206 2430 1487 2486 latomias
1528 2429 1679 2486 vobis
1722 2428 1960 2493 institui,
2000 2427 2091 2498 qui

515 2537 676 2593 opera
705 2530 881 2577 vestra
909 2521 963 2575 in
987 2521 1295 2576 thesaurum
1333 2534 1511 2574 meum
1548 2527 1861 2589 portarent:
1888 2517 2088 2573 nibilin

513 2628 697 2669 eorum
740 2611 984 2667 manibus
1020 2609 1303 2681 posuistis,
1343 2616 1623 2680 propterea
1658 2608 1801 2680 apud
1829 2623 1917 2665 me
1960 2608 2095 2664 nihil

512 2703 808 2759 invenistis.

583 2793 808 2851 CAPUT
834 2792 899 2846 Ἴ.
933 2823 1006 2834 -
1031 2793 1087 2849 5.
1114 2791 1417 2847 Ponitentia
1434 2792 1769 2862 infructuosa.
1794 2792 1943 2848 Tunc
1969 2808 2095 2863 ergo

463 2892 466 2896 ‘
513 2899 622 2941 non
641 2884 845 2950 silebit,
862 2882 957 2939 sed
976 2882 1283 2953 apparebit:
1300 2883 1425 2940 ideo
1439 2883 1639 2939 dictum
1656 2892 1760 2951 est,
1776 2883 1897 2938 Non
1912 2885 2092 2940 silebit.

511 2973 668 3031 Modo
696 2983 874 3029 autem
896 2972 1025 3028 dicit
1045 2972 1171 3028 illud
1200 2972 1389 3029 Lector
1406 2972 1479 3029 de
1497 2973 1700 3041 codice,
1716 2983 1770 3029 et
1798 2976 2096 3029 contemni-

513 3075 602 3122 tur
623 3083 638 3119 :
658 3065 789 3121 dicit
808 3064 934 3120 illud
953 3064 1021 3120 de
1048 3080 1144 3121 ore
1163 3080 1262 3119 suo
1284 3066 1541 3120 tractator
1559 3073 1651 3120 aut
1669 3065 1969 3135 disputator
1985 3067 2096 3136 epi-

512 3171 739 3227 scopus,
793 3165 848 3212 et
893 3155 1165 3211 irridetur.
1215 3156 1479 3227 Numquid
1523 3156 1601 3212 sic
1646 3157 1854 3213 irrideri
1901 3158 2092 3227 habet,

512 3247 724 3318 quando
740 3246 811 3302 ab
828 3246 946 3317 ipso
959 3245 1137 3317 judice
1158 3247 1524 3317 potentissimo
1539 3247 1780 3303 dicetur?
1797 3248 2096 3320 Unusquis-

511 3353 619 3409 que
651 3338 870 3408 recipiet
901 3338 1039 3409 quod
1065 3338 1205 3405 fecit,
1230 3339 1427 3396 bonum
1448 3341 1561 3395 sive
1584 3341 1778 3396 malum
1801 3341 1819 3414 (
1839 3341 1881 3397 ll
1897 3342 2013 3397 Cor.
2035 3359 2092 3412 v,

513 3430 626 3501 10).
648 3430 799 3486 Tunc
813 3429 1003 3485 dicturi
1021 3439 1144 3485 sunt
1163 3430 1407 3487 homines
1425 3446 1545 3488 sera
1564 3440 1618 3488 et
1637 3432 1958 3489 infructuosa
1983 3450 2097 3506 pai-

518 3522 739 3577 nitentia
770 3521 852 3577 :0
888 3522 931 3577 si
954 3536 1232 3592 possemus
1260 3522 1449 3578 iterum
1475 3523 1685 3591 vivere:
1710 3533 1766 3581 et
1794 3525 1935 3596 quod
1961 3541 2095 3582 cond

515 3613 848 3683 tempsimus,
869 3612 1053 3668 audire
1073 3621 1128 3668 et
1151 3611 1324 3670 facere
1343 3614 1356 3668 !
1384 3614 1533 3670 Tunc
1555 3615 1734 3677 dicent
1759 3618 1853 3686 illi,
1875 3633 2009 3689 quos
2028 3634 2096 3675 ex

513 3704 739 3760 adverso
762 3707 1092 3760 constituunt
1112 3705 1415 3776 iniquitates
1434 3722 1617 3763 eorum
1634 3750 1648 3775 ,
1672 3709 1807 3764 sicut
1826 3710 2022 3766 dicitur
2040 3711 2094 3767 in

513 3794 651 3850 libro
667 3794 949 3865 Sapientiae
972 3810 986 3848 :
1014 3794 1149 3861 Quid
1168 3794 1308 3851 nobis
1328 3799 1518 3868 profuit
1537 3794 1806 3869 superbia?
1827 3810 1874 3854 et
1893 3802 2095 3856 divitia-

513 3902 628 3940 rum
636 3886 884 3951 iactantia
897 3886 1017 3957 quid
1032 3887 1240 3941 contulit
1256 3887 1423 3942 nobis?
1440 3887 1765 3945 Transierunt
1785 3893 1953 3946 omnia
1966 3893 2095 3947 sicut

514 3976 691 4029 umbra
708 3974 866 4047 (Sap.
889 3992 944 4041 v,
973 3976 1009 4032 8
1028 4018 1043 4042 ,
1066 3976 1358 4049 9).Videtis
1385 3980 1506 4049 quia
1541 3982 1819 4051 pmnitebit
1845 3998 1941 4038 eos
1965 4002 1977 4039 :
2000 3985 2095 4040 sed

514 4069 614 4124 ista
638 4068 949 4138 ptenitentia
985 4069 1288 4124 cruciabilis
1307 4111 1321 4136 ,
1349 4086 1456 4127 non
1481 4073 1751 4129 sanabilis.
1774 4074 1868 4130 Vis
1897 4075 2096 4133 habere

516 4157 700 4213 utilem
734 4158 1138 4228 paenitentiam?
1164 4159 1318 4216 Modo
1354 4160 1509 4217 habe.
1551 4163 1608 4219 Si
1642 4165 1782 4220 enim
1811 4167 1973 4223 modo
1998 4167 2093 4223 ha-

512 4248 715 4315 bueris,
741 4248 1023 4319 corrigeris
1047 4265 1062 4302 :
1084 4265 1206 4304 cum
1231 4258 1502 4307 correctus
1528 4252 1712 4322 meris,
1737 4256 1983 4312 fundetur
2007 4259 2095 4315 ille

513 4334 795 4393 thesaurus
821 4347 970 4406 tuus,
1000 4339 1089 4395 ubi
1113 4341 1499 4411 eolligebantur
1525 4344 1661 4399 mala
1689 4360 1848 4417 opera
1886 4357 1971 4403 tua
1992 4390 2007 4416 ,
2039 4357 2095 4405 et

514 4428 820 4499 implebitur
843 4429 981 4485 alius
1004 4429 1284 4487 thesaurus
1316 4442 1466 4501 tuus,
1511 4435 1599 4491 ubi
1640 4436 1781 4493 bona
1812 4454 1973 4511 opera
2005 4448 2095 4495 tua

511 4519 846 4592 colligantur.
868 4519 972 4576 Sed
1000 4520 1136 4576 forte
1154 4536 1450 4580 conversus
1468 4526 1534 4581 ad
1562 4526 1750 4594 Deum,
1778 4531 1957 4584 statim
1980 4546 2094 4586 mo-

511 4609 700 4675 rieris,
728 4624 892 4680 opera
916 4619 1003 4665 tua
1033 4611 1179 4666 nulla
1208 4612 1342 4668 forte
1370 4614 1710 4673 invenientur
1749 4619 1801 4673 in
1844 4619 1938 4676 illo
1976 4620 2094 4677 the-

510 4701 703 4756 sauro?
728 4700 890 4755 Plane
929 4700 1002 4755 ibi
1040 4702 1280 4759 invenies
1312 4719 1475 4775 opera
1515 4716 1635 4775 tua,
1671 4709 1791 4779 quia
1834 4711 2091 4782 scriptum

510 4800 614 4857 est,
638 4789 754 4844 Pax
776 4792 831 4845 in
862 4799 996 4846 terra
1038 4793 1322 4848 hominibus
1359 4788 1503 4852 bona:
1543 4799 1812 4855 voluntatis
1836 4800 1987 4874 (Luc.
2018 4820 2089 4873 ιι,

510 4879 622 4953 is).
655 4880 794 4936 Deus
823 4896 928 4937 non
952 4892 1174 4938 annotat
1194 4885 1522 4954 facultatem,
1551 4888 1643 4944 sed
1669 4901 1889 4948 coronat
1907 4894 2095 4950 volun-

511 4980 693 5028 tatem.
721 4973 835 5029 Scit
858 4975 979 5045 quia
1008 4976 1256 5046 voluisti,
1293 4987 1348 5035 et
1389 4995 1493 5037 non
1529 4984 1780 5051 potuisti;
1811 4985 1887 5041 sic
1916 4995 1967 5042 te
1990 5002 2089 5042 an-

508 5071 677 5129 notat,
698 5065 847 5135 quasi
873 5065 1067 5122 feceris
1098 5068 1241 5139 quod
1282 5070 1516 5127 voluisti.
1546 5072 1689 5144 Ergo
1732 5090 1867 5145 opus
1909 5086 1993 5133 est
2035 5088 2093 5134 ut

509 5156 861 5224 converteris,
886 5171 954 5212 ne
981 5157 1278 5216 differendo
1301 5161 1475 5218 subito
1500 5165 1765 5234 moriaris,
1795 5175 1850 5221 et
1873 5171 2090 5226 omnino

509 5242 641 5297 nihil
666 5243 968 5301 inveniatur
993 5247 1133 5318 quod
1161 5247 1214 5303 in
1242 5252 1490 5320 praesenti
1513 5251 1730 5322 habeas,
1754 5264 1811 5312 et
1833 5257 1886 5312 in
1912 5257 2089 5315 futuro

510 5334 806 5399 possideas.
825 5337 1077 5397 Conversi
1096 5340 1162 5396 ad
1195 5341 1473 5398 Dominum
1494 5385 1510 5413 ,
1532 5354 1638 5401 etc.

569 5494 1549 5580 ἶ.ὶ¹⁸Ξ·μΡΡ;ῐοέέὲ9ζ,ξ9ηΕῖιι,ξις,,εξηῆεςι
1571 5510 1741 5580 ,ρωκι
1773 5504 1935 5580 delere
1966 5521 2091 5580 ww-

505 5562 641 5629 cepta
666 5560 890 5669 Dei;
911 5564 1142 5609 conantur
1174 5560 1218 5611 si
1247 5560 1357 5626 ﬁeri
1369 5560 1529 5633 posset
1566 5560 1660 5617 non
1683 5580 1783 5618 esse
1808 5560 2085 5631 Ecclesium,

451 5646 455 5650 ›
504 5631 548 5669 si
568 5617 664 5669 dits
686 5632 792 5683 prie
825 5620 1010 5674 tcentur
1031 5628 1272 5687 prazcepta
1291 5632 1393 5675 Dei.
1656 5651 1671 5659 ι·

1708 308 1766 363 s.
1806 281 2169 363 Ahensrm
2205 288 2507 361 EPISCOPI

3678 288 3782 369 lsi

2701 414 2927 476 SERMO
2964 406 3082 476 xix
3123 467 3139 487 ,
3179 419 3276 495 (α).

2197 506 2276 564 De
2299 525 2357 563 eo
2380 509 2514 580 quod
2537 511 2781 581 scriptum
2804 522 2876 566 est
2898 513 2951 567 in
2976 511 3187 567 Psalmo
3213 529 3266 579 L,
3297 513 3348 579 5,
3379 512 3638 582 Quoniam
3670 520 3779 574 inié

2266 598 2520 671 quitatem
2548 615 2721 656 meam
2749 617 2848 672 ego
2883 617 3113 672 agnosco
3145 620 3159 656 :
3191 612 3238 657 et
3265 604 3319 658 in
3350 602 3564 661 Psatmo
3590 622 3737 665 usu
3760 649 3783 676 ,

2268 689 2322 756 i,
2353 688 2521 755 Quam
2544 689 2715 745 bonus
2736 691 2874 746 Deus
2894 689 3057 747 israel
3085 693 3248 749 rectis
3266 694 3456 751 corde!

2237 777 2452 833 Habitus
2472 780 2524 834 in
2549 780 2753 835 basilica
2778 780 3026 837 Restituto
3053 782 3151 854 (b),
3172 785 3227 838 in
3249 785 3331 840 die
3352 785 3627 845 Mulierum
3648 789 3746 861 (c).

2269 868 2327 923 i.
2371 866 2648 940 Rogandus
2678 868 2851 937 Deus,
2904 880 2959 926 ut
2998 874 3182 944 faciem
3218 891 3321 929 non
3365 892 3400 930 a
3444 878 3588 934 nobis
3633 895 3786 943 aver-

2200 966 2304 1024 tat,
2349 960 2437 1015 sed
2477 977 2510 1014 a
2555 962 2770 1033 peccatis
2818 964 3023 1019 nostris.
3064 964 3354 1024 Cantantes
3380 969 3660 1026 Dominum
3686 988 3786 1029 ro-

2197 1053 2474 1122 gavimus,
2506 1060 2566 1110 ut
2605 1064 2810 1112 avertat
2864 1055 3052 1113 faciem
3119 1070 3272 1115 suam
3315 1076 3350 1116 a
3405 1065 3639 1132 peccatis
3678 1080 3785 1120 nec

2198 1144 2324 1198 stris
2346 1185 2362 1212 ,
2385 1153 2440 1200 et
2463 1146 2641 1201 omnia
2669 1145 2903 1203 facinora
2930 1156 3112 1205 nostra
3153 1149 3352 1208 deleat.
3381 1152 3489 1209 Sed
3529 1153 3782 1213 animad-b

2199 1244 2408 1289 vertere
2436 1236 2690 1306 potestis,
2721 1237 2912 1295 fratres
2930 1280 2946 1306 ,
2978 1240 3120 1311 quod
3146 1241 3199 1296 in
3228 1243 3420 1299 eodem
3450 1242 3655 1315 psalmo
3674 1242 3785 1303 au-

2199 1322 2454 1379 dierimus
2472 1362 2486 1389 ,
2519 1324 2770 1392 Quoniam
2795 1328 3110 1399 iniquitatem
3140 1349 3303 1388 meam
3327 1350 3419 1405 ego
3441 1348 3695 1407 agnoseo,
3734 1341 3786 1392 et

2201 1424 2455 1485 peccatum
2478 1432 2642 1470 meum
2665 1426 2779 1473 ante
2797 1434 2878 1474 me
2899 1429 2971 1476 est
2997 1436 3212 1493 semper.
3242 1424 3443 1480 Dicitur
3466 1435 3643 1483 autem
3672 1429 3785 1486 Ded
3856 1482 3871 1495 ,

2200 1504 2347 1568 alibi,
2373 1504 2455 1561 Ne
2481 1516 2675 1561 avertas
2693 1508 2875 1579 faciem
2900 1520 3038 1565 tuam
3057 1529 3090 1566 a
3109 1529 3189 1568 me
3209 1512 3377 1585 (Psal.
3401 1533 3552 1583 χιιι,
3574 1518 3629 1589 9)
3653 1536 3667 1573 :
3695 1520 3784 1576 cui

2200 1593 2428 1650 diximus
2446 1637 2462 1663 ,
2493 1595 2671 1651 Averte
2695 1601 2875 1672 faciem
2902 1609 3043 1656 tuam
3068 1620 3100 1657 a
3126 1606 3342 1675 peccatis
3366 1609 3509 1663 meis.
3548 1609 3681 1666 Cum
3710 1612 3787 1667 sit

2199 1700 2327 1756 ergo
2350 1702 2574 1756 persona
2604 1703 2707 1745 una
2728 1690 2888 1747 homo
2917 1700 2972 1748 et
2998 1704 3245 1763 peccator
3261 1736 3278 1764 ,
3310 1696 3473 1754 homo
3496 1699 3625 1756 dicit
3646 1743 3662 1770 ,
3699 1701 3786 1757 Ne

2199 1786 2392 1832 avertas
2414 1778 2597 1845 faciem
2633 1788 2775 1835 tuam
2802 1798 2835 1835 a
2862 1792 2941 1837 me
2968 1798 2987 1837 :
3016 1794 3265 1854 peccator
3287 1787 3449 1855 dicit,
3480 1791 3658 1848 Auerte
3694 1793 3784 1862 fa3

2198 1864 2323 1920 ciem
2343 1875 2481 1921 tuam
2503 1884 2535 1922 a
2560 1872 2778 1939 peccatis
2801 1874 2944 1927 meis.
2966 1872 3079 1930 Hoc
3105 1890 3234 1947 ergo
3258 1877 3452 1934 dicitur
3480 1898 3495 1934 :
3524 1880 3603 1937 Ne
3625 1896 3787 1938 aver-

2199 1963 2281 2011 tas
2322 1955 2510 2013 faciem
2555 1968 2698 2017 tuam
2722 1962 2790 2018 ab
2833 1978 2899 2019 eo
2935 1976 3093 2035 quem
3136 1965 3347 2036 fecisti;
3378 1982 3561 2028 averte
3588 1973 3787 2031 faciem

2200 2055 2344 2104 tuam
2385 2050 2453 2106 ab
2480 2066 2545 2107 eo
2585 2045 2727 2124 quod
2752 2053 2873 2110 feci.
2906 2055 3102 2112 Oculus
3133 2066 3286 2127 tuus,
3332 2061 3537 2132 inquit,
3570 2074 3784 2121 utrum-

2198 2156 2302 2212 que
2330 2142 2614 2216 distinguat
2638 2187 2652 2209 ,
2682 2162 2751 2203 ne
2794 2156 3008 2220 propter
3035 2150 3219 2206 vitium
3260 2161 3450 2209 natura
3488 2155 3780 2226 dispereata

2200 2233 2392 2290 Fecisti
2438 2243 2496 2291 tu
2523 2236 2719 2307 aliquid
2740 2279 2755 2303 ,
2784 2239 2887 2296 feci
2917 2250 2972 2296 et
3021 2256 3120 2312 ego
3158 2242 3355 2313 aliquid
3383 2262 3398 2298 :
3428 2246 3569 2316 quod
3597 2258 3652 2303 tu
3698 2250 3781 2304 fe-

2197 2322 2316 2379 cisti
2333 2367 2348 2391 ,
2376 2334 2562 2382 natura
2589 2327 2813 2394 dicitur;
2844 2329 2986 2400 quod
3020 2346 3119 2402 ego
3145 2331 3282 2402 feci,
3310 2334 3499 2392 vitium
3522 2347 3741 2396 vocatur
3760 2356 3783 2396 ε

2198 2417 2384 2472 vitium
2403 2426 2640 2484 sanetur,
2664 2429 2720 2474 ut
2741 2429 2928 2476 natura
2948 2432 3210 2481 servetur.

2267 2507 2322 2561 2.
2385 2506 2676 2565 Ptenitentis
2716 2519 2790 2565 est
2833 2520 3036 2582 peccata
3084 2515 3292 2585 prapria
3334 2525 3382 2573 et
3418 2533 3690 2591 agnoscere
3728 2529 3779 2578 et

2199 2599 2395 2671 punire.
2417 2632 2489 2643 —
2512 2601 2739 2659 Facinus
2757 2646 2772 2673 ,
2820 2605 3022 2677 inquit,
3054 2624 3219 2663 meum
3237 2626 3328 2682 ego
3346 2627 3581 2683 agnosco.
3603 2613 3657 2671 Si
3678 2622 3783 2687 ego

2198 2707 2430 2764 agnosco
2451 2735 2468 2762 ,
2498 2709 2631 2768 ergo
2652 2704 2708 2752 tu
2732 2697 2968 2770 ignosce.
2992 2699 3137 2756 Bene
3165 2702 3402 2757 vivamus
3418 2744 3434 2770 ,
3467 2713 3523 2760 et
3540 2705 3677 2761 bene
3700 2707 3781 2762 vi-

2197 2792 2382 2839 ventes
2410 2785 2531 2865 sine
2563 2797 2780 2856 peccato
2804 2803 2904 2845 nos
2940 2804 3061 2846 esse
3101 2792 3320 2849 minime
3346 2809 3731 2866 pnrsnmamus
3760 2816 3776 2853 :

2197 2873 2277 2927 sic
2304 2873 2409 2927 vita
2448 2862 2724 2943 laudetur,
2756 2886 2814 2932 ut
2854 2880 3005 2934 venia
3035 2862 3652 2957 postuletur.'Desperati
3679 2904 3782 2945 au-

2200 2973 2307 3021 tem
2336 2966 2617 3037 homines,
2656 2979 2855 3040 quanto
2878 2972 3055 3028 minus
3097 2972 3287 3029 intenti
3325 2985 3451 3032 sunt
3478 2978 3533 3033 in
3562 2989 3781 3049 peccata

2199 3071 2296 3115 sua
2320 3101 2336 3127 ,
2367 3070 2517 3115 tanto
2539 3062 2859 3118 curiosiores
2896 3076 3020 3120 sunt
3045 3057 3103 3121 in'
3122 3049 3313 3123 aliena.
3353 3069 3610 3137 Qtnerunt
3633 3074 3778 3131 enim

2197 3166 2305 3208 non
2333 3153 2460 3223 quid
2500 3156 2805 3224 corrigunt,
2846 3157 2943 3213 sed
2966 3157 3091 3228 quid
3133 3160 3467 3217 mordeant:
3489 3173 3687 3220 etcum
3717 3174 3782 3223 se

2198 3257 2303 3297 non
2331 3244 2538 3314 possint
2557 3259 2813 3301 excusare
2832 3287 2847 3312 ,
2878 3248 3047 3317 parati
3074 3259 3196 3304 sunt
3216 3250 3349 3307 alios
3368 3267 3637 3310 accusare.
3660 3254 3783 3312 Non

2146 3328 2161 3341 ’
2198 3333 2274 3389 sic
2300 3333 2401 3390 iste
2427 3336 2582 3391 nobis
2609 3337 2792 3391 orandi
2821 3345 2877 3394 et
2904 3339 3037 3395 satis
3057 3341 3168 3397 Deo
3195 3341 3418 3400 faciendi
3443 3345 3783 3404 demonstra-

2197 3425 2275 3480 vit
2316 3427 2653 3497 exemplum,
2697 3428 2880 3485 dicens
2910 3448 2925 3486 :
2955 3428 3208 3498 Quoniam
3246 3436 3445 3506 facinus
3478 3452 3645 3493 meum
3686 3456 3783 3511 ego

2197 3532 2412 3588 agnosco
2431 3559 2446 3584 ,
2473 3526 2519 3572 et
2556 3528 2816 3587 peccatum
2840 3537 3004 3575 meum
3047 3533 3164 3579 ante
3191 3542 3270 3579 me
3296 3534 3369 3582 est
3409 3544 3627 3599 semper.
3658 3530 3781 3589 Non

2264 3649 2280 3669 "
2299 3651 2589 3712 necognius
2625 3650 2677 3699 in
2702 3651 2946 3701 Pttbmano
2974 3650 3100 3702 libro
3136 3661 3188 3704 et
3217 3654 3430 3707 editione
3450 3658 3699 3711 sirmondi.

2282 3732 2335 3791 a)
2366 3731 2509 3791 Alias,
2532 3731 2565 3780 4
2584 3745 2646 3782 ex
2669 3733 3021 3784 Sirmondianis.

2284 3793 2333 3858 b)
2366 3793 2538 3866 Eadem
2564 3800 2641 3843 est
2661 3807 2773 3866 quae
2794 3795 2987 3866 basilica
3010 3797 3158 3860 major
3177 3798 3480 3866 Carthagine,
3499 3802 3546 3866 in
3569 3815 3664 3866 qua
3679 3818 3786 3856 cor.-

2197 3867 2313 3929 po-a
2330 3863 2915 3929 ,δίψειειωωλξιειηιπωξι
2951 3859 3201 3929 Perpetua
3234 3868 3287 3929 ει
3317 3859 3785 3929 εξιξρηειίεξεμυίω

2197 3918 2366 3991 seruiit
2390 3919 2541 3991 vietor
2564 3919 2615 3991 in
2634 3918 2717 3989 lib:
2746 3919 2769 3966 1
2786 3918 2860 3991 αις
2885 3918 3224 3991 perpessus-ie
3550 3918 3667 3977 uacc‘
3680 3918 3786 3991 ipsa

2196 3979 2245 4046 in
2269 3978 2475 4028 Concilio
2496 3979 2856 4046 Carthaginensi
2875 3985 2923 4046 Διι
2948 3979 3124 4046 duplici
3144 3982 3340 4046 nomine
3361 3985 3633 4046 appellatur
3652 3978 3784 4040 basi:

2196 4038 2292 4107 lica
2323 4047 2558 4107 Perpetua
2582 4038 2810 4107 Restituta
2833 4052 2845 4088 :
2872 4042 2919 4089 in
2942 4038 3134 4107 (κεῖθι-ιε
3153 4038 3644 4107 deinceps'dontn'liis,
3670 4038 3785 4107 quae

2196 4100 2381 4169 ibidem
2399 4099 2646 4169 celebrata
2660 4101 2904 4169 leguntur
2919 4103 3192 4169 ,__tt_estimta
3212 4099 3509 4169 simpliciter,
3535 4116 3591 4159 ut
3620 4099 3670 4160 in
3689 4099 3788 4164 hoc

2197 4161 2315 4237 εροο.
2341 4163 2421 4237 sic,
2430 4162 2612 4237 dictata
2618 4161 2803 4237 aliquis
2832 4163 3086 4237 eredidi_t_a
3106 4161 3339 4237 nestitth
3369 4161 3579 4237 martyre
3601 4161 3789 4237 scapi);

2196 4221 2339 4292 litana
2351 4223 2475 4292 apud
2495 4221 2838 4292 Carthaginem
2841 4226 3264 4292 passmvindingus
3284 4242 3423 4292 vero,
3437 4221 3538 4282 no't.
3559 4233 3608 4283 in
3629 4221 3785 4286 έέῆιίε

2195 4284 2262 4360 9s
2285 4284 2625 4360 Diversum?
2641 4284 2943 4360 (suum),
2976 4300 3004 4336 ³
3026 4284 3262 4360 Restitit?
3293 4284 3521 4360 ορίεὸορο
3536 4284 3785 4360 Carthage

2196 4347 2356 4406 nensi,
2379 4347 2429 4396 in
2445 4348 2582 4411 cujus
2592 4347 3195 4411 depositione'sermonem
3210 4353 3273 4401 ab
3289 4347 3551 4411 Augustino
3565 4347 3785 4409 hamum

2198 4412 2404 4474 testatur
2426 4409 2678 4458 Possidius;
2703 4411 2931 4474 Baronius
2951 4411 3169 4474 denique
3191 4412 3250 4462 ad
3273 4409 3467 4465 an.‘597
3489 4416 3581 4467 hoc
3603 4432 3783 4470 nomen

2434 4478 2588 4546 putat,
2611 4472 2741 4546 quod
2765 4484 2988 4546 possessa
3009 4471 3097 4546 diu
3113 4475 3444 4546 aponatistis,
3469 4475 3615 4546 fuerit
3633 4484 3784 4531 resti-

2197 4531 2571 4605 tutapatltciicis
2601 4531 2680 4605 sic
2703 4531 2837 4605 enim
2868 4535 2918 4605 i_n
2955 4532 3167 4605 U‘zalcnsi
3202 4537 3357 4605 urbe,
3633 4559 3655 4586 ς
3670 4556 3785 4605 qua

2204 4594 2487 4666 aprimitus,
2510 4612 2541 4666 ξ
2564 4597 2634 4645 uti
2670 4602 2858 4666 narrat_
2871 4594 3448 4666 Evodiusndemiraeulis
3468 4608 3512 4649 Β.
3556 4594 3786 4666 Stephani

2195 4652 2282 4703 lili-
2310 4657 2358 4727 i:
2381 4652 2485 4727 φρὲ
2511 4659 2561 4727 ἰε
2592 4671 2665 4727 ea
2684 4658 3290 4727 metemumdivisiose
3323 4669 3554 4727 “suum
3570 4652 3784 4727 υνδε)ίῶ

2204 4734 2228 4763 σι
2250 4718 2419 4768 unitati
2441 4718 2710 4769 catholica:
2754 4725 2830 4767 est
2867 4720 3115 4777 restituta,
3158 4719 3274 4769 inde
3314 4718 3460 4771 etiam
3496 4718 3783 4778 vocabuhun

2205 4795 2227 4825 α
2248 4781 2467 4843 sumpsit,
2488 4787 2539 4829 et
2561 4779 2767 4831 ecclesia
2790 4780 3019 4843 Restitute
3040 4779 3270 4842 appellari
3291 4786 3486 4834 meruit.
3506 4801 3527 4829 »

2260 4840 2338 4910 (ε).
2358 4840 2639 4910 Gladiatoria
2661 4841 2933 4910 spedacula
2954 4840 3202 4910 Mulierum
3223 4845 3418 4910 nomine
3443 4845 3671 4910 intelligit
3690 4851 3784 4900 Sir-

2197 4902 2445 4976 mondus,_
2465 4905 2616 4976 cuius“
2638 4902 2750 4976 nota
2788 4903 2839 4950 in
2876 4902 3005 4976 hunc
3030 4903 3229 4976 titulum
3263 4907 3334 4956 sic
3368 4908 3555 4976 habet:
3588 4902 3784 4963 (Vetus

2204 4982 2229 5011 ι
2251 4965 2502 5027 exemplar
2519 4963 2569 5013 in
2588 4963 2684 5014 fine
2706 4966 2964 5027 Sermonis,
2985 4979 3007 5007 ι
3030 4969 3113 5027 Ex.
3131 4964 3230 5017 licit
3246 4981 3408 5018 sermo
3429 4969 3511 5019 die
3536 4979 3782 5022 Munerum

2203 5042 2227 5072 ι
2248 5023 2653 5099 ερεξοᾳὶοιιιοιηιηιἒ
2670 5041 2693 5069 ι
2718 5031 2788 5074 De
2809 5023 3127 5099 gladiatorum
3147 5029 3614 5099 itaquespectaeuio

2204 5087 2488 5162 «piendum,
2528 5087 2657 5149 quod
2693 5089 2888 5198 prOJirie
2924 5092 3092 5137 Munus
3123 5087 3455 5165 appellabatur
3479 5107 3492 5142 :
3518 5095 3649 5144 unde
3678 5095 3783 5170 gia-

2203 5164 2225 5195 ι
2248 5148 2490 5221 gnatorum
2507 5154 2678 5221 Munus
2705 5154 2816 5221 Co_.
2841 5148 3022 5221 1beod.
3045 5156 3116 5221 _De
3139 5151 3485 5215 gladiatoribus
3506 5159 3553 5201 ι.
3583 5154 3630 5205 2.
3655 5162 3707 5206 Et
3730 5171 3782 5207 tn

2203 5225 2227 5255 α
2246 5209 2524 5276 calendario
2546 5216 2748 5276 Romano
2767 5209 3260 5276 Constantiniamfrum
3282 5222 3557 5276 temporum
3571 5251 3585 5276 ,
3606 5230 3780 5268 mense

2202 5288 2225 5317 ι
2242 5270 2517 5337 decembri,
2552 5272 2745 5337 quando
2766 5272 2997 5325 committi
3031 5272 3323 5336 gladiatores
3339 5270 3583 5337 solebant,
3605 5282 3779 5330 crebra

2202 5350 2224 5378 ιι
2245 5334 2454 5401 muneris
2469 5339 2547 5384 est
2566 5333 2750 5384 mentio
2774 5346 2836 5384 ex
2862 5352 2909 5401 A_.
2930 5352 2977 5385 ι).
2997 5333 3234 5401 ιγίιοιιτιε,
3258 5339 3448 5401 quodie
3471 5333 3658 5390 initium
3682 5350 3701 5389 ι
3719 5354 3778 5390 u-

2201 5411 2225 5440 ι
2246 5395 2387 5445 neris
2402 5403 2678 5466 annotatur,
2701 5398 2933 5466 usquein
2954 5415 3002 5448 Α.
3024 5413 3074 5446 n.
3093 5412 3140 5447 1x
3163 5395 3663 5466 calendasjanuartas,
3680 5416 3781 5466 quo

2202 5474 2225 5502 ιι
2245 5463 2465 5525 ςινιιθιιω,
2507 5456 2588 5508 Itai
2618 5456 2843 5522 δειλινὸρα
2864 5459 2970 5525 haec
3003 5462 3279 5521 spectacula
3295 5456 3601 5525 desinebant,
3623 5456 3679 5515 ut
3698 5456 3780 5516 ῖιιιν

2202 5536 2224 5564 ιι
2245 5517 2403 5583 iianus
2438 5517 2635 5583 quoque
2671 5517 2826 5570 Ctesar
2862 5521 3005 5572 docet
3028 5517 3250 5573 extrema
3272 5526 3490 5575 oratione
3514 5517 3601 5576 sua
3625 5526 3673 5575 in
3697 5535 3779 5577 Sos

2201 5598 2223 5626 ιι
2246 5580 2362 5649 lem.
2385 5597 2411 5649 ξ
2439 5580 2678 5649 Praeterea
2716 5583 2899 5633 videsis
2922 5590 3122 5649 _sueton.
3141 5585 3203 5649 _in
3224 5594 3338 5649 Caes.
3372 5600 3476 5649 cap.
3501 5589 3588 5649 59;
3615 5596 3669 5638 et
3692 5597 3779 5638 Att-

2192 5643 2373 5715 gustin.
2399 5643 2447 5715 i_n
2470 5643 2599 5715 litui
2626 5649 2792 5715 contra
2815 5646 3117 5707 Academ.,n.
3134 5646 3183 5709 2,
3208 5656 3259 5699 et
3282 5643 3460 5700 int’ssl.
3485 5651 3564 5714 59,
3574 5643 3775 5715 ’ωδ-ιθ,

2196 5703 2245 5756 et
2270 5705 2316 5753 in
2329 5704 2447 5755 P311].
2476 5703 2584 5766 H7,
2607 5719 2657 5755 n.
2679 5706 2727 5755 7.
