4014 6310
240 260 345 318 155

173 357 176 365 ’
228 388 341 435 erat
368 378 472 433 istc
499 377 731 432 intentus
761 376 812 430 in
852 375 1023 430 aliena
1051 381 1265 444 peccata
1297 391 1310 427 :
1341 373 1631 428 advoeahat
1656 390 1714 429 se
1741 374 1812 429 ad

227 487 321 536 se;
355 485 460 525 nec
488 486 549 525 se
581 469 825 540 palpabat
845 511 859 534 ,
891 468 982 522 sed
1018 467 1359 538 penetrabat,
1388 476 1439 521 et
1469 468 1520 521 in
1561 483 1618 521 se
1647 466 1818 537 ipsum

226 562 382 614 altius
405 558 787 614 descendebat.
815 557 926 612 Sibi
955 572 1060 611 non
1088 557 1340 637 parcebat
1370 574 1381 609 ε
1412 565 1466 611 et
1497 556 1615 611 ideo
1644 566 1699 611 nt
1721 558 1820 613 sibi

228 660 537 720 parceretur
564 641 672 705 non
695 649 1034 719 impudenter
1060 646 1299 717 rogabat.
1326 648 1606 702 Peccatum
1634 647 1776 702 enim
1803 688 1817 713 ,

228 741 435 804 fratres,
466 740 791 810 impunitum
816 754 937 795 esse
966 754 1071 792 non
1099 745 1273 807 potest
1305 755 1316 789 :
1351 737 1394 792 si
1424 747 1695 807 peceatum
1724 738 1821 791 im-

228 833 468 901 punitum
509 839 827 894 remaneat,
867 829 1118 898 injustam
1150 835 1231 882 est
1263 845 1276 877 τ
1310 843 1437 898 ergo
1466 830 1583 883 sine
1612 828 1822 883 dubita-

228 923 364 975 tione
394 919 756 990 puniendum.
803 919 913 974 Hoc
938 919 1031 973 tibi
1058 918 1185 972 dicit
1214 919 1354 973 Deus
1386 929 1507 972 tuus
1541 937 1554 973 :
1588 918 1822 973 Punien-

226 1013 344 1066 dum
374 1021 461 1065 est
492 1020 773 1081 peccatum
816 1020 907 1064 aut
936 1025 963 1062 a
997 1019 1047 1063 te
1070 1044 1085 1075 ,
1117 1019 1204 1063 aut
1230 1023 1260 1063 a
1286 1024 1391 1064 me.
1428 1010 1653 1064 Punitnr
1695 1024 1823 1080 ergo

228 1110 507 1171 mutatum
527 1143 541 1164 ,
592 1111 683 1154 aut
709 1102 776 1156 ab
805 1100 1023 1156 homine
1061 1102 1352 1171 poinitente
1377 1142 1391 1165 ,
1423 1110 1513 1154 aut
1543 1116 1572 1154 a
1604 1100 1711 1154 Deo
1737 1101 1825 1171 ju-

226 1192 455 1247 dicante.
502 1193 731 1247 Punitur
756 1208 882 1262 ergo
911 1203 1000 1246 aut
1026 1208 1054 1246 a
1084 1202 1134 1247 te
1160 1193 1276 1248 sine
1306 1203 1356 1246 te
1378 1234 1391 1258 ,
1433 1202 1522 1247 aut
1550 1208 1580 1247 a
1611 1194 1718 1248 Deo
1748 1202 1825 1248 te-

227 1297 364 1335 cum.
389 1282 534 1349 Quid
562 1292 645 1336 est
671 1283 817 1337 enim
856 1283 1163 1351 ptenitentia
1189 1325 1203 1348 ,
1238 1283 1335 1337 nisi
1365 1298 1458 1337 sua
1491 1284 1539 1336 in
1572 1284 1822 1353 seipsum

229 1374 552 1429 iracundia?
581 1375 680 1439 Qui
728 1376 949 1445 paenitet
973 1417 987 1441 ,
1020 1376 1266 1431 irascitur
1308 1376 1428 1430 sibi.
1480 1376 1610 1430 Nam
1642 1379 1685 1431 si
1720 1394 1822 1432 non

229 1466 346 1519 ﬁcte
378 1466 510 1531 ﬁat,
545 1467 689 1520 unde
715 1476 800 1521 est
829 1476 882 1521 et
909 1468 1139 1537 pectoris
1171 1468 1383 1521 tunsio?
1414 1465 1549 1535 Quid
1581 1467 1708 1524 feris
1733 1512 1745 1533 ,
1779 1469 1825 1524 sl

228 1572 331 1610 non
362 1557 663 1611 irasceris?
692 1558 914 1624 Quando
944 1574 1070 1629 ergo
1114 1560 1290 1613 tundis
1322 1569 1507 1630 pectus
1531 1602 1546 1626 ,
1579 1562 1826 1617 irasceris

230 1648 372 1701 cordi
396 1656 513 1714 tuo,
536 1660 596 1702 ut
615 1650 904 1703 satisfacias
926 1651 1149 1705 Domino
1172 1660 1279 1705 tuo.
1302 1652 1481 1706 Potest
1502 1654 1643 1707 enim
1666 1656 1826 1710 etiam

230 1737 304 1792 sic
346 1738 576 1808 intelligi
622 1738 764 1808 quod
795 1741 1050 1810 scriptum
1082 1750 1162 1796 est
1185 1783 1198 1806 ,
1235 1741 1555 1809 Irascimini,
1588 1753 1634 1797 et
1674 1744 1827 1799 nolite

230 1845 439 1896 peccare
470 1828 650 1896 (Psal.
697 1847 750 1885 tv
770 1873 785 1897 ,
818 1831 895 1901 5).
940 1830 1175 1887 Irascere
1200 1832 1319 1903 quia
1348 1836 1612 1903 peccasti,
1644 1845 1699 1891 et
1728 1852 1825 1906 pu-

230 1922 381 1973 niens
403 1931 455 1975 te
479 1922 654 1990 ipsum
677 1922 781 1976 noli
806 1938 1045 1991 peccare.
1074 1924 1355 1980 Exsuscita
1376 1940 1469 1980 cor
1495 1927 1822 1996 paenitendo,

227 2022 280 2068 et
301 2014 404 2067 hoc
420 2015 527 2069 erit
550 2016 866 2070 sacriﬁcium
890 2017 994 2071 Deo
1013 2016 1111 2088 (a).

301 2104 354 2160 3.
420 2104 698 2174 Sacriﬁcio
743 2108 943 2160 contriti
991 2108 1158 2162 cordis
1202 2106 1483 2180 placandus
1527 2110 1681 2165 Deus.
1731 2111 1825 2164 Fi-

234 2197 320 2251 des
380 2199 709 2267 antiquarunt
779 2199 833 2252 in
892 2200 1164 2254 Christian.
1232 2202 1431 2256 Placari
1515 2203 1624 2256 Deo
1688 2203 1827 2257 vis?

233 2288 401 2345 Nosce
426 2290 556 2359 quid
584 2306 708 2360 agas
737 2299 911 2345 tecum
933 2332 947 2356 ,
979 2302 1034 2346 ιιι
1063 2293 1201 2347 Deus
1228 2294 1463 2362 placetur
1492 2296 1603 2349 tibi.
1646 2292 1700 2349 ln
1729 2311 1825 2351 eo-

232 2380 355 2434 dem
394 2381 606 2449 psalmo
634 2381 853 2437 adverte
886 2403 897 2437 :
930 2383 1001 2436 ibi
1046 2385 1186 2437 enim
1232 2385 1454 2455 legitur,
1491 2386 1740 2451 Quoniam
1784 2388 1827 2442 si

232 2472 477 2524 coluisses
502 2473 846 2541 sacriﬁcium,
876 2471 1121 2528 dedissem
1161 2477 1364 2545 utique;
1397 2478 1697 2531 holocaustis
1727 2496 1828 2532 non

234 2563 582 2618 delectaberis.
614 2565 753 2634 Ergo
782 2566 896 2619 sine
926 2567 1184 2621 sacriﬁcio
1206 2569 1345 2623 eris?
1374 2570 1501 2623 nihil
1531 2571 1824 2636 oblaturus,

235 2654 301 2707 de
333 2655 480 2708 nulla
510 2656 782 2711 oblatione
811 2657 975 2712 Deum
1004 2659 1339 2728 placaturus?
1364 2654 1499 2727 Quid
1531 2662 1743 2718 dixisti?
1767 2652 1828 2718 Si

233 2745 475 2798 coluisses
503 2746 847 2814 sacri/icium,
879 2747 1123 2802 dedissem
1152 2752 1353 2820 utique;
1385 2752 1690 2808 holocaustis
1728 2771 1828 2808 non

235 2836 584 2891 delectaberis.
615 2839 874 2909 Sequere,
904 2849 957 2896 et
986 2842 1129 2907 audi,
1160 2850 1213 2897 ct
1234 2843 1338 2909 dic,
1372 2844 1692 2913 Sacri/icium
1720 2845 1828 2903 Deo

235 2928 443 2996 spiritus
463 2930 855 2995 contribulatus;
882 2948 967 2985 cor
986 2935 1253 2986 contritum
1281 2946 1327 2989 et
1349 2937 1668 2993 humiliatum
1698 2940 1829 2996 Deus

236 3035 337 3071 non
364 3021 560 3087 spernit
589 3019 761 3089 (Psal.
792 3039 841 3088 L,
872 3023 923 3085 5,
958 3025 1042 3089 ll,
1080 3025 1165 3090 l8,
1197 3026 1308 3091 19).
1340 3028 1575 3096 Abjectis
1600 3047 1717 3101 qua:
1747 3032 1806 3085 of

236 3108 482 3176 ferebas,
515 3112 763 3166 invenisti
804 3115 942 3182 quod
971 3114 1181 3171 oﬂ‘cras.
1213 3118 1487 3175 Olferebas
1516 3123 1656 3176 enim
1688 3123 1827 3193 apud

236 3195 428 3254 Patres
456 3202 705 3256 victimas
731 3218 1003 3271 pecorum,
1034 3215 1085 3261 ct
1106 3208 1361 3263 sacriﬁcia
1390 3212 1737 3267 vocabantur.
1768 3214 1831 3269 Si

235 3289 479 3343 coluisses
494 3293 821 3361 sacriﬁcium,
841 3295 1085 3350 dedissem
1104 3299 1292 3368 utique.
1312 3292 1403 3353 Illa
1425 3317 1551 3372 ergo
1573 3320 1674 3357 non
1694 3321 1831 3375 qum-

236 3381 310 3434 ris
330 3422 347 3446 ,
379 3390 437 3435 et
476 3390 653 3437 tamen
685 3386 1001 3440 sacriﬁcium
1030 3388 1242 3457 qumris.
1276 3392 1508 3460 Populus
1552 3402 1672 3449 tuus
1702 3396 1829 3451 dicit

237 3475 331 3528 tibi
364 3493 376 3526 :
406 3475 547 3540 Quid
587 3475 807 3531 otferam
830 3519 843 3541 ,
873 3480 1129 3550 quiquod
1156 3482 1441 3538 offerebam
1491 3502 1592 3540 non
1622 3487 1829 3543 offero?

236 3567 359 3635 Ipse
381 3567 524 3619 enim
552 3568 779 3636 pepultts
802 3610 815 3631 ,
852 3570 969 3625 aliis
1009 3570 1387 3628 decedentibus
1412 3612 1426 3641 ,
1459 3576 1679 3647 aliisque
1733 3596 1823 3634 na-

237 3657 683 3721 scentibus,idem
713 3668 795 3713 est
821 3662 1060 3729 populus.
1079 3662 1427 3721 Sacramenta
1456 3679 1578 3721 sunt
1605 3678 1825 3738 mutata,

237 3761 345 3801 non
374 3748 528 3803 ﬁdes.
559 3749 718 3819 Signa
751 3761 950 3806 mutata
978 3766 1097 3807 sunt
1124 3756 1317 3826 quibus
1343 3758 1537 3827 aliquid
1562 3761 1827 3830 significe-

236 3838 393 3893 batur
415 3882 430 3904 ,
464 3855 571 3894 non
594 3856 681 3895 res
702 3856 819 3912 qua:
847 3845 1257 3914 signiﬁcabatur.
1288 3849 1390 3903 Pro
1414 3848 1626 3907 Christo
1651 3870 1786 3907 artes
1811 3892 1825 3919 ,

236 3946 338 4000 pro
373 3930 594 3986 Christo
619 3949 787 4004 agnus
807 3977 821 3999 ,
855 3951 951 4006 pro
974 3936 1188 3993 Christo
1227 3941 1423 3997 vitulus
1444 3986 1459 4011 ,
1493 3960 1588 4013 pro
1618 3946 1829 4002 Christo

239 4019 457 4084 hircus,
492 4031 658 4076 totum
703 4023 968 4080 Christus.
1011 4029 1199 4095 Aries,
1234 4032 1357 4101 quia
1387 4033 1531 4088 ducit
1574 4052 1823 4106 gregem:

238 4110 353 4177 ipse
378 4121 464 4165 est
490 4114 732 4168 inventus
759 4115 809 4169 in
832 4118 1080 4186 vepribus
1102 4162 1116 4186 ,
1149 4122 1360 4190 quando
1388 4133 1538 4193 pater
1563 4128 1827 4184 Abraham

238 4200 349 4256 lilio
373 4202 554 4270 jussus
580 4213 658 4258 est
691 4220 905 4273 parcere
926 4250 941 4273 ,
976 4224 1072 4263 nec
1105 4219 1279 4267 tamen
1308 4214 1424 4269 sine
1449 4216 1628 4271 oblato
1665 4220 1832 4273 sacri-

242 4293 365 4346 ﬁcio
402 4293 529 4349 inde
557 4296 854 4353 discedere.
888 4299 953 4353 Et
983 4298 1125 4355 Isaac
1156 4300 1399 4359 Christus
1435 4316 1548 4361 erat
1567 4350 1582 4375 ,
1613 4318 1666 4363 et
1690 4312 1828 4366 aries

240 4378 486 4461 Christus
511 4395 644 4439 erat.
676 4386 819 4441 Isaac
840 4390 939 4444 sibi
964 4390 1100 4460 ligna
1126 4394 1369 4461 portabat
1402 4415 1413 4449 :
1449 4397 1689 4456 Christus
1709 4417 1829 4457 cru-

240 4454 357 4528 cem
386 4477 657 4545 propriam
684 4478 968 4548 bajulabat.
1011 4482 1113 4537 Pro
1139 4483 1283 4540 Isaac
1310 4488 1449 4543 aries
1469 4531 1482 4555 ,
1515 4506 1617 4545 non
1653 4502 1827 4551 tamen

238 4561 579 4633 proChristo
615 4566 876 4625 Christus.
920 4571 1022 4626 Sed
1052 4576 1106 4627 in
1150 4576 1294 4631 Isaac
1334 4586 1388 4633 et
1427 4581 1565 4635 aries
1592 4591 1645 4637 et
1669 4584 1826 4639 Chri-

240 4665 350 4709 stus
370 4658 475 4727 (ὸ).
498 4657 801 4715 Tenebatur
815 4664 1066 4719 cornibus
1083 4666 1133 4720 in
1152 4666 1312 4736 v'cpre
1329 4671 1467 4725 aries
1488 4671 1635 4743 (Cen.
1657 4675 1786 4749 xxn)
1809 4695 1822 4731 ς

240 4747 509 4820 interroga
538 4751 775 4821 Judzeos,
805 4755 945 4811 unde
972 4766 1096 4813 tunc
1125 4760 1406 4815 Dominum
1431 4747 1821 4823 coronaverint.

242 4839 421 4908 Agnus
466 4852 551 4897 est
584 4861 598 4896 :
632 4844 763 4901 Ecce
806 4849 981 4921 Agnus
1007 4851 1101 4905 Dei
1127 4894 1141 4918 ,
1190 4870 1303 4908 ecce
1324 4856 1409 4923 qui
1452 4857 1582 4911 tollit
1624 4873 1827 4929 peccata

240 4934 414 4985 mundi
444 4934 624 5003 (Joan.
653 4953 692 5005 ι,
720 4939 835 5011 29).
865 4941 1073 4997 Taurus
1099 4952 1180 4999 est
1211 4964 1223 5000 :
1253 4948 1464 5003 attende
1491 4964 1684 5005 cornua
1707 4968 1827 5006 cru-

239 5025 333 5077 cis.
363 5025 557 5079 llircus
580 5039 663 5082 est
681 5070 695 5089 .
728 5039 945 5100 propter
970 5035 1369 5091 similitudinem
1397 5041 1573 5094 carius
1605 5044 1822 5109 peccati.

239 5113 418 5171 Velata
442 5128 567 5172 sunt
593 5120 689 5173 ista
712 5163 725 5185 ,
754 5121 926 5179 donec
950 5127 1208 5195 aspiraret
1233 5128 1348 5184 dies
1368 5171 1381 5193 ,
1411 5140 1464 5185 et
1489 5147 1827 5189 removeren-

241 5214 327 5258 tur
352 5207 555 5263 umbra:
582 5209 751 5280 (Cant.
784 5229 856 5279 ιι,
892 5212 1005 5287 17).
1030 5216 1086 5270 In
1114 5219 1360 5274 eumdem
1393 5237 1519 5293 ergo
1546 5223 1824 5280 Dominum

240 5294 507 5352 Christum
531 5341 547 5366 ,
577 5316 682 5354 non
711 5304 881 5358 solum
910 5307 1048 5376 quod
1078 5309 1307 5365 Verbum
1332 5352 1347 5376 ,
1382 5313 1473 5368 sed
1504 5314 1661 5369 etiam
1685 5317 1825 5385 quod

242 5387 501 5444 mediator
541 5401 625 5444 est
671 5392 761 5447 Dei
808 5404 863 5448 et
891 5395 1165 5452 hominum
1198 5400 1357 5456 homo
1399 5402 1641 5459 Christus
1670 5405 1824 5462 Jesus

324 5543 376 5664 ag
408 5543 508 5593 Vid.
533 5544 674 5604 infra,
691 5559 838 5596 serui.
861 5548 940 5610 ᾗ),
965 5565 1016 5600 ιι.
1039 5552 1087 5612 2,
1114 5562 1165 5603 et
1185 5568 1333 5604 serm.
1359 5556 1437 5616 29,
1462 5571 1510 5606 ιι.
1528 5557 1574 5607 ϐ.

326 5602 354 5660 ιζ
406 5603 570 5664 more],
595 5606 743 5656 Elem.
763 5611 918 5660 Critic.
948 5624 1055 5664 pag.
1086 5615 1192 5664 18L
1220 5616 1342 5664 leait
1366 5632 1377 5664 :
1404 5619 1496 5664 sed
1520 5619 1569 5664 in

326 5602 376 5676 li)
406 5602 743 5676 Mqrel,£lem.
763 5602 1342 5676 uitipragftBLClergiit
1361 5602 1574 5669 ἷὲεᾶὗί
1606 5629 1738 5671 Isaac
1776 5628 1822 5672 et

243 5654 387 5745 (fr-ide
421 5654 670 5745 ειετιιςιηρέ
698 5654 749 5719 a
773 5654 1193 5745 agitasset};
1220 5654 1740 5745 ιιιάῑιῖτυιερξίέὲῖιῖ
1776 5654 1819 5734 2-:

244 5731 510 5789 argntuqu
532 5732 718 5780 seriem
738 5737 975 5796 sequaris.
1002 5731 1057 5785 St.

1677 250 1906 317 SERMO
1935 250 2074 318 XIX.

3411 270 3513 337 ιδι

1929 375 1976 445 ll
2010 374 2138 429 Tim.
2173 391 2242 441 ιι,
2277 376 2371 445 5),
2407 376 2454 431 et
2499 364 2682 435 Patres
2724 381 2923 453 antiqui
2963 385 3335 458 crediderunt,
3366 401 3419 447 et
3446 394 3513 449 ad

1928 479 2027 521 nos
2052 467 2292 521 eamdem
2325 466 2475 522 ﬁdem
2501 470 2835 539 pra-dicando
2864 482 2916 529 et
2939 477 3305 546 prophetando
3334 486 3512 539 trans-

1926 557 2204 612 miserunt.
2247 556 2400 612 Unde
2442 558 2568 613 dicit
2612 561 2933 630 Apostolus,
2985 565 3239 624 Habentes
3284 574 3511 628 eumdem

1925 647 2159 717 spiritum
2185 648 2324 715 fidei,
2344 658 2546 718 propter
2572 652 2708 719 quod
2733 655 2971 723 scriptum
3003 667 3095 721 est,
3117 656 3341 727 Credidi,
3393 680 3509 732 pro-

1928 747 2037 806 pter
2056 740 2189 807 quod
2215 740 2409 793 locutus
2425 755 2553 794 sum.
2580 740 2826 797 Eunidem
2843 747 3091 814 habentes,
3115 767 3269 820 quem
3302 753 3507 811 habue-

1928 840 2051 882 runt
2080 839 2132 884 et
2160 830 2235 884 illi
2262 831 2351 901 qui
2381 834 2743 902 scripserunt,
2779 824 3013 906 Credidi,
3046 853 3251 913 prapter
3269 846 3404 915 quod
3432 848 3514 901 lo-

1926 928 2070 973 cutus
2090 938 2218 974 sum.
2256 922 2505 978 Habentes
2528 940 2654 995 ergo
2681 929 2931 996 eumdem,
2966 932 3151 1001 inquit,
3184 935 3416 1003 spiritum
3447 938 3513 999 ﬁ-

1929 1010 2046 1077 dei,
2081 1020 2284 1082 prapter
2311 1014 2443 1082 quod
2474 1012 2718 1086 scriptum
2758 1027 2829 1071 est
2854 1020 2921 1072 ab
2959 1022 3189 1092 antiquis
3214 1066 3227 1091 ,
3262 1023 3511 1093 Credidi,

1929 1108 2132 1171 pmpter
2152 1103 2285 1172 quod
2306 1103 2501 1158 locutus
2519 1121 2663 1169 sum;
2684 1116 2730 1160 et
2755 1118 2844 1160 nas
2864 1107 3129 1177 credimus,
3155 1123 3361 1183 propter
3380 1115 3512 1184 quod

1929 1202 1975 1245 et
2005 1192 2256 1259 loquimur
2296 1196 2365 1264 (ll
2396 1195 2511 1250 Cor.
2542 1213 2596 1272 tv
2617 1237 2630 1263 ,
2666 1198 2773 1269 13).
2802 1199 3023 1266 Quando
3050 1217 3177 1272 ergo
3200 1204 3363 1259 David
3389 1221 3517 1260 san-

1929 1291 2043 1336 ctus
2074 1284 2142 1337 ita
2172 1284 2379 1340 dicebat
2402 1328 2416 1353 ,
2451 1271 2700 1352 Quoniam
2726 1291 2768 1344 si
2793 1291 3032 1345 voluisses
3057 1295 3361 1363 sacriﬁcium
3381 1338 3395 1363 ,
3427 1298 3516 1351 de-

1930 1372 2109 1427 dissem
2132 1376 2332 1444 utique;
2354 1377 2656 1432 holocaustis
2684 1396 2782 1433 non
2804 1376 3144 1447 delectaberis,
3170 1394 3294 1440 tunc
3324 1387 3407 1441 illa
3431 1402 3517 1441 sa-

1930 1462 2126 1517 criﬁcia
2156 1464 2513 1520 oﬂ‘erebantur
2542 1470 2651 1523 Deo
2672 1511 2686 1535 ,
2718 1486 2835 1539 quae
2878 1472 3036 1527 modo
3063 1489 3169 1529 nou
3197 1476 3516 1533 offeruntur.

1931 1552 2073 1622 Ergo
2102 1555 2313 1624 quando
2356 1555 2605 1613 cantabat
2633 1602 2647 1626 ,
2699 1552 3091 1631 propltetabat,
3140 1574 3193 1620 et
3236 1570 3514 1637 praesentia

1932 1645 2217 1712 spernebat
2237 1689 2249 1712 ,
2283 1657 2337 1700 et
2360 1647 2529 1702 futura
2555 1651 2894 1718 prmvidebat.
2926 1653 3282 1724 IIolocaustis,
3312 1659 3518 1729 inquit,

1932 1751 2031 1788 non
2058 1736 2400 1792 delectaberis.
2435 1740 2656 1806 Quando
2685 1758 2810 1814 ergo
2849 1744 3171 1800 holocaustis
3210 1763 3313 1803 non
3364 1749 3518 1805 dele-

1931 1826 2180 1893 ctabcris,
2201 1827 2316 1883 sine
2341 1831 2598 1884 sacriﬁcio
2615 1835 2917 1889 remanebis
2938 1835 2963 1887 ?
2987 1836 3160 1890 Absit.
3187 1838 3513 1908 Sacriﬁcium

1932 1913 2041 1968 Deo
2064 1918 2268 1984 spiritus
2289 1921 2650 1976 contribulatus
2662 1941 2681 1987 ;
2700 1940 2785 1977 cor
2808 1927 3079 1981 contritum
3100 1938 3145 1982 et
3173 1930 3514 2000 humiliatum,

1932 2002 2071 2057 Deus
2095 2048 2107 2069 ,
2141 2024 2239 2061 non
2269 2012 2482 2079 spernis.
2516 2012 2691 2067 Habes
2734 2015 2873 2084 quod
2915 2016 3126 2073 oﬂ'eras.
3158 2019 3270 2075 Non
3300 2038 3514 2093 gregem

1933 2097 2365 2169 circumspicias,
2395 2117 2500 2156 non
2525 2105 2729 2176 navigia
2772 2124 3037 2178 prchares
3056 2152 3072 2177 ,
3103 2119 3157 2165 et
3183 2128 3422 2182 permees
3450 2114 3518 2169 ad

1933 2198 2198 2245 extremas
2220 2194 2539 2264 provincias,
2562 2197 2702 2252 unde
2728 2207 2962 2253 aromata
2992 2201 3199 2257 deferas
3222 2221 3235 2257 :
3260 2222 3436 2274 «puere
3465 2206 3518 2261 in

1931 2279 2094 2335 corde
2121 2290 2211 2335 tuo
2235 2283 2373 2351 quod
2400 2295 2606 2354 gratum
2633 2288 2699 2342 sit
2727 2288 2853 2343 Deo.
2884 2290 2987 2344 Cor
3009 2295 3391 2350 conterendum
3413 2306 3514 2352 est.

1932 2369 2068 2435 Quid
2101 2372 2254 2428 times
2277 2390 2346 2429 ne
2373 2379 2654 2431 contritum
2683 2381 2899 2448 pereat?
2929 2380 3001 2435 lbi
3027 2382 3212 2451 habes,
3242 2384 3338 2439 Cor
3367 2404 3517 2442 utun-

1934 2460 2055 2514 dum
2079 2480 2193 2517 crea
2230 2464 2282 2518 in
2312 2482 2389 2519 me
2407 2507 2423 2529 ,
2459 2466 2612 2521 Deus.
2643 2469 2711 2524 Ut
2734 2486 2862 2542 ergo
2890 2480 3104 2527 creetur
3123 2476 3377 2531 mundum
3404 2493 3497 2533 cor

1933 2561 2236 2607 conteratur
2258 2554 2610 2611 immundum.

2004 2643 2057 2697 4.
2102 2642 2313 2697 Homini
2342 2646 2611 2717 displicere
2655 2649 2795 2702 debet
2839 2646 2973 2721 quod
3002 2647 3110 2706 Deo
3158 2655 3424 2726 displicet,
3476 2668 3521 2714 et

1933 2741 2125 2786 contra.
2173 2733 2416 2789 Felicitas
2446 2737 2527 2790 hic
2558 2754 2656 2791 non
2700 2743 2989 2809 qua’renda.
3023 2744 3323 2800 Auditorum
3350 2751 3521 2803 accla-

1934 2825 2108 2879 matio.
2144 2824 2455 2880 Scandalum
2505 2829 2567 2881 de
2627 2830 2865 2900 felicitate
2910 2836 3178 2890 malorum.
3232 2838 3522 2908 Displicea-

1936 2924 2053 2969 mus
2096 2917 2247 2971 nobis
2292 2918 2501 2987 quando
2546 2906 2860 2989 peccamus,
2908 2926 3030 2994 quia
3076 2938 3291 2996 peceata
3326 2906 3524 3001 displi-

1935 3016 2058 3060 cent
2084 3007 2209 3061 Deo.
2244 3008 2310 3061 Et
2333 3010 2456 3078 quia
2485 3011 2600 3064 sine
2632 3023 2847 3081 peccato
2870 3031 2973 3069 non
3002 3032 3204 3081 sumus,
3237 3023 3318 3075 vel
3348 3023 3400 3077 in
3424 3024 3525 3081 hoc

1936 3096 2045 3150 Deo
2068 3098 2270 3153 similes
2295 3100 2479 3166 simus,
2504 3103 2623 3171 quia
2652 3103 2752 3157 hoc
2784 3105 2936 3160 nobis
2961 3106 3223 3177 displicet,
3253 3112 3391 3181 quod
3426 3114 3521 3169 illi.

1935 3186 2015 3241 Ex
2042 3189 2213 3258 aliqua
2255 3200 2401 3259 parte
2432 3193 2769 3263 COnjungeris
2796 3197 3053 3253 voluntati
3089 3200 3217 3265 Dei,
3260 3205 3381 3272 quia
3422 3204 3525 3262 hoc

1939 3285 2027 3340 tibi
2056 3287 2298 3357 displicet
2327 3288 2379 3342 in
2408 3296 2479 3355 te,
2513 3290 2653 3359 quod
2676 3292 2787 3346 odit
2811 3302 2864 3347 et
2891 3293 2979 3349 ille
3005 3295 3096 3366 qui
3124 3295 3247 3352 fecit
3275 3306 3344 3353 te.
3376 3299 3522 3356 Arti-

1936 3378 2017 3431 fex
2044 3386 2163 3432 tuus
2196 3380 2306 3447 ipse
2334 3390 2416 3434 est
2440 3399 2452 3433 :
2476 3381 2570 3435 sed
2598 3382 2715 3436 vide
2744 3393 2792 3437 te
2819 3384 3011 3453 ipsum,
3044 3396 3098 3441 et
3118 3388 3233 3442 dele
3260 3389 3311 3442 in
3335 3399 3386 3445 te
3408 3389 3525 3461 ipso

1935 3469 2073 3537 quod
2098 3485 2201 3522 non
2221 3480 2300 3523 est
2323 3487 2387 3524 ex
2416 3472 2579 3540 ipsius
2604 3472 2834 3528 ofﬁcina.
2855 3473 2995 3530 Deus
3022 3478 3183 3545 enim,
3223 3479 3360 3534 sicut
3402 3482 3526 3536 scri'

1936 3571 2082 3629 ptum
2100 3571 2198 3623 est,
2222 3564 2404 3615 creavit
2426 3564 2676 3617 hominem
2696 3574 2881 3618 rectum
2905 3566 3096 3639 (Ecclc.
3116 3584 3208 3636 vn,
3229 3569 3338 3642 50).
3362 3571 3525 3636 Quam

1936 3650 2091 3705 bonus
2117 3651 2249 3706 Deus
2271 3652 2438 3707 Israel
2458 3656 2603 3708 rectis
2624 3657 2805 3710 corde!
2827 3658 2881 3712 Si
2902 3674 3029 3728 ergo
3050 3662 3122 3715 sis
3144 3671 3319 3716 rectus
3339 3666 3520 3733 corde,

1936 3755 2042 3793 non
2071 3742 2162 3794 tibi
2206 3741 2506 3811 displicebit
2538 3744 2674 3798 Deus
2694 3787 2709 3811 ,
2743 3746 2912 3802 bonus
2945 3749 3037 3803 tibi
3067 3751 3169 3804 erit
3201 3752 3372 3818 Deus,
3404 3754 3520 3809 lana

1934 3823 2086 3876 dabis
2114 3825 2303 3878 Deum.
2333 3827 2582 3889 On‘inino,
2614 3839 2667 3883 et
2693 3830 2743 3883 in
2773 3846 2836 3884 eo
2864 3832 3001 3902 quod
3030 3844 3264 3903 prmstat,
3291 3845 3345 3893 et
3374 3839 3424 3893 in
3455 3854 3522 3895 eo

1934 3913 2076 3983 quod
2117 3916 2378 3985 castigat,
2427 3917 2665 3974 laudabis
2706 3921 2893 3975 Deum.
2924 3924 3017 3978 Ille
3046 3926 3187 3979 enim
3219 3929 3307 3998 qui
3338 3929 3517 3996 dixit,

1938 4004 2101 4069 Quam
2120 4006 2277 4060 bonus
2298 4007 2433 4063 Deus
2453 4008 2619 4064 lsrael
2638 4013 2782 4066 rectis
2810 4014 2993 4068 corde!
3005 4030 3062 4070 se
3088 4018 3256 4087 ipsum
3280 4020 3519 4091 inspexe-

1934 4103 2050 4161 rat,
2082 4096 2170 4165 qui
2200 4098 2483 4167 aliquando
2525 4116 2631 4154 non
2675 4110 2789 4156 erat
2816 4113 2991 4158 rectus
3018 4107 3179 4162 corde
3201 4150 3215 4174 ,
3245 4118 3298 4164 et
3326 4111 3515 4181 displi-

1934 4186 2087 4239 cebat
2113 4186 2163 4241 ei
2188 4188 2327 4241 Deus
2356 4206 2367 4241 :
2402 4198 2583 4258 postea
2612 4207 2738 4246 vero
2765 4194 3004 4264 resipuit,
3029 4205 3083 4251 et
3113 4199 3244 4253 vidit
3268 4217 3372 4256 non
3399 4218 3520 4259 esse

1936 4277 2104 4351 Deum
2136 4294 2440 4347 perversum
2463 4323 2477 4344 ,
2511 4282 2603 4336 sed
2636 4297 2694 4337 se
2724 4282 2886 4340 fuisse
2916 4301 3020 4341 non
3052 4298 3252 4345 rectum
3287 4309 3299 4345 :
3335 4303 3389 4349 et
3427 4311 3517 4351 re-

1933 4368 2180 4423 cordatus
2224 4379 2459 4439 tempora
2486 4374 2756 4441 pravitatis
2785 4388 2896 4431 sua:
2916 4419 2930 4443 ,
2977 4389 3029 4433 et
3057 4395 3293 4449 praesens
3331 4400 3517 4443 corre-

1934 4461 2123 4514 ctionis
2151 4476 2281 4527 sum,
2302 4463 2393 4526 ait,
2423 4462 2586 4527 Quam
2616 4464 2771 4520 bonus
2792 4466 2929 4521 Deus
2948 4468 3150 4526 Israel!
3178 4474 3270 4529 sed
3287 4477 3521 4546 quibus?

1934 4550 2104 4606 Rectis
2131 4554 2298 4607 corde.
2329 4554 2463 4622 Quid
2493 4555 2634 4610 enim
2669 4559 2765 4611 tu?
2794 4558 2898 4613 Mei
2926 4571 3089 4616 autem
3110 4606 3124 4631 ,
3158 4565 3360 4637 inquit,
3394 4587 3521 4638 pene

1933 4646 2165 4699 commoti
2184 4656 2297 4700 sunt
2319 4648 2488 4717 pedes,
2509 4650 2661 4717 paulo
2682 4652 2847 4706 minus
2868 4652 3015 4720 effusi
3033 4668 3150 4711 sunt
3169 4676 3369 4729 gressus
3384 4664 3483 4716 mei
3500 4680 3520 4717 .'

1934 4736 1985 4790 id
2012 4746 2110 4801 est,
2132 4753 2269 4807 pene
2295 4740 2473 4809 lapsus
2499 4756 2636 4795 sum.
2664 4741 2816 4799 Unde
2842 4745 2976 4801 hoc?
2997 4748 3127 4815 Quia
3155 4751 3314 4805 χειανὶ
3338 4753 3389 4806 in
3411 4772 3519 4824 pec-

1932 4829 2182 4882 catoribus
2200 4871 2215 4896 ,
2248 4847 2418 4900 pacem
2446 4842 2763 4901 peccatorum
2790 4837 3004 4892 intuens.
3036 4840 3189 4896 Unde
3214 4857 3339 4912 ergo
3364 4859 3516 4899 com-

1932 4920 2061 4973 moti
2094 4919 2288 4975 fuerint
2332 4923 2492 4993 pedes
2522 4924 2679 4994 hujus
2709 4937 2763 4982 et
2799 4944 2931 4998 pene
2961 4931 3092 5001 lapsi
3119 4934 3224 4987 sint
3260 4949 3475 5005 gressus
3498 4980 3515 5006 ,

1932 5012 2179 5080 quoniam
2209 5030 2314 5068 non
2343 5016 2505 5070 tacuit
2526 5059 2540 5080 ,
2582 5020 2876 5076 cavendum
2905 5025 3127 5078 monuit.
3160 5026 3520 5098 Exspectabat

1931 5117 1960 5155 a
1986 5103 2092 5158 Deo
2114 5145 2128 5169 ,
2161 5106 2449 5161 secundum
2482 5108 2649 5165 Vetus
2686 5110 3082 5169 Testamentum
3109 5157 3123 5183 ,
3157 5118 3405 5187 ignorans
3444 5122 3517 5178 ibi

1930 5209 2049 5249 esse
2077 5195 2223 5265 signa
2253 5196 2549 5254 futurorum
2576 5218 2590 5265 ;
2623 5207 2975 5273 exspectabat
3021 5223 3150 5279 ergo
3178 5226 3207 5264 a
3240 5212 3349 5268 Deo
3377 5230 3516 5285 prae-

1931 5287 2095 5341 sentis
2120 5288 2241 5342 vita:
2266 5287 2591 5359 felicitatem,
2622 5303 2673 5347 et
2704 5294 2755 5348 in
2789 5296 2887 5351 hac
2915 5306 3055 5353 terra
3081 5304 3353 5370 quaerebat
3374 5308 3517 5377 quod

1929 5380 2039 5435 suis
2069 5380 2209 5436 Deus
2239 5382 2291 5435 in
2323 5384 2461 5438 coelo
2506 5387 2774 5441 servabat.
2821 5389 2965 5445 Felix
2998 5394 3208 5451 volebat
3237 5413 3356 5454 esse
3387 5400 3472 5456 hic
3496 5442 3513 5469 ,

1928 5485 2047 5524 cum
2075 5470 2297 5527 felicitas
2323 5489 2427 5528 non
2455 5477 2520 5530 sit
2547 5475 2652 5531 hic.
2684 5478 2791 5535 Res
2817 5483 2959 5538 enim
2989 5485 3124 5541 bona
3153 5498 3205 5544 et
3225 5507 3411 5563 magna
3434 5502 3516 5549 est

1928 5558 2189 5625 felicitas;
2221 5563 2312 5617 sed
2345 5563 2502 5619 habet
2527 5569 2795 5638 regionem
2825 5588 2996 5630 suam.
3027 5577 3101 5632 De
3139 5558 3357 5650 regione
3387 5580 3507 5638 feli-

1928 5651 2102 5706 citatis
2122 5652 2365 5708 Christus
2391 5656 2553 5724 venit,
2577 5668 2630 5713 et
2656 5659 2742 5716 hic
2770 5677 2887 5719 eam
2919 5682 3017 5722 nec
3048 5669 3160 5738 ipse
3191 5670 3409 5726 invenit.
3440 5672 3515 5728 lr-

1928 5744 2067 5801 risus
2106 5755 2207 5814 est,
2243 5749 2589 5819 esprobratus
2620 5762 2719 5826 est,
2753 5759 3114 5829 apprehensus
3142 5772 3240 5819 est.
3273 5764 3508 5830 ﬂagella-
