4014 6310
480 274 500 328 i
511 270 582 330 55

478 395 563 440 tus
585 391 704 447 est,
735 382 942 438 vinctus
966 386 1047 436 est
1065 419 1080 443 ,
1113 374 1302 448 palmis
1329 375 1500 430 caesus
1525 380 1641 438 est,
1672 371 1894 428 affectus
1921 386 2051 427 con-

481 473 699 530 tumelia
729 481 1024 542 sputorum,
1050 467 1215 538 Spinis
1235 473 1518 520 coronatus
1542 471 1643 530 est,
1667 462 1810 532 ligno
1832 476 2058 531 suspen-

482 580 574 622 sus
607 581 619 618 :
653 563 721 619 ad
751 573 1067 625 extremum,
1098 556 1309 614 Domini
1333 555 1508 611 exitus
1533 553 1739 609 mortis.
1768 552 1824 607 In
1845 552 2057 606 Psalmo

480 656 736 726 scriptum
765 662 846 709 est
874 651 952 723 (hi
977 649 1402 705 acclamaverunt
1424 644 1512 715 qui
1541 641 1918 714 cognoverunt)
1943 680 1956 705 ,
1988 638 2059 692 Et

479 739 688 800 Domini
718 743 879 797 exitus
902 740 1078 794 mortis
1103 735 1273 811 (Psal.
1297 750 1461 798 vau,
1486 733 1600 806 2|).
1630 731 1768 800 Quid
1796 732 1880 786 hic
1905 743 2053 800 ergo,

483 848 657 900 serve,
692 831 1000 887 felicitatem
1025 825 1271 897 requiris,
1297 823 1389 879 ubi
1419 831 1472 878 et
1494 821 1703 877 Domini
1725 821 1896 876 exitus
1915 834 2060 874 mor-

483 923 587 981 tis?
615 923 749 979 Cum
776 934 903 991 ergo
928 919 982 973 in
1010 917 1227 988 regione
1246 929 1353 969 non
1373 927 1467 968 sua
1489 912 1795 968 felicitatem
1822 910 2062 981 require-

482 1026 565 1072 ret
592 1016 678 1071 ille
697 1055 713 1082 ,
746 1013 814 1070 de
840 1026 946 1083 quo
988 1011 1132 1082 loqui
1161 1022 1429 1077 coeperam
1449 1047 1464 1073 ,
1495 1015 1549 1061 et
1575 1014 1794 1078 propter
1821 1003 1964 1059 illam
2007 1001 2059 1056 in

487 1105 588 1161 hac
602 1106 706 1161 vita
721 1102 1113 1174 adipiscendam
1130 1092 1400 1156 cohiberet
1416 1097 1489 1169 (a)
1507 1098 1635 1164 Deo,
1648 1094 2058 1165 eique'serviret,

484 1202 540 1252 et
567 1195 682 1265 ejus
713 1201 971 1265 praecepta
991 1234 1004 1256 ,
1037 1199 1097 1246 ut
1121 1197 1360 1261 poterat,
1392 1188 1619 1253 faceret;
1650 1186 1780 1241 vidit
1801 1185 1902 1241 hoc
1939 1199 2059 1239 ma-

483 1301 666 1358 guum,
688 1285 772 1340 vel
800 1300 898 1354 pro
921 1297 1132 1353 magno,
1172 1279 1312 1351 quod
1338 1278 1610 1349 quaerebat
1636 1293 1665 1331 a
1693 1277 1822 1343 Deo,
1847 1285 1901 1332 et
1939 1289 2064 1346 pro-

486 1385 604 1447 pter
632 1375 772 1446 quod
802 1374 911 1429 Deo
931 1371 1230 1436 serviebat,
1264 1385 1382 1426 esse
1405 1368 1542 1438 apud
1570 1383 1664 1423 eos
1691 1367 1780 1438 qui
1808 1368 1918 1422 Deo
1957 1382 2063 1421 non

487 1467 826 1533 serviebant,
855 1465 948 1521 sed
975 1463 1234 1519 daemonia
1277 1462 1558 1528 colebant,
1587 1469 1642 1515 et
1683 1476 1862 1514 verum
1897 1459 2062 1514 Deum

491 1556 952 1628 blasphemabant.
985 1554 1144 1620 Vidit,
1177 1563 1230 1608 et
1257 1560 1553 1608 commotus
1581 1558 1681 1614 est,
1711 1550 1860 1620 quasi
1889 1549 2066 1620 perdi-

489 1647 653 1704 disset
678 1647 907 1703 fructum
931 1644 1128 1700 laboris
1153 1644 1254 1698 sui.
1275 1643 1387 1697 Hoc
1411 1650 1492 1696 est
1508 1641 1646 1710 quod
1664 1641 1853 1696 zelavit
1874 1640 1925 1693 in
1947 1655 2065 1709 pec-

488 1738 776 1803 catoribus,
809 1751 990 1808 pacem
1021 1741 1355 1805 peccatorum
1384 1728 1613 1786 intuens.
1640 1729 1875 1800 Denique
1901 1729 2064 1784 habes

488 1825 596 1891 ibi,
630 1827 760 1882 Ecce
795 1827 895 1898 ipsi
920 1835 1201 1896 peccatores
1222 1830 1269 1878 et
1297 1823 1605 1876 abundantes
1628 1823 1680 1876 in
1709 1821 1892 1875 saeculo
1933 1820 2063 1874 obti-

488 1928 702 1973 nuerunt
741 1917 956 1972 divitias.
1008 1912 1275 1986 Numquid
1315 1914 1424 1967 sine
1469 1928 1622 1966 causa
1656 1910 1932 1982 justiﬁcavi
1979 1925 2067 1962 cor

487 2025 677 2075 meum,
708 2018 794 2061 aut
819 2007 917 2061 lavi
941 2006 1070 2060 inter
1093 2005 1378 2058 innocentes
1397 2018 1575 2056 manus
1602 2017 1758 2068 meas,
1789 2009 1835 2054 et
1863 1999 1939 2069 fui
1968 2001 2069 2069 ﬂa-

489 2098 703 2172 gellatus
724 2107 827 2152 tota
855 2093 974 2151 die?
1000 2095 1130 2152 Colo
1155 2094 1342 2160 Deum,
1373 2093 1741 2163 blasphemant
1764 2091 1930 2146 Deum
1955 2107 1968 2143 :
2004 2089 2068 2144 il-

489 2186 557 2245 lis
586 2188 809 2245 felicitas
830 2228 844 2252 ,
876 2187 1005 2240 mihi
1034 2185 1338 2248 calamitas;
1369 2183 1461 2238 ubi
1486 2181 1742 2252 aequitas?
1770 2180 1896 2235 Inde
1934 2182 2066 2236 moti

487 2279 656 2351 pedes
675 2321 690 2346 ,
721 2277 844 2332 inde
871 2292 1005 2348 pene
1029 2276 1178 2331 efl‘usi
1207 2289 1422 2345 gressus
1441 2314 1457 2341 ,
1485 2272 1608 2327 inde
1631 2271 1955 2342 propinquus
1982 2271 2065 2324 in-

488 2370 697 2427 teritus.
723 2368 854 2424 Nam
882 2367 948 2422 ad
974 2366 1114 2437 quod
1154 2365 1442 2436 periculum
1468 2363 1711 2428 venerit,
1742 2361 1917 2416 videte
1947 2379 1959 2414 :
1994 2360 2067 2416 ibi

490 2461 597 2523 ait,
631 2460 699 2514 Et
727 2460 835 2513 dixi
854 2501 867 2523 ,
905 2457 1167 2524 Quomodo
1203 2456 1295 2510 scit
1341 2455 1476 2510 Deus
1495 2494 1510 2521 ,
1542 2465 1587 2508 et
1617 2455 1659 2508 si
1684 2463 1755 2508 est
1781 2454 1988 2508 scientia
2014 2455 2068 2507 in

493 2547 774 2606 Aftissimo?
790 2546 977 2604 Videte
1002 2544 1066 2602 ad
1084 2545 1224 2617 quod
1252 2545 1546 2616 periculum
1564 2546 1766 2600 venerit
1781 2543 2067 2614 qumrendo

490 2653 519 2694 ι
547 2639 658 2694 Deo
697 2653 794 2708 pro
831 2651 1023 2706 magno
1061 2635 1280 2706 praemio
1311 2643 1572 2690 terrenam
1617 2633 1941 2689 felicitatem.
1974 2633 2066 2687 Di-

489 2729 622 2784 scite
644 2743 770 2798 ergo
789 2767 804 2794 ,
835 2725 1133 2782 charissimi
1152 2765 1166 2790 ,
1199 2739 1316 2778 eam
1346 2725 1389 2778 si
1418 2724 1623 2779 habetis
1642 2765 1656 2788 ,
1685 2733 2026 2780 contemnere
2047 2763 2064 2792 ,

492 2831 593 2874 nec
619 2819 800 2874 dicere
825 2816 877 2871 in
908 2813 1156 2872 cordibus
1177 2815 1368 2869 vestris
1387 2854 1402 2880 ,
1431 2813 1545 2884 Ego
1571 2815 1690 2884 quia
1714 2814 1834 2869 colo
1861 2814 2027 2868 Deum
2045 2855 2062 2882 ,

491 2909 612 2968 ideo
639 2910 774 2965 bene
801 2917 883 2964 est
907 2907 1055 2962 mihi.
1087 2904 1302 2961 Videbis
1326 2906 1467 2960 enim
1489 2946 1503 2970 ,
1532 2919 1638 2974 quo
1663 2905 1822 2959 modo
1848 2905 1943 2959 tibi
1971 2920 2068 2975 ρυ-

490 3013 573 3060 tas
596 3003 731 3074 bene
755 3042 770 3068 ,
803 3009 858 3057 et
877 3000 980 3055 illis
1007 2999 1097 3069 qui
1125 3013 1230 3052 non
1253 2997 1432 3052 colunt
1458 2997 1623 3052 Deum
1663 3011 1780 3052 esse
1809 2996 1982 3061 bene;
2016 3004 2070 3052 et

491 3098 844 3154 movebuntur
863 3109 1074 3164 gressus
1099 3093 1194 3148 tui.
1225 3093 1330 3147 Aut
1349 3091 1488 3146 enim
1511 3091 1674 3146 habes
1701 3091 1864 3156 illam,
1886 3091 2067 3147 colens

491 3189 681 3253 Deum,
711 3196 765 3242 et
785 3186 986 3242 videbis
1011 3185 1149 3256 quod
1177 3184 1368 3240 habeat
1394 3183 1516 3237 talia
1542 3196 1646 3236 non
1675 3183 1854 3236 colens
1878 3182 2064 3248 Deum;

491 3291 546 3338 et
571 3281 689 3336 ideo
713 3279 918 3350 putabis
942 3277 1137 3332 frustra
1164 3285 1216 3331 te
1240 3276 1415 3330 colere
1437 3273 1624 3340 Deum,
1643 3272 1764 3344 quia
1790 3283 1844 3329 et
1871 3275 1956 3328 ille
1977 3273 2072 3328 ha-

491 3373 583 3428 bet
606 3371 906 3427 felicitatem
927 3369 1014 3440 qui
1042 3384 1149 3422 non
1178 3367 1307 3422 colit
1330 3367 1497 3422 Deum
1523 3384 1537 3420 :
1564 3375 1654 3420 aut
1681 3381 1785 3420 non
1813 3366 1955 3421 illam
1977 3365 2070 3421 ba-

493 3466 587 3521 bes
607 3507 620 3530 ,
652 3473 703 3520 et
733 3464 900 3518 multo
928 3462 1153 3531 amplius
1182 3462 1346 3516 Deum
1371 3458 1647 3514 accusabis
1668 3500 1684 3526 ,
1717 3459 1804 3529 qui
1833 3459 1923 3514 dat
1950 3473 2068 3514 eam

494 3560 1004 3633 blasphematoribus
1032 3559 1178 3621 suis.
1214 3566 1266 3612 et
1293 3568 1449 3628 negat
1485 3555 1777 3611 cultoribus
1802 3555 1934 3610 suis.
1977 3555 2069 3608 Di-

494 3655 626 3709 scite
642 3668 768 3723 ergo
794 3659 972 3707 tenera
996 3661 1362 3710 contemnere,
1381 3648 1426 3702 si
1448 3648 1604 3703 vultis
1627 3649 1734 3702 Deo
1755 3646 1891 3702 fideli
1910 3647 2071 3703 corde

496 3744 714 3800 servire.
735 3743 910 3798 Habes
929 3741 1111 3795 illam?
1132 3739 1241 3794 noli
1263 3747 1448 3809 putare
1473 3737 1596 3792 inde
1623 3747 1672 3792 te
1699 3752 1818 3793 esse
1837 3737 2066 3801 bonum;

496 3835 591 3891 sed
617 3835 699 3890 fac
723 3843 774 3890 te
799 3833 921 3888 inde
946 3833 1164 3887 bonum.
1202 3829 1317 3885 Non
1349 3830 1549 3884 habes?
1577 3829 1682 3883 noli
1709 3837 1894 3899 putare
1949 3827 2072 3884 inde

497 3935 549 3983 te
569 3941 687 3982 esse
709 3924 938 3989 malum;
969 3924 1060 3979 sed
1089 3937 1216 3978 cave
1245 3922 1463 3987 malum,
1482 3937 1587 3992 quo
1607 3937 1710 3976 non
1724 3923 1865 3976 venit
1881 3923 2068 3977 bonus.

573 4019 626 4073 5.
652 4017 892 4072 Felicitas
909 4027 953 4070 et
982 4031 1208 4068 mercesa
1229 4013 1336 4067 Deo
1359 4029 1589 4081 quamam
1610 4013 1964 4083 exspectanda.
1985 4014 2073 4067 Et-

501 4111 644 4166 enim
674 4110 773 4164 iste
788 4108 1128 4177 resipiscens,
1147 4113 1202 4160 et
1218 4103 1611 4174 reprehendens
1631 4120 1690 4159 se
1715 4105 1907 4174 ipsum,
1931 4103 2072 4174 quod

497 4202 638 4259 male
649 4208 882 4270 cmperat
905 4199 971 4252 de
988 4199 1097 4252 Deo
1119 4195 1337 4259 sentire,
1358 4195 1610 4249 anhelans
1626 4205 1892 4266 peccator,
1912 4206 1965 4250 et
1983 4211 2074 4264 pa-

499 4308 616 4348 cem
640 4291 850 4346 intuens
863 4297 1226 4359 peccatorum;
1249 4285 1642 4356 reprehendens
1662 4302 1788 4356 ergo
1807 4301 1865 4341 se
1879 4287 2069 4356 ipsum,

499 4381 589 4447 ait,
637 4379 773 4447 Quid
821 4379 949 4433 enim
985 4377 1107 4431 mihi
1157 4384 1229 4430 est
1270 4377 1323 4429 in
1369 4374 1513 4437 caelo,
1564 4385 1610 4428 et
1649 4392 1681 4428 a
1714 4385 1759 4429 te
1796 4375 1915 4444 quid
1941 4374 2075 4429 volui

499 4486 650 4542 super
699 4480 882 4523 terram
929 4465 1098 4539 (Psal.
1140 4482 1308 4541 Lxxu,
1359 4466 1550 4536 l-25)?
1576 4465 1692 4520 Jam
1734 4466 2070 4534 resipiscens,

497 4560 607 4630 jam
651 4567 891 4614 correcto
931 4555 1113 4622 corde,
1143 4554 1359 4626 agnovit
1406 4563 1660 4624 quantum
1705 4554 1877 4608 valeat
1903 4554 2076 4610 cultus

502 4651 595 4707 Dei
626 4669 638 4705 :
668 4665 826 4722 quem
877 4649 972 4705 Dei
1020 4649 1218 4704 cultum
1268 4647 1524 4702 vilissimo
1575 4647 1745 4717 pretio
1779 4647 2073 4713 addixerat,

500 4741 712 4813 quando
770 4757 864 4812 pro
937 4741 1036 4797 illo
1081 4749 1361 4794 terrenam
1411 4733 1715 4793 felicitatem
1783 4737 2074 4806 quaarehat.

501 4833 729 4905 Agnovit
758 4831 881 4902 quid
907 4831 1162 4886 debeatur
1187 4844 1395 4884 sursum
1423 4828 1715 4882 cultoribus
1743 4827 1855 4894 Dei,
1883 4828 1969 4882 ubi
1993 4827 2079 4898 ju-

503 4925 694 4981 hemur
717 4924 912 4980 habere
954 4938 1049 4979 cor
1087 4932 1141 4978 et
1183 4921 1570 4992 respondemus
1611 4920 1681 4975 ibi
1713 4936 1810 4976 nos
1839 4920 2078 4975 habere:

503 5017 645 5088 quod
697 5026 747 5072 et
791 5017 991 5071 utinam
1039 5031 1145 5070 non
1185 5015 1524 5079 mentiamur,
1575 5014 1765 5068 saltem
1793 5014 1905 5083 ipsa
1929 5013 2077 5080 hora,

503 5108 689 5165 saltem
721 5109 836 5178 ipso
878 5115 1168 5173 momento,
1218 5105 1406 5159 saltem
1447 5104 1564 5175 ipso
1593 5105 1844 5173 temporis
1866 5112 2078 5173 puncto,

504 5200 718 5270 quando
761 5199 1161 5270 respondemus.
1219 5195 1527 5266 ReSpiciens
1573 5209 1698 5264 ergo
1748 5195 1854 5259 ille,
1900 5202 1954 5249 et
1990 5208 2084 5248 cor

513 5291 804 5360 corrigens,
833 5287 1172 5358 reprehendit
1195 5299 1252 5339 se
1271 5284 1524 5354 quaesisse
1557 5283 1839 5352 aliquando
1864 5283 1916 5337 in
1943 5291 2084 5338 terra

513 5381 817 5436 felicitatem
866 5389 1151 5443 terrenam,
1198 5376 1346 5446 quasi
1395 5373 1695 5429 mercedem
1743 5374 1916 5428 cultus
1968 5373 2081 5428 Dei.

515 5473 620 5528 Sed
647 5470 1044 5543 reprehendens
1071 5485 1128 5524 se
1157 5467 1418 5534 ait,'Quid
1451 5467 1582 5520 enim
1612 5466 1733 5519 mihi
1757 5476 1828 5520 est
1848 5466 1899 5520 in
1919 5465 2086 5520 uelo?

514 5563 652 5631 Quid
681 5573 763 5619 est
791 5561 862 5617 ibi
900 5560 1070 5614 mihi?
1096 5559 1210 5613 Vita
1239 5567 1453 5622 acterna,
1485 5557 1836 5628 incorruptio,
1863 5570 2084 5628 regnum

574 5673 648 5732 (a)
669 5681 828 5731 Forte,
851 5669 1130 5730 contereret,
1155 5667 1258 5730 Vel,
1277 5665 1503 5719 obediret.

1709 261 1768 319 S.
1806 257 2168 317 AUGUSTINI
2207 257 2507 316 EPISCOPI

3637 261 3742 322 136

2167 385 2287 426 cum
2313 370 2546 439 Christo,
2591 371 2816 428 societas
2853 373 3210 444 Angelorum;
3242 373 3329 429 ubi
3355 373 3497 430 nulla
3524 385 3740 445 pertur-

2165 459 2333 528 batio,
2361 460 2504 514 nulla
2531 461 2846 531 ignorantia,
2877 462 3077 518 nullum
3101 463 3414 534 periculum,
3447 465 3588 519 nulla
3615 473 3741 521 ten.

2166 550 2324 616 latio;
2350 565 2494 614 vera,
2525 559 2688 616 certa,
2719 551 2820 607 ﬁxa
2867 554 3145 609 securitas.
3177 553 3313 610 Ecce
3347 554 3472 624 quid
3505 554 3634 610 mihi
3659 563 3746 611 est

2165 641 2218 696 in
2238 641 2396 698 caelo.
2429 640 2497 696 Et
2543 659 2576 696 a
2620 650 2668 697 te
2704 643 2825 713 quid
2867 644 3002 700 volui
3026 662 3178 715 super
3209 646 3438 700 terram?
3461 648 3504 700 A
3534 655 3586 702 te
3608 647 3739 718 quid

2164 731 2309 787 volui
2338 745 2499 802 super
2533 741 2730 788 terram
2756 735 2780 788 ?
2807 735 2934 805 quid
2973 736 3154 790 volui?
3183 736 3400 791 Divitias
3429 736 3616 802 ﬂuxas,
3643 753 3743 793 ca-

2166 819 2349 888 ducas,
2379 822 2653 879 volaticas.
2676 823 2812 890 Quid
2839 826 3019 881 volui?
3037 826 3261 894 Aurum,
3283 829 3538 896 pallorem
3558 836 3739 894 terras;

2165 923 2463 984 argentum,
2486 917 2706 974 livorem
2736 926 2919 985 terrm;
2945 921 3222 988 honorem,
3245 922 3498 992 temporis
3515 921 3739 978 fumum.

2166 1004 2304 1060 Ecce
2324 1006 2448 1076 quid
2473 1021 2502 1061 a
2549 1015 2602 1063 te
2628 1009 2768 1064 volui
2798 1023 2959 1080 super
2987 1019 3204 1066 terram.
3255 1012 3322 1066 Et
3360 1012 3481 1083 quia
3508 1013 3614 1068 vidi
3638 1013 3744 1068 hoc

2166 1094 2219 1148 in
2265 1097 2651 1166 peccatoribus,
2693 1101 2942 1154 commoti
2981 1110 3105 1156 sunt
3147 1100 3309 1172 pedes
3345 1102 3469 1168 mei,
3511 1111 3564 1158 et
3588 1103 3747 1174 paulo

2167 1185 2342 1240 minus
2388 1186 2539 1241 efl‘usi
2585 1199 2708 1242 sunt
2756 1205 2967 1260 gressus
3006 1191 3130 1246 mei.
3181 1191 3226 1247 0
3268 1207 3424 1262 quam
3454 1192 3622 1248 bonus
3661 1202 3747 1248 est

2165 1277 2325 1332 rectis
2354 1277 2552 1332 corde!
2599 1278 2734 1345 Quid
2777 1296 2905 1351 ergo
2953 1283 3168 1351 quaeris,
3212 1282 3476 1353 Pmpheta
3525 1282 3746 1338 fidelis?

2167 1366 2394 1431 Aurum,
2422 1376 2476 1423 et
2500 1379 2797 1439 argentum,
2830 1381 2882 1425 et
2906 1371 3118 1427 divitias
3151 1374 3424 1429 terrenas?
3447 1375 3584 1445 Ergo
3608 1374 3744 1429 tanti

2169 1456 2310 1511 valet
2337 1456 2467 1513 ﬁdes
2488 1466 2743 1514 matronae
2770 1460 2963 1527 ﬁdelis,
2993 1461 3133 1532 quod
3162 1461 3321 1518 habet
3343 1471 3398 1520 et
3437 1465 3687 1520 meretrix
3719 1463 3746 1518 ?

2169 1546 2322 1602 Tanti
2346 1563 2477 1618 ergo
2503 1549 2642 1605 valet
2665 1549 2798 1606 fides
2825 1551 2921 1606 viri
2961 1552 3148 1619 fidelis,
3189 1553 3328 1624 quod
3357 1553 3519 1610 habet
3553 1564 3607 1610 et
3633 1555 3741 1609 mi-

2167 1654 2308 1707 mus,
2339 1641 2544 1710 auriga,
2567 1651 2807 1707 venator,
2840 1643 3011 1698 latro?
3040 1643 3209 1707 Absit,
3235 1642 3426 1699 fratres
3446 1644 3571 1709 mei,
3601 1645 3745 1700 absit

2169 1739 2226 1784 ut
2254 1731 2384 1785 tanti
2407 1732 2581 1787 valeat
2610 1732 2738 1788 ﬁdes
2763 1744 2958 1789 vestra.
2992 1735 3367 1792 AvertatDeus
3389 1735 3488 1791 hoc
3508 1751 3538 1791 a
3569 1737 3748 1792 cordi.

2169 1821 2271 1877 bus
2297 1823 2508 1878 vestris.
2535 1823 2666 1878 Nam
2696 1826 2875 1895 quanti
2915 1826 3070 1892 valet,
3108 1827 3266 1882 vultis
3295 1829 3484 1883 nosse?
3524 1829 3628 1884 Pro
3678 1844 3746 1885 ea

2169 1910 2410 1967 Christus
2438 1923 2677 1968 mortuus
2706 1924 2806 1969 est.
2835 1915 2970 1984 Quid
2999 1931 3125 1986 ergo
3155 1926 3418 1972 terrenam
3441 1918 3745 1974 mercedem

2169 2004 2396 2072 quieris,
2455 2021 2584 2059 auro
2630 2013 2684 2060 et
2725 2007 2955 2062 nummis
3001 2008 3274 2064 addictus?
3320 2009 3569 2080 lnjuriam
3614 2011 3749 2066 facis

2173 2091 2320 2161 ﬁdei,
2376 2109 2471 2164 pro
2517 2110 2620 2166 qua
2673 2107 2912 2154 mortuus
2941 2107 3022 2153 est
3057 2099 3320 2156 Christus.
3354 2101 3420 2156 Et
3449 2102 3572 2172 quid
3624 2111 3744 2169 est,

2171 2183 2382 2253 inquit?
2429 2186 2609 2254 quanti
2659 2187 2840 2242 valet?
2881 2187 3035 2242 Illum
3072 2190 3304 2254 attende,
3353 2192 3442 2260 qui
3479 2192 3571 2257 ait,
3610 2191 3749 2258 Quid

2173 2275 2306 2329 enim
2343 2277 2468 2329 mihi
2498 2287 2568 2330 est
2593 2277 2644 2330 in
2674 2279 2798 2332 caelo
2823 2277 2849 2332 ?
2873 2278 2987 2334 Non
3014 2281 3154 2333 enim
3180 2280 3442 2350 expressit
3470 2281 3595 2351 quid
3642 2283 3748 2336 erit

2172 2366 2318 2420 illud.
2348 2366 2436 2422 Sic
2459 2369 2552 2431 ait,
2585 2367 2653 2421 Et
2698 2386 2729 2421 η
2756 2378 2803 2422 te
2845 2370 2968 2440 quid
3009 2370 3146 2425 volui
3185 2389 3334 2444 super
3357 2373 3585 2427 terram?
3611 2372 3750 2429 Illud

2172 2455 2466 2522 laudando,
2519 2457 2618 2512 hoc
2659 2458 2975 2528 abjiciendo,
3029 2470 3310 2532 utrumque
3353 2471 3527 2518 tamen
3577 2463 3748 2531 dixit,

2171 2547 2307 2614 Quid
2345 2557 2426 2604 est
2455 2548 2618 2603 illud?
2647 2549 2796 2615 Quod
2821 2549 3005 2606 oculus
3034 2567 3139 2606 non
3169 2553 3315 2608 vidit.
3347 2553 3482 2622 Quid
3510 2553 3751 2608 esthoc?

2171 2639 2326 2706 Quod
2368 2639 2540 2695 fidelis
2588 2641 2775 2697 oculus
2815 2656 2919 2697 non
2951 2643 3081 2698 sitit.
3113 2643 3249 2711 Quid
3291 2652 3374 2700 est
3402 2644 3568 2700 illud?
3593 2644 3751 2711 Quod

2172 2731 2376 2786 invenit
2416 2731 2644 2787 Lazarus
2687 2733 2982 2789 ulcerosus.
3025 2735 3161 2803 Quid
3198 2745 3280 2791 est
3308 2736 3618 2804 hoc?Quod
3647 2737 3750 2792 ha-

2172 2822 2290 2878 buit
2312 2823 2458 2878 dives
2487 2824 2716 2881 inflatus.
2745 2824 2881 2892 Quid
2927 2835 3011 2883 est
3039 2828 3205 2883 illud?
3245 2829 3397 2896 Quod
3435 2833 3610 2900 perire
3638 2845 3750 2886 non

2176 2923 2365 2986 potest.
2390 2916 2526 2984 Quid
2552 2928 2635 2972 est
2676 2919 2814 2974 hoc?
2860 2919 3012 2986 Quod
3060 2922 3226 2976 teneri
3254 2937 3357 2977 non
3387 2931 3578 2993 potest.
3609 2923 3751 2992 Quid

2173 3016 2255 3062 est
2275 3008 2438 3062 illud?
2464 3008 2563 3064 Ubi
2590 3025 2694 3064 non
2717 3011 2817 3066 erit
2843 3010 3010 3067 labor.
3035 3013 3169 3079 Quid
3193 3015 3438 3069 esthoc?
3463 3015 3613 3082 Quod
3639 3031 3751 3071 non

2173 3094 2371 3154 deserit
2400 3101 2575 3156 timor.
2608 3102 2744 3166 Quid
2771 3104 2902 3157 enim
2925 3105 3048 3158 milii
3071 3113 3144 3158 est
3163 3105 3215 3158 in
3238 3106 3361 3160 calo
3386 3105 3412 3159 ἲ
3436 3105 3605 3174 Quid?
3629 3105 3752 3176 Ipso

2173 3189 2262 3260 qui
2291 3189 2416 3244 fecit
2455 3193 2682 3258 emtum;
2717 3194 2944 3262 pretium
2987 3194 3109 3250 fidei
3142 3205 3242 3250 tua:
3283 3196 3423 3251 Deus
3465 3205 3586 3252 tuus
3628 3207 3748 3264 est;

2181 3278 2355 3349 ipsum
2380 3281 2619 3346 habebis,
2653 3296 2711 3336 se
2739 3283 2909 3352 ipsum
2939 3294 3198 3354 prmparat
3222 3287 3496 3354 praemium
3527 3287 3753 3342 cultori-

2176 3369 2277 3425 bus
2301 3371 2432 3425 suis.
2461 3371 2825 3440 Considerate,
2851 3375 3171 3444 charissimi,
3212 3378 3511 3432 universam
3535 3389 3752 3435 creatu-

2175 3477 2312 3528 ram,
2357 3463 2572 3530 caelum,
2615 3473 2833 3532 terram,
2874 3482 3043 3534 mare,
3099 3483 3215 3538 qua:
3260 3470 3311 3523 in
3349 3471 3506 3535 caelo,
3550 3487 3668 3542 quae
3697 3474 3751 3527 in

2175 3558 2337 3617 terra,
2366 3567 2484 3622 qum
2505 3553 2557 3606 in
2589 3555 2740 3622 mari,
2771 3571 2927 3626 quam
2957 3557 3194 3626 pulchra,
3221 3574 3376 3629 quam
3407 3562 3559 3627 mira,
3590 3578 3752 3631 quam

2176 3639 2331 3711 digne
2355 3644 2698 3714 ordinateqne
2727 3647 3002 3716 disposita.
3027 3649 3238 3704 Movent
3262 3665 3353 3705 vos
3376 3651 3470 3706 ista
3495 3652 3517 3706 7
3539 3652 3755 3709 Movent

2177 3731 2352 3802 plane.
2382 3732 2590 3801 Quare?
2615 3736 2745 3804 Quia
2776 3738 2994 3806 pulchra
3025 3749 3166 3794 sunt.
3194 3739 3330 3807 Quid
3358 3751 3440 3798 est
3473 3743 3560 3812 qui
3588 3742 3755 3799 fecit?

2179 3822 2313 3880 Puto
2344 3825 2785 3894 rehebesceretis,
2810 3830 2853 3883 si
2881 3829 3133 3884 videretis
3159 3832 3599 3901 pulchritudinem
3637 3835 3754 3889 An-

2175 3915 2434 3983 gelorum.
2466 3915 2600 3984 Quid
2627 3926 2709 3972 est
2733 3933 2860 3988 ergo
2887 3928 3096 3974 creator
3125 3921 3490 3988 Angelorum?
3530 3922 3647 3990 ipse
3669 3931 3758 3978 est

2178 4007 2453 4075 prmmium
2480 4007 2600 4061 fidei
2631 4017 2836 4062 vestrm.
2880 4009 3061 4073 Avari,
3116 4009 3244 4078 quid
3268 4011 3416 4065 vobis
3457 4011 3672 4078 sufﬁcit,
3703 4009 3755 4068 si

2178 4097 2318 4152 Deus
2341 4098 2452 4166 ipse
2473 4113 2576 4151 non
2603 4082 2752 4153 vobis
2777 4099 3011 4154 sufﬁcit?

2249 4189 2300 4244 6.
2335 4185 2415 4242 Ad
2439 4190 2558 4244 bene
2598 4190 2859 4245 vivendum
2883 4192 3187 4261 quotidianis
3218 4194 3451 4262 periculis
3469 4212 3753 4252 commove-

2180 4297 2313 4334 ntur.
2347 4281 2489 4335 Bene
2535 4297 2662 4352 ergo
2691 4284 2948 4351 vivamus,
2973 4295 3026 4339 et
3071 4294 3129 4340 ut
3154 4284 3255 4340 hoc
3303 4287 3587 4355 possimus,
3627 4302 3754 4344 eum

2179 4374 2268 4444 qui
2291 4371 2391 4428 hoc
2423 4377 2690 4444 prmcepit,
2721 4375 3042 4431 invocemus.
3096 4375 3278 4446 Neque
3309 4377 3460 4432 bona:
3484 4379 3603 4433 vitae
3651 4393 3757 4433 no-

2180 4473 2305 4519 stra:
2334 4474 2598 4520 terrenam
2627 4465 2926 4521 mercedem
2955 4481 2985 4520 a
3013 4467 3237 4521 Domino
3265 4468 3618 4537 requiramus.
3667 4466 3756 4523 Ad

2182 4555 2271 4612 illa
2298 4572 2414 4627 quae
2439 4557 2837 4626 promittuntur,
2859 4557 3202 4612 intentionem
3233 4566 3466 4613 nostram
3495 4557 3758 4630 cauenda--~

2181 4662 2321 4702 mus.
2364 4647 2468 4703 Cor
2504 4657 2745 4702 nostrum
2791 4648 2862 4702 ibi
2893 4663 3168 4717 ponamus,
3196 4649 3285 4702 ubi
3316 4657 3619 4718 putrescere
3648 4665 3760 4706 non

2184 4747 2357 4810 potest
2381 4740 2717 4795 saecularibus
2763 4739 2924 4794 curis.
2957 4739 3254 4796 Transeunt
3299 4741 3396 4795 ista
3435 4757 3552 4811 quas
3593 4755 3761 4797 occu-

2187 4840 2312 4901 pant
2367 4831 2628 4898 homines,
2672 4831 2852 4885 volant
2895 4831 3035 4896 ista;
3088 4846 3251 4900 vapor
3276 4843 3357 4887 est
3391 4832 3494 4886 vita
3528 4831 3762 4888 humana

2190 4937 2349 4992 super
2375 4930 2590 4976 terram.
2616 4921 2882 4976 Accedunt
2908 4922 3066 4975 etiam
3095 4920 3259 4992 ipsius
3288 4922 3485 4993 fragilis
3504 4925 3622 4978 vitae
3646 4933 3765 4978 tan-

2189 5021 2240 5066 ta
2266 5004 2451 5066 et'tam
2473 5011 2775 5080 quotidiana
2804 5011 3051 5080 pericula.
3085 5011 3264 5068 Terra:
3285 5023 3460 5068 motus
3487 5014 3662 5084 magni
3692 5014 3762 5071 de

2189 5101 2541 5156 Orientalibus
2565 5102 2900 5168 nuntiantur;
2933 5102 3202 5158 nonnulla:
3242 5118 3443 5173 magna:
3473 5092 3766 5174 repentinis

2191 5181 2438 5263 collapsa:
2464 5192 2538 5265 (a)
2568 5203 2692 5248 sunt
2730 5195 2990 5250 civitates.
3019 5195 3360 5265 Territiapud
3378 5182 3774 5269 Jerosolymami

2192 5284 2280 5354 qui
2303 5284 2506 5339 inerant
2542 5284 2732 5352 Judmi,
2770 5284 2984 5354 Pagani,
3013 5287 3399 5350 catechumeni,
3428 5303 3612 5343 omnes
3640 5299 3768 5345 sunt

2192 5375 2461 5446 baptizati.
2505 5377 2759 5431 Dicuntur
2803 5376 3027 5430 fortasse
3069 5376 3317 5446 baptizati
3360 5388 3562 5448 septem
3599 5379 3769 5434 millia

2194 5465 2490 5523 hominum.
2541 5467 2759 5537 Signum
2813 5466 3007 5521 Christi
3059 5467 3112 5521 in
3166 5468 3402 5524 vestibus
3455 5468 3769 5535 Judazorum

2195 5557 2577 5628 baptizatorum
2605 5557 2862 5627 apparuit.
2893 5556 3080 5612 Relatu
3108 5555 3329 5616 fratrum
3365 5557 3594 5614 fidelium
3630 5573 3769 5614 con-

2262 5671 2334 5730 (a)
2356 5675 2492 5719 Forte
2516 5668 2804 5725 addendum,
2823 5665 2990 5718 ruinis.
