4014 6310
219 792 332 851 ret,
364 781 489 853 quia
511 792 620 834 non
646 773 760 828 vult
791 769 1032 826 invenire
1070 778 1176 836 quo
1201 761 1272 837 (c)
1297 761 1534 853 damnet.
1560 755 1809 853 Donnihil

219 846 401 944 agitur
425 870 482 926 in
503 869 610 924 isto
625 861 898 920 torculari.
916 855 1142 914 Mundus
1158 865 1241 911 est
1260 851 1518 916 torcular;
1538 846 1810 944 abundant

221 938 500 1036 pressum
527 958 684 1029 ejus:
713 955 892 1010 oleum
933 957 1124 1015 estote,
1168 959 1276 1001 non
1309 938 1808 1036 amurca.‘Cou-ver-

224 1029 372 1109 iatur
393 1052 622 1122 quisque
661 1045 730 1102 ad
755 1045 943 1107 Deum,
991 1049 1046 1096 et
1081 1045 1250 1093 mutet
1294 1034 1478 1090 vitam.
1531 1029 1808 1122 Occultum

222 1147 393 1202 habet
412 1120 530 1199 iter
554 1141 766 1202 oleum;
815 1135 884 1190 ad
927 1139 1133 1188 secreta
1158 1144 1252 1183 sua
1283 1125 1470 1181 tendit.
1504 1123 1652 1178 Alius
1678 1120 1804 1176 sub-

224 1245 444 1302 sannat,
506 1231 719 1296 irridet,
765 1223 1126 1296 blasphemat,
1172 1219 1367 1274 clamat
1427 1229 1523 1284 per
1578 1211 1806 1282 plateas;

223 1342 451 1384 amurca
490 1322 693 1380 deﬂuit.
725 1317 980 1374 Dominus
1001 1323 1176 1368 tamen
1207 1307 1484 1364 torcularis
1506 1320 1601 1375 per
1624 1316 1811 1373 opera-

226 1422 339 1475 rios
368 1431 517 1480 suos,
538 1429 634 1484 per
649 1418 861 1466 sanctos
881 1404 1108 1476 Angelos
1135 1415 1259 1456 suos
1280 1415 1385 1454 non
1423 1395 1650 1467 quiescit
1683 1407 1811 1462 ope-

227 1511 358 1565 rari.
381 1507 542 1564 Novit
564 1505 739 1559 oleum
759 1513 935 1563 suum,
962 1495 1108 1550 novit
1131 1491 1256 1564 quid
1283 1489 1520 1559 recipiat,
1551 1500 1656 1583 quo
1682 1499 1811 1583 pou-.-

226 1602 362 1656 dere
398 1610 666 1670 pressurae
704 1592 985 1662 eliquetur.
1027 1584 1186 1640 Novit
1236 1582 1378 1637 enim
1416 1577 1680 1670 Dominus
1702 1577 1810 1670 _qui

227 1700 360 1746 sunt
393 1663 533 1758 ejus.
563 1685 754 1740 Oleum
781 1689 974 1745 estote,
1010 1687 1277 1730 amurcam
1319 1669 1514 1740 fugite;
1562 1663 1813 1758 recedant

228 1785 297 1838 ab
343 1754 624 1851 iniquitate
665 1787 854 1830 omnes
897 1769 985 1840 qui
1039 1767 1314 1822 nominant
1368 1774 1561 1816 nomen
1605 1754 1811 1857 Domini

228 1872 298 1941 (ll
327 1870 464 1924 Tim.
499 1884 554 1934 ιι,
577 1866 686 1936 19).
729 1863 860 1919 Odia
887 1869 1062 1916 autem
1090 1857 1250 1911 nolite
1270 1853 1568 1922 concipere,
1596 1856 1685 1903 aut
1707 1853 1813 1901 cito

229 1963 405 2017 fmite.
436 1959 557 2015 Non
583 1958 726 2012 enim
774 1954 866 2009 illa
911 1947 1195 2007 metuenda
1238 1953 1381 2001 sunt.
1431 1943 1611 1998 Times
1660 1950 1813 1994 terra:

228 2063 438 2110 motum
463 2052 488 2106 ?
536 2051 693 2105 times
729 2046 853 2102 caeli
889 2040 1185 2098 fremitum?
1209 2039 1361 2093 times
1390 2033 1563 2090 bella?
1588 2032 1737 2087 Time
1763 2039 1816 2084 et

233 2147 442 2202 febrem
477 2161 494 2200 :
522 2141 718 2206 subito,
743 2153 862 2192 cum
889 2135 976 2189 illa
1004 2145 1193 2202 magna
1214 2135 1540 2188 metuuntur,
1570 2124 1681 2193 ipsa
1711 2136 1814 2176 non

234 2235 484 2298 veniunt,
511 2243 564 2287 et
587 2231 656 2287 de
685 2238 985 2283 transverso
1011 2237 1112 2277 una
1143 2217 1391 2275 febricula
1425 2213 1594 2269 aufert
1646 2211 1816 2266 homi-

234 2345 385 2384 nem.
413 2324 550 2381 Etsi
577 2324 734 2378 talem
774 2317 974 2374 invenit
1012 2315 1100 2370 ille
1140 2311 1321 2383 judex,
1344 2308 1552 2379 qualem
1585 2319 1687 2359 non
1720 2317 1815 2358 no-

238 2421 336 2485 rit,
375 2416 624 2487 qualibus
666 2411 904 2466 dicturus
933 2413 1036 2472 est,
1082 2401 1268 2456 Nescio
1309 2394 1648 2463 uos,r_ecedite
1685 2409 1716 2446 a
1741 2408 1820 2446 me

238 2509 396 2576 (Luc.
423 2521 545 2569 xui,
570 2503 698 2578 ‘27);
724 2498 848 2570 quid
885 2497 976 2552 ﬁet
1003 2492 1222 2565 postea?
1243 2504 1346 2561 quo
1372 2489 1479 2544 itur
1497 2495 1520 2542 ’ἔ
1547 2503 1642 2578 per
1663 2500 1818 2556 quem

237 2596 516 2653 ambitur?
541 2592 682 2648 unde
711 2593 815 2644 vita
839 2584 1130 2657 reparanda
1151 2579 1464 2638 redimitur?
1485 2579 1614 2646 Quis
1631 2577 1820 2632 iterum

239 2693 443 2754 vivere,
473 2695 530 2742 et
556 2683 700 2756 quod
720 2682 856 2749 male
884 2679 1008 2735 fecit
1032 2676 1320 2735 emendare
1349 2671 1708 2744 permittitur?
1729 2671 1820 2725 Fi-

242 2783 413 2836 nitum
437 2786 540 2833 est.
565 2774 727 2830 Pauci
755 2771 966 2843 quidem
996 2766 1320 2824 convenistis
1344 2763 1423 2836 (ά)
1461 2781 1473 2816 :
1496 2761 1590 2817 sed
1615 2761 1660 2816 si
1688 2762 1823 2815 bene

239 2870 498 2935 audistis,
527 2863 830 2920 abundatis.
880 2859 996 2916 Non
1040 2872 1135 2912 vos
1163 2856 1329 2924 fallat,
1377 2853 1464 2924 qui
1508 2851 1674 2906 fallit:
1702 2851 1822 2921 quia

241 2978 351 3019 non
375 2974 475 3016 vos
499 2956 718 3027 decipit,
745 2953 836 3026 qui
861 2967 964 3006 non
991 2949 1139 3004 fallit.

769 3061 999 3120 SERMO
1035 3058 1135 3114 xx
1175 3061 1191 3081 -
1231 3055 1322 3129 (e).

243 3173 322 3228 De
347 3186 499 3225 uersu
520 3167 590 3224 12
606 3165 804 3220 Psalmi
825 3179 876 3228 L,
897 3160 1004 3217 Cor
1030 3157 1282 3214 mundum
1307 3163 1430 3212 ct‘ea
1451 3155 1505 3210 in
1526 3169 1632 3222 me,
1649 3154 1822 3211 Deus:

315 3271 363 3322 et
389 3263 454 3316 de
484 3275 630 3314 uersu
647 3258 681 3312 5
703 3253 901 3311 Psalmi
935 3267 1034 3319 XL,
1058 3249 1170 3320 Ego
1209 3247 1349 3316 dixi,
1380 3245 1633 3314 Domine,
1661 3245 1824 3301 mise-

315 3367 441 3410 rere
466 3350 606 3416 mei,
637 3359 735 3402 etc.

317 3467 347 3521 1
361 3505 376 3519 .
430 3463 684 3518 Peccator
726 3475 826 3513 non
870 3464 1030 3529 potest
1065 3467 1324 3524 resurgere
1369 3467 1457 3522 per
1497 3465 1550 3503 se
1584 3465 1616 3502 a
1653 3463 1829 3520 pecca-

247 3572 299 3614 to
324 3558 516 3628 absque
551 3553 736 3625 gratia.
766 3549 910 3604 Voce
932 3559 1196 3610 consona,
1221 3541 1382 3598 corde
1423 3539 1705 3606 concordi,
1733 3553 1830 3610 pro

245 3653 368 3722 ipso
407 3647 577 3705 corde
622 3653 806 3700 nostro
851 3640 1132 3696 Dominum
1171 3637 1518 3706 deprecantes
1554 3632 1826 3688 diximus:

248 3743 351 3797 Cor
371 3739 620 3794 mundum
637 3752 752 3790 crea
769 3735 821 3787 in
849 3748 927 3786 me
946 3771 962 3798 ,
997 3729 1135 3784 Deus
1157 3769 1171 3794 ,
1202 3737 1248 3781 et
1272 3726 1506 3796 spiritum
1531 3733 1722 3777 rectum
1743 3722 1828 3775 in;

249 3848 384 3887 ηοω
401 3832 458 3884 in
486 3827 756 3883 uisceribus
775 3824 917 3878 meis.
945 3821 1079 3876 Hinc
1117 3831 1283 3890 pauca
1311 3831 1428 3886 quae
1453 3813 1708 3868 Dominus
1733 3811 1830 3868 de-

252 3923 394 3978 derit
414 3964 432 3991 ,
461 3921 520 3976 in
539 3920 659 3990 ejus
677 3916 899 3989 gratiam
923 3909 1378 3969 manifestabimus
1395 3907 1566 3963 vobis.
1589 3905 1831 3961 Psalmus

314 4083 332 4100 '
360 4080 634 4140 (hstigatns
665 4079 742 4124 est
785 4073 846 4122 ad
881 4069 941 4122 cl.
969 4084 1014 4120 γ.
1041 4075 1092 4118 et
1113 4069 1248 4117 sirm.

313 4163 387 4225 (α)
419 4168 492 4209 De
515 4159 595 4206 his
616 4154 914 4225 Marcellis!!!)
951 4162 1116 4202 οοιιιθε
1149 4145 1769 4225 i9__.‘.‘{'!2‘}l92a3£9“3§32.
1782 4154 1832 4225 ἓξ

254 4206 400 4273 milia
583 4233 708 4266 anno
729 4216 896 4264 Christi
919 4225 1095 4262 coxix:
1125 4229 1146 4256 α
1165 4207 1315 4273 Multae
1334 4206 1593 4254 Palaestina:
1615 4206 1834 4273 ciyitates

260 4267 536 4344 mei-aue“
582 4288 728 4329 ιεπυε
770 4283 904 4344 mou;
945 4273 1180 4344 οοιιειιτρως
1227 4267 1383 4344 male
1404 4268 1833 4344 .engscwe

263 4368 287 4392 ι
306 4335 469 4395 sexus
483 4344 745 4391 vicinarum
769 4339 986 4400 gentium
1007 4335 1243 4400 nationes,
1261 4335 1485 4400 _tat_n.visu
1507 4341 1650 4400 quam
1671 4335 1834 4400 auditu

264 4388 287 4452 ἐ
306 4388 607 4468 ῐὲῖιῖηίίίἒι
619 4388 1008 4468 ίειξίιιιθῖέῖτυάυιαθν
1020 4408 1154 4468 θεοῖο
1170 4388 1678 4468 ςυὲῒῖδέἐῖὲηξέἑιὲἔξηεέ
1686 4399 1829 4468 Et???

265 4450 287 4514 ξ
309 4450 626 4524 ﬁdissime
660 4450 1004 4524 baptizatorum
1025 4459 1075 4524 ii}
1098 4455 1270 4524 “imas
1289 4464 1407 4500 crux
1430 4450 1597 4524 Ψῖίξθί
1632 4450 1835 4524 silva-ta

265 4511 680 4578 έῇζίέῖηειίδ
718 4511 837 4570 ﬁqu
858 4519 1104 4579 extemplo
1136 4519 1367 4579 impressa
1387 4511 1634 4560 refulsit.»
1664 4513 1836 4562 ldatius

259 4575 459 4653 «iﬁqué‘
477 4575 645 4636 me?
667 4587 716 4634 ίίι
739 4584 995 4653 (ἀπρηὲοοε
1025 4575 1828 4653 ἆουτὲείὲἓβέῧῗίῖίῗῑκέξιιὲίὲἒὲἒῐὲῖίῗτὲ

263 4635 632 4705 uesicas...
657 4666 679 4693 ι
701 4645 980 4708 gravissimo
996 4653 1141 4708 terra:
1163 4645 1294 4708 ωριιι
1309 4635 1548 4708 sanciet“
1569 4635 1836 4708 δβινξωβηι

267 4695 409 4761 ῗιόἆ
425 4695 742 4773 ﬁdissima}:
767 4724 788 4750 ι
821 4713 914 4754 etc.
939 4711 1004 4760 ,Et
1043 4703 1089 4773 in
1117 4698 1271 4773 restis
1299 4698 1635 4773 ’alouaxlo‘et“
1647 4695 1831 4773 l'jl‘inta:

265 4801 284 4818 ι
305 4757 689 4822 ίῐίζαῖέιειίὶὼαε
779 4757 985 4829 Joannes
1011 4760 1258 4829 epistolis!“
1278 4758 1449 4829 dirigit
1484 4771 1572 4829 per
1607 4757 1837 4829 Ecclesias

267 4857 287 4878 ι
309 4819 714 4889 orbisterrarmu,
727 4841 835 4891 qua:
847 4819 1143 4885 habenti",de
1165 4821 1318 4884 Signis
1341 4819 1702 4882 iermﬁbusque
1718 4821 1835 4870 dm'

271 4914 290 4941 ε
314 4898 443 4944 nitus
465 4892 814 4956 perpetratis.»
843 4897 1066 4956 ξιιψοδρι
1101 4944 1144 4956 7,,
1167 4945 1178 4956 ,
1291 4954 1328 4956 ν,
1479 4939 1600 4956 ,ηιμ
1679 4941 1688 4956 ς

323 4939 584 5022 ῶδέίῦὧῖ
605 4939 718 5022 es?
741 4951 994 5022 ριῑοιέιιεὲω
1017 4939 1735 5022 inei"?.92‘11091392“;}.‘l
1764 4953 1840 5022 0.5}

267 5007 554 5066 nausiantis:
572 5007 818 5063 'Sitil'etisi.
843 5019 910 5059 De
934 5010 1023 5058 hoc
1047 5009 1153 5069 ejus
1183 5007 1388 5054 civitatis
1413 5008 1570 5072 terrae
1605 5010 1739 5052 motu
1777 5019 1840 5055 an

265 5078 574 5128 meminerint
595 5075 708 5134 alii,
733 5087 829 5123 non
863 5073 1019 5121 habeo
1056 5074 1371 5134 compertum.
1413 5069 1840 5134 Epis‘COpunrsane

265 5125 650 5189 Qtiiitﬂumrﬁtisse
672 5125 859 5186 constat
879 5139 1124 5196 sortitur],
1143 5125 1225 5196 qui
1244 5133 1295 5196 et
1316 5125 1529 5196 hoc'ipso
1545 5138 1670 5196 anno
1691 5128 1842 5196 inter-

268 5203 367 5260 fuit,
405 5200 791 5260 mbscripsitque
828 5193 1032 5260 Concilio
1070 5189 1428 5260 Carthagincusi
1467 5193 1574 5256 post
1611 5189 1840 5260 Consula-

269 5247 367 5312 Lai};
387 5247 472 5310 ἓξιῖ
485 5247 694 5316 uenerii,
711 5247 767 5307 'et
791 5258 953 5321 paucis
974 5262 1088 5304 ante
1110 5247 1509 5303 annis'collationi
1531 5259 1728 5310 quoque
1750 5258 1840 5302 οο-

269 5327 546 5373 nattstarum
567 5321 806 5370 adfuerat.
830 5327 1055 5367 sinuoso.

327 5388 737 5448 (C)F9ﬂ0v‘lu0§-
775 5442 834 5448 -,
897 5439 911 5448 .
976 5441 986 5448 .
1173 5439 1183 5448 .
1269 5435 1283 5448 .

329 5430 402 5507 ἰξί)
423 5430 552 5494 uico
566 5430 709 5506 μίυοί
733 5442 790 5490 ad
813 5439 1086 5507 Ecclesium,
1107 5439 1216 5507 quia
1232 5431 1426 5507 plurimi
1442 5430 1506 5507 ad
1521 5434 1845 5507 spectaculum

271 5493 620 5558 conﬂuxerant.
661 5507 735 5553 sic
771 5511 931 5552 Enarr.
974 5504 1019 5550 iu
1064 5493 1182 5549 issu.
1226 5493 1331 5551 1-17,
1369 5493 1471 5562 ιιη7
1498 5506 1518 5562 εγ
1545 5501 1846 5562 cPropterea

280 5555 582 5618 ilmdie’non
605 5573 875 5630 venerunt,
899 5565 1012 5630 quia
1036 5569 1202 5630 Munus
1225 5567 1316 5630 est,
1335 5574 1358 5602 ιο
1648 5555 1845 5630 chryso-

275 5614 472 5678 stamum
486 5614 771 5678 inferor-dio
792 5614 1033 5674 Sermonis
1047 5624 1111 5673 de
1123 5614 1514 5673 Cousubstautiali
1539 5623 1590 5666 et
1612 5614 1847 5671 Asterium

280 5692 550 5754 episcopum
571 5690 638 5754 de
659 5695 812 5754 Festo
823 5687 1147 5754 colendarum.

338 5751 407 5814 (e)
435 5749 580 5812 Abas,
599 5752 632 5800 3
655 5763 720 5799 ex
740 5749 1089 5798 sirmondiauis.

593 5834 820 5895 SANCT.
851 5835 1127 5894 Aucosr.
1162 5829 1240 5895 ν.

1639 275 1866 328 SERMO
1902 276 2018 324 XX.

3384 274 3485 331 158

1914 396 1995 442 est
2023 386 2326 458 pmnitentis
2345 429 2360 455 ,
2393 388 2639 442 amissam
2669 401 2818 458 spem
2847 400 3159 457 recuperare
3186 387 3447 456 cupientis
3467 429 3483 454 ,

1915 478 2065 546 lapsu
2092 492 2190 532 suo
2225 477 2452 547 jacentis
2473 518 2488 545 ,
2510 486 2565 532 et
2602 478 2767 532 Deum
2797 477 3002 548 magnis
3027 476 3486 546 deprecationibus

1915 568 2146 639 urgentis
2165 609 2180 633 ,
2213 577 2465 636 tanquam
2490 567 2580 638 qui
2603 567 2761 624 fuerit
2787 569 3007 625 idoneus
3031 568 3098 623 ad
3123 583 3183 624 se
3207 567 3484 623 vulneran-

1911 658 2037 713 dum
2058 699 2072 724 ,
2098 667 2154 713 et
2178 672 2284 712 non
2304 657 2374 712 sit
2393 656 2460 712 ad
2484 658 2797 713 sanandum.
2827 659 2976 714 Sicut
3003 659 3146 714 enim
3175 659 3345 728 ipsam
3365 672 3481 712 car-

1912 763 2031 803 nem
2062 757 2298 804 nostram
2339 756 2616 818 percutere
2643 756 2698 802 et
2724 749 3001 804 vulnerare
3037 765 3156 805 cum
3201 749 3444 805 volumus
3465 789 3482 814 ,

1911 855 2227 910 possumus;
2269 849 2327 896 ut
2361 847 2538 896 autem
2580 849 2816 906 sanetur,
2856 840 3118 897 medicum
3164 841 3484 912 quaarimus;

1913 947 2012 988 nec
2033 933 2105 988 ita
2134 941 2315 988 nostra
2341 940 2606 1002 potestate
2631 932 2920 998 solvamur,
2945 941 3002 987 ut
3022 941 3202 989 nostra
3222 941 3486 1004 potestate

1912 1024 2213 1080 sauciamur
2236 1042 2251 1078 :
2272 1025 2343 1080 ita
2362 1024 2428 1079 ad
2455 1023 2780 1094 peccandum
2802 1024 2978 1078 anima
3001 1025 3098 1080 sibi
3120 1025 3233 1092 ipsa
3252 1023 3484 1090 sufficit;

1911 1112 1980 1168 ad
2003 1113 2294 1169 sanandum
2323 1113 2464 1183 quod
2498 1123 2770 1184 peceatum
2807 1113 3036 1180 laeserit,
3065 1114 3158 1170 Dei
3197 1115 3487 1170 medicina-

1913 1203 2019 1260 lem
2055 1205 2327 1261 dexteram
2357 1206 2629 1278 implorat.
2658 1206 2809 1262 Unde
2836 1206 2966 1262 dicit
3007 1207 3061 1262 in
3097 1207 3204 1262 alio
3243 1207 3486 1278 psalmo:

1915 1293 2024 1367 Ego
2045 1296 2152 1351 dixi
2167 1337 2184 1364 ,
2215 1295 2432 1351 Domine
2450 1338 2466 1364 ,
2496 1298 2728 1352 miserere
2750 1298 2882 1363 mei;
2908 1314 3034 1352 sana
3060 1298 3280 1352 animam
3302 1313 3489 1362 meam,

1911 1390 2029 1460 quia
2056 1390 2254 1459 peccavi
2269 1389 2376 1442 tibi.
2396 1389 2476 1443 Ad
2497 1389 2600 1444 hoc
2624 1390 2732 1455 ait,
2761 1389 2872 1460 Ego
2892 1389 3028 1454 dixi,
3056 1399 3116 1444 ut
3139 1389 3488 1445 constitueret

1913 1488 2035 1535 ante
2075 1479 2258 1534 oculos
2307 1480 2634 1535 voluntatem
2682 1480 3064 1551 arbitriumque
3110 1479 3366 1550 peccandi
3421 1494 3488 1535 ex

1915 1572 2089 1627 anima
2119 1572 2288 1640 oriri,
2318 1572 2526 1641 sibique
2568 1571 2814 1628 sufﬁcere
2842 1582 2898 1626 ut
2926 1572 3112 1643 perdat
3138 1587 3229 1638 se;
3263 1571 3355 1626 Dei
3391 1586 3490 1626 au-

1917 1672 2024 1718 tem
2049 1677 2168 1718 esse
2191 1677 2431 1733 quaerere
2449 1704 2464 1728 ,
2499 1672 2550 1717 et
2577 1663 2778 1718 salvum
2803 1662 2977 1719 facere
2997 1663 3140 1734 quod
3165 1677 3226 1720 se
3247 1663 3494 1717 vulnera-

1918 1761 2082 1808 verat.
2115 1753 2272 1808 Venit
2296 1753 2438 1808 enim
2465 1752 2630 1807 Filius
2659 1752 2888 1808 hominis
2917 1768 3178 1823 quaerere,
3206 1761 3261 1808 et
3277 1752 3484 1809 salvum

1917 1847 2091 1902 facere
2115 1845 2254 1916 quod
2278 1846 2508 1915 perierat
2525 1844 2676 1916 (Luc.
2702 1862 2812 1913 xix,
2836 1846 2945 1916 l0).
2971 1846 3104 1901 lline
3133 1860 3349 1917 precem
3373 1843 3496 1900 fun-

1917 1938 2104 1994 dentes
2146 1937 2408 1993 dicimus:
2434 1937 2533 1992 Cor
2583 1939 2824 1992 mundum
2869 1954 2985 1992 creo
3029 1939 3082 1992 in
3113 1955 3225 2002 me,
3254 1937 3496 2004 Deus,ct

1917 2029 2146 2098 spiritum
2164 2037 2354 2082 rectum
2379 2029 2564 2082 innova
2588 2028 2641 2082 in
2677 2026 2943 2083 visceribus
2965 2028 3104 2083 meis.
3137 2028 3286 2083 Dicat
3317 2027 3496 2083 anima

1918 2135 2036 2189 quae
2065 2119 2339 2190 peccavit,
2371 2134 2438 2174 ne
2483 2119 2600 2187 plus
2645 2127 2827 2189 pereat
2855 2117 3222 2190 desperando,
3250 2133 3409 2189 quam
3435 2133 3497 2175 se

1923 2209 2153 2280 perdidit
2180 2207 2556 2278 delinquendo.

1989 2301 2044 2355 2.
2076 2301 2334 2374 Confessio
2373 2302 2563 2372 peccati
2603 2301 2913 2369 necessaria,
2941 2311 2996 2356 ut
3018 2303 3162 2357 uenia
3181 2303 3497 2373 impetretur.

1925 2390 2245 2446 Puniendum
2265 2401 2542 2462 peccatum,
2569 2402 2654 2446 aut
2674 2392 2736 2447 ab
2756 2393 2868 2463 ipso
2889 2402 3164 2463 peccatore,
3191 2403 3276 2447 aut
3303 2409 3337 2447 a
3364 2392 3496 2447 Deo.

1925 2481 2197 2538 Excusaho
2242 2484 2430 2553 peccati
2485 2485 2656 2553 iniqua
2697 2493 2768 2540 est
2812 2495 2860 2538 et
2900 2501 2934 2538 a
2970 2485 3171 2544 diabolo
3195 2487 3497 2556 suggeritur.

1924 2575 2060 2628 Ante
2084 2575 2260 2628 omnia
2300 2572 2496 2643 quippe
2535 2572 2708 2628 danda
2734 2582 2819 2628 est
2854 2589 3050 2643 opera,
3078 2590 3145 2630 ne
3183 2589 3500 2644 peccemus.

1926 2677 1994 2718 ne
2031 2662 2314 2733 quamdam
2359 2661 2768 2718 familiaritatem
2794 2675 2848 2717 et
2877 2663 3162 2718 amicitiam
3207 2679 3327 2720 cum
3377 2680 3502 2736 pec-

1926 2761 2046 2806 cato
2063 2791 2076 2817 ,
2103 2760 2354 2821 tanquam
2379 2766 2500 2806 cum
2527 2761 2775 2822 serpente
2802 2744 3078 2808 faciamus.
3107 2753 3284 2809 Morsu
3305 2755 3503 2826 quippe

1927 2849 2192 2897 venenato
2219 2841 2430 2910 perimit
2471 2851 2815 2912 peccantem,
2860 2858 2960 2898 nec
3001 2836 3105 2898 talé
3145 2844 3342 2915 aliquid
3383 2856 3504 2912 est,

1928 2947 2049 2988 cum
2079 2947 2184 3002 quo
2209 2930 2449 2987 facienda
2475 2933 2544 2986 sit
2570 2932 2798 2987 amicitia
2828 2951 2840 2986 :
2867 2933 2962 2988 sed
3002 2935 3047 2989 si
3075 2934 3212 2991 forte
3241 2943 3330 2990 aut
3351 2935 3506 2991 inllr-

1928 3038 2074 3079 mum
2112 3022 2468 3093 oppresserit,
2498 3032 2590 3078 aut
2632 3023 2842 3078 incauto
2886 3024 3251 3094 subrepserit,
3282 3035 3374 3081 aut
3415 3041 3505 3082 er-

1929 3098 2136 3170 rantem
2162 3115 2402 3184 ceperit,
2425 3122 2514 3172 aut
2544 3114 2596 3168 in
2622 3128 2835 3170 errores
2863 3115 3038 3170 eundo
3067 3115 3368 3186 deceperit,
3400 3131 3507 3173 non

1931 3203 2106 3276 pigeat
2130 3203 2361 3258 animam
2388 3203 2628 3260 confiteri
2654 3244 2669 3270 ,
2696 3219 2800 3260 nec
2833 3214 3034 3275 quzerat
3075 3207 3468 3263 excusationem
3487 3248 3506 3276 ,

1932 3295 2027 3352 sed
2052 3295 2134 3351 sui
2163 3296 2577 3350 accusationem.
2605 3295 2737 3350 Nam
2763 3306 2818 3352 et
2856 3296 2978 3352 inde
3006 3299 3177 3353 oravit
3195 3298 3423 3369 quodam
3453 3299 3508 3354 in

1934 3386 2164 3457 psalmo,
2196 3395 2251 3442 et
2272 3387 2346 3442 ait
2369 3403 2382 3439 :
2409 3385 2570 3455 Pone,
2600 3386 2815 3442 Domine
2833 3430 2848 3456 ,
2882 3390 3162 3444 custodiam
3190 3391 3267 3444 ori
3291 3407 3431 3458 meo,
3462 3402 3510 3446 et

1934 3479 2114 3533 ostium
2138 3479 2454 3533 continentia:
2490 3479 2678 3533 circum
2719 3479 2854 3534 labia
2891 3497 3002 3535 mea
3033 3491 3120 3536 :et
3158 3497 3258 3536 non
3293 3481 3510 3537 declines

1935 3587 2020 3626 cor
2045 3586 2210 3624 meum
2228 3571 2282 3624 in
2309 3571 2456 3624 verba
2477 3571 2718 3642 maligna,
2750 3572 2818 3625 nd
2843 3574 3152 3628 excusandas
3168 3575 3510 3629 excusationes

1934 3663 1986 3716 in
2013 3661 2228 3732 peccatis
2257 3659 2428 3731 (Psal.
2457 3675 2578 3728 ch,
2597 3662 2630 3716 5
2647 3671 2693 3714 et
2720 3662 2800 3731 4).
2830 3663 3110 3718 Peccatum
3141 3664 3366 3734 quisque
3383 3677 3510 3718 sua-

1935 3751 2028 3807 det
2075 3749 2203 3805 tibi?
2240 3759 2365 3804 ante
2392 3750 2570 3805 omnia
2597 3759 2892 3806 recusetur.
2923 3751 3031 3808 Sed
3057 3767 3372 3823 persuasum
3395 3753 3512 3810 est?

1937 3857 2041 3898 non
2071 3848 2370 3908 excusetur,
2396 3841 2490 3897 sed
2514 3843 2688 3912 potius
2715 3852 3012 3900 accusetur.
3043 3843 3177 3899 Nam
3211 3853 3267 3902 et
3293 3845 3395 3902 iste
3421 3846 3514 3917 qui

1937 3932 2148 3988 dicebat
2166 3973 2181 3998 ,
2215 3931 2313 3987 Cor
2335 3933 2579 3986 mundum
2607 3949 2723 3988 creo
2747 3934 2801 3987 in
2826 3951 2936 4001 me,
2968 3935 3136 4003 Deus,
3161 3935 3239 3990 sic
3266 3935 3512 4007 incwpit,

1941 4023 2182 4079 Miserere
2202 4025 2334 4092 mei,
2361 4021 2500 4078 Deus
2521 4065 2537 4092 ,
2564 4024 2836 4078 secundum
2861 4041 3095 4096 magnam
3121 4026 3516 4081 misericordiam

1941 4126 2100 4168 tuam.
2126 4115 2364 4185 Magnam
2409 4115 2826 4172 misericordiam
2867 4133 3088 4188 magnus
3137 4129 3387 4187 peccator
3415 4119 3515 4174 im-

1940 4206 2147 4275 plorat:
2177 4221 2418 4275 magnam
2445 4206 2760 4262 medicinam
2789 4222 3037 4281 magnum
3073 4208 3264 4266 vulnus
3301 4209 3516 4266 deside-

1941 4305 2041 4350 rat.
2073 4295 2146 4351 Ibi
2193 4296 2403 4363 dicitur,
2432 4297 2608 4351 Averte
2633 4299 2812 4368 faciem
2835 4309 2970 4353 tuam
2989 4317 3020 4353 a
3045 4301 3259 4370 peccatis
3292 4303 3443 4370 meis,
3471 4316 3518 4357 et

1940 4403 2108 4441 omnes
2144 4387 2425 4457 iniquitates
2450 4404 2584 4443 meas
2622 4389 2750 4442 dele.
2777 4387 2876 4444 Cor
2912 4391 3154 4444 mundam
3181 4409 3297 4447 creo
3324 4393 3377 4447 in
3402 4410 3482 4448 me
3499 4437 3515 4462 ,

1944 4477 2081 4532 Deus
2103 4477 2273 4549 (Psal.
2309 4496 2338 4532 ι,
2358 4521 2372 4545 ,
2405 4479 2437 4532 5
2458 4520 2473 4545 ,
2502 4480 2560 4533 11
2586 4521 2601 4545 ,
2633 4480 2746 4551 12).
2774 4482 2981 4536 Avertit
3006 4497 3134 4553 ergo
3163 4483 3303 4539 Deus
3331 4483 3516 4540 faciem

1942 4585 2090 4624 suam
2117 4585 2146 4623 a
2173 4570 2404 4639 peccatis
2445 4570 2775 4636 confitentis,
2806 4564 2879 4627 et'
2899 4586 2957 4627 se
2987 4572 3158 4644 ipsum
3188 4576 3484 4630 accusantis
3503 4619 3518 4642 ,

1944 4661 2142 4730 Deique
2166 4660 2416 4714 auxilium
2437 4669 2491 4716 et
2521 4662 2940 4718 misericordiam
2961 4663 3320 4734 deprecantis.
3345 4666 3518 4720 Aver-

1946 4753 2006 4806 tit
2023 4751 2166 4806 enim
2210 4751 2398 4807 faciem
2425 4766 2574 4806 suam
2600 4768 2629 4805 a
2662 4754 2890 4822 peccatis
2916 4753 3031 4824 ejus
3050 4797 3064 4821 ,
3098 4769 3204 4810 non
3231 4755 3520 4810 avertendo

1945 4842 2011 4896 ab
2040 4843 2174 4911 ipso.
2201 4841 2298 4897 Cui
2319 4842 2460 4896 enim
2483 4841 2694 4907 dicitur,
2725 4842 2900 4897 Averte
2926 4844 3107 4914 faciem
3130 4854 3269 4898 tuam
3293 4849 3327 4897 a‘
3345 4861 3522 4914 pecca-

1945 4937 2009 4988 tis
2035 4937 2154 4988 meis
2175 4975 2189 4999 ,
2221 4943 2269 4987 et
2313 4949 2484 4988 omnes
2513 4935 2798 5003 iniquitates
2831 4951 2965 4988 meas
3009 4934 3118 4989 dele
3136 4951 3155 4998 ;
3183 4934 3356 4990 eidem
3395 4935 3521 4992 alibi

1947 5026 2154 5090 dicitur,
2190 5025 2271 5079 Ne
2296 5035 2488 5080 avertas
2516 5028 2696 5097 faciem
2734 5036 2871 5080 tuam
2897 5043 2928 5079 a
2957 5043 3034 5080 me
3058 5025 3228 5097 (Psal.
3256 5042 3416 5093 xxvr,
3443 5027 3524 5100 9).

1948 5120 2186 5184 Avertit,
2209 5118 2421 5189 quando
2442 5133 2546 5174 non
2576 5117 2839 5174 advertit:
2865 5134 2985 5173 nam
3013 5119 3056 5173 si
3081 5118 3340 5187 advertit,
3372 5133 3526 5175 ever«

1952 5213 2030 5266 tit.
2060 5210 2182 5265 Ideo
2211 5210 2485 5280 etjudiees
2515 5211 2567 5265 in
2597 5211 2869 5266 convictos
2895 5224 3016 5265 reos
3043 5211 3364 5266 sententiam
3393 5227 3525 5282 pro-

1950 5301 2180 5356 ferentes
2215 5300 2928 5371 animadvertere_dicuntur.
2952 5299 3064 5356 Hoc
3086 5316 3153 5356 ne
3183 5300 3339 5357 faciat
3365 5303 3526 5371 Deus,

1952 5392 2005 5448 id
2029 5400 2111 5448 est
2131 5435 2145 5460 ,
2171 5407 2237 5446 ne
2263 5362 2672 5457 animadvertat:
2695 5392 2918 5447 dicimus
2939 5435 2952 5458 ,
2983 5393 3161 5448 Averte
3187 5395 3364 5466 facient
3391 5403 3530 5448 tuan

1953 5485 2224 5557 apeccatis
2273 5486 2414 5540 meis.
2459 5484 2536 5540 Ne
2583 5492 2868 5554 agnoscat,
2899 5485 3138 5556 ignoscat
3185 5487 3224 5540 ³.
3253 5484 3531 5554 Quomodo

1953 5586 2130 5631 autem
2151 5576 2386 5632 nobilem
2413 5573 2638 5630 dicimus
2667 5575 2898 5631 nobilem
2919 5617 2934 5644 ,
2967 5592 3072 5631 non
3094 5585 3270 5631 autem
3299 5575 3530 5631 nobilem

2019 5689 2037 5721 ι
2061 5690 2215 5738 sirm.:
2241 5696 2306 5741 Ne
2337 5693 2576 5752 agnoscat,
2607 5684 2823 5750 iqnoscit.
2869 5693 2923 5738 Αι
2966 5693 3048 5736 Ius.
3091 5700 3158 5736 v.:
3183 5695 3250 5736 Ne
3291 5691 3532 5750 agnoscat,

1956 5750 2184 5813 ignoscat.

2983 5831 3200 5911 [ι’ίηιι.
3214 5834 3239 5904 ι
