4002 6470
532 349 634 414 ῑῖο

529 471 757 526 dicimus
801 469 1082 543 ignobilem
1108 486 1119 521 :
1145 472 1219 523 sic.
1262 479 1569 527 nascentem
1616 482 1961 539 noscentem,
2003 487 2110 528 non

531 574 710 619 autem
740 573 1046 621 nascentem
1091 565 1475 633 ignoscentem.
1510 563 1710 619 Tamen
1752 566 1799 620 si
1835 565 1915 619 vis
1940 573 1997 619 ut
2022 564 2113 619 ille

502 684 505 685 ν
530 656 805 729 ignoscat,
834 666 890 713 tu
914 670 1160 729 agnosce.
1190 654 1507 727 lmpunitum
1528 673 1634 714 non
1657 666 1833 729 potest
1852 672 1971 713 esse
1992 671 2114 727 pec-

530 760 707 805 catum
732 770 745 803 ;
771 749 1085 821 impunitum
1111 764 1231 805 esse
1252 764 1357 805 non
1387 749 1577 819 decet,
1603 765 1709 806 non
1731 757 1972 821 oportet,
2006 764 2113 805 non

530 851 613 899 est
625 844 847 914 justum.
866 842 1007 913 Ergo
1026 842 1147 913 quia
1160 839 1474 913 impunitum
1492 856 1597 900 non
1618 841 1778 899 debet
1794 856 1914 899 esse
1929 856 2114 913 pecca-

531 946 666 1002 tum,
686 935 934 1005 puniatur
946 949 977 990 a
993 943 1065 1002 te,
1083 950 1152 991 ne
1166 935 1402 1007 puniaris
1415 951 1516 1008 pro
1533 936 1644 993 illo.
1668 937 1949 993 Peccatum
1966 945 2114 991 tuum

527 1025 759 1095 iudicem
787 1026 1079 1093 tehabeat,
1103 1043 1211 1085 non
1240 1036 1542 1100 patronum.
1577 1028 1635 1085 In
1662 1028 1894 1085 tribunal
1918 1027 2116 1084 mentis

533 1128 637 1171 tua:
660 1118 890 1175 ascende
913 1128 1100 1174 contra
1135 1127 1187 1175 te
1206 1160 1221 1185 ,
1250 1129 1307 1176 et
1333 1134 1482 1176 reum
1508 1120 1771 1177 constitue
1795 1129 1849 1177 te
1885 1128 2009 1176 ante
2040 1126 2112 1176 te.

527 1210 645 1267 Noli
671 1226 871 1282 ponere
910 1221 963 1269 te
987 1221 1109 1283 post
1137 1220 1225 1280 te,
1257 1227 1326 1269 ne
1362 1212 1503 1270 Deus
1542 1222 1704 1285 ponat
1747 1220 1801 1269 te
1829 1219 1955 1269 ante
1981 1226 2041 1268 se
2071 1213 2111 1266 ί.

528 1302 653 1359 Ideo
672 1302 801 1358 dicit
825 1303 879 1357 in
900 1302 1087 1359 eodem
1112 1303 1316 1374 psalmo
1332 1346 1349 1372 ,
1374 1304 1515 1361 unde
1543 1304 1846 1359 facillimam
1866 1303 2116 1375 impetret

526 1394 734 1448 veniam
757 1411 771 1448 :
794 1391 1042 1459 Quoniam
1061 1394 1371 1465 iniquitatem
1390 1411 1552 1450 meam
1573 1411 1662 1465 ego
1684 1409 1920 1466 agnosco,
1944 1401 1988 1448 et
2004 1407 2115 1464 pec-

527 1494 693 1538 catum
722 1500 888 1538 meum
905 1494 1024 1538 ante
1042 1501 1121 1538 me
1145 1492 1216 1540 est
1235 1502 1432 1557 seinper
1455 1484 1631 1556 (Psal.
1663 1503 1713 1551 ι,
1745 1485 1823 1556 5).
1843 1485 2115 1557 Tanquam

516 1576 731 1643 dicens,
744 1575 1002 1643 Quoniam
1020 1586 1143 1632 ante
1160 1591 1247 1631 me
1265 1583 1365 1643 est,
1386 1592 1453 1631 ne
1468 1578 1539 1632 sit
1553 1585 1675 1632 ante
1693 1586 1778 1644 te;
1801 1585 1856 1631 et
1876 1577 1997 1647 quia
2018 1590 2117 1647 ego

526 1681 779 1736 agnosco,
800 1676 852 1720 tu
871 1666 1104 1737 ignosce.
1121 1665 1261 1738 Ergo
1272 1675 1545 1738 peccatum
1558 1677 1647 1723 aut
1661 1684 1690 1723 a
1708 1675 1762 1723 te
1778 1667 2013 1738 punitur,
2028 1675 2119 1722 aut

527 1772 557 1811 a
587 1758 697 1813 Deo
723 1758 847 1815 .sed
878 1775 907 1811 a
934 1767 988 1814 te
1016 1759 1134 1815 sine
1157 1767 1224 1825 te,
1255 1773 1286 1815 a
1316 1759 1427 1815 Deo
1455 1767 1649 1815 tecum.
1682 1758 1758 1815 Te
1777 1773 1905 1830 ergo
1925 1758 2119 1815 habeat

528 1850 857 1919 punitorem.
887 1858 943 1904 ut
969 1857 1025 1905 tu
1057 1850 1221 1905 Deum
1252 1850 1450 1907 habeas
1471 1849 1820 1907 defensorem
1857 1849 1953 1923 (a).
1984 1850 2113 1905 Dic:

530 1943 640 2012 Ego
661 1941 781 1996 feci.
807 1941 915 2012 Ego
936 1924 1064 2008 dixi,
1088 1941 1322 2011 Domine,
1348 1944 1725 2009 misereremei;
1751 1960 1876 1998 sana
1895 1944 2118 1997 animam

529 2049 725 2101 meam,
752 2035 986 2104 quoniam
1030 2036 1230 2104 peccavi
1269 2035 1378 2090 tibi.
1426 2035 1571 2107 Ego,
1604 2036 1805 2106 inquit,
1835 2035 1961 2090 dixi.
2009 2036 2119 2105 Ego

529 2136 635 2178 non
661 2139 842 2195 quaero
864 2125 932 2180 ad
954 2126 1351 2182 excusationem
1384 2127 1582 2197 peccati
1608 2167 1625 2193 ,
1652 2127 1772 2197 quis
1793 2126 1861 2182 de
1887 2141 1972 2181 me
1991 2141 2118 2197 pec-

528 2216 757 2282 caverit,
785 2226 875 2272 aut
904 2218 1024 2288 quis
1054 2233 1140 2274 me
1181 2233 1405 2289 peccare
1447 2220 1781 2290 compulerit.
1818 2218 1931 2275 Non
1961 2220 2115 2287 dico,

530 2309 762 2367 Fortuna
796 2311 938 2367 fecit.
973 2312 1087 2368 Non
1113 2312 1235 2368 dico
1254 2355 1269 2381 ,
1299 2312 1486 2368 Fatum
1514 2312 1615 2370 hoc
1634 2313 1820 2368 voluit.
1844 2312 2119 2369 Postremo

536 2422 641 2460 non
665 2405 787 2461 dico
807 2448 821 2472 ,
852 2405 1105 2461 Diabolus
1146 2405 1291 2464 fecit.
1322 2405 1452 2461 Nam
1493 2414 1543 2461 et
1592 2407 1706 2477 ipse
1732 2407 1974 2463 diabolus
1999 2424 2121 2463 sua-

531 2497 688 2552 dendi
730 2496 888 2552 habet
928 2505 1246 2567 potestatem
1270 2539 1283 2561 ,
1318 2506 1590 2567 postremo
1637 2497 1902 2563 terrendi;
1930 2513 2120 2568 graves

530 2590 723 2655 etiam,
772 2587 815 2641 si
861 2588 1155 2657 permissus
1204 2587 1396 2652 fuerit,
1446 2588 1715 2643 molestias
1766 2587 2117 2643 inferendiza

532 2681 758 2736 Domino
778 2680 1108 2749 deprecanda
1129 2680 1296 2735 virtus
1321 2688 1421 2744 cst,
1452 2690 1517 2736 ne
1544 2680 1852 2735 illccebrosa
1875 2680 2109 2751 capiant,

531 2783 710 2830 autne
730 2774 860 2829 dura
882 2772 1236 2843 confringant.
1270 2773 1435 2828 Donet
1461 2773 1611 2827 nobis
1633 2783 1816 2828 contra
1839 2772 2120 2829 illecebras

533 2876 588 2921 et
631 2866 801 2921 minas
840 2865 1068 2929 inimici,
1105 2865 1238 2919 duas
1278 2864 1537 2929 virtutes,
1566 2866 1841 2919 continere
1882 2874 1937 2919 et
1964 2865 2119 2919 susti-

454 2936 465 2941 ’
537 2968 667 3010 nere
693 2972 706 3007 :
738 2954 1014 3008 continere
1034 2953 1313 3018 libidines,
1343 2969 1409 3008 ne
1432 2969 1681 3024 prospera
1704 2954 1940 3023 capiant;
1972 2954 2123 3009 susti-

536 3060 664 3100 nere
690 3054 944 3111 terrores,
966 3059 1030 3098 ne
1058 3044 1278 3098 adversa
1306 3044 1659 3114 confringant.
1693 3043 1755 3098 Et
1786 3061 1897 3097 cum
1922 3046 2114 3108 scirem,

549 3135 753 3207 inquit,
783 3135 901 3205 quia
928 3150 1069 3188 nmio
1099 3143 1257 3203 potest
1292 3150 1397 3188 esse
1434 3136 1719 3199 continens,
1752 3136 1849 3189 nisi
1880 3134 2013 3189 Deus
2040 3134 2120 3190 det

538 3230 696 3300 (Sap.
728 3244 822 3283 vui
842 3269 857 3294 ,
884 3227 999 3300 2|).
1029 3227 1162 3282 Hinc
1188 3242 1317 3298 ergo
1346 3227 1553 3282 dicebat
1574 3269 1587 3291 ,
1617 3226 1716 3282 Cor
1739 3228 2122 3307 mundutn‘crea

534 3323 587 3374 in
616 3337 728 3387 ine,
762 3318 899 3375 Deus
916 3337 936 3385 ,'
966 3328 1054 3386 et,
1088 3318 1177 3374 Va:
1197 3320 1274 3373 his
1305 3321 1392 3391 qui
1433 3319 1757 3389 perdiderunt
1776 3321 2121 3375 sustinentium

538 3409 725 3482 (Ereti:
753 3427 824 3478 ιι,
858 3410 968 3483 16).
998 3410 1273 3466 Neminem
1319 3426 1447 3483 ergo
1486 3427 1693 3483 qumras
1737 3427 2021 3480 accusare,
2056 3430 2121 3468 ne

535 3490 900 3558 accusatorem
926 3502 1165 3556 invenias
1187 3543 1203 3568 ,
1228 3517 1257 3556 a
1280 3518 1386 3573 quo
1410 3516 1461 3558 te
1487 3517 1590 3557 non
1621 3505 1792 3574 possis
1811 3502 2117 3561 defendere.

536 3593 668 3649 Nam
694 3603 748 3649 et
772 3595 882 3664 ipse
909 3594 1153 3651 inimicus
1178 3604 1358 3651 noster
1383 3595 1625 3652 diabolus
1649 3597 1868 3667 quando
1898 3613 2120 3653 accusa-

538 3697 646 3754 tur,
674 3688 983 3759 gaudet:et
1023 3688 1134 3743 vult
1176 3690 1395 3745 omnino
1439 3699 1497 3745 nt
1541 3704 1759 3745 accuses
1802 3690 1980 3757 illum;
2010 3690 2122 3746 vult

509 3848 522 3861 .
537 3780 652 3850 ipse
678 3789 785 3836 uta
808 3788 861 3837 te
889 3780 1027 3837 ferat
1048 3782 1258 3852 qualem
1282 3782 1512 3838 volueris
1531 3782 1977 3849 criminationem,
1999 3798 2119 3837 cum

538 3881 594 3925 tu
634 3873 827 3943 perdas
873 3871 1284 3928 confessionem.
1329 3871 1525 3928 Contra
1570 3871 1729 3943 hujus
1754 3875 1998 3928 astutiam
2030 3889 2119 3928 ex-

535 3958 732 4017 clamat
759 3963 876 4028 ille,
909 3962 1017 4033 Ego
1042 3963 1175 4028 dixi,
1210 3961 1440 4018 Domine.
1480 3962 1608 4019 Sine
1642 3979 1799 4018 causa
1842 3964 1967 4018 mihi
1995 3964 2121 4018 insi-

537 4052 713 4108 diatur
762 4053 1036 4116 inimicus;
1064 4054 1184 4109 novi
1228 4055 1450 4109 astutias
1487 4056 1843 4124 ejuszcaptat
1887 4057 2118 4126 linguam

539 4158 745 4211 meam,
777 4145 885 4199 vult
912 4154 967 4199 ut
993 4144 1164 4199 dicam
1186 4186 1202 4212 ,
1229 4144 1479 4200 Diabolus
1506 4142 1648 4202 fecit.
1680 4143 1791 4218 Ego
1836 4147 1942 4201 dixi
1962 4189 1976 4212 ,
2009 4146 2117 4201 Do-

542 4236 695 4289 mine.
713 4234 805 4290 llis
830 4250 960 4307 ergo
975 4235 1220 4291 vcrsutiis
1248 4236 1452 4293 seducit
1479 4238 1703 4304 animas,
1726 4248 1779 4293 et
1805 4253 1831 4291 a
1862 4240 2119 4294 medicina

544 4325 896 4383 confessionis
922 4328 1145 4396 avertit;
1176 4338 1267 4383 aut
1310 4329 1638 4400 persuadens
1661 4331 1739 4384 eis
1779 4339 1838 4384 ut
1873 4345 1933 4386 se
1962 4346 2118 4386 excu-

549 4427 706 4487 sent,
736 4428 790 4474 et
814 4430 1055 4490 quaerant
1073 4436 1205 4491 quos
1234 4431 1513 4489 accusent;
1541 4431 1631 4477 aut
1660 4412 1985 4493 persuadens
2010 4426 2117 4490 eis,

540 4511 663 4581 quia
687 4511 796 4581 jam
826 4524 1200 4582 peccaverunt,
1228 4522 1286 4569 ut
1312 4530 1451 4570 nunc
1478 4515 1793 4586 desperent,
1823 4524 1879 4571 et
1903 4518 2120 4572 omnino

541 4616 601 4657 se
627 4601 693 4657 ad
715 4602 921 4658 veniam
951 4618 1104 4674 posse
1134 4604 1398 4675 pertinere
1426 4604 1498 4678 (b)
1524 4620 1627 4661 non
1649 4606 1999 4671 arbitrentur;
2031 4618 2122 4663 aut

543 4695 868 4766 persuadens
893 4696 993 4760 eis,
1016 4698 1135 4768 quia
1164 4698 1270 4754 cito
1297 4699 1432 4755 Deus
1459 4708 1624 4755 totum
1653 4701 1896 4774 ignoscit,
1924 4711 1980 4757 ut
2000 4718 2121 4759 sese

544 4788 703 4842 homo
727 4802 834 4842 non
855 4788 1103 4857 corrigat.
1494 4852 1497 4855 ν

612 4881 665 4935 5.
710 4878 775 4934 Et
796 4878 1073 4952 desperatio
1104 4890 1150 4935 et
1194 4898 1307 4952 spes
1336 4884 1709 4953 impcnitentite
1744 4902 1804 4940 ac
1829 4887 2121 4957 perditionis

542 4985 713 5025 causa.
749 4969 935 5027 Videte
979 4979 1173 5039 quanta
1200 4971 1304 5026 sint
1323 5014 1337 5038 ,
1366 4972 1619 5029 adversus
1645 4991 1763 5045 quin
1783 4976 1999 5047 vigilare
2022 4978 2121 5033 de-

541 5060 665 5118 beat
682 5077 775 5119 cor
795 5064 1118 5134 paenitentis.
1142 5063 1219 5119 Ne
1243 5079 1301 5120 se
1320 5067 1623 5123 excusando
1642 5069 1866 5125 alterum
1887 5081 2119 5139 accuset,

544 5154 724 5210 veniat
767 5156 817 5212 ei
863 5156 916 5211 in
966 5165 1198 5214 mentem
1219 5199 1235 5225 ,
1272 5156 1414 5230 Ego,
1442 5160 1582 5227 dixi,
1618 5158 1862 5230 Domine,
1894 5164 2125 5220 miserere

546 5244 681 5310 mei;
704 5262 829 5301 sana
847 5248 1069 5303 animum
1092 5265 1284 5316 meam,
1312 5251 1550 5321 quoniam
1577 5254 1775 5323 peccavi
1803 5254 1908 5308 tibi.
1936 5254 2013 5310 Ne
2032 5256 2125 5312 de-

546 5335 810 5408 sperando
854 5348 1066 5410 pereat,
1094 5348 1154 5397 ut
1189 5341 1440 5412 quoniam
1491 5345 1766 5415 peccavit,
1793 5355 1847 5403 et
1893 5346 2125 5416 graviter

544 5426 815 5503 peccavit,
844 5437 993 5499 putet
1016 5445 1075 5487 se
1095 5431 1203 5513 jam
1230 5446 1336 5488 non
1371 5434 1528 5503 insse
1566 5436 1779 5503 sanari;
1802 5446 1857 5494 et
1878 5436 2039 5493 donet
2066 5452 2124 5493 se

610 5602 1491 5671 'Ms.v.,neDeusteponatantete.

607 5708 679 5831 (vi)
711 5714 875 5770 supra,
899 5721 1048 5759 serm.
1067 5712 1150 5783 39,
1171 5728 1219 5764 ιι.
1244 5715 1291 5778 2,
1318 5723 1369 5768 et
1383 5714 1505 5766 infra
1526 5722 1678 5766 Serm.
1704 5716 1782 5780 29,
1802 5731 1853 5767 ιι.
1876 5718 1924 5767 6,

607 5770 657 5831 (b
710 5775 867 5831 Forte,
885 5784 1149 5831 pervemre.

606 5770 679 5831 (ο)
710 5775 867 5831 Forte.
885 5770 1149 5835 pervenire.

1741 358 1798 415 S.
1843 355 2207 416 AUGUSTINI
2246 348 2548 418 EPISCOPI

2221 472 2527 530 libidinibus
2546 517 2559 539 ,
2583 476 2897 532 trahendum
2917 480 3161 537 omnibus
3189 484 3587 555 cupiditatibus.
3612 488 3764 546 Facit
3785 495 3804 525 ⁸

2218 569 2473 640 quidquid
2507 570 2670 634 libet.
2696 555 2937 643 quamvis
2966 591 3069 631 non
3110 577 3284 634 liceat.
3318 579 3401 655 Et
3422 581 3468 635 si
3506 597 3613 638 non
3641 583 3806 652 facit,

2219 659 2291 714 ibi
2321 676 2427 718 non
2453 661 2608 728 facit,
2639 663 2727 719 ubi
2754 664 2998 723 homines
3019 668 3186 724 timet.
3209 668 3439 729 Omnino
3460 674 3642 730 animo
3665 692 3804 747 quo-

2218 750 2340 806 dam
2366 751 2677 822 gladiatorio
2702 756 2749 822 ',
2777 757 3030 827 quoniam
3056 762 3217 815 vitam
3243 761 3525 832 desperat,-
3550 766 3807 838 quidquid

2219 850 2397 911 potest
2424 841 2601 900 facere
2642 845 2711 900 ad
2753 847 3048 903 satiandam
3075 850 3417 921 cupiditatem
3440 864 3497 910 et
3525 855 3805 914 libidinem

2219 946 2368 987 suam
2388 934 2547 1002 facit,
2579 948 2825 1008 tanquam
2850 939 3073 995 devotus
3109 942 3177 997 ad
3205 943 3493 1001 victimam.
3520 946 3682 1004 Tales
3710 949 3806 1007 dc-

2220 1027 2523 1096 Speratione
2548 1039 2789 1099 pereunt.
2818 1030 3016 1088 Contra
3047 1034 3178 1091 istos
3203 1051 3302 1107 pro
3330 1037 3412 1094 his
3431 1081 3446 1106 ,
3478 1039 3531 1094 id
3570 1048 3654 1096 est
3676 1055 3808 1097 con-

2222 1126 2302 1175 tra
2330 1119 2463 1177 tales
2488 1122 2837 1193 cogitationes
2862 1140 3067 1193 eorum,
3087 1128 3311 1200 vigilans
3334 1129 3610 1201 Scriptura
3628 1132 3803 1189 dixit:

2222 1210 2288 1267 In
2324 1229 2636 1287 quacumque
2678 1215 2760 1270 die
2798 1233 3063 1274 conuersus
3105 1222 3256 1292 fuerit
3299 1223 3529 1293 iniquus,
3561 1234 3608 1279 et
3633 1223 3809 1296 fecerit

2214 1304 2483 1374 justitiam,
2501 1323 2671 1361 omnes
2694 1307 2979 1379 iniquitates
3001 1312 3114 1382 ejus
3135 1311 3398 1368 obliviscar
3418 1312 3629 1385 (Ezech.
3650 1331 3805 1384 xvm,

2219 1395 2310 1459 2t,
2337 1404 2385 1450 et
2408 1412 2570 1451 xxxiii
2592 1439 2606 1463 ,
2636 1397 2732 1463 tt,
2766 1396 2878 1472 15).
2910 1399 3112 1456 Rursus
3137 1412 3376 1459 recreata
3404 1405 3579 1459 anima
3601 1448 3616 1472 ,
3647 1406 3693 1461 si
3718 1404 3807 1461 his

2221 1486 2398 1543 verbis
2447 1488 2769 1556 crediderit,
2822 1505 2852 1544 a
2906 1491 3294 1561 deSperationis
3348 1495 3522 1561 malo,
3569 1496 3810 1554 inveniet

2221 1579 2379 1635 aliam
2410 1579 2615 1636 foveam
2649 1581 2695 1650 ³,
2722 1591 2785 1637 ut
2807 1598 2924 1653 qua:
2964 1583 3336 1655 desperatione
3364 1588 3539 1658 perire
3571 1604 3681 1644 non
3706 1603 3809 1660 po-

2224 1672 2355 1739 tuit,
2386 1687 2481 1743 spe
2506 1683 2706 1743 pereat.
2736 1673 2805 1729 Et
2844 1677 2963 1745 quis
2985 1685 3067 1732 est
3102 1677 3190 1748 qui
3236 1692 3331 1749 spe
3374 1689 3558 1750 pereat
3581 1679 3638 1735 ιι
3662 1680 3812 1737 Ecce

2221 1763 2430 1832 qualem
2458 1778 2732 1834 propono,
2756 1766 2844 1836 qui
2864 1766 3057 1822 dixerit
3081 1768 3132 1822 in
3162 1769 3340 1824 animo
3360 1784 3458 1827 suo
3486 1771 3639 1827 :Jam
3659 1772 3809 1829 Deus

2223 1854 2430 1909 veniam
2452 1856 2692 1925 promisit
2717 1857 2963 1914 omnibus
2998 1860 3360 1917 avertentibus
3382 1877 3441 1917 se
3465 1878 3495 1916 a
3529 1865 3767 1934 peccatis
3787 1907 3808 1933 ,

2225 1945 2276 1999 in
2298 1961 2626 2017 quacumque
2649 1947 2779 2003 hora
2798 1950 3039 2004 conversi
3060 1950 3273 2019 fuerint,
3297 1966 3482 2007 omnes
3503 1953 3815 2025 iniquitates

2223 2051 2406 2091 eorum
2461 2038 2800 2093 obliviscetur
2844 2055 2858 2093 :
2906 2055 3034 2110 ergo
3089 2040 3275 2098 faciam
3340 2044 3593 2115 quidquid
3644 2046 3811 2112 volo;

2223 2129 2436 2198 quando
2484 2130 2705 2185 voluero
2748 2142 3054 2186 convertam
3101 2148 3215 2200 me,
3243 2132 3608 2207 delebiturque
3660 2137 3814 2207 quod

2225 2218 2421 2275 fecero.
2454 2219 2589 2288 Quid
2620 2220 2893 2277 dicemus?
2918 2223 3038 2292 quia
3068 2239 3173 2280 non
3199 2224 3413 2295 quando
3434 2240 3493 2282 se
3521 2237 3813 2283 converte-

2226 2309 2328 2377 rit,
2368 2321 2521 2365 curat
2569 2312 2711 2366 Dcus
2758 2313 3143 2382 pmnitentem?
3169 2313 3387 2370 dimittit
3433 2317 3574 2373 Deus
3625 2318 3813 2373 omnia

2227 2410 2438 2471 peccata
2484 2403 2785 2472 prmtcrita?
2815 2403 2870 2459 Si
2917 2419 3205 2476 negamus,
3248 2406 3585 2479 indulgentiae
3611 2409 3815 2467 divinae

2224 2491 2666 2549 contradicimus:
2699 2494 2879 2549 verbis
2907 2493 3135 2566 denique
3157 2496 3482 2568 propheticis
3506 2498 3813 2569 obviamus,

2224 2584 2417 2640 divinis
2444 2586 2669 2657 eloquiis
2694 2601 3069 2659 repugnamus.
3098 2587 3212 2645 Non
3237 2597 3320 2645 est
3359 2589 3460 2658 hoc
3497 2590 3667 2648 fidelis
3689 2593 3810 2649 dis-

2227 2677 2544 2748 pcnsatoris.

2295 2771 2348 2825 4.
2384 2769 2506 2825 Non
2551 2769 2834 2838 differenda
2870 2773 3146 2827 conversio.
3183 2771 3366 2828 Omnia
3387 2790 3479 2829 sua
3514 2776 3620 2830 uult
3657 2776 3818 2833 homo

2226 2878 2330 2915 esse
2351 2862 2508 2929 bona,
2534 2870 2716 2933 praeter
2742 2862 2915 2917 vitam.
2945 2862 3191 2919 Recurrit
3209 2904 3225 2931 ,
3257 2873 3311 2919 et
3351 2864 3479 2920 dicit
3501 2865 3629 2920 mihi
3655 2870 3815 2936 quis-

2225 2969 2420 3023 quam:
2449 2952 2609 3008 Dabis
2649 2967 2777 3024 ergo
2820 2953 3174 3009 laxamentum
3219 2956 3484 3026 peccatis,
3511 2965 3570 3012 ut
3613 2956 3817 3013 faciant

2228 3042 2469 3098 homines
2501 3042 2755 3113 quidquid
2785 3044 2999 3110 volunt,
3030 3044 3291 3115 promissa
3330 3046 3516 3114 venia,
3544 3047 3816 3117 promissa

2228 3134 2538 3204 impunitate
2565 3148 2686 3189 cum
2728 3147 2789 3190 se
2826 3136 3221 3192 converterint?
3248 3136 3450 3192 Laxant
3476 3137 3712 3196 habenas
3738 3140 3816 3195 ad

2228 3225 2554 3294 peccandum
2580 3224 2907 3282 'zleruntur
2949 3240 3140 3298 magno
3180 3229 3411 3299 impetu,
3456 3230 3605 3286 nullo
3645 3246 3818 3286 revo-

2227 3330 2380 3374 caute
2403 3361 2417 3384 ,
2447 3334 2545 3390 spe
2575 3319 2865 3390 desperati.
2900 3319 3047 3376 Itane
3088 3334 3218 3376 vero
3255 3321 3497 3391 vigilaret
3532 3321 3816 3393 Scriptura

2227 3410 2481 3464 adversus
2507 3410 2856 3480 desperantes
2874 3451 2891 3478 ,
2916 3418 2972 3465 et
2990 3426 3094 3467 non
3124 3411 3365 3481 vigilaret
3382 3411 3637 3469 adversus
3663 3414 3815 3471 male

2225 3501 2532 3569 sperantes?
2587 3500 2724 3557 Audi
2780 3500 2899 3571 eius
2939 3501 3143 3571 vigilias
3196 3501 3450 3558 adversus
3507 3504 3704 3559 malam
3752 3515 3819 3562 et

2228 3609 2536 3663 perversam
2570 3608 2722 3664 spem
2749 3609 2763 3648 :
2793 3592 2877 3648 Ne
2908 3594 3083 3651 tardes
3123 3595 3341 3653 converti
3381 3596 3448 3648 ad
3491 3594 3771 3653 Dominum
3796 3638 3817 3664 ,

2227 3702 2384 3756 neque
2411 3683 2619 3753 diferas
2655 3685 2719 3743 ds
2761 3685 2845 3740 die
2885 3685 3112 3741 indicat
3135 3685 3335 3741 :subito
3371 3687 3504 3741 enim
3539 3688 3698 3742 vestiet
3729 3689 3818 3744 ira

2226 3778 2353 3847 ejus,
2374 3784 2422 3831 et
2445 3776 2500 3830 in
2525 3785 2744 3846 tempore
2754 3775 2986 3831 vindicta:
3003 3776 3255 3847 disperdet
3272 3786 3319 3830 te
3337 3775 3521 3848 (Eccti.
3536 3793 3589 3845 v,
3602 3777 3699 3834 8et
3722 3779 3813 3852 9).

2226 3866 2363 3935 Quid
2390 3874 2474 3923 est
2492 3880 2625 3936 ergo
2642 3906 2658 3931 .
2689 3865 2921 3935 maligne
2948 3867 3227 3936 speratur?
3252 3866 3311 3923 Si
3330 3867 3603 3937 desperes,
3628 3870 3813 3939 peris;

2225 3964 2268 4013 si
2297 3972 2481 4028 speres
2498 3999 2516 4023 ,
2547 3958 2709 4028 peris.
2740 3958 2839 4015 Ubi
2866 3958 2956 4014 tibi
2985 3966 3128 4014 tutus
3153 3959 3300 4015 locus
3320 3960 3455 4028 erit,
3484 3970 3544 4017 ut
3565 3962 3634 4018 ab
3659 3972 3816 4019 utra-

2225 4065 2328 4119 que
2368 4048 2522 4105 fovea
2576 4058 2629 4105 te
2666 4049 2896 4120 eripias,
2927 4057 2982 4105 et
3025 4050 3315 4105 constituas
3355 4059 3407 4107 te
3432 4052 3485 4106 in
3516 4052 3597 4108 via
3621 4063 3772 4109 recta
3797 4097 3815 4122 ,

2227 4140 2464 4195 serviens
2501 4140 2611 4194 Deo
2629 4180 2645 4207 ,
2674 4142 2934 4195 miserans
2961 4140 3191 4196 animam
3219 4150 3360 4196 tuam
3377 4183 3392 4208 ,
3426 4142 3634 4212 placens
3655 4143 3775 4199 Deo
3792 4148 3819 4200 ’ρ

2226 4234 2359 4290 Male
2387 4231 2710 4302 desperabas
2731 4272 2748 4299 ,
2771 4231 2964 4288 audisti
2986 4273 3002 4300 ,
3024 4230 3092 4287 In
3116 4249 3425 4304 quacumque
3442 4234 3524 4288 die
3540 4250 3819 4293 conversus

2227 4327 2376 4396 fuerit
2417 4325 2646 4396 iniquus,
2674 4341 2850 4380 omnes
2890 4325 3177 4397 iniquitates
3212 4327 3323 4396 ejus
3358 4325 3639 4382 obliviscar.
3669 4328 3819 4384 Male

2223 4431 2441 4489 sperare
2467 4431 2707 4488 cmperas
2726 4459 2741 4481 ,
2764 4416 2993 4485 audisti,
3026 4413 3110 4472 Ne
3132 4418 3300 4472 tardes
3327 4419 3545 4472 converti
3587 4420 3655 4473 ad
3669 4419 3820 4482 ,υσ-

2227 4511 2439 4577 minuat,
2470 4525 2628 4581 neque
2655 4508 2864 4576 cii/feras
2887 4508 2952 4562 de
2974 4507 3056 4562 die
3081 4508 3135 4563 in
3159 4508 3313 4564 diem.
3353 4508 3598 4580 Undique
3626 4521 3678 4566 te
3701 4512 3820 4566 cir-

2226 4602 2495 4660 cumdedit
2518 4601 2850 4674 providentia
2892 4602 2984 4658 Dei
3011 4601 3445 4658 misericorditer.
3474 4602 3609 4671 Quid
3631 4602 3772 4659 dicis
3790 4606 3822 4659 ?

2227 4694 2478 4751 Promisit
2515 4693 2646 4748 mihi
2689 4693 2830 4749 Deus
2871 4693 3283 4764 indulgentiam;
3312 4694 3523 4764 quando
3562 4710 3647 4750 me
3670 4710 3819 4753 con-

2227 4795 2436 4844 vertere
2460 4785 2605 4841 dabit
2624 4801 2764 4842 eam.
2794 4786 2959 4841 Plane
2996 4783 3174 4851 dabit,
3206 4784 3417 4855 quando
3447 4794 3499 4841 te
3522 4795 3819 4842 converte-

2229 4880 2336 4945 ris;
2362 4878 2458 4935 sed
2478 4892 2643 4949 quare
2664 4886 2716 4934 te
2737 4891 2844 4932 non
2864 4874 3169 4932 convertis?
3197 4875 3459 4942 Quoniam
3481 4875 3695 4946 quando
3718 4892 3823 4934 me

2227 4978 2579 5036 convertero,
2606 4967 2771 5025 dabit.
2816 4968 3044 5023 Prorsus
3081 4967 3294 5039 quando
3343 4976 3393 5022 te
3440 4968 3780 5024 converteris
3799 5011 3817 5034 ,

2227 5064 2398 5129 dabit;
2429 5062 2523 5118 sed
2552 5062 2726 5133 ipsum
2759 5060 2972 5131 quando
2996 5061 3211 5132 quando
3234 5060 3348 5116 est?
3373 5059 3549 5128 Quare
3572 5074 3683 5116 non
3711 5059 3823 5118 bo-

2227 5156 2313 5213 die
2337 5167 2414 5211 est
2435 5199 2450 5223 ,
2480 5169 2645 5227 quare
2671 5169 2777 5211 non
2805 5169 2926 5209 cum
2948 5162 3004 5210 tu
3034 5168 3121 5211 me
3145 5152 3335 5210 audis?
3363 5166 3528 5224 quare
3552 5167 3657 5208 non
3684 5169 3822 5213 cum

2294 5293 2307 5324 ι
2337 5291 2602 5341 victorious
2622 5295 2728 5348 Ms,
2754 5297 2931 5341 Facere
2950 5301 2968 5342 :
2989 5286 3083 5337 hoc
3103 5285 3208 5338 loco
3230 5295 3434 5339 tantum.

2290 5355 2310 5384 ε
2335 5353 2469 5416 sunt,
2506 5346 2923 5416 gladiatorum,“
2941 5350 3206 5416 vietoripus
3239 5356 3321 5400 us.
3341 5384 3357 5410 ,
3393 5346 3700 5416 gladiatorio.
3718 5352 3828 5416 _stc

2227 5420 2387 5463 Enarr.
2413 5410 2463 5462 in
2487 5410 2654 5462 P'salm.
2679 5413 2760 5472 70,
2780 5424 2829 5461 ιι.
2852 5413 2875 5460 t
2898 5448 2911 5459 .
2945 5428 2969 5457 ι
2984 5419 3087 5459 tam
3110 5410 3296 5474 habens
3316 5410 3455 5474 qu'si
3476 5411 3827 5474 gladiatorium

2235 5494 2258 5522 ι
2280 5476 2508 5533 animum,
2530 5481 2586 5523 ut
2606 5474 2720 5525 idco
2742 5474 2880 5524 iaciat
2900 5472 3129 5537 quidquid
3154 5473 3273 5531 vult,
3296 5472 3408 5536 quia
3430 5472 3711 5523 necessario
3725 5473 3825 5522 da-

2236 5556 2258 5584 ι
2281 5536 2515 5585 mnandus
2538 5543 2631 5585 est.
2648 5552 2671 5581 ι

2236 5556 2258 5584 ιι
2281 5543 2515 5586 mnandus
2538 5543 2631 5587 est.
2648 5552 2671 5581 ι

2293 5599 2314 5630 ⁸
2339 5599 2602 5660 Victorinus
2623 5597 2797 5660 codex,
2812 5603 3003 5660 nursus
3015 5592 3446 5660 αρσια-εει
3464 5594 3516 5647 in
3543 5593 3620 5646 his
3637 5593 3828 5660 verbis,

2228 5658 2428 5721 liberata
2449 5673 2480 5708 a
2502 5656 2845 5721 desperationis
2860 5656 3020 5721 malo,
3042 5656 3218 5721 iiteenit
3238 5656 3385 5721 aliain
3405 5657 3606 5720 foveam

2261 5729 2264 5734 '
2292 5721 2314 5752 ⁸
2337 5720 2487 5771 Editio
2506 5717 2735 5783 Sirmondi
2753 5733 2765 5767 :
2784 5718 2896 5779 Quis
2916 5726 2985 5769 est
3008 5719 3091 5783 qui
3112 5732 3195 5783 spe
3217 5717 3380 5783 perit?

2293 5785 2313 5814 ⁸
2350 5784 2610 5832 victorious
2632 5782 2806 5842 codex,
2834 5789 2987 5831 laxas
3009 5779 3226 5832 habenas
3242 5779 3305 5831 ad
3329 5784 3591 5844 peceatum.
