4014 6310
236 319 338 377 Ni

235 436 433 490 clamas
448 433 474 486 ?
498 445 667 504 quare
691 445 796 487 non
823 443 943 486 cum
968 428 1184 484 laudas?
1213 427 1424 484 Clamor
1447 442 1596 484 meus
1624 428 1695 484 sit
1717 429 1812 485 ad-

233 521 375 596 iutor
400 541 499 596 pro
526 534 580 580 te
608 543 620 577 :
643 524 852 580 clamor
880 531 1004 579 tuus
1041 523 1113 578 sit
1151 523 1300 579 testis
1324 532 1507 579 contra
1537 533 1609 579 te.
1640 523 1816 593 Quare

235 633 335 673 non
379 617 582 672 hodie?
612 632 778 687 quare
821 633 933 671 non
985 615 1181 671 modo?
1209 615 1375 679 Cras,
1402 616 1604 686 inquit;
1643 615 1816 670 indul-

232 709 462 781 gentiam
492 709 624 764 mihi
654 709 794 764 Deus
833 709 1098 779 promisit.
1133 705 1264 763 Cras
1303 715 1361 763 tu
1397 708 1492 763 tibi
1521 709 1817 778 promittis?

234 801 335 856 Aut
356 800 402 854 si
430 798 588 864 forte,
611 800 656 854 si
684 799 815 854 mihi
846 799 980 870 legis
1005 798 1072 854 de
1091 799 1226 854 libro
1251 807 1458 864 sancto,
1480 801 1618 854 sicut
1640 799 1818 854 indul-

233 891 466 962 gentiam
507 891 604 945 tibi
644 891 963 961 promissam
1001 905 1122 946 esse
1149 905 1443 958 converso,
1475 891 1553 944 sic
1581 891 1671 945 tibi
1697 906 1818 961 pro-

233 982 456 1036 missum
486 981 777 1035 crastinum
806 979 948 1036 diem
968 1023 982 1048 ,
1010 980 1167 1036 diﬂ'er
1193 990 1248 1036 et
1283 981 1592 1035 crastinum.
1633 981 1819 1036 Nonne

233 1070 337 1126 hoc
369 1071 554 1140 primo
591 1071 767 1141 posuit
792 1071 848 1125 in
876 1079 1084 1127 terrore
1132 1071 1457 1136 medicinali,
1493 1086 1671 1128 nonne
1697 1086 1819 1127 cum

232 1170 280 1216 te
299 1162 606 1231 increparet
627 1160 728 1217 hoc
746 1160 914 1226 dixit,
943 1159 1028 1215 Ne
1047 1160 1255 1229 differas
1275 1161 1338 1215 de
1360 1161 1442 1214 die
1461 1162 1513 1215 in
1536 1162 1706 1216 diem:
1727 1179 1818 1216 su-

234 1253 328 1306 bito
353 1254 493 1306 enim
514 1253 675 1306 veniet
701 1253 781 1306 ira
818 1253 968 1323 ejus?
995 1252 1100 1307 Sed
1129 1252 1377 1308 videlicet
1407 1253 1566 1308 homo
1605 1253 1820 1323 sapiens

233 1344 386 1398 limes
412 1359 485 1399 ne
507 1345 629 1413 plus
655 1343 853 1398 habeas
880 1343 1040 1399 biduo
1066 1343 1219 1399 bona:
1248 1345 1389 1400 vitae.
1421 1344 1478 1400 Si
1507 1345 1609 1400 erit
1633 1346 1822 1400 crasti~

236 1449 330 1488 nus
357 1432 500 1499 dies,
524 1433 595 1487 sit
614 1443 667 1488 et
688 1432 1013 1499 hodiernus;
1037 1441 1092 1489 et
1112 1433 1332 1488 biduum
1354 1435 1442 1488 sit.
1470 1432 1525 1490 Si
1547 1435 1689 1490 enim
1711 1449 1818 1490 non

235 1525 332 1577 erit
356 1524 626 1578 crastinus
653 1523 791 1590 dies,
815 1524 1106 1579 hodiernus
1130 1539 1378 1579 securum
1406 1531 1457 1579 te
1482 1525 1752 1582 inveniet:
1776 1526 1820 1581 si

235 1625 410 1670 autent
463 1615 567 1670 erit
610 1615 911 1682 crastinus,
938 1613 1166 1670 addetur
1209 1613 1487 1671 hodierno.
1515 1615 1596 1671 Tu
1643 1624 1822 1672 autem

233 1709 384 1777 cupis
431 1709 632 1763 habere
673 1708 887 1778 longam
934 1708 1130 1774 vitam,
1162 1717 1216 1762 et
1264 1723 1372 1763 non
1421 1709 1578 1763 times
1621 1707 1823 1766 habere

237 1800 428 1852 malam
459 1800 643 1853 vitam.
688 1799 786 1853 Diu
816 1798 895 1854 vis
923 1799 1137 1864 vivere,
1163 1808 1218 1855 et
1261 1800 1398 1856 male
1441 1801 1639 1857 vivere.
1680 1802 1822 1857 Lon-

236 1904 358 1957 gum
375 1889 582 1944 malum
609 1889 824 1959 quarris,
843 1904 1006 1959 quare
1027 1904 1133 1943 non
1157 1891 1330 1961 potius
1355 1891 1568 1961 longum
1592 1893 1824 1949 bonum?

237 1977 371 2044 Quid
397 1988 582 2034 autem
632 1995 737 2034 non
777 1979 980 2034 bonum
1027 1980 1223 2036 habere
1265 1981 1378 2037 vis?
1401 1981 1524 2038 Sola
1550 1983 1655 2037 vita
1684 1985 1820 2052 erit,

239 2085 352 2139 qua
378 2073 436 2125 in
467 2080 519 2125 te
544 2071 683 2124 mala
713 2071 954 2125 incurrit.
1002 2070 1222 2138 Qualem
1254 2083 1456 2140 vestem
1501 2089 1742 2144 quaeras,
1776 2075 1823 2131 si

238 2164 564 2232 interrogem
613 2172 664 2216 te
687 2203 702 2228 ,
732 2163 932 2218 Bonam
979 2163 1304 2233 respondes;
1337 2165 1552 2236 qualem
1599 2165 1781 2222 villam
1803 2206 1819 2234 ,

239 2255 481 2320 Bonam;
509 2255 718 2325 qualem
764 2257 1042 2325 coniugem
1068 2296 1082 2320 ,
1130 2257 1366 2323 Bonam;
1409 2258 1595 2328 quales
1646 2258 1820 2325 ﬁlios,

239 2345 451 2409 Bonos;
477 2347 684 2415 qualem
706 2345 945 2412 domum,
971 2346 1203 2412 Bonam;
1224 2348 1391 2402 solam
1415 2348 1578 2403 vitam
1603 2350 1818 2405 malam.

237 2437 302 2492 Et
316 2439 572 2493 omnibus
601 2436 750 2491 bonis
781 2438 882 2491 tuis
904 2438 1166 2507 praeponis
1187 2439 1367 2505 vitam,
1399 2449 1454 2495 et
1479 2439 1618 2494 inter
1644 2441 1821 2495 omnia

236 2529 373 2582 bona
401 2537 494 2582 tua
514 2528 682 2583 solam
711 2528 791 2582 vis
809 2529 969 2582 vitam
993 2529 1205 2583 malum.
1231 2529 1361 2584 Nam
1385 2532 1560 2585 omnia
1589 2531 1677 2586 illa
1704 2549 1822 2601 quae

237 2619 371 2674 bona
397 2620 710 2690 requirebas
728 2661 742 2686 ,
775 2630 979 2674 veSIem
1000 2660 1014 2684 ,
1042 2619 1280 2688 domum,
1313 2622 1510 2688 villam,
1532 2631 1586 2678 et
1605 2633 1819 2693 cretera,

237 2721 449 2782 paratus
471 2726 532 2767 es
553 2711 683 2766 dare
706 2725 805 2781 pro
830 2711 937 2766 vita
963 2719 1071 2765 tua.
1101 2711 1158 2766 Si
1183 2711 1276 2768 tibi
1301 2713 1577 2784 quisquam
1606 2714 1818 2782 dixerit,

238 2803 342 2857 Aut
367 2803 432 2857 da
467 2802 600 2857 mihi
629 2803 809 2858 omnia
833 2802 973 2859 bona
997 2809 1108 2868 tua,
1131 2810 1222 2858 aut
1239 2804 1422 2859 aufero
1449 2805 1606 2859 vitam
1637 2816 1778 2861 tuam
1805 2824 1819 2861 :

237 2905 453 2965 paratus
480 2909 540 2950 es
567 2895 749 2950 omnia
771 2892 913 2951 bona
951 2903 1040 2950 tua
1077 2895 1234 2961 dare,
1269 2905 1322 2952 et
1351 2897 1494 2950 illam
1525 2899 1681 2953 etiam
1711 2915 1822 2955 ma-

239 2988 340 3041 lam
369 2998 576 3042 tenere.
609 2987 786 3054 Quare
813 3001 919 3042 non
944 2987 1026 3042 vis
1051 2994 1113 3042 ut
1152 2987 1244 3043 tibi
1283 2988 1354 3043 sit
1394 2989 1531 3043 bona
1554 3031 1568 3054 ,
1597 3005 1693 3060 pro
1720 3005 1822 3062 qua

237 3078 393 3132 etiam
423 3078 568 3131 mala
596 3077 692 3132 das
714 3077 892 3133 omnia
921 3077 1096 3132 bona?
1123 3078 1262 3134 Ecce
1295 3079 1469 3133 ablata
1493 3089 1574 3136 est
1601 3097 1824 3138 excusa-

240 3171 333 3238 tio,
357 3170 501 3226 adsit
527 3172 820 3239 accusatio,
847 3185 916 3226 ne
942 3171 1173 3226 inveniat
1197 3171 1468 3228 damnatio
1499 3174 1537 3227 ί.

817 3288 926 3332 Post
949 3294 1244 3333 sermonem.

305 3425 359 3444 υ.
422 3387 649 3443 Verbum
704 3386 796 3443 Dei
847 3389 1188 3446 utinistrantes
1266 3391 1558 3463 presbyteri.
1616 3393 1822 3450 Exhor-

237 3488 412 3535 tamur
435 3477 766 3534 Cbaritatem
793 3489 1028 3534 vestram
1052 3521 1068 3546 ,
1105 3488 1164 3535 ut
1189 3481 1411 3552 impigre
1451 3492 1506 3537 et
1543 3482 1822 3554 vigilanter

237 3570 398 3625 verba
439 3569 539 3624 Dei
582 3569 999 3625 ministrantibus
1033 3568 1359 3640 presbyteris
1403 3571 1478 3642 (a)
1507 3587 1602 3630 vos
1637 3574 1822 3630 audire

239 3676 344 3714 non
377 3661 574 3731 pigeat.
617 3661 871 3716 Dominus
895 3662 1038 3716 enim
1064 3662 1204 3717 Deus
1223 3671 1404 3718 noster
1430 3672 1513 3719 est
1539 3665 1652 3735 ipsa
1677 3667 1820 3722 veri-

240 3762 348 3817 tas,
379 3767 543 3822 quam
588 3751 779 3806 auditis
808 3767 901 3822 per
925 3753 1214 3823 quemlibet
1252 3754 1533 3825 loquatur;
1569 3765 1623 3812 et
1662 3773 1821 3814 nemo

237 3853 319 3898 est
365 3843 541 3912 major
588 3843 641 3896 in
683 3842 863 3909 vobis,
908 3843 1008 3899 nisi
1055 3843 1147 3914 qui
1183 3846 1358 3900 minor
1399 3845 1576 3902 fuerit.
1619 3848 1820 3905 Praele-

238 3935 511 4004 queudum
547 3950 674 4004 ergo
703 3935 852 3990 nobis
881 3934 978 3990 fuit
1015 3951 1081 3992 ex
1109 3951 1292 4001 more,
1323 3946 1378 3993 et
1421 3953 1516 3993 vos
1558 3939 1717 3997 facite
1753 3957 1820 3998 ex

237 4039 442 4080 amore.

299 4143 316 4173 ι
343 4142 618 4191 notorious
638 4141 810 4200 codex,
834 4155 894 4192 ne
916 4142 1070 4194 ueniat
1092 4145 1353 4195 daumau‘o.

295 4203 370 4264 (a)
403 4204 620 4278 Verbum
637 4205 719 4274 Dei
736 4205 823 4253 soli
841 4204 953 4253 olim
967 4207 1014 4253 iu
1028 4205 1234 4278 neclesia
1252 4209 1571 4278 praedicabant
1589 4214 1818 4278 episcopi,

233 4278 443 4325 quorum
465 4265 513 4312 id
536 4266 729 4336 proprie
748 4279 921 4314 munus
939 4274 1044 4316 erat
1066 4280 1078 4314 :
1106 4275 1211 4336 post
1234 4265 1376 4317 titiam
1401 4265 1711 4336 presbyteris,
1731 4265 1818 4328 sed

236 4339 331 4374 non
350 4340 450 4374 uno
472 4327 599 4387 apud
615 4340 784 4389 omnes
807 4336 1041 4389 tempore,
1061 4327 1365 4389 permissum.
1391 4327 1526 4381 primi
1547 4327 1820 4389 orientales

232 4394 523 4458 efuperunt,
547 4387 676 4458 quod
701 4387 921 4458 etl‘ierii‘
933 4387 1202 4458 presbyteri
1228 4392 1352 4458 apud
1373 4393 1742 4458 Alexandrinos,
1768 4387 1821 4452 et

231 4449 560 4511 (ᾟηςυείοωὶ
583 4449 737 4518 adhuc
759 4451 875 4498 item
909 4449 1176 4518 presbyteri
1199 4449 1322 4512 apud
1344 4456 1679 4518 Antiocheuos,
1703 4449 1819 4511 alio;

232 4509 445 4572 quoilue
470 4510 601 4570 apud
623 4509 740 4558 alios
763 4509 987 4572 exemi-la
1008 4509 1270 4561 declarant.
1298 4521 1345 4562 In
1371 4517 1516 4566 Africa
1542 4509 1817 4572 inusitatum

233 4570 317 4619 fuit
337 4570 454 4621 ante
479 4573 809 4644 Augystinum,
833 4570 926 4620 cui
943 4573 1142 4644 primum
1167 4576 1378 4644 omnium
1399 4570 1818 4644 apudullipponeiri

145 4651 150 4654 -
233 4645 290 4701 ες.
316 4632 810 4707 ροιειεωὲγεοεξξ-εδι
843 4645 871 4681 a
907 4632 1090 4707 Valerio
1110 4635 1284 4707 episcoi
1304 4651 1349 4707 o.
1385 4632 1622 4707 Possidius
1643 4632 1689 4691 in
1714 4632 1820 4707 ejus

236 4696 355 4757 vita,
378 4708 490 4757 cap.
509 4695 569 4757 ὃς
606 4714 628 4739 ει
647 4695 806 4743 Eidem
820 4696 1103 4757 presbytero
1121 4695 1409 4756 potestatem
1431 4702 1564 4752 dedit
1585 4695 1818 4757 coranfse

240 4773 258 4796 α
285 4755 336 4802 in
355 4755 568 4824 ecclesia
589 4755 898 4817 euangelium
914 4755 1215 4824 priedicandi,
1235 4771 1291 4806 ac
1308 4759 1697 4824 frequentissime
1721 4755 1818 4820 tra;

238 4833 258 4857 ε
280 4817 463 4875 claudi,
501 4825 664 4880 (fetura
688 4831 826 4866 usum
856 4817 1051 4880 quidem
1082 4825 1133 4868 ct
1167 4817 1560 4873 consuetudinem
1583 4817 1818 4880 Alricaua-

239 4890 392 4944 ι-ςωη
415 4878 750 4944 Eadegiamm.
771 4897 793 4922 η
825 4878 996 4928 Valerii
1017 4880 1295 4944 exemplum
1317 4892 1484 4943 postea
1516 4891 1670 4938 secuti
1708 4878 1819 4944 sunt

229 4935 405 5015 ξιξὶκεῑ
425 4938 650 5015 Aurelius
668 4935 1237 5015 episcopusocar'tbagine,
1267 4935 1456 5015 cuihoe
1478 4935 1674 5015 nomine
1705 4935 1818 5015 gi;

232 4956 332 4996 ain,
355 4956 405 4988 et
425 4956 650 4988 Aurelius
668 4956 922 5003 episcopus
937 4956 1237 5052 cartilagine,
1267 4957 1342 4992 CUI
1365 4956 1456 4996 hoc
1478 4956 1674 5000 nomine
1705 4967 1818 5015 gra-

232 5000 417 5071 tulatus
441 5007 519 5076 est
543 5003 834 5076 Augustinus
859 5003 1058 5075 epistola
1079 5005 1133 5076 7_
1163 5003 1310 5076 (nunc
1331 5007 1411 5071 41)
1434 5011 1562 5072 quod
1584 5024 1818 5076 usurpare

229 5065 499 5138 gepjisset,
533 5071 587 5138 ut
623 5065 893 5138 presbyteri
932 5072 1173 5138 praesente
1197 5068 1300 5137 ipso
1325 5065 1606 5138 "senatumin
1643 5065 1819 5138 populo

230 5120 518 5200 maderent:
542 5120 707 5200 lta‘c'lue
725 5120 952 5189 tanquam
968 5139 1057 5176 usu
1085 5129 1182 5199 jam
1204 5120 1254 5176 in
1279 5120 1819 5200 _Al'rica_reeepto‘,r'prev-

229 5184 481 5257 shy-terei
505 5187 563 5257 in_
599 5184 692 5235 hoc
713 5184 905 5257 genere
937 5201 1046 5257 _cu_m
1082 5184 1258 5257 episco;
1278 5192 1330 5257 i_s_
1349 5184 1596 5257 conjungi}.
1625 5184 1674 5246 ui
1709 5184 1817 5248 ser-

229 5257 381 5295 mone
416 5247 501 5314 49,
534 5248 599 5297 de
636 5247 804 5314 verbis
825 5250 1035 5298 Domini:
1065 5247 1330 5314 eNumquid
1370 5247 1465 5303 non
1497 5247 1818 5310 avscenditali-

237 5323 260 5350 ι
281 5309 483 5374 quando
498 5318 579 5374 aut
602 5311 874 5374 presbyter,
898 5318 979 5360 aut
1001 5309 1270 5374 episcoiius,
1292 5320 1343 5364 et
1361 5329 1457 5366 non
1473 5317 1587 5367 dicit
1606 5319 1734 5370 aliud
1755 5309 1819 5372 de

237 5385 260 5412 ι
276 5372 537 5437 superiore
559 5369 663 5442 loco
686 5369 779 5442 nisi
797 5369 866 5442 ne
886 5369 1126 5435 rapiantur
1143 5369 1226 5422 res
1243 5374 1415 5442 alienae
1433 5378 1454 5427 ?
1471 5395 1492 5422 ιι
1521 5381 1649 5442 Apud
1667 5369 1821 5435 Gallos

228 5431 395 5507 asilas
425 5440 706 5504 usurpatum
736 5431 952 5507 videtur-.5
972 5442 1093 5507 Nam
1126 5436 1336 5507 synodus
1373 5431 1594 5507 Vasensi's
1625 5449 1676 5507 ll,
1696 5431 1820 5507 quae

227 5498 432 5559 centinn
470 5495 608 5559 annis
650 5497 889 5557 posterior
921 5496 1008 5545 fuit
1043 5495 1306 5559 Augustino
1324 5533 1339 5558 ,
1379 5503 1596 5551 verbum.
1619 5495 1819 5557 iaciendi

229 5555 533 5622 presbyteris
561 5555 662 5606 dat‘
679 5564 1001 5622 potestatem:
1023 5555 1165 5608 antea
1194 5555 1439 5622 ergo'non
1463 5564 1687 5614 habuisse
1709 5555 1820 5617 con;

231 5621 421 5682 magna
445 5626 550 5682 est;
575 5632 720 5682 quam
753 5621 1016 5682 Cyprianus
1056 5621 1271 5682 quoque
1289 5623 1516 5674 diaconus
1549 5628 1594 5674 in
1634 5633 1819 5682 Caesarii

235 5674 546 5744 Arelatensis
577 5674 929 5744 elﬁscopiWita
975 5674 1236 5732 confirmat.
1283 5692 1554 5738 Smnennus
1600 5674 1650 5738 in
1671 5674 1820 5744 ‘iiih'c'

1645 303 1876 362 SERMO
1913 303 2056 360 XXI.

3389 322 3494 385 1ιὲ

2420 431 2645 491 SERMO
2681 435 2802 492 xxr
2844 437 2986 512 '(a).

1925 517 2005 575 De
2032 535 2089 574 eo
2113 521 2249 592 quod
2274 523 2516 594 scriptum
2543 535 2614 582 est
2638 528 2690 581 in
2727 528 2933 584 Psalmo
2961 544 3089 608 uni
3107 571 3122 599 ,
3155 531 3216 587 ll
3234 571 3270 601 ,.
3296 531 3498 606 Jucun~

2257 683 2259 685 1
2331 616 2543 672 dabitur
2565 619 2740 688 justus
2762 622 3087 696 inDomino.

1993 705 2047 758 1.
2112 703 2416 761 Jucunditas
2468 709 2666 778 piorum
2723 713 2777 765 in
2829 711 2934 768 Deo
2973 715 3123 787 etiam
3169 716 3223 770 in
3279 719 3379 786 hac;
3419 723 3499 775 ui-

1923 804 1995 850 ta.
2024 826 2095 836 —-
2118 795 2487 852 Jucundabitur
2503 801 2674 870 justus
2713 802 2765 855 in
2804 802 3059 874 Domino,
3085 816 3132 861 et
3180 810 3400 880 sperabit
3449 812 3502 867 in

1919 903 2002 952 eo,
2024 895 2070 940 et
2092 887 2441 958 gloriabuntur
2461 907 2631 946 omnes
2655 893 2776 946 recti
2794 894 2964 970 corde.
2991 896 3103 953 Hoc
3118 907 3266 956 certe
3292 917 3423 968 voce
3449 913 3504 959 et

1921 989 2017 1030 ore
2039 986 2332 1033 cantamus.
2365 979 2489 1035 llaec
2515 981 2674 1036 verba
2705 982 2930 1040 Domino
2954 985 3084 1042 dixit
3108 996 3162 1043 et
3180 991 3504 1048 conscientia

1923 1073 1979 1118 et
2001 1064 2176 1135 lingua
2205 1066 2492 1122 christiana
2511 1109 2527 1136 ,
2555 1071 2928 1127 Jucundabitur
2954 1077 3124 1150 justus
3152 1079 3206 1132 in
3241 1079 3460 1136 Domino
3483 1125 3500 1151 ,

1922 1173 2028 1213 non
2056 1159 2107 1214 in
2138 1161 2354 1216 saeculo.
2381 1161 2499 1217 Lua:
2526 1173 2638 1217 orta
2658 1173 2730 1219 est
2741 1151 2901 1238 justo,
2952 1167 3081 1223 dicit
3103 1167 3264 1239 alibi,
3283 1184 3329 1228 et
3356 1177 3505 1232 rectis

1923 1250 2073 1304 corde
2099 1252 2401 1321 jucunditas
2437 1253 2611 1330 (Psal.
2634 1271 2787 1324 XCVI,
2818 1255 2926 1331 Η).
2949 1258 3204 1328 Ωυωτθηε
3246 1265 3387 1322 unde
3417 1267 3506 1337 ju-

1925 1341 2168 1397 cunditas
2191 1384 2206 1408 ,
2240 1343 2326 1399 hic
2349 1345 2536 1414 audis,
2569 1345 2944 1404 Jucundabitur
2955 1353 3130 1422 justus
3163 1354 3217 1408 in
3259 1355 3500 1414 Domino.

1927 1428 2043 1484 Lua:
2078 1441 2187 1485 orta
2224 1443 2298 1486 est
2317 1434 2459 1504 justo
2479 1471 2495 1502 ,
2539 1435 2668 1492 dicit
2685 1439 2810 1495 alibi
2834 1457 2848 1506 ;
2876 1449 2930 1496 et
2954 1441 3114 1509 alibi,
3146 1443 3410 1502 Delectare
3447 1450 3504 1504 iis

1925 1518 2163 1589 Domino,
2191 1531 2238 1576 et
2263 1523 2399 1578 dabit
2419 1526 2507 1579 tibi
2531 1527 2790 1598 petitiones
2817 1531 2984 1585 cordis
2999 1533 3072 1586 tui
3093 1532 3262 1606 (Psal.
3297 1553 3463 1594 xxxvr
3481 1579 3500 1607 ,

1927 1607 2006 1679 4).
2024 1609 2160 1677 Quid
2182 1612 2334 1667 nobis
2358 1614 2642 1670 indicitur?
2661 1618 2788 1688 quid
2815 1619 3074 1677 donatur?
3102 1624 3227 1694 quid
3251 1626 3507 1696 iubetur?

1925 1699 2051 1769 quid
2079 1700 2272 1755 datur?
2313 1702 2380 1759 Ut
2414 1705 2771 1774 jucundemur
2799 1709 2852 1765 in
2885 1711 3138 1768 Domino.
3155 1714 3285 1782 Quis
3316 1717 3508 1787 jucun-

1925 1791 2134 1847 dabitur
2158 1793 2212 1848 in
2245 1809 2308 1850 ea
2350 1811 2409 1850 re
2433 1812 2592 1867 quam
2629 1815 2734 1855 non
2771 1802 2953 1858 videt?
2977 1805 3058 1860 An
3089 1804 3226 1862 forte
3263 1809 3507 1866 videmus

1927 1881 2255 1939 Dominum?
2299 1885 2412 1941 Hoc
2460 1888 2516 1942 in
2562 1892 2914 1959 promissione
2957 1895 3256 1955 detinemus
3304 1919 3319 1954 :
3365 1916 3507 1958 nunc

1925 1981 2100 2028 autem
2127 1989 2222 2044 per
2240 1975 2394 2031 (idem
2420 1979 2751 2037 ambulamus
2776 2025 2790 2048 ,
2819 1986 3069 2055 quamdiu
3099 2004 3284 2046 sumus
3308 1992 3362 2047 in
3385 2007 3506 2050 cor-

1927 2078 2076 2133 pore,
2094 2067 2496 2137 peregrinamur
2510 2085 2538 2124 a
2554 2071 2800 2136 Domino;
2825 2090 2920 2143 per
2940 2076 3122 2146 fidem,
3142 2095 3246 2135 non
3271 2097 3367 2152 per
3377 2098 3506 2154 spe-

1926 2156 2062 2210 ciem
2091 2155 2158 2228 (ll
2193 2157 2312 2213 Cor.
2345 2175 2397 2226 v,
2421 2160 2453 2216 6
2473 2200 2488 2227 ,
2520 2163 2596 2233 7).
2622 2153 2772 2220 Tunc
2810 2166 2876 2221 ad
2905 2170 3137 2239 speciem
3183 2153 3496 2243 veniemus,

1926 2245 2138 2315 quando
2168 2247 2472 2318 implebilur
2497 2253 2636 2322 quod
2658 2253 2784 2311 item
2813 2257 3046 2316 Joannes
3065 2260 3192 2316 dicit
3220 2279 3234 2316 :
3262 2262 3504 2321 Dilectis-

1924 2335 2038 2389 simi
2059 2377 2074 2404 ,
2105 2337 2203 2406 ﬁlii
2251 2337 2348 2393 Dei
2372 2357 2576 2410 sumus,
2607 2352 2656 2398 et
2695 2346 2918 2402 nondum
2965 2353 3203 2421 apparuit
3251 2355 3374 2424 quid
3406 2358 3507 2412 erit

1925 2441 2035 2479 mus
2061 2441 2080 2479 :
2101 2427 2288 2482 scimus
2315 2430 2434 2497 quia
2461 2447 2576 2484 cum
2602 2439 2895 2503 apparuerit
2912 2475 2928 2506 -,
2972 2440 3158 2496 similes
3195 2443 3242 2497 ei
3279 2445 3466 2501 erimus
3483 2481 3503 2512 ν

1923 2515 2126 2583 quando
2154 2533 2264 2570 eum
2289 2518 2565 2576 videbimus
2586 2523 2736 2577 sicuti
2777 2536 2850 2580 est
2882 2525 2925 2599 (l
2953 2528 3110 2585 Jeau.
3138 2547 3228 2599 ιιι,
3248 2533 3326 2606 2).
3356 2536 3506 2592 Tunc

1925 2618 2052 2673 ergo
2091 2620 2284 2678 magna
2309 2617 2367 2663 et
2392 2609 2626 2678 perfecta
2663 2613 2970 2683 iucunditas
2993 2657 3008 2685 ,
3046 2629 3100 2676 et
3131 2631 3254 2678 tunc
3285 2626 3503 2694 plenum

1922 2695 2172 2762 gaudium
2196 2733 2213 2763 ,
2265 2695 2351 2752 ubi
2390 2699 2500 2768 jam
2533 2715 2636 2756 non
2667 2718 2791 2773 spes
2817 2705 3005 2775 lactat,
3038 2711 3132 2764 sed
3174 2728 3261 2768 res
3304 2717 3492 2772 nutrit.

1925 2785 2125 2841 Tamen
2151 2789 2311 2843 etiam
2341 2806 2482 2846 nunc
2500 2831 2514 2856 ,
2541 2802 2826 2866 antequam
2853 2813 2942 2854 res
2978 2801 3090 2871 ipsa
3115 2806 3290 2861 veniat
3313 2808 3501 2878 nobis,

1925 2888 2210 2949 antequam
2253 2897 2353 2937 nos
2379 2884 2449 2939 ad
2488 2901 2602 2942 rem
2632 2888 2799 2958 ipsam
2825 2890 3130 2962 veniamus,
3151 2895 3507 2966 jucundemur

1928 2968 1983 3024 in
2014 2969 2260 3026 Domino.
2287 2969 2472 3044 Neque
2495 2977 2637 3032 enim
2684 2994 2900 3049 parvam
2933 2982 3316 3053 jucunditatem
3345 2989 3506 3048 habet

1925 3075 2072 3131 spes,
2101 3063 2255 3133 cujus
2284 3075 2465 3134 postea
2494 3069 2599 3123 erit
2624 3084 2732 3126 res.
2777 3072 2844 3128 Et
2885 3074 2939 3128 in
2969 3075 3084 3131 istis
3125 3082 3503 3149 temporalibus

1925 3152 2106 3219 rebus,
2133 3155 2184 3209 in
2205 3155 2536 3226 iucunditate
2556 3201 2572 3228 ,
2600 3177 2707 3218 non
2735 3164 2941 3222 Domini
2966 3207 2981 3234 ,
3008 3170 3103 3225 sed
3123 3173 3299 3228 smeuli
3323 3214 3338 3239 ,
3369 3189 3504 3231 non-

1833 3247 1838 3250 ’
1924 3244 2055 3298 nulli
2083 3246 2250 3301 multa
2278 3259 2458 3304 amant
2485 3252 2525 3319 ³,
2566 3261 2620 3308 et
2664 3253 2730 3309 ad
2773 3270 2836 3311 ea
2865 3272 2983 3328 quae
3008 3270 3226 3329 amant,
3266 3265 3502 3323 nondum

1922 3347 2320 3406 pervenerunt:
2349 3348 2404 3394 et
2427 3348 2602 3398 tamen
2627 3344 2788 3400 ardor
2811 3347 2863 3401 in
2885 3363 2979 3418 spe
2993 3354 3160 3407 currit
3179 3394 3194 3418 ,
3224 3369 3340 3411 rem
3368 3372 3505 3412 non-

1923 3423 2052 3479 dum
2081 3435 2244 3482 tenet.
2285 3427 2444 3484 Verbi
2468 3433 2655 3502 gratia,
2691 3450 2840 3492 amas
2867 3442 3178 3510 pecuniam;
3218 3456 3325 3501 non
3347 3461 3498 3504 ama-

1923 3529 2012 3571 res
2032 3555 2048 3583 ,
2085 3517 2132 3572 si
2173 3534 2282 3573 non
2321 3535 2568 3590 sperares
2598 3540 2611 3578 :
2641 3540 2790 3582 amas
2816 3513 3072 3600 uxorem,
3106 3549 3209 3590 non
3241 3535 3454 3595 ductam
3479 3579 3496 3607 ,

1925 3607 2020 3696 sed
2063 3607 2238 3664 adhuc
2283 3610 2613 3680 ducendam;
2663 3625 2718 3671 ct
2771 3617 2906 3674 forte
2957 3622 3196 3679 ducenda
3246 3640 3492 3696 amatur,

1925 3695 2081 3752 ducta
2106 3699 2230 3753 odio
2270 3699 2568 3758 habebitur.
2593 3705 2766 3773 Quare
2792 3708 2936 3764 hoc?
2972 3711 3102 3778 Quia
3132 3716 3248 3770 talis
3275 3733 3379 3773 non
3398 3695 3495 3790 aps

1925 3787 2100 3855 paruit
2127 3787 2284 3843 ducta
2309 3831 2324 3858 ,
2357 3792 2528 3861 qualis
2565 3795 2634 3850 ab
2674 3797 2854 3853 animo
2880 3801 3193 3872 pingebatur
3230 3787 3492 3865 ducenda.

1924 3875 2065 3932 Deus
2110 3886 2288 3934 autem
2332 3896 2437 3934 non
2473 3882 2679 3940 vilescit
2732 3901 2987 3956 praesens,
3014 3902 3221 3949 amatur
3277 3897 3494 3955 absens.

1923 3964 2415 4040 Quantumcumque
2441 3972 2584 4027 enim
2611 3974 2712 4029 sibi
2738 3975 2968 4034 humana
3010 3997 3163 4038 mens
3208 3999 3496 4059 exaggera»

1922 4058 2060 4113 verit
2080 4059 2276 4114 bonum
2307 4063 2448 4132 quod
2471 4063 2611 4120 Deus
2634 4069 2929 4136 est,minus
2956 4074 3151 4143 agit,et
3181 4078 3336 4134 valde
3355 4058 3496 4136 infra

1923 4156 2042 4214 est;
2073 4157 2127 4205 et
2145 4164 2364 4206 necesse
2391 4161 2471 4208 est
2496 4154 2614 4224 plus
2642 4156 2875 4215 inveniat
2909 4161 3122 4232 adeptio
3141 4205 3156 4231 ,
3184 4183 3339 4236 quam
3380 4169 3497 4226 l'or-

1923 4240 2102 4295 mabat
2140 4243 2408 4312 cogitatio.
2458 4245 2582 4302 Plus
2631 4263 2757 4320 ergo
2816 4253 3112 4322 amabimus
3137 4270 3256 4313 cum
3301 4261 3497 4318 videri~

1926 4345 2047 4386 mus
2069 4373 2083 4395 ,
2137 4332 2180 4385 si
2208 4335 2537 4403 potuerimus
2573 4339 2752 4395 amare
2795 4351 2848 4398 et
2871 4351 3153 4415 antequam
3178 4348 3497 4410 videremus.

1921 4421 2078 4478 Modo
2102 4439 2228 4494 ergo
2254 4425 2304 4479 in
2345 4440 2441 4496 Spe
2488 4443 2746 4486 amamus.
2788 4432 2913 4489 Ideo
2955 4437 3361 4510 jucundabitur,
3408 4445 3495 4501 in-

1921 4515 2071 4585 quit,
2086 4515 2256 4587 justus
2294 4517 2346 4570 in
2393 4517 2632 4576 Domino.
2672 4522 2738 4577 Et
2776 4525 3063 4596 continuo,
3093 4530 3217 4600 quia
3259 4533 3495 4590 nondum

1922 4605 2096 4672 videt,
2132 4616 2180 4660 et
2221 4609 2436 4677 speravit
2461 4610 2514 4663 iu
2534 4626 2611 4667 eo.
2658 4665 2663 4672 ,

1991 4697 2046 4750 2.
2101 4696 2211 4752 Deo
2263 4715 2395 4753 nunc
2450 4703 2844 4774 propinquamus
2897 4708 3177 4766 humilitate
3221 4721 3268 4767 et
3329 4712 3498 4769 chari-

1923 4788 2335 4869 tate.llabemus
2383 4799 2560 4848 tamen
2615 4796 2872 4865 primitias
2916 4798 3250 4870 Spiritus,et
3283 4805 3499 4862 aliunde

1923 4881 2176 4948 fortasse,
2209 4883 2258 4938 ci
2287 4899 2444 4955 quem
2483 4887 2770 4957 diligimus,
2795 4879 3248 4964 propinquamus;
3280 4900 3496 4969 etquod

1922 4971 2075 5026 avide
2100 4971 2466 5028 manducaturi
2497 4983 2549 5030 et
2577 4975 2792 5032 bibituri
2815 4995 3000 5038 sumus
3020 5022 3038 5050 ,
3079 4999 3219 5040 nunc
3241 5026 3257 5052 ,
3281 4988 3385 5043 etsi
3413 4996 3493 5044 tea-

1925 5061 2118 5128 nuiter,
2141 5061 2535 5132 praelambimus
2561 5075 2720 5137 atque
2743 5079 3037 5139 gustamus.
3065 5066 3218 5130 Unde
3241 5074 3348 5132 hoc
3371 5091 3502 5147 pro-

1925 5152 2148 5209 bamus?
2183 5153 2366 5225 Neque
2408 5158 2550 5212 enim
2580 5159 2721 5215 Deus
2743 5201 2757 5227 ,
2791 5177 2947 5232 quem
2967 5163 3216 5233 jubemur
3238 5167 3497 5240 diligere,

1925 5245 1978 5299 in
2004 5261 2108 5316 quo
2128 5245 2378 5316 jubemur
2401 5248 2713 5319 jucundari,
2741 5267 2926 5309 aurum
2951 5264 3068 5322 est,
3097 5266 3188 5312 aut
3219 5270 3508 5330 argentum.

1924 5346 2036 5404 est,
2063 5347 2154 5391 aut
2181 5346 2316 5394 terra
2340 5350 2421 5395 est
2441 5383 2456 5406 ,
2485 5351 2576 5396 aut
2608 5343 2800 5400 caelum
2830 5355 2944 5412 est,
2985 5354 3078 5402 aut
3105 5348 3194 5404 lux
3238 5351 3339 5406 ista
3365 5353 3498 5408 solis

1969 5510 2543 5588 utili-irflorlcollectione,
2563 5522 2615 5588 ξι
2629 5515 2678 5566 in
2823 5520 3158 5588 temporalibus
3175 5523 3313 5588 rebus
3325 5524 3506 5588 jucun-

1925 5572 2137 5639 ditatem,
2155 5586 2248 5623 non
2265 5575 2468 5637 Domini,
2480 5578 2576 5639 sed
2597 5577 2779 5638 swculi,
2803 5572 3077 5633 noruiullam
3093 5572 3500 5639 multi—lii

1927 5642 1948 5682 κ
1963 5635 2161 5684 ictorino
2187 5642 2290 5694 Ms,
2312 5635 2535 5686 nonnulla
2553 5639 2691 5689 multi
2712 5635 2889 5692 amant.

1991 5697 2007 5713 ·
2047 5697 2344 5759 neeognitus
2372 5711 2401 5747 a
2436 5701 2573 5748 nobis
2616 5702 2665 5749 in
2709 5699 2832 5753 libro
2873 5719 2918 5754 v.
2969 5713 3020 5756 et
3062 5708 3196 5756 sirm.

1993 5757 2064 5818 (rt)
2098 5757 2234 5817 Alias,
2254 5759 2285 5807 5
2311 5773 2371 5808 ex
2395 5762 2741 5812 Sirmondiauis.
