4014 6310
469 346 579 414 1λὸ

475 488 592 546 est,
638 483 727 530 aut
751 471 1003 545 quidquid
1034 468 1100 523 de
1127 466 1262 520 coelo
1294 462 1496 534 fulget,
1535 469 1627 515 aut
1689 457 1945 529 quidquid
1984 455 2052 512 de

478 577 618 624 terra
644 563 950 638 resplendet
993 562 1110 615 luce
1145 554 1437 628 perfusum.
1486 550 1699 608 Nullum
1751 563 1945 618 corpus
1972 554 2055 638 est

480 661 662 724 Deus,
709 637 926 729 spiritus
976 659 1078 707 est.
1123 647 1285 713 Ideo,
1330 645 1537 714 inquit,
1579 643 1665 712 qui
1702 637 2054 729 adorant,_in

479 751 657 822 spiritu
686 758 729 803 et
742 727 954 802 ueritate
983 749 1178 811 Oportet
1205 738 1422 792 adorare
1455 733 1632 806 (Joan.
1663 747 1750 797 tv,
1781 729 1897 799 22).
1937 727 2053 782 Non

481 844 532 897 in
556 843 673 896 loco
701 830 880 906 aliquo
905 829 1300 903 eorporis,quia
1328 840 1435 882 non
1457 831 1540 880 est
1563 835 1757 892 corpus
1786 835 1923 874 :non
1951 827 2057 872 tan-

479 945 636 1002 quam
658 929 708 983 in
725 932 906 982 monte
917 921 1150 989 excelso,
1168 928 1226 974 ut
1240 934 1337 990 per
1348 914 1679 971 altitudinem
1696 910 1891 1002 montis
1897 918 2057 1002 putes

480 999 531 1077 te
559 1017 912 1090 propinquare
952 1014 1086 1069 Deo.
1125 1009 1381 1067 Excelsus
1420 1004 1633 1076 quidem
1658 999 2014 1074 estDominus
2039 1039 2055 1062 ,

475 1111 575 1166 sed
606 1107 822 1164 humilia
852 1104 1110 1174 respicit;
1142 1099 1355 1156 excelsa
1381 1104 1560 1152 autem
1586 1110 1617 1148 a
1659 1093 1818 1163 longe
1859 1104 2057 1160 cogno-

481 1202 581 1256 scit
629 1197 814 1270 (Psal.
846 1210 1055 1250 cxxxvn
1079 1235 1094 1260 ,
1126 1189 1236 1262 6);
1272 1188 1491 1244 humilia
1530 1201 1638 1241 non
1681 1183 1859 1253 longe.
1903 1179 2060 1235 Certe

483 1289 727 1347 excelsus
752 1296 834 1343 est
855 1329 868 1353 ,
902 1293 958 1342 et
985 1284 1184 1353 utique,
1214 1281 1259 1335 si
1283 1278 1493 1335 excelsa
1519 1275 1729 1345 alonge
1757 1270 2058 1342 cognoscit,

480 1379 705 1436 humilia
731 1375 1066 1447 longinquius
1093 1372 1253 1428 debet
1283 1369 1581 1424 advertere.
1625 1365 1683 1421 Si
1724 1363 1791 1418 ab
1835 1360 2062 1418 excelsis

482 1473 798 1531 celsitudine
824 1482 918 1525 sua
950 1466 1266 1538 longinquus
1291 1471 1373 1518 est
1394 1501 1410 1529 ,
1451 1469 1510 1515 ut
1535 1473 1597 1514 ea
1624 1471 1655 1511 a
1686 1470 1840 1525 .onge
1861 1467 2060 1524 cogno-

485 1572 633 1629 scat;
666 1569 863 1633 quanto
903 1557 1069 1628 magis
1097 1598 1113 1623 ,
1153 1555 1226 1609 ait
1254 1551 1442 1622 aliquis
1465 1590 1481 1616 ,
1519 1548 1586 1603 ab
1625 1545 1912 1602 humilibus
1945 1542 2063 1613 ejus

483 1658 642 1728 longe
670 1651 929 1709 celsitudo
981 1646 1245 1706 secessit?
1273 1643 1389 1700 Non
1433 1643 1505 1697 ita
1551 1648 1652 1696 est.
1694 1637 1950 1728 Excelsus

489 1723 630 1804 enim
655 1748 814 1812 Dens,
843 1751 899 1799 et
925 1740 1144 1797 humilia
1167 1736 1403 1807 respicit.
1427 1729 1704 1800 Quomodo
1731 1743 1793 1784 ea
1813 1723 2064 1796 respicit?

486 1841 666 1908 Prope
693 1845 774 1893 est
805 1835 1059 1890 Dominus
1100 1828 1348 1885 omnibus
1377 1825 1459 1881 his
1486 1823 1574 1894 qui
1605 1821 1934 1877 obtriverun‘t
1975 1832 2066 1871 cor

492 1930 666 2002 (Psal.
698 1943 859 1982 χχχιιι
880 1967 896 1992 ,
919 1924 1031 1995 19).
1054 1922 1172 1977 Noli
1194 1934 1319 1990 ergo
1341 1930 1580 1988 qumrere
1609 1921 1840 1968 montem
1871 1909 2066 1972 altum,

491 2001 636 2077 unde
667 2020 760 2074 tibi
787 2017 1009 2073 vicinior
1032 2028 1152 2070 esse
1180 2010 1432 2067 videaris.
1466 2007 1523 2064 Si
1562 2004 1776 2062 extollis
1797 2011 1848 2057 te
1867 2043 1880 2066 ,
1913 2001 2069 2070 longe

492 2111 694 2169 secedit
720 2127 749 2164 a
773 2118 824 2164 te
851 2126 865 2162 :
897 2107 942 2163 si
969 2104 1216 2161 humilias
1237 2111 1290 2157 te
1308 2142 1324 2168 ,
1366 2099 1586 2155 inclinat
1609 2111 1668 2152 se
1692 2094 1759 2150 ad
1790 2102 1862 2149 te.
1890 2091 2070 2147 Publio

493 2217 659 2260 canus
679 2200 747 2256 de
765 2201 920 2270 longe
946 2197 1157 2262 stabat,
1187 2203 1241 2249 et
1268 2191 1390 2247 ideo
1419 2190 1560 2245 Deus
1598 2186 1675 2241 illi
1714 2184 1918 2239 facilius
1945 2196 2068 2250 pro-

445 2319 448 2322 ~
494 2291 785 2365 pinquabat
827 2307 841 2343 :
887 2303 988 2343 nee
1037 2285 1222 2341 oculos
1269 2283 1448 2338 levare
1496 2277 1724 2333 audebat
1765 2273 1844 2365 ad
1877 2271 2072 2365 coelum

500 2363 650 2456 (Luc.
699 2384 869 2445 xvui,
914 2377 1040 2448 i5),
1083 2384 1136 2432 et
1159 2374 1269 2444 jam
1296 2385 1476 2428 secum
1503 2367 1734 2424 habebat
1761 2364 1851 2456 qui
1879 2363 2075 2456 iecerat

498 2452 712 2533 caelum.
740 2471 893 2528 Unde
919 2481 1046 2539 ergo
1065 2462 1418 2537 jucundamur
1440 2459 1494 2515 in
1515 2458 1764 2522 Domino,
1789 2455 1886 2509 sia
1913 2452 2075 2508 nobis

501 2572 612 2620 tam
662 2563 818 2632 longe
863 2567 948 2615 est
994 2553 1293 2612 Dominus?
1331 2551 1403 2608 Ut
1438 2565 1546 2607 non
1591 2549 1662 2603 sit
1706 2547 1902 2616 longe,
1940 2551 1995 2598 et
2022 2549 2080 2596 ut

501 2656 656 2724 longe
691 2654 760 2708 sit
787 2693 800 2717 ,
834 2659 888 2705 tu
919 2649 1069 2702 facis.
1108 2647 1274 2710 Ama,
1307 2651 1362 2698 et
1386 2637 1759 2712 propinquabit
1790 2655 1804 2692 ε
1842 2650 1960 2690 ama
1980 2675 1995 2699 ,
2025 2642 2080 2688 et

503 2723 776 2800 habitabit.
834 2739 1088 2795 Dominus
1135 2737 1188 2792 in
1237 2733 1485 2804 proximo
1527 2739 1644 2796 est,
1693 2728 1824 2783 nihil
1867 2723 2080 2780 solliciti

503 2835 708 2892 fueritis
724 2831 980 2903 (Philipp.
1008 2845 1079 2891 tv,
1099 2827 1132 2883 5
1149 2836 1194 2882 et
1211 2825 1387 2897 6).Vis
1414 2821 1600 2878 videre
1625 2834 1783 2890 quam
1807 2818 1851 2873 si
1871 2829 2081 2872 amave-

503 2927 580 2980 ris
610 2934 783 2980 tecum
815 2920 923 2977 sit?
953 2919 1087 2973 Deus
1115 2917 1338 2972 charitas
1370 2913 1509 2986 est(I
1555 2911 1710 2967 Joan.
1740 2925 1812 2976 tv,
1839 2909 1914 2980 8).
1945 2906 2082 2976 Quid

503 3017 663 3088 longe
703 3017 912 3084 lateque
939 3012 1158 3066 volitant
1188 3009 1557 3080 phantasmata
1585 3002 1916 3074 cogitationis
1940 3009 2041 3054 tua:
2065 3039 2081 3066 ,

506 3117 566 3165 et
590 3107 724 3163 dicis
747 3106 838 3160 tibi
870 3146 886 3171 ,
929 3104 1087 3158 Putas
1131 3100 1257 3172 quid
1283 3109 1366 3155 est
1395 3097 1574 3154 Deus?
1611 3104 1763 3166 putas
1805 3094 1976 3164 qualis
2003 3102 2086 3148 est

507 3199 692 3256 Deus?
730 3195 992 3266 Quidquid
1029 3193 1278 3259 ﬁnxeris,
1323 3205 1430 3245 non
1466 3197 1548 3244 est
1603 3205 1616 3241 :
1663 3185 1914 3256 quidquid
1941 3183 2087 3254 cogi-

509 3291 706 3346 tatione
731 3284 1222 3358 comprehenderis,
1253 3298 1362 3337 non
1390 3288 1491 3336 est.
1518 3278 1574 3334 Si
1599 3276 1742 3332 enim
1771 3275 1882 3345 ipse
1911 3283 2082 3341 esset,

509 3383 826 3454 Cogitatione
860 3375 1239 3448 comprehendi
1277 3390 1382 3430 non
1435 3380 1632 3443 posset.
1673 3369 1777 3424 Sed
1805 3376 1864 3422 ut
1891 3365 2087 3437 aliquid

509 3485 665 3547 gustu
707 3473 936 3544 accipias
955 3513 970 3539 ,
1019 3471 1151 3524 Deus
1189 3469 1408 3522 charitas
1438 3474 1530 3519 est.
1559 3463 1804 3519 Dicturus
1832 3476 1889 3516 es
1917 3459 2045 3514 mihi
2067 3499 2086 3526 ,

513 3568 672 3622 Putas
703 3564 828 3634 quid
871 3572 953 3618 cst
986 3559 1259 3617 charitas?
1297 3557 1537 3613 Charitas
1561 3563 1644 3610 est
1671 3569 1772 3624 qua
1800 3551 2086 3622 diligimus.

513 3657 649 3726 Quid
692 3653 998 3725 diiigimus?
1046 3649 1320 3706 iuctl‘abile
1358 3647 1596 3712 bonum,
1643 3643 1841 3698 bonum
1886 3639 2088 3696 beneﬁ-

514 3764 634 3804 cum
674 3749 715 3812 ',
763 3747 958 3802 bonum
990 3744 1250 3797 bonorum
1283 3739 1520 3795 omnium
1547 3743 1862 3791 creatorem.
1894 3733 2011 3804 lpse
2039 3741 2090 3788 te

515 3839 742 3894 delectet
762 3878 776 3902 ,
805 3852 835 3890 a
866 3850 971 3905 quo
1003 3834 1170 3889 habes
1191 3829 1445 3902 quidquid
1472 3838 1522 3884 te
1543 3827 1791 3882 delectat.
1821 3825 1936 3880 Non
1966 3839 2089 3895 pee-

516 3937 691 3984 entum
719 3927 837 3981 dico
870 3943 883 3979 :
915 3940 1036 3979 nam
1075 3933 1350 3993 peccatum
1392 3920 1562 3974 solum
1603 3917 1671 3971 al)
1715 3917 1805 3970 illo
1850 3931 1953 3969 non
2002 3914 2093 3967 ha-

516 4018 632 4074 bes.
664 4017 901 4087 Excepto
941 4023 1157 4086 peccato
1182 4054 1196 4078 ,
1236 4010 1416 4066 abillo
1456 4009 1618 4064 habes
1653 4005 1905 4077 quidquid
1950 4004 2090 4060 aliud

519 4107 702 4165 habes.

588 4201 642 4254 5.
695 4197 962 4251 Peccatum
1000 4196 1163 4265 ipsum
1217 4208 1316 4246 non
1365 4198 1599 4253 amatur,
1633 4188 1719 4242 sed
1776 4189 1882 4256 ipse
1950 4187 2092 4240 inor-

515 4292 724 4344 tinatus
791 4303 934 4341 amor
1005 4293 1243 4340 creatura:
1302 4290 1372 4336 est
1425 4290 1698 4351 peccatum.
1770 4278 1884 4333 Non
1927 4293 2089 4348 ergo,

515 4379 659 4452 quod
706 4377 848 4444 dixi,
900 4377 1014 4446 Ipse
1059 4384 1111 4430 te
1163 4373 1427 4438 delectet,
1476 4384 1507 4423 a
1559 4384 1665 4439 quo
1717 4369 1880 4423 habes
1937 4367 2094 4438 quid-

519 4469 646 4539 quid
703 4475 754 4522 te
807 4466 1066 4531 delectat,
1118 4469 1388 4533 peccatum
1446 4457 1742 4528 intelligas,
1793 4469 1847 4512 et
1892 4457 2037 4512 dicas
2081 4476 2093 4512 :

522 4560 660 4616 Ecce
693 4559 922 4613 delectat
959 4572 1043 4611 me
1082 4562 1390 4625 peccatum;
1419 4551 1672 4620 numquid
1710 4565 1740 4604 a
1780 4550 1889 4604 Deo
1929 4550 2096 4603 habeo

523 4648 830 4718 peceatum?
879 4647 1006 4701 Vide
1063 4645 1231 4716 primo
1293 4659 1361 4698 ne
1419 4643 1554 4697 forte
1604 4657 1710 4697 non
1768 4650 1820 4696 te
1871 4641 2098 4696 delectet

523 4749 827 4812 peccatum,
858 4739 948 4794 sed
975 4737 1116 4792 aliud
1138 4747 1188 4791 te
1214 4735 1470 4801 delectet,
1492 4734 1582 4788 ubi
1608 4733 1768 4787 facias
1797 4741 2094 4802 peceatum.

524 4832 762 4888 Amando
786 4843 911 4900 ergo
937 4837 1230 4884 creaturam
1257 4825 1551 4880 inordinate
1567 4865 1582 4890 ,
1607 4830 1789 4877 contra
1818 4837 1972 4876 usum
1998 4821 2096 4875 ho-

525 4933 730 4980 nestum
751 4964 766 4989 ,
793 4930 980 4977 contra
1019 4921 1218 4975 licitum
1240 4960 1255 4983 ,
1285 4926 1469 4973 contra
1507 4917 1672 4986 ipsius
1712 4913 1980 4969 Creatoris
2017 4915 2096 4968 le-

525 4993 729 5083 gemet
769 5011 1088 5066 voluntatem
1119 5009 1344 5063 amando
1387 5016 1687 5062 creaturam
1729 5019 1937 5074 peccas.
1983 5004 2098 5059 Non

501 5106 696 5174 'ipsum
723 5113 994 5174 peccatum
1015 5117 1160 5156 amas
1185 5118 1196 5153 :
1229 5099 1322 5154 sed
1353 5098 1488 5153 male
1513 5096 1740 5151 amando
1759 5095 1899 5166 quod
1928 5109 2096 5161 amas,

527 5194 825 5265 illaqucaris
852 5202 1085 5264 peccato.
1117 5192 1304 5246 Escam
1335 5190 1387 5244 in
1412 5190 1510 5242 reti
1539 5188 1762 5257 appetis,
1785 5195 1838 5241 et
1858 5188 2100 5240 nesciens

529 5295 746 5356 peccato
774 5285 1029 5349 vesceris;
1058 5283 1301 5352 idemque
1328 5281 1403 5334 sie
1435 5279 1709 5334 defendis:
1742 5277 1796 5332 Si
1824 5287 2096 5346 peccatum

528 5384 610 5430 est
638 5373 857 5429 multum
889 5373 1100 5440 bibere,
1125 5385 1289 5442 quare
1320 5371 1501 5424 vinum
1546 5367 1772 5422 instituit
1809 5366 2100 5421 Dominus?

529 5465 585 5520 Si
617 5475 888 5534 peccatum
908 5473 990 5520 est
1005 5478 1190 5518 aurum
1216 5476 1424 5526 amare,
1448 5467 1651 5513 amator
1671 5473 1786 5512 sum
1814 5458 1960 5524 auri,
1993 5473 2099 5512 non

529 5556 795 5613 Creatoris
828 5576 840 5612 :
870 5555 1090 5612 Creator
1113 5555 1226 5609 auri
1252 5555 1393 5609 Deus
1418 5561 1531 5617 est;
1560 5566 1720 5620 quare
1747 5553 1942 5605 ereavit
1962 5551 2100 5620 quod

592 5653 718 5716 1(lta
747 5658 875 5706 enim
912 5655 1084 5705 excudi
1107 5654 1318 5716 debebat
1342 5665 1443 5716 pro,
1478 5648 1794 5716 beneﬁcimnz)
1818 5676 1877 5687 ——
1907 5651 2101 5716 Victori-

531 5729 623 5766 uus
637 5710 724 5766 Ms.
745 5731 842 5765 non
856 5718 1022 5777 habet,
1045 5716 1215 5777 borum;
1231 5710 1527 5777 beneﬁcum.
1547 5710 1605 5777 -—_’
1619 5710 1894 5773 Complures
1918 5712 2030 5761 editi
2052 5720 2098 5762 et

533 5779 624 5836 list
645 5785 706 5829 PP
750 5787 829 5829 BB.
856 5775 1043 5832 leeunt.
1067 5775 1382 5831 beneﬁcium:
1406 5778 1562 5829 minus
1583 5775 1731 5825 bene.
1800 5781 1854 5822 hi.

1708 342 1766 397 S.
1807 332 2168 398 AUGUSTINI
2203 331 2504 393 EPISCOPI

3632 325 3738 387 ιιι

2161 468 2339 508 amare
2362 432 2559 507 malum
2584 449 2697 505 est?
2724 443 2812 505 Sic
2837 455 3029 503 czetera
3050 460 3169 517 qua:
3197 459 3344 501 amas
3363 443 3522 512 male,
3551 443 3603 501 in
3625 445 3738 516 qui-

2163 545 2261 600 bus
2288 553 2369 600 est
2395 543 2567 599 omnis
2593 541 2800 597 luxuria
2817 583 2832 610 ,
2861 540 2948 597 ubi
2969 538 3368 595 committuntur
3396 541 3563 596 multa
3590 539 3742 613 ﬂagi‘

2164 635 2235 691 tia
2263 653 2275 688 :
2303 633 2543 700 attende,
2582 632 2816 702 inspice,
2855 631 3168 698 considera,
3209 631 3330 700 quia
3373 632 3545 687 omnis
3583 647 3740 688 erea-

2163 736 2278 782 tura
2320 725 2414 781 Dei
2457 726 2592 781 bona
2619 734 2731 790 est,
2773 734 2827 781 et
2861 725 2970 780 illic
3012 735 3283 795 peceatum
3328 740 3435 782 non
3478 733 3594 791 est,
3637 725 3743 782 nisi

2162 819 2284 888 quia
2316 803 2451 873 male
2494 817 2676 873 uteris.
2723 817 2836 872 Hoc
2879 831 3006 888 ergo
3047 817 3206 883 audi,
3251 832 3284 872 ο
3327 817 3507 872 Ιιοιιιο.
3557 817 3740 886 Dicis,

2163 925 2327 980 quare
2359 909 2497 965 Deus
2525 908 2752 964 instituit
2794 909 2936 979 quod
2982 925 3069 964 me
3104 924 3283 964 amare
3312 909 3590 980 prohibet?
3617 909 3739 966 Non

2165 1003 2280 1073 ipse
2309 1003 2640 1070 institueret,
2671 1013 2725 1059 et
2749 1018 2855 1058 non
2876 1013 3019 1059 esset
3045 1003 3184 1073 quod
3215 1018 3313 1074 ego
3331 1017 3602 1068 amarem;
3633 1018 3744 1058 non

2164 1094 2460 1149 institueret
2481 1105 2775 1150 creaturam
2794 1137 2809 1162 ,
2843 1111 3001 1166 quam
3030 1110 3116 1150 me
3141 1095 3291 1164 jubet
3314 1110 3419 1149 non
3443 1109 3659 1160 amare;
3689 1103 3747 1150 et

2167 1201 2273 1239 non
2294 1196 2436 1240 esset
2463 1185 2604 1257 quod
2621 1201 2853 1242 amarem
2877 1228 2891 1254 ,
2919 1197 2973 1242 et
2996 1185 3223 1242 amando
3248 1185 3551 1242 damnarer.
3575 1186 3631 1241 Si
3652 1201 3748 1241 vo-

2166 1289 2282 1330 cem
2311 1275 2505 1332 habere
2547 1284 2728 1348 posset
2768 1277 2880 1347 ipsa
2920 1287 3195 1342 creatura,
3232 1293 3388 1347 quam
3431 1277 3571 1332 male
3597 1290 3747 1331 amas

2167 1364 2289 1436 quia
2315 1381 2415 1422 nec
2445 1375 2496 1422 te
2515 1381 2690 1434 amas,
2723 1367 3070 1437 responderet
3094 1367 3184 1422 tibi
3215 1385 3228 1421 :
3261 1367 3439 1422 Nolles
3468 1375 3524 1420 ut
3548 1367 3752 1422 faceret

2169 1471 2254 1512 me
2283 1457 2457 1524 Deus,
2504 1472 2571 1512 ne
2613 1466 2756 1513 esset
2796 1457 2937 1527 quod
2983 1473 3222 1522 amares;
3272 1473 3412 1513 nunc
3451 1473 3580 1528 ergo
3627 1457 3752 1514 vide

2168 1561 2325 1616 quam
2357 1548 2565 1616 iniquus
2590 1548 2694 1613 sis,
2732 1556 2786 1603 et
2809 1548 2860 1602 in
2890 1548 3016 1618 ipsis
3043 1548 3221 1603 verbis
3258 1549 3360 1603 tuis
3386 1548 3752 1618 iniquissimus

2169 1636 2580 1707 deprehendaris
2607 1655 2621 1690 :
2653 1638 2818 1693 velles
2848 1649 2906 1694 ut
2935 1640 3074 1694 Deus
3103 1639 3298 1695 facere:
3319 1648 3398 1708 te,
3428 1641 3518 1710 qui
3547 1649 3630 1694 est
3652 1654 3749 1694 su—

2170 1744 2266 1800 per
2292 1738 2344 1785 te
2361 1771 2378 1796 ,
2405 1739 2459 1785 et
2485 1730 2654 1785 nolles
2697 1729 2896 1785 faceret
2918 1730 3060 1785 aliud
3087 1731 3302 1788 bonum.
3329 1730 3482 1798 Quod
3508 1730 3601 1785 tibi
3626 1730 3756 1786 fecit

2173 1821 2343 1888 Deus,
2377 1820 2574 1877 bonum
2619 1833 2700 1877 est
2742 1840 2754 1876 :
2795 1823 2888 1877 sed
2930 1823 3029 1876 alia
3067 1833 3191 1878 sunt
3219 1839 3408 1894 magna
3439 1825 3608 1888 bona,
3648 1823 3755 1878 alia

2172 1927 2332 1982 parva
2383 1911 2557 1979 bona;
2606 1913 2708 1968 alia
2763 1916 3032 1969 terrestria
3081 1916 3251 1982 bona,
3315 1915 3416 1969 alia
3463 1915 3757 1985 spiritualia

2173 2004 2310 2058 bona
2331 2045 2346 2069 ,
2375 2004 2477 2057 alia
2501 2005 2806 2074 temporalia
2830 2005 2965 2060 bona
2991 2022 3010 2059 :
3036 2006 3213 2060 omnia
3241 2015 3415 2060 tamen
3439 2006 3574 2060 bona
3594 2046 3608 2072 ,
3631 2005 3758 2076 quia

2175 2091 2345 2148 bonus
2373 2092 2500 2148 fecit
2525 2095 2682 2149 bona.
2731 2095 2853 2149 ldeo
2878 2096 3106 2165 quodam
3137 2095 3190 2150 in
3217 2096 3332 2150 loco
3364 2096 3759 2166 Scripturarum

2175 2181 2471 2238 divinarum
2496 2183 2710 2250 dicitur,
2748 2183 2992 2239 Ordinate
3032 2187 3084 2240 in
3127 2203 3205 2240 me
3242 2187 3536 2241 charitatem
3579 2185 3757 2257 (Cant.

2177 2289 2248 2340 ιι,
2286 2274 2365 2345 4).
2393 2275 2598 2329 Bonum
2627 2275 2823 2346 aliquid
2856 2285 2907 2332 te
2933 2276 3057 2332 fecit
3085 2277 3258 2344 Deus,
3291 2278 3390 2333 sub
3417 2293 3476 2333 se
3512 2277 3756 2334 fecitali-

2177 2366 2304 2437 quid
2331 2367 2550 2422 inferius
2575 2376 2631 2423 et
2658 2369 2757 2424 sub
2787 2377 2871 2436 te;
2900 2369 2998 2424 sub
3024 2370 3128 2424 alio
3156 2385 3248 2436 es,
3279 2385 3438 2440 super
3475 2371 3620 2425 aliud
3649 2385 3710 2425 es
3742 2389 3759 2424 :

2179 2457 2287 2512 noli
2327 2459 2513 2512 relicto
2555 2459 2828 2529 superiore
2865 2459 3041 2523 bono,
3071 2475 3293 2516 curvare
3334 2470 3385 2516 te
3425 2460 3492 2515 ad
3541 2460 3764 2516 inferius

2181 2548 2398 2603 bonum.
2432 2547 2628 2604 Rectus
2671 2559 2820 2616 esto,
2867 2560 2924 2605 ut
2955 2550 3185 2607 lauderis
3214 2569 3228 2606 :
3259 2553 3380 2622 quia
3421 2552 3766 2606 laudabuntur

2182 2657 2351 2695 omnes
2378 2640 2500 2694 recti
2535 2641 2702 2695 corde.
2733 2640 2884 2696 Unde
2909 2642 3048 2697 enim
3081 2657 3300 2711 peccas,
3333 2643 3432 2696 nisi
3461 2644 3582 2712 quia
3613 2643 3765 2697 inor-

2181 2732 2361 2786 dinate
2387 2741 2580 2786 tractas
2604 2745 2690 2786 res
2714 2747 2846 2801 quas
2875 2732 2929 2786 in
2966 2747 3119 2787 usum
3145 2733 3433 2802 accepisti?
3476 2734 3603 2788 Esto
3626 2734 3768 2788 bene

2185 2833 2337 2880 utens
2364 2823 2526 2880 rebus
2550 2823 2908 2894 inferioribus,
2932 2834 2987 2881 et
3013 2825 3120 2880 eris
3141 2835 3283 2882 recte
3307 2824 3489 2881 fruens
3512 2825 3651 2881 bono
3669 2842 3765 2881 su—

2186 2916 2413 2988 periere.

2255 3011 2310 3065 4.
2357 3008 2425 3064 In
2475 3025 2558 3065 eos
2608 3011 2696 3081 qui
2753 3019 3034 3065 creaturam
3088 3011 3199 3066 Dea
3233 3023 3573 3083 'prwponunt.
3617 3012 3772 3069 Nunc

2187 3103 2343 3170 audi,
2374 3113 2430 3160 et
2453 3103 2658 3159 discute
2691 3103 2834 3174 ipsas
2881 3104 3177 3174 agnitiones
3224 3114 3452 3161 tuas:et
3503 3107 3772 3176 interroga

2190 3203 2240 3250 te
2279 3195 2366 3266 qui
2417 3203 2645 3259 tractas,
2686 3205 2741 3251 et
2769 3211 2857 3251 res
2881 3211 3013 3266 quas
3058 3205 3273 3251 tractas.
3310 3197 3448 3252 Ecce
3491 3199 3534 3251 si
3575 3198 3625 3251 in
3672 3214 3771 3252 nc-

2188 3287 2332 3357 gotio
2367 3281 2458 3341 tuo
2501 3296 2778 3356 argentum
2810 3301 3086 3356 praeponas
3114 3301 3244 3342 auro
3266 3329 3282 3355 ,
3314 3287 3356 3341 si
3384 3287 3654 3357 plumbum
3685 3302 3776 3340 ar-

2189 3388 2381 3449 gento,
2409 3377 2462 3433 si-
2481 3379 2755 3448 pulverem
2801 3378 3048 3447 plumbo;
3093 3393 3269 3433 nonne
3303 3379 3370 3434 ab
3407 3379 3652 3434 omnibus
3678 3393 3775 3432 so-

2190 3469 2285 3524 ciis
2313 3469 2415 3525 tuis
2439 3509 2453 3533 ,
2482 3469 2527 3524 si
2553 3469 2690 3524 forte
2727 3469 3024 3539 negotiator
3048 3484 3137 3535 es,
3167 3469 3596 3526 dementissimus
3626 3469 3775 3540 judi-

2191 3562 2397 3617 caberis
2416 3603 2431 3628 ,
2463 3570 2518 3616 et
2541 3561 2608 3616 ab
2645 3575 2830 3616 eorum
2854 3562 3106 3616 societate
3130 3561 3399 3617 seduceris
3417 3604 3432 3629 ,
3472 3563 3778 3633 dicerisque

2192 3653 2510 3720 damnosus,
2541 3661 2596 3708 et
2622 3654 2757 3708 forte
2778 3653 2936 3708 etiam
2967 3660 3078 3707 toto
3102 3653 3271 3722 capite
3297 3653 3606 3708 sanandus?
3634 3653 3774 3718 Quid

2193 3744 2336 3800 aliud
2361 3746 2504 3800 enim
2537 3745 2778 3800 dicerent
2811 3760 2998 3800 omnes
3036 3747 3166 3800 socii
3197 3745 3305 3812 tui,
3346 3762 3469 3801 cum
3515 3746 3715 3801 dixeris
3758 3765 3773 3801 :

2193 3835 2379 3892 Carius
2405 3844 2486 3892 est
2526 3845 2800 3914 argentum
2843 3851 3004 3902 auro,
3049 3845 3140 3890 aut
3169 3837 3358 3891 melius
3387 3847 3468 3891 est
3496 3846 3775 3902 argentum

2194 3929 2366 3982 auro?
2408 3926 2596 3984 Nonne
2643 3929 2757 3984 haec
2799 3929 3101 3983 clamabunt
3149 3946 3161 3981 :
3209 3927 3428 3994 lnsane,
3469 3928 3775 3999 deciperis;

2195 4017 2320 4086 quid
2361 4018 2588 4086 pateris,
2632 4017 2843 4088 quando
2882 4019 3144 4088 prmponis
3183 4025 3458 4087 argentum
3498 4019 3668 4072 auro?
3711 4017 3781 4072 Et

2198 4123 2354 4163 nemo
2382 4108 2474 4163 tibi
2500 4108 2641 4163 dicet
2672 4125 2685 4162 :
2717 4107 2853 4174 Quid
2885 4108 3078 4176 pateris
3100 4149 3115 4171 ,
3148 4107 3358 4178 quando
3391 4109 3653 4178 prtcponis
3681 4123 3782 4161 au-

2138 4186 2316 4252 «rum
2358 4199 2504 4252 Deo?
2532 4197 2841 4264 Quomodo,
2886 4197 3086 4267 inquit,
3120 4213 3369 4267 ιιι-ωροηο
3411 4214 3597 4252 aurum
3629 4199 3781 4254 Deo?

2198 4287 2254 4342 Si
2285 4289 2425 4344 enim
2455 4305 2548 4358 per
2572 4287 2852 4358 quamdam
2879 4287 3198 4343 dementiam
3229 4304 3564 4359 prteposucro
3588 4305 3785 4359 argen-

2199 4390 2310 4436 tum
2333 4394 2488 4445 auro,
2520 4378 2637 4433 ideo
2661 4377 2882 4433 demens
2907 4377 3074 4446 dicor,
3102 4380 3223 4450 quia
3252 4379 3318 4434 de
3343 4379 3544 4434 duabus
3571 4382 3782 4450 specie-

2177 4475 2298 4530 ..bus
2321 4516 2336 4540 ,
2377 4487 2508 4543 quas
2535 4471 2720 4527 ambas
2760 4471 2914 4526 video
2936 4511 2952 4537 ,
2983 4486 3115 4541 quas
3157 4471 3340 4527 ambas
3381 4472 3606 4539 intueor,
3643 4489 3783 4543 quas

2201 4567 2382 4621 ambas
2426 4580 2587 4620 manu
2623 4574 2933 4632 contrecto,
2960 4579 3213 4635 praepono
3255 4566 3494 4620 viliorem
3537 4567 3778 4623 cariori:

2201 4673 2387 4714 aurum
2428 4659 2535 4713 Deo
2564 4657 2830 4729 quomodo
2867 4659 3149 4727 praepono?
3175 4673 3362 4712 aurum
3393 4658 3576 4723 video,
3609 4658 3780 4714 Deum

2203 4766 2305 4806 non
2325 4751 2500 4806 video.
2531 4751 2638 4806 Nec
2668 4750 2790 4806 hinc
2819 4758 2867 4804 te
2893 4749 3186 4804 excusabis.
3214 4749 3386 4816 Quare
3409 4765 3557 4804 amas
3585 4765 3782 4818 argen-

2205 4843 2352 4896 tum?
2375 4843 2506 4910 Quia
2540 4858 2719 4898 earum
2763 4849 2877 4906 est,
2929 4841 3052 4910 quia
3091 4855 3218 4895 caro
3255 4843 3411 4896 valet.
3457 4843 3629 4908 Quare
3657 4842 3784 4912 plus

2204 4935 2428 4989 aurum?
2455 4935 2583 5001 Quia
2601 4935 2773 4988 carius
2799 4940 2899 4988 est.
2922 4933 3208 5004 Argentum
3239 4949 3441 5002 carum,
3468 4950 3657 4989 aurum
3683 4950 3783 4991 ca-

2205 5026 2314 5080 rius
2343 5044 2357 5080 :
2390 5025 2528 5079 Deus
2555 5025 2664 5094 ipsa
2693 5025 2922 5079 charitas
2950 5032 3052 5079 est.

2275 5119 2328 5173 5.
2353 5115 2506 5169 Fides
2535 5117 2596 5169 ab
2623 5116 2876 5179 omnibus,
2907 5116 2998 5168 etsi
3017 5121 3147 5187 forte
3165 5133 3263 5170 non
3288 5117 3501 5180 videtur,
3528 5117 3780 5188 diligitur.

2209 5209 2344 5263 Ecce
2393 5208 2590 5278 aliquid
2642 5207 2814 5262 (licam
2868 5211 3102 5263 muneris
3128 5208 3240 5273 Dei,
3267 5219 3322 5262 ut
3364 5210 3518 5263 citius
3559 5219 3611 5262 te
3651 5223 3786 5263 con-

2207 5303 2444 5365 vincam,
2489 5300 2755 5370 quomodo
2803 5300 3067 5370 praeponis
3110 5315 3294 5353 aurum
3343 5300 3481 5366 Deo;
3540 5302 3786 5370 quamvis

2207 5409 2390 5448 aurum
2422 5393 2601 5448 videas
2623 5435 2636 5458 ,
2669 5394 2832 5448 Deum
2859 5409 2963 5448 non
2991 5381 3200 5457 videas;
3227 5400 3280 5446 et
3310 5392 3540 5460 ideotibi
3571 5409 3673 5446 non
3703 5395 3756 5448 vi
3782 5427 3786 5431 ~

2207 5488 2382 5542 tlearis
2407 5501 2746 5556 przeponere,
2773 5487 2895 5554 quia
2937 5485 3062 5540 velit
3110 5500 3267 5539 nemo
3314 5501 3625 5556 prmponere
3664 5500 3782 5540 rem

2207 5593 2362 5646 quam
2391 5577 2529 5631 videt
2553 5578 2600 5632 ei
2629 5577 2705 5631 rei
2733 5591 2888 5645 quam
2917 5591 3020 5629 non
3065 5576 3222 5630 videt.
3255 5577 3387 5630 Ecce
3415 5577 3609 5647 aliquid
3635 5578 3780 5633 dico.

2208 5670 2340 5735 Quid
2387 5670 2480 5724 tibi
2525 5670 2764 5724 videtur?
2809 5668 2937 5722 fides
2984 5679 3255 5738 argentum
3287 5669 3410 5723 est?
3449 5686 3631 5723 aurum
3663 5671 3784 5724 est?

2211 5777 2456 5816 nummus
2482 5761 2599 5817 est?
2627 5775 2785 5829 pecus
2809 5762 2923 5816 est?
2953 5769 3090 5815 terra
3121 5760 3238 5816 est?
3263 5761 3456 5816 coelum
3483 5763 3604 5817 est?
3637 5761 3783 5820 Nihil
