4014 6310
245 324 359 382 145

245 439 443 494 borum
477 441 586 500 est,
613 440 665 488 et
691 439 865 486 tamen
893 426 1090 499 aliquid
1124 432 1223 482 est.
1257 424 1371 480 Non
1401 432 1600 479 tantum
1629 423 1826 495 aliquid

244 541 361 598 est,
389 528 485 584 sed
511 539 758 596 magnum
794 532 878 579 est
912 519 1127 590 aliquid.
1155 518 1373 573 Interim
1411 531 1514 572 non
1552 516 1739 586 loquor
1762 515 1830 570 de

243 621 354 677 ﬁde
379 620 472 674 illa
510 616 821 688 superiore,
857 627 959 683 qua
1003 609 1174 665 ﬁdelis
1202 609 1441 674 vocaris,
1486 605 1740 662 accedens
1765 604 1831 660 ad

243 725 490 767 mensam
519 705 725 761 Domini
755 704 828 759 tui
852 745 866 768 ,
897 699 1226 772 respondens
1251 713 1316 753 ex
1344 697 1445 752 ﬁde
1472 698 1632 752 verba
1658 695 1777 750 ﬁdei
1814 714 1828 749 :

244 801 464 856 interim
511 797 646 851 hanc
688 794 978 850 submoveo
1019 789 1306 861 paulisper.
1352 789 1429 842 De
1473 787 1560 841 illa
1604 786 1709 842 ﬁde
1751 786 1831 840 lo-

243 906 400 962 quar,
429 903 553 959 qua:
578 886 734 956 vulgo
761 885 920 940 etiam
949 881 1081 936 ﬁdes
1104 880 1297 935 dicitur
1327 895 1342 934 :
1372 893 1478 932 non
1523 893 1680 948 quam
1721 891 1834 931 ma-

242 997 402 1052 gnam
429 980 530 1034 tibi
560 979 786 1047 imperat
823 975 964 1030 Deus
1003 983 1158 1038 tuus,
1188 971 1281 1028 sed
1307 985 1466 1041 quam
1504 977 1558 1024 tu
1597 970 1764 1039 exigis
1802 982 1833 1022 a

242 1087 402 1128 servo
447 1082 563 1126 tuo.
609 1068 781 1139 ipsam
821 1065 975 1132 dico,
1022 1063 1145 1133 quia
1185 1071 1240 1118 et
1281 1061 1448 1132 ipsam
1491 1061 1716 1129 imperat
1742 1059 1833 1113 tibi

243 1163 508 1220 Dominus
543 1171 703 1225 tuus,
755 1173 822 1213 ne
865 1155 1108 1224 cuiquam
1151 1153 1388 1208 fraudem
1437 1151 1630 1218 facias,
1677 1150 1834 1205 ﬁdem

241 1269 433 1311 serves
481 1254 536 1307 in
577 1251 828 1322 negotio,
879 1247 1036 1303 ﬁdem
1079 1260 1260 1302 serves
1303 1244 1452 1300 uxori
1481 1244 1536 1299 in
1578 1243 1738 1300 lecto.
1768 1242 1837 1297 Et

244 1347 386 1400 hanc
409 1344 510 1400 tibi
534 1342 696 1398 ﬁdem
716 1341 941 1410 imperat
960 1339 1098 1392 Deus
1117 1345 1256 1390 tuus.
1279 1333 1416 1402 Quid
1441 1343 1523 1390 est
1546 1332 1679 1388 ﬁdes
1699 1333 1838 1388 ista?

244 1438 406 1494 Certe
435 1451 559 1492 eam
606 1449 712 1489 non
748 1431 898 1487 vides
929 1449 942 1484 :
988 1429 1032 1486 si
1079 1444 1184 1484 non
1213 1426 1396 1494 vides,
1437 1439 1600 1496 quare
1628 1423 1836 1494 quando

245 1530 344 1584 tibi
370 1529 637 1599 frangitur
663 1523 894 1580 clamas?
919 1523 1162 1578 Clamore
1193 1529 1281 1574 tuo
1309 1517 1568 1573 convinco
1592 1515 1731 1587 quod
1762 1517 1840 1570 vi-

245 1621 398 1678 deas.
426 1620 655 1675 Dicebas
694 1634 709 1671 :
753 1613 1031 1683 Quomodo
1064 1627 1251 1666 aurum
1289 1611 1399 1665 Deo
1427 1607 1716 1679 praepono?
1740 1621 1836 1661 au-

244 1728 368 1768 rum
395 1711 589 1776 video,
616 1710 782 1764 Deum
822 1721 924 1760 non
962 1703 1135 1758 video.
1163 1701 1304 1756 Ecce
1333 1714 1520 1754 aurum
1557 1697 1705 1754 vides
1725 1737 1741 1765 ,
1774 1695 1838 1751 ﬁ-

247 1805 374 1859 dem
402 1817 515 1857 non
534 1800 704 1855 vides.
731 1799 812 1852 An
842 1794 982 1866 quod
1004 1793 1180 1849 verius
1205 1798 1318 1857 est,
1353 1789 1514 1845 ﬁdem
1539 1787 1722 1852 vides;
1745 1785 1838 1842 sed

247 1895 467 1967 quando
497 1893 698 1962 exigis,
736 1888 886 1944 vides
913 1887 1082 1951 illam;
1126 1882 1337 1954 quando
1379 1880 1448 1937 de
1493 1888 1546 1936 te
1589 1878 1833 1967 exigitur,

249 1965 362 2042 non
389 1985 472 2038 vis
501 1997 618 2037 eam
639 1977 861 2035 videre?
880 1974 1092 2046 Apertis
1121 1972 1289 2028 oculis
1317 1972 1515 2026 clamas
1533 2008 1550 2036 ,
1580 1966 1763 2024 Redde
1787 1965 1842 2020 ﬁ-

247 2078 374 2132 dem
403 2088 565 2145 quam
616 2068 900 2141 promisisti
932 2085 946 2121 :
977 2064 1172 2121 clausis
1215 2060 1382 2118 oculis
1417 2061 1618 2115 clamas
1642 2099 1657 2124 ,
1698 2056 1838 2112 Nihil

250 2170 350 2224 tibi
372 2165 615 2238 promisi.
649 2163 706 2218 In
739 2172 966 2230 utroque
1000 2157 1181 2214 oculos
1204 2155 1372 2228 aperi.
1406 2153 1613 2222 inique,
1645 2150 1753 2206 noli
1780 2150 1840 2204 ﬁ-

249 2262 412 2325 dem,
457 2256 552 2313 sed
601 2255 768 2325 ipsam
811 2249 1143 2321 iniquitatem
1183 2245 1451 2316 perdere:
1489 2242 1630 2314 quod
1673 2241 1841 2312 exigis

249 2349 437 2407 redde.

321 2441 378 2496 6.
407 2437 568 2492 Fides
607 2436 660 2489 in
691 2449 830 2489 servo
857 2432 1151 2486 honeramr.
1195 2427 1419 2484 Servum
1462 2436 1607 2479 tuum
1650 2439 1837 2478 mattu-

252 2531 576 2590 mittendum
609 2543 766 2583 manu
809 2525 958 2580 ducis
988 2525 1038 2578 in
1078 2521 1370 2578 Ecclesium
1404 2518 1500 2590 (α).
1548 2517 1634 2571 Fit
1677 2517 1838 2570 silen-

251 2627 383 2678 tium
404 2665 422 2688 ,
456 2619 670 2677 libellus
699 2626 818 2671 tuus
844 2616 1115 2679 recitatur,
1147 2619 1238 2666 aut
1266 2609 1324 2665 ﬁt
1348 2608 1596 2665 desiderii
1629 2607 1700 2662 tui
1729 2621 1841 2676 pro-

249 2712 484 2769 secutio.
512 2710 657 2764 Dicis
700 2719 750 2763 te
776 2721 988 2761 servum
1033 2703 1439 2766 manumittere,
1467 2697 1605 2770 quod
1651 2697 1743 2752 tibi
1786 2698 1839 2752 in

251 2802 508 2858 omnibus
533 2797 828 2854 servaverit
867 2795 1042 2849 ﬁdem.
1073 2793 1184 2848 lloc
1210 2789 1384 2860 diligis
1406 2830 1421 2855 ,
1447 2788 1802 2867 hochonoras
1821 2827 1836 2854 ,

251 2895 355 2950 hoc
379 2893 552 2948 donas
581 2889 802 2960 przemio
827 2885 1084 2942 libertatis
1116 2901 1130 2938 :
1161 2881 1412 2953 quidquid
1450 2890 1599 2952 potes
1618 2923 1632 2948 ,
1666 2879 1836 2948 facis;

253 2985 381 3041 facis
403 2983 668 3045 liberum,
712 2978 833 3050 quia
875 2990 980 3031 non
1024 2982 1175 3044 potes
1220 2973 1391 3026 facere
1434 2970 1834 3040 sempiternum.

253 3075 394 3129 Deus
423 3081 548 3126 tuus
571 3069 763 3124 clamat
791 3066 858 3121 ad
885 3073 970 3131 te,
992 3072 1043 3118 et
1070 3063 1121 3116 in
1153 3075 1306 3116 servo
1343 3069 1430 3114 tuo
1459 3059 1720 3115 convincit
1747 3067 1835 3115 te:

253 3167 380 3222 dicit
405 3164 506 3219 tibi
529 3164 585 3217 in
614 3160 774 3216 corde
801 3167 894 3213 tuo
914 3197 928 3223 ,
950 3155 1151 3211 Duxisti
1182 3168 1392 3209 servum
1415 3161 1560 3206 tuum
1587 3151 1652 3206 de
1680 3151 1840 3207 domo

254 3269 340 3313 tua
360 3257 428 3312 ad
453 3255 676 3310 domum
704 3265 912 3315 meam;
941 3248 1020 3303 vis
1039 3261 1159 3302 eum
1189 3246 1257 3300 de
1280 3245 1439 3299 domo
1467 3258 1583 3298 mea
1612 3242 1837 3298 liberum

254 3362 514 3406 revocare
537 3347 591 3400 in
634 3343 850 3399 domum
881 3349 1068 3394 tuam:
1115 3347 1168 3392 tu
1207 3349 1368 3406 quare
1396 3335 1532 3389 male
1579 3333 1745 3388 servis
1785 3333 1836 3387 in

252 3440 415 3494 domo
440 3434 607 3491 mea?
636 3434 739 3488 Das
782 3431 858 3485 illi
901 3427 1039 3499 quod
1078 3436 1260 3496 pOIes;
1292 3425 1542 3495 promitto
1575 3423 1667 3478 tibi
1697 3421 1837 3492 quod

254 3545 473 3601 possum
509 3546 524 3581 :
571 3536 626 3582 tu
653 3524 780 3579 facis
810 3523 1034 3578 liberum
1077 3527 1371 3574 servantem
1403 3515 1491 3570 libi
1524 3515 1713 3579 ﬁdem;
1742 3529 1839 3584 ego

253 3631 306 3677 te
325 3621 470 3676 facio
499 3617 882 3686 sempiternum
905 3654 918 3676 ,
949 3610 993 3665 si
1024 3607 1318 3664 servaveris
1339 3605 1467 3658 mihi
1496 3604 1672 3658 ﬁdem.
1704 3603 1838 3671 Quid

255 3713 430 3769 adhuc
457 3706 847 3782 argumentaris
892 3711 1073 3758 contra
1100 3715 1185 3754 me
1214 3699 1267 3753 in
1293 3698 1468 3752 animo
1497 3695 1621 3750 tuo?
1660 3693 1840 3749 Redde

255 3805 488 3862 Domino
523 3812 644 3866 tuo,
671 3796 812 3869 quod
838 3794 1019 3850 laudas
1049 3792 1100 3846 in
1139 3803 1293 3844 servo
1322 3796 1430 3842 tuo.
1461 3787 1541 3842 An
1585 3785 1718 3839 forte
1747 3784 1840 3838 tibi

257 3905 461 3952 tantum
506 3905 722 3961 arrogas
741 3929 757 3953 ,
785 3896 842 3942 ut
869 3895 922 3941 te
948 3885 1161 3954 dignum
1189 3889 1342 3954 putes
1362 3920 1376 3945 ,
1417 3879 1508 3949 qui
1533 3892 1743 3932 servum
1773 3877 1838 3930 ﬁ-

257 3991 432 4047 delem
460 3987 692 4050 habeas,
717 3996 872 4053 quem
910 3979 1041 4034 dicis
1065 4019 1080 4045 ,
1109 3974 1462 4046 Comparavi;
1503 3981 1556 4028 et
1594 3987 1694 4043 ego
1733 3986 1838 4026 non

258 4097 377 4137 sum
419 4079 649 4148 dignus,
710 4073 800 4143 qui
852 4084 1062 4126 servum
1117 4066 1326 4121 ﬁdelem
1371 4063 1630 4130 habeam,
1682 4077 1842 4132 quem

256 4169 470 4228 creavi?
497 4167 625 4222 Hzec
647 4164 740 4220 tibi
766 4161 996 4234 loquitur
1019 4158 1273 4212 Dominus
1296 4164 1417 4211 tuus
1434 4155 1596 4220 intus,
1622 4153 1709 4208 ubi
1736 4168 1841 4207 non

257 4264 440 4330 audit,
465 4261 571 4316 nisi
604 4269 691 4325 tu;
717 4267 769 4312 et
795 4258 905 4327 ipse
927 4253 1018 4308 tibi
1047 4250 1294 4321 loquitur,
1318 4248 1407 4319 qui
1434 4262 1557 4303 vera
1588 4246 1840 4317 loquitur.

259 4355 396 4426 Quid
426 4353 574 4409 enim
621 4349 719 4404 hac
744 4346 1008 4402 locutione
1033 4339 1242 4398 verius?
1280 4338 1396 4394 Noli
1438 4335 1839 4392 obsurdescere.

260 4451 398 4506 Ecce
421 4436 586 4502 ﬁdem
617 4455 763 4497 amas
787 4441 838 4494 in
863 4452 1016 4493 servo
1035 4447 1158 4498 tuo;
1185 4441 1330 4488 certe
1357 4445 1463 4485 non
1485 4428 1632 4484 vides
1650 4427 1842 4482 ﬁdem:

258 4554 425 4612 quare
454 4537 606 4593 illam
631 4547 777 4588 amas
800 4531 851 4585 in
881 4529 1080 4592 altero,
1109 4534 1160 4579 et
1181 4532 1348 4578 totum
1387 4519 1528 4592 quod
1553 4518 1662 4574 dixi
1691 4519 1741 4573 in
1768 4518 1845 4572 al-

262 4611 410 4696 tero,
455 4637 516 4684 et
541 4627 596 4682 in
625 4639 778 4681 servo
803 4635 959 4692 quem
990 4615 1212 4689 pecunia
1245 4611 1598 4682 comparasti,
1630 4623 1734 4664 non
1764 4617 1843 4662 ta-

265 4740 384 4782 men
406 4736 569 4794 quem
603 4715 837 4773 creasti?
862 4711 1082 4768 Gemina
1124 4703 1511 4762 necessitudine
1539 4710 1708 4756 tecum
1739 4701 1847 4769 agit

266 4792 524 4872 Dominus
554 4821 696 4865 tuus.
728 4807 796 4862 Et
826 4803 1023 4860 creavit
1045 4809 1127 4866 te,
1159 4806 1213 4853 et
1232 4793 1553 4864 comparavit
1583 4800 1653 4846 te.
1686 4792 1848 4845 Ante-

265 4921 419 4978 quam
449 4917 604 4958 esses
624 4942 637 4966 ,
669 4895 838 4968 inquit
880 4893 1006 4958 tibi,
1036 4889 1136 4946 feci
1165 4899 1251 4954 te;
1280 4902 1398 4941 cum
1425 4900 1489 4940 ex
1514 4894 1564 4937 te
1592 4883 1690 4936 sub
1719 4895 1846 4952 pec-

268 4973 384 5055 eato
416 4991 772 5051 venumdatus
810 5000 986 5051 esses,
1026 4981 1226 5064 redemi
1270 4989 1342 5034 te.
1387 4976 1458 5032 Ut
1509 4973 1847 5030 manumittas

270 5105 483 5146 servum
530 5096 713 5150 tuum,
761 5079 958 5149 frangis
1002 5075 1206 5130 tabulas
1251 5070 1366 5140 ejus
1410 5065 1480 5140 (b)
1521 5066 1704 5120 :Deus
1744 5079 1850 5118 non

330 5200 401 5263 (α)
434 5195 828 5263 stauuniissiones
853 5194 910 5237 ut
929 5188 978 5260 in
995 5183 1216 5263 ‘eecle‘sia

270 5234 973 5320 uchi-t6:assumes
995 5243 1232 5320 beneﬁci?
1265 5234 1853 5320 i999?£“9i.2§“-¥£3.‘.‘.‘.‘§

271 5293 1060 5372 5:32.353'n'eaaaaaa;
1105 5293 1230 5372 amnt
1250 5314 1422 5372 ,φιεειη
1458 5301 1586 5348 inter
1610 5293 1852 5372 σμιλεσωδ

447 5359 1062 5437 ῙιίξῘῙ-ιῖεὲἓυᾟξίὶὶοιυὶυηξ
1082 5359 1480 5437 Αέτηιὶιξέιοιιζιὶςιο
1503 5359 1848 5437 comppsitut‘n:

453 5421 1067 5507 E’eﬁiﬁih‘d’inegeyyus
1087 5421 1226 5478 suum
1251 5427 1474 5475 libertate

274 5485 730 5564 Eum.
744 5485 973 5564 desiderii
996 5493 1068 5542 sui
1087 5502 1255 5564 causas
1273 5485 1601 5564 persequitur,
1619 5493 1853 5564 quae'culn

747 5542 962 5609 'xiiiéi'tic’é
1003 5542 1326 5604 consentituit.
1368 5542 1592 5596 anatona.
1637 5542 1687 5592 in
1727 5542 1854 5590 hunc

278 5628 802 5753 ﬁgit’rangebantur
826 5683 875 5730 in
892 5676 1268 5753 manutnissione
1280 5682 1527 5753 servorum
1552 5665 1735 5753 tabula:
1751 5665 1855 5726 qui-

281 5730 791 5814 bu‘s'énipt‘iuoi—llortum
819 5752 868 5793 et
908 5743 1115 5791 servitus
1147 5735 1497 5784 continebatur.
1547 5730 1850 5792 Augustinus,

1590 314 1594 318 ’
1666 307 1892 367 SERMO
1929 308 2072 365 XXI.

3412 307 3521 364 148

1937 422 2127 493 frangit
2154 422 2359 478 tabulas
2405 429 2536 477 tuas.
2583 421 2795 478 Tabulae
2839 429 2941 477 tute
2979 421 3318 492 Evangelium
3346 433 3470 476 sunt

1936 513 2024 568 ubi
2053 521 2134 567 est
2159 512 2374 582 sanguis
2394 552 2410 578 ,
2440 527 2546 581 quo
2573 520 2910 581 comparatus
2930 527 2987 566 es
3013 529 3026 564 ε
3061 519 3308 578 manent,
3336 512 3482 581 quoti

1936 603 2024 658 die
2068 602 2375 667 recitantur,
2417 601 2719 656 admoneris
2746 601 3062 656 conditionis
3096 611 3238 669 "tute,
3277 615 3484 655 comme

1937 703 2173 749 moratur
2199 694 2289 748 tibi
2317 695 2540 763 pretium
2570 702 2734 747 tuum.

2009 789 2059 841 7.
2089 786 2242 841 Fides
2263 785 2370 840 Deo
2390 786 2555 840 debila
2593 802 2626 838 a
2664 785 2816 838 servis
2855 785 3031 854 emptis
3069 784 3228 855 ipsius
3250 784 3512 852 sanguine.

1936 879 1992 934 Si
2033 877 2127 932 tibi
2172 892 2358 934 servus
2400 885 2555 940 tuus,
2605 889 2762 944 quem
2808 875 3158 940 manumittis,
3213 873 3370 928 ﬁdem
3402 888 3508 927 non

1939 969 2240 1035 exhiberet,
2281 983 2378 1024 nec
2415 982 2474 1024 se
2519 966 2929 1022 manumissione
2957 975 3041 1020 tua
3084 966 3298 1035 dignum
3355 966 3512 1022 ﬁdem

1938 1061 2199 1130 servando
2237 1060 2469 1128 faceret,
2504 1068 2558 1116 et
2593 1075 2715 1114 eum
2749 1059 2800 1112 in
2827 1058 3088 1128 aliquibus
3125 1058 3176 1112 in
3212 1057 3372 1114 domo
3425 1067 3511 1113 tua
3577 1049 3586 1052 ’

1940 1151 2210 1208 fraudibus
2238 1151 2541 1217 invenires,
2569 1149 2693 1221 quid
2737 1148 3033 1204 clamares?
3064 1148 3198 1205 Male
3234 1165 3386 1206 serve
3406 1191 3420 1214 ,
3447 1150 3514 1204 ﬁ-

1939 1243 2060 1299 dem
2082 1243 2213 1298 mihi
2241 1258 2348 1297 non
2381 1241 2600 1298 servas?
2623 1240 2804 1295 Nescis
2829 1240 2949 1310 quia
2969 1239 3176 1294 emite?
3202 1240 3374 1296 nescis
3391 1241 3512 1311 quia

1939 1333 2246 1404 sanguinem
2275 1348 2450 1388 meum
2481 1347 2576 1403 pro
2607 1340 2660 1386 te
2684 1330 2995 1386 numeravi?
3021 1329 3230 1384 Clamas
3258 1342 3510 1401 quantum

1941 1433 2090 1494 potes
2111 1465 2126 1488 ,
2166 1433 2220 1480 et
2261 1424 2454 1479 coalum
2486 1422 2758 1478 invidiosis
2786 1421 2966 1492 pulsas
3007 1421 3263 1476 vocibus:
3294 1421 3490 1491 Sangui

1940 1531 2060 1570 nem
2090 1531 2266 1570 meum
2305 1529 2402 1586 pro
2432 1523 2484 1569 te
2512 1513 2670 1579 dedi,
2700 1513 2840 1568 male
2879 1525 3052 1567 serve.
3093 1511 3162 1566 Et
3204 1526 3391 1566 omnes
3425 1527 3475 1580 qr
3509 1528 3522 1566 ι

1939 1609 2192 1664 audiunt:
2221 1608 2416 1663 Verum
2442 1608 2586 1663 dicit.
2617 1607 2674 1663 Si
2714 1607 2805 1662 tibi
2834 1606 3052 1662 auderet
3079 1605 3402 1676 respondere
3441 1604 3519 1660 sic

1941 1699 2206 1755 invehenti
2230 1709 2283 1754 et
2308 1697 2554 1754 clamanti
2579 1699 2693 1768 ipse
2717 1710 2903 1752 servus
2932 1704 3082 1764 tuus,
3110 1711 3215 1751 non
3245 1695 3519 1751 erubesce-

1941 1807 2030 1848 res
2058 1792 2100 1847 si
2132 1791 2223 1847 tibi
2251 1791 2430 1846 dicat:
2461 1790 2628 1858 Quem
2649 1832 2664 1856 ,
2692 1804 2821 1860 rogo
2849 1800 2898 1844 te
2923 1830 2937 1855 ,
2970 1788 3280 1859 sanguinem
3307 1802 3403 1857 pro
3429 1802 3518 1842 me

1941 1881 2167 1936 dedisti?
2199 1880 2410 1951 quando
2447 1896 2533 1936 me
2575 1880 2782 1944 emisti,
2812 1893 2909 1934 nec
2938 1878 3124 1933 saltem
3151 1885 3206 1934 te
3243 1876 3520 1947 phleboto-

1942 1973 2118 2027 masti.
2157 1971 2264 2028 Sed
2302 1971 2609 2042 sanguinem
2643 1980 2787 2025 tuum
2830 1968 3108 2040 pecuniam
3143 1976 3284 2023 tuam
3331 1981 3516 2022 vocas.

1942 2065 2166 2120 Tantum
2192 2079 2340 2119 amas
2383 2063 2660 2134 pecuniam
2693 2071 2834 2116 tuam
2857 2101 2873 2127 ,
2903 2070 2963 2115 ut
2987 2076 3103 2115 eam
3131 2060 3367 2129 appelles
3395 2073 3518 2114 san~

1941 2158 2152 2226 guinem
2175 2165 2344 2210 tuum.
2370 2156 2442 2210 De
2463 2170 2592 2210 voce
2618 2163 2701 2209 tua
2731 2163 2780 2209 te
2802 2153 3072 2208 convincit
3093 2151 3346 2206 Dominus
3375 2159 3513 2206 tuus.

1943 2247 2112 2302 Vocas
2139 2246 2410 2317 pecuniam
2442 2254 2584 2299 tuam
2617 2247 2926 2313 sanguinem
2966 2250 3110 2296 tuum
3130 2281 3145 2306 ,
3179 2249 3232 2296 et
3257 2240 3376 2294 ideo
3405 2239 3517 2294 exi-

1942 2338 2020 2408 gis
2045 2353 2074 2392 a
2101 2352 2255 2392 servo
2288 2345 2376 2390 tuo
2414 2343 2594 2405 empto
2635 2334 2822 2399 ﬁdem,
2870 2333 2992 2403 quia
3034 2346 3131 2402 pro
3177 2345 3242 2384 co
3287 2330 3514 2396 dedisti,

1943 2445 2046 2483 non
2077 2429 2258 2498 utique
2298 2426 2641 2498 sanguinem,
2679 2425 2770 2480 sed
2808 2439 3113 2489 nummum,
3159 2421 3242 2477 vel
3281 2436 3466 2476 aurum
3501 2438 3516 2475 :

1941 2537 2040 2592 ego
2065 2521 2188 2591 quid
2219 2515 2453 2575 dederim
2474 2560 2487 2584 ,
2516 2518 2726 2574 recolis.
2755 2517 2983 2571 Tabulas
3009 2525 3127 2570 tuas
3151 2515 3265 2584 lege
3284 2555 3298 2580 ,
3329 2513 3372 2567 si
3413 2528 3540 2567 non:

1942 2609 2162 2676 recolis;
2196 2610 2310 2680 lege
2337 2624 2431 2678 pro
2459 2621 2509 2663 te
2529 2615 2752 2662 mortem
2773 2605 3066 2662 Salvatoris
3083 2644 3098 2670 ,
3125 2603 3362 2657 lanceam
3400 2617 3518 2672 per-

1941 2701 2202 2764 cussoris,
2235 2699 2464 2770 pretium
2505 2695 2892 2766 Redemptoris.
2933 2695 3115 2750 Potest
3153 2701 3208 2748 et
3234 2692 3396 2747 homo
3434 2691 3517 2745 vi-

1943 2809 2071 2849 vens
2097 2807 2262 2858 vena,
2293 2799 2351 2845 ut
2373 2789 2513 2859 dixi,
2542 2801 2787 2860 percussa
2830 2785 2966 2842 dare
2994 2785 3302 2855 sanguinem
3333 2799 3515 2848 suum,

1942 2895 1995 2942 et
2021 2894 2194 2940 tamen
2231 2884 2451 2939 vivere:
2494 2883 2608 2951 plus
2644 2889 2726 2936 est
2767 2877 2906 2950 quod
2955 2879 3046 2934 tibi
3088 2877 3218 2934 dicit
3263 2877 3540 2933 Dominus-

1943 2988 2062 3034 tuus
2087 2996 2101 3034 :
2129 2993 2233 3032 non
2263 2976 2330 3031 de
2358 2990 2444 3029 me
2474 2975 2684 3028 vivente
2708 2971 2922 3041 sanguis
2941 2983 3224 3040 expressus
3249 2978 3366 3035 est,
3397 2983 3542 3024 sant

1941 3072 2099 3142 guinc
2125 3085 2248 3125 meo
2273 3075 2325 3123 te
2349 3067 2482 3129 emi;
2511 3065 2647 3119 addo
2668 3105 2681 3128 ,
2710 3063 2876 3118 Morte
2904 3076 3019 3116 mea
3041 3061 3242 3142 te_emi.
3270 3060 3405 3128 Quid
3428 3059 3540 3115 lia--

1940 3139 2034 3219 bes
2049 3161 2190 3232 quod
2201 3159 2383 3214 dicas?
2407 3155 2586 3212 Redde
2607 3153 2764 3209 ﬁdem
2792 3153 3015 3208 Domino
3045 3139 3154 3217 tuo,
3172 3165 3328 3220 quam
3351 3150 3521 3220 exigis

1940 3269 2136 3311 aservo
2153 3249 2428 3308 tuo.Vides
2452 3262 2658 3311 aurum,
2683 3245 2830 3301 vides
2850 3253 2904 3301 et
2925 3243 3081 3299 ﬁdem
3104 3261 3118 3297 :
3137 3259 3240 3298 non
3256 3243 3516 3312 exigeres,

1941 3347 1984 3402 si
2011 3343 2369 3416 nonjvidcres;
2389 3354 2494 3394 non
2512 3336 2773 3401 laudares,
2793 3334 2838 3391 si
2850 3349 2955 3390 non
2981 3333 3215 3397 videres;
3245 3347 3348 3386 non
3364 3331 3522 3386 liber-

1942 3445 2049 3492 tate
2067 3435 2310 3498 donares,
2325 3440 2368 3486 st
2382 3445 2485 3486 non
2499 3428 2707 3484 videres
2726 3444 2738 3480 :
2761 3425 2854 3482 sed
2867 3441 3050 3481 aurum
3070 3425 3237 3480 oculis
3251 3424 3425 3480 carnis
3441 3423 3491 3478 vi
3507 3455 3520 3463 -

1941 3528 2054 3590 des,
2070 3525 2224 3581 ﬁdem
2236 3522 2404 3579 oculis
2413 3519 2588 3576 cordis
2601 3518 2771 3574 vides.
2786 3517 2932 3585 Quan
2941 3525 2993 3570 to
3009 3516 3254 3570 meliores
3265 3523 3387 3570 sunt
3399 3529 3516 3568 cor-

1942 3617 2025 3674 dis
2043 3657 2058 3684 ,
2091 3625 2234 3671 tanto
2259 3611 2449 3669 melius
2476 3607 2723 3678 estquod
2749 3607 2896 3661 vides
2916 3605 3084 3660 oculis
3103 3604 3297 3660 cordis.
3330 3604 3408 3659 Tu
3434 3618 3515 3658 au-

1944 3708 2182 3766 temhuic
2202 3704 2345 3770 ﬁdei,
2370 3716 2527 3773 quam
2553 3699 2646 3754 tibi
2674 3699 2902 3767 imperat
2930 3695 3185 3750 Dominus
3211 3703 3356 3759 tuus,
3387 3709 3514 3762 prae-

1945 3800 2096 3873 ponis
2116 3811 2300 3852 aurum
2321 3837 2334 3862 ,
2363 3802 2416 3848 et
2441 3788 2867 3847 commendatum
2897 3801 3003 3840 non
3034 3783 3212 3839 reddis
3230 3825 3245 3848 ,
3273 3792 3328 3837 et
3351 3782 3518 3848 dicis,

1943 3871 2083 3947 Nihil
2109 3887 2236 3942 mihi
2260 3882 2450 3940 dedisti
2477 3899 2491 3936 :
2521 3888 2612 3935 aut
2650 3878 2698 3934 ei
2728 3877 2810 3932 cui
2840 3891 2946 3931 non
2983 3872 3396 3937 commendasti,
3435 3871 3520 3925 di-

1944 3982 2022 4036 cis
2043 4022 2059 4044 ,
2090 3975 2272 4032 Redde
2300 3972 2439 4045 quod
2469 3971 2558 4027 tibi
2583 3965 2970 4025 commendavi.
2997 3964 3112 4020 Non
3142 3963 3238 4018 das
3261 3961 3402 4033 quod
3429 3976 3520 4016 ac-

1945 4070 2162 4140 cepisti,
2193 4066 2388 4137 repetis
2438 4060 2579 4133 qnod
2605 4075 2710 4115 non
2750 4056 2960 4114 dedisti.
2994 4055 3131 4110 Ecce
3155 4053 3403 4122 acquire,
3445 4050 3525 4105 sic

1946 4163 2074 4218 tolle
2093 4204 2108 4226 ,
2129 4167 2184 4215 et
2203 4169 2460 4228 exaggera
2489 4153 2581 4231 tibi
2605 4152 2791 4206 lutum.
2814 4147 2948 4216 Quid
2978 4147 3173 4218 premis
3204 4146 3243 4210 ί,
3272 4143 3518 4205 dicendo,

1947 4256 2020 4310 Da
2045 4295 2060 4322 ,
2084 4250 2224 4324 quod
2247 4264 2350 4304 non
2375 4243 2788 4306 commendasti;
2817 4238 3057 4311 negando
3081 4236 3220 4308 quod
3250 4249 3524 4291 commen-

1947 4346 2130 4402 datum
2155 4341 2440 4411 accepisti?
2466 4337 2619 4394 Tolle
2637 4377 2653 4404 ,
2676 4335 2864 4404 collige
2891 4330 3320 4388 lucradamnosa
3351 4346 3364 4383 :
3393 4342 3520 4383 ecce

1947 4449 2126 4491 arcam
2154 4429 2404 4502 implesti,
2423 4427 2646 4483 multum
2663 4438 2848 4479 aurum
2869 4419 3170 4492 acquisisti;
3201 4432 3378 4473 arcam
3403 4431 3521 4473 cor-

1947 4527 2031 4583 dis
2056 4526 2286 4588 discute,
2314 4520 2470 4576 ﬁdem
2502 4515 2796 4589 perdidisti.

2019 4619 2075 4674 8.
2112 4613 2414 4670 Jucundilas
2449 4611 2501 4664 in
2531 4607 2656 4673 Deo,
2683 4615 2726 4660 et
2755 4605 2808 4659 in
2834 4604 3033 4659 aeternis
3054 4602 3192 4657 bonis
3220 4617 3330 4672 qua:
3362 4600 3520 4655 dedit.

1951 4712 2138 4766 Rectus
2163 4705 2312 4762 corde
2348 4703 2431 4774 qui
2463 4701 2634 4756 laudat
2663 4697 2922 4769 ﬂagellum
2942 4695 3192 4765 patris.—
3216 4692 3348 4748 Redi
3371 4705 3520 4762 ergo,

1951 4802 1997 4856 si
2027 4798 2237 4856 sensisti
2280 4793 2496 4865 aliquid,
2540 4788 2892 4854 sicrubuisti,
2941 4786 2986 4840 si
3027 4784 3164 4855 quod
3211 4797 3428 4853 pravum
3466 4791 3518 4836 et

1951 4907 2171 4949 curvum
2199 4889 2370 4944 fuerat
2387 4882 2668 4941 correxisti
2698 4900 2714 4937 :
2743 4879 2876 4946 redi,
2904 4878 3165 4934 delectare
3190 4877 3241 4930 in
3275 4874 3519 4938 Domino,

1949 4984 2244 5057 jucundare
2261 4982 2312 5036 in
2327 4978 2569 5034 Domino.
2585 4972 2882 5043 iucundare
2907 4971 2961 5025 in
2988 4970 3052 5024 iis
3069 4983 3186 5039 qua:
3201 4965 3360 5036 jussit
3372 4967 3391 4996 ³
3420 4965 3525 5019 Do-

1956 5055 2160 5143 minus,
2192 5082 2252 5130 ut
2293 5067 2602 5142 jucundcris
2628 5067 2680 5122 in
2709 5065 2952 5121 Domino.
2976 5058 3276 5118 Jucundare
3305 5057 3356 5111 in
3398 5055 3522 5124 ﬁde,

1952 5165 2244 5237 jucundare
2272 5163 2326 5217 in
2369 5174 2483 5230 spe,
2506 5156 2799 5229 jucundare
2842 5155 2894 5210 in
2922 5151 3198 5213 charitate,
3230 5147 3525 5217 jucundare

1956 5265 2010 5320 in
2039 5257 2423 5324 misericordia,
2443 5253 2734 5325 jucundare
2755 5253 2807 5308 in
2835 5247 3211 5319 hospitalitate,
3232 5243 3529 5316 jucundare

2022 5376 2036 5406 ³
2065 5374 2136 5421 sic
2155 5371 2440 5420 Victorinum
2465 5365 2731 5428 exemplar.
2765 5369 2822 5413 At
2845 5360 2984 5420 editi,
3007 5363 3054 5409 et
3081 5369 3327 5423 exaggera
3349 5353 3432 5408 tibi
3454 5353 3532 5406 lu-

1955 5443 2074 5492 tum,
2097 5433 2223 5493 quod
2246 5429 2439 5494 premis.
2554 5488 2567 5494 _
2806 5486 2825 5494 _
2878 5483 2889 5492 .

2020 5499 2039 5527 ²
2065 5486 2349 5544 t'i'ctorix'ium
2375 5488 2642 5552 exemplar,
2667 5498 2774 5550 qua?
2795 5486 2924 5547 fecit.

1960 5599 2100 5659 epist.
2125 5595 2186 5645 50
2217 5594 2364 5654 (nunc
2400 5591 2502 5650 183,
2542 5586 2797 5659 n._'15).de_
2813 5584 3096 5659 Donatistis:
3131 5584 3484 5659 rnessimprum
3507 5597 3528 5622 ι

1959 5643 2469 5721 ᾗὶήῖιίιξέιέοτγονιιῐη,
2491 5643 2560 5700 ἰιι
2585 5643 2724 5700 liberi
2757 5647 3097 5705 abscederent,
3136 5644 3311 5695 tabula:
3347 5643 3536 5703 frange-

1971 5742 1991 5768 α
2016 5724 2204 5770 lantur.
2229 5735 2250 5764 to
2280 5724 2504 5766 Summo.
