4002 6442
530 310 634 365 N7

527 426 590 478 iu
614 425 879 480 castitate.
910 425 1033 479 llaec
1061 437 1238 478 omnia
1281 421 1417 475 bona
1445 425 1587 485 sunt,
1624 416 1861 472 thesauri
1889 413 2112 469 interio-

533 515 609 569 ris
632 513 895 579 hominis;
920 528 1170 584 getnmaa,
1193 525 1298 564 non
1329 523 1466 563 arere
1503 516 1624 574 tuae,
1654 506 1748 562 sed
1774 504 2112 561 conscientia:

529 617 652 664 tum.
685 605 778 661 His
832 620 951 661 ama
976 604 1129 658 dives
1155 615 1298 665 esse,
1320 614 1450 670 quas
1477 598 1689 652 divitias
1716 613 1814 652 nec
1841 593 2112 663 naufragio

527 698 704 767 possis
738 698 1016 759 amittere;
1048 691 1189 748 unde
1230 692 1274 745 si
1307 691 1480 745 nudus
1514 689 1731 753 exieris,
1767 688 1954 757 plenus
1980 685 2106 739 eris.

524 790 617 846 Sic
635 791 780 846 enim
804 787 918 844 exis
933 794 987 842 et
1017 792 1194 840 rectus
1215 782 1470 848 corde,ut
1498 780 1748 845 lauderis,
1777 794 1881 832 non
1920 791 2106 846 repre-

524 881 765 940 hendens
794 877 1072 933 Dominum
1101 882 1272 941 tuum,
1301 874 1344 928 si
1375 871 1506 945 quid
1526 871 1619 926 tibi
1641 869 1890 925 acciderit
1920 869 1971 922 in
2002 868 2103 922 hoc

522 973 740 1036 srcculo,
780 978 834 1024 et
861 968 1084 1024 laudans
1113 966 1375 1036 ﬂagellum
1413 965 1603 1029 Patris,
1644 962 1794 1032 cujus
1818 968 2101 1030 exspectas

521 1062 907 1118 hacreditatem.
949 1059 1096 1131 Fuge
1141 1059 1242 1114 sub
1279 1073 1441 1111 manu
1487 1053 1836 1110 emcndantis.
1887 1052 2000 1106 Non
2050 1059 2101 1105 te

521 1165 736 1210 avertas
763 1167 792 1206 a
822 1151 1122 1222 disciplina,
1155 1148 1276 1219 quia
1307 1147 1395 1203 ille
1421 1147 1510 1216 qui
1536 1144 1780 1201 eritendat
1823 1152 1891 1207 te,
1921 1148 2100 1197 errare

521 1261 628 1298 non
655 1253 849 1314 potest.
883 1242 1039 1297 Novit
1071 1240 1196 1311 quid
1234 1249 1408 1295 tecum
1435 1236 1594 1292 faciat
1633 1237 1722 1306 qui
1750 1246 1800 1291 te
1831 1235 1972 1290 fecit.
2016 1236 2096 1288 An

519 1337 658 1391 forte
687 1345 792 1391 tam
821 1333 1124 1404 imperitum
1156 1341 1306 1402 putas
1343 1330 1597 1385 artificem
1632 1337 1800 1390 tuum,
1838 1335 1895 1382 ut
1939 1326 2099 1382 sciret

520 1431 696 1485 facere
720 1438 797 1494 te,
813 1436 867 1484 et
885 1427 1222 1482 obliviscatur
1237 1424 1362 1495 quid
1383 1432 1559 1479 tecum
1579 1421 1779 1477 faciat?
1801 1422 2096 1488 Antequam

519 1535 690 1588 esses,
715 1521 782 1576 de
804 1527 854 1576 te
874 1518 1122 1589 cogitavit
1149 1537 1161 1573 :
1186 1533 1309 1572 nam
1337 1515 1434 1570 nisi
1461 1515 1530 1570 de
1553 1524 1603 1570 te
1627 1514 1932 1584 cogitasset,
1957 1527 2093 1568 nun-

517 1626 677 1681 quam
711 1625 877 1665 esses.
913 1611 1048 1680 Ergo
1071 1609 1137 1664 de
1165 1618 1216 1663 te
1253 1606 1502 1675 cogitavit
1525 1612 1810 1675 antequam
1840 1617 2009 1669 esses,
2041 1611 2097 1656 ut

518 1715 700 1765 esses;
741 1709 798 1755 et
818 1700 926 1770 jam
975 1709 1026 1755 te
1070 1700 1403 1764 existentem,
1441 1706 1763 1761 manentem,
1804 1695 2088 1757 viventem,

516 1790 618 1845 sibi
639 1791 957 1845 servientem
980 1798 1304 1853 contemnet,
1332 1799 1485 1859 teque
1510 1787 1800 1859 despiciet?
1823 1787 2091 1856 Despexit,

515 1883 693 1954 inquis
721 1900 734 1936 :
761 1882 872 1951 jam
895 1883 1064 1946 oravi,
1098 1896 1201 1935 non
1231 1895 1320 1936 me
1342 1880 1562 1935 audivit.
1596 1879 1753 1946 Quid,
1800 1880 1842 1932 si
1867 1877 1968 1932 hoc
1999 1893 2092 1944 pe-

518 1974 688 2038 tebas,
721 1972 860 2043 quod
891 1973 1030 2026 malo
1059 1981 1148 2027 tuo
1178 1973 1493 2039 accepisses,
1531 1972 1576 2026 si
1607 1970 1945 2040 accepisses?
1967 1971 2091 2025 Plo-

512 2064 626 2120 savi
652 2072 776 2120 ante
804 2064 972 2129 illum,
1002 2071 1058 2118 et
1082 2078 1186 2116 non
1215 2062 1342 2116 mihi
1371 2062 1535 2117 dedit.
1567 2061 1612 2117 Ο
1638 2078 1769 2132 puer
1797 2063 2085 2124 inseusate,

511 2157 569 2217 in
611 2170 716 2226 quo
750 2154 1002 2224 plorasti?
1030 2154 1100 2210 Ut
1147 2154 1416 2224 acciperes
1451 2153 1759 2209 felicitatem
1797 2153 2086 2215 carnalem,

509 2247 815 2304 felicitatem
860 2245 1224 2315 temporalem,
1269 2244 1570 2301 felicitatem
1603 2255 1885 2300 terrenam.
1928 2243 2091 2312 Quid,

511 2339 558 2393 si
589 2339 688 2394 ista
717 2336 961 2403 felicitas,
1001 2351 1160 2407 quam
1204 2336 1493 2408 exoptabas
1531 2345 1585 2391 et
1621 2336 1860 2405 petebas,
1911 2344 1967 2390 et
1995 2351 2090 2406 pro

510 2445 614 2502 qua
656 2431 928 2502 plet-abas,
961 2430 1315 2500 prtecipitaret
1359 2431 1446 2486 te?
1473 2429 1789 2485 Iamdudum
1837 2430 2090 2499 loquebar

508 2521 578 2577 de
597 2535 756 2577 servo
782 2529 892 2584 tuo,
924 2537 1064 2576 nunc
1103 2519 1501 2577 similitudinem
1527 2521 1710 2590 accipe
1745 2519 1811 2575 de
1840 2521 1946 2574 tilio
1975 2529 2085 2574 tuo.

506 2613 691 2669 Plorat
721 2621 845 2668 ante
882 2621 932 2668 te
969 2612 1112 2668 filius
1152 2621 1272 2668 tuus
1319 2628 1532 2683 parvus,
1582 2622 1640 2668 ut
1683 2627 1804 2667 eum
1854 2613 1997 2666 leves
2034 2613 2086 2666 in

507 2719 702 2775 equum
757 2715 902 2762 tuum
934 2724 952 2762 :~
981 2704 1233 2776 numquid
1289 2705 1481 2760 audis?
1530 2705 1787 2776 numquid
1833 2705 2088 2760 exaudis?

504 2797 682 2854 Durus
707 2812 786 2865 es,
815 2813 882 2854 an
926 2797 1100 2867 potius
1138 2797 1483 2852 misericors?
1512 2796 1648 2866 Quid
1673 2805 1774 2862 est,
1805 2796 1892 2852 die
1934 2798 2084 2864 mihi,

504 2907 614 2963 quo
633 2892 858 2948 consilio
880 2891 1006 2946 lacis
1021 2892 1050 2945 ?
1069 2891 1226 2947 Certe
1249 2889 1354 2947 hoc
1377 2891 1656 2947 consilium
1685 2899 1767 2948 est
1791 2891 2084 2956 charitatis,

503 2984 626 3053 quis
639 2983 882 3040 dubitet?
906 2983 1002 3039 Cui
1023 2983 1208 3054 grandi
1229 2997 1412 3040 servas
1434 2991 1598 3038 totam
1624 2983 1866 3050 domum,
1894 2999 2085 3054 parvu-

505 3076 614 3132 lum
641 3075 935 3146 plorantem
963 3089 1073 3132 non
1091 3074 1236 3130 levas
1265 3075 1318 3130 in
1339 3075 1591 3145 equum’.
1624 3075 1811 3130 Omnia
1841 3089 1958 3144 qua:
1985 3074 2082 3129 ha-

505 3167 618 3233 bes,
659 3175 716 3222 et
749 3155 965 3221 domum
1012 3175 1068 3222 et
1103 3167 1358 3237 quidquid
1400 3168 1452 3222 in
1482 3166 1664 3234 domo,
1712 3176 1766 3224 et
1808 3183 1991 3238 agrum
2029 3177 2085 3224 et

501 3259 757 3331 quidquid
781 3260 833 3313 in
859 3273 1008 3330 agro,
1038 3259 1110 3314 illi
1148 3274 1360 3325 servas;
1381 3267 1436 3315 et
1460 3269 1640 3316 tamen
1665 3261 1716 3316 in
1752 3277 1945 3332 equum
1976 3278 2080 3318 non

499 3351 652 3406 levas
675 3350 949 3421 parvulum
971 3351 1288 3420 plorantem.
1317 3350 1497 3406 Ploret
1523 3362 1776 3421 quantum
1806 3354 1936 3418 vult,
1973 3362 2080 3410 tota

502 3442 593 3498 die
629 3443 834 3512 ploret;
867 3457 975 3497 non
1002 3442 1242 3508 exaudis,
1282 3451 1340 3498 et
1379 3444 1741 3500 misericordia
1771 3461 1876 3501 non
1913 3462 2076 3502 exau-

501 3537 606 3599 dis,
638 3546 693 3590 et
715 3537 760 3591 si
790 3535 1091 3604 exaudires,
1121 3536 1352 3592 crudelis
1375 3551 1544 3593 esses.
1573 3538 1708 3594 Vide
1735 3554 1886 3611 ergo,
1907 3541 2079 3611 cogita

499 3627 602 3683 hoc
623 3626 698 3701 (a)
731 3624 823 3682 tibi
850 3627 1005 3682 faciat
1035 3627 1292 3684 Dominus
1317 3636 1456 3695 tuus,
1488 3628 1701 3700 quando
1729 3633 1864 3700 petis
1891 3632 2078 3687 incon-

496 3733 649 3788 grua,
681 3727 736 3774 et
765 3734 873 3774 non
917 3720 1132 3789 accipis.
1164 3719 1326 3776 Forte
1360 3721 1504 3776 enim
1549 3731 1601 3778 te
1643 3724 1818 3794 inepia
1847 3725 2075 3794 erudiet,

496 3809 647 3878 copia
668 3817 990 3878 corrumpet.
1015 3809 1220 3877 Quaaris
1242 3819 1296 3866 tu
1321 3813 1530 3881 copiam
1550 3813 1924 3883 corruptionis,
1955 3831 2076 3870 eum

495 3903 796 3956 necessaria
823 3900 1050 3957 fortasse
1070 3903 1138 3956 sit
1158 3903 1332 3973 inepia
1359 3903 1694 3959 eruditionis.
1728 3906 1941 3962 Dimitte
1964 3907 2077 3963 Deo

497 4000 609 4056 tuo,
639 3991 726 4060 qui
749 3990 849 4046 scit
867 3991 992 4060 quid
1019 3991 1111 4046 det
1133 3992 1244 4055 tibi,
1285 3992 1414 4062 quid
1441 3992 1589 4048 tollat
1611 3995 1723 4049 tibi.
1755 3996 1889 4051 Nam
1915 3996 1960 4052 si
1987 3997 2077 4053 det

495 4083 594 4138 tibi
624 4083 762 4154 quod
806 4085 945 4139 male
973 4086 1126 4152 petis,
1155 4084 1292 4138 forte
1332 4085 1496 4139 iratus
1519 4086 1629 4140 dat.
1671 4087 1807 4141 Audi
1833 4090 2075 4159 exempla

497 4176 567 4232 de
607 4175 764 4246 Lege.
824 4173 1088 4230 lsraelitas
1136 4176 1572 4244 eoneupiseentes
1617 4179 2077 4246 concupiscentias

499 4269 702 4322 ventris
726 4277 782 4323 et
806 4269 1054 4338 gutturis,
1071 4269 1338 4325 exaudivit
1363 4269 1528 4324 iratus
1552 4271 1745 4339 (Exodi
1769 4272 1880 4343 xvr)
1906 4273 2075 4328 :Pau-

494 4359 604 4412 lum
639 4357 923 4424 dicentem,
975 4358 1128 4414 Tolle
1182 4375 1212 4413 a
1267 4375 1353 4414 me
1397 4362 1668 4416 Stimulum
1714 4365 1921 4432 carnis,
1970 4381 2074 4422 non

497 4447 764 4504 exaudivit
793 4451 1054 4519 propitius
1082 4449 1149 4519 (ll
1169 4449 1287 4506 Cor.
1321 4468 1417 4518 xu,
1448 4453 1582 4524 7-9).

565 4539 618 4595 9.
661 4537 939 4594 Delectatio
979 4542 1177 4610 piorum
1221 4544 1274 4596 in
1306 4542 1413 4597 Deo
1438 4545 1637 4600 amissis
1672 4549 1882 4604 terrenis
1905 4551 2070 4606 rebus.

492 4631 618 4688 Ideo
667 4630 935 4687 deleatare
974 4632 1027 4686 in
1074 4633 1316 4698 Domino,
1369 4633 1669 4704 jucundare
1713 4638 1765 4692 in
1827 4641 2072 4708 Domino,

492 4707 602 4778 nan
625 4723 676 4778 in
703 4725 918 4779 sat-culo.
951 4723 1008 4778 In
1036 4724 1260 4780 Domino
1280 4726 1422 4781 enim
1441 4727 1830 4796 jucundabatur
1851 4733 1959 4799 ille,
1985 4735 2072 4805 qui

494 4829 616 4868 cum
645 4813 967 4886 perdidisset
1009 4823 1172 4870 totam
1199 4815 1584 4885 jucunditatem
1616 4825 1818 4890 szeculi,
1866 4841 2074 4883 reman-

489 4906 560 4960 sit
590 4905 640 4961 ei
669 4906 946 4972 Dominus,
975 4906 1027 4960 in
1054 4922 1161 4976 quo
1184 4908 1564 4977 jucundaretur
1597 4932 1608 4967 :
1635 4917 1891 4970 remansit
1927 4919 1975 4972 ei
2018 4920 2070 4974 in

490 5000 566 5052 ira
611 4999 837 5069 simplex
875 4997 971 5071 (b),
1017 4999 1256 5070 perfecta
1298 5012 1351 5057 et
1389 5004 1734 5062 immutabilis
1766 5007 2070 5077 jucunditas

491 5090 674 5145 cordis
697 5090 834 5160 ejus.
860 5090 992 5161 Qtue
1028 5092 1255 5149 habebat
1289 5096 1610 5165 possidebat,
1641 5114 1744 5154 non
1769 5101 2072 5170 possideba-

490 5187 579 5232 tur
605 5195 618 5244 ;
647 5195 678 5236 a
706 5182 928 5239 Domino
960 5194 1136 5239 autem
1165 5186 1568 5256 possidebatur:
1601 5190 1687 5244 illa
1717 5193 1972 5255 caleahat.
2005 5210 2069 5249 ex

491 5271 585 5326 illo
611 5273 904 5341 pendebat:
929 5277 1020 5332 ille
1042 5277 1146 5332 illis
1175 5279 1459 5340 subtractis
1483 5297 1600 5351 qua:
1625 5285 1883 5354 calcabat,
1917 5287 2070 5344 laesit

557 5425 766 5503 ξ-δξιςφὲλ
779 5439 868 5503 per
885 5429 1072 5503 pullum
1092 5431 1332 5494 ploratum
1353 5432 1480 5487 levas
1513 5437 1563 5489 in
1584 5453 1775 5503 equum.
1801 5446 2071 5496 Emendavi-

491 5498 602 5540 mus
622 5487 802 5535 auxilio
819 5488 992 5538 codicis
1009 5506 1055 5540 ν.

552 5546 627 5669 ἑοὶ
659 5555 797 5598 Forte
821 5584 836 5608 ,
860 5548 1012 5613 cogita
1030 5565 1092 5603 an
1112 5554 1218 5606 hoc.

577 5610 605 5657 ὸ
652 5611 811 5669 Μοτει,
830 5611 1218 5669 Hement.critic

577 5610 1234 5692 9ἓ.3ἲ9ἐε¹ε-ἓέ9ἓῖξεὲξέίέ,ενίιὲο-
1254 5623 1527 5692 ωδε-1³1,
1550 5625 1655 5692 152,
1670 5631 1933 5690 suspicatur
1949 5632 2071 5684 forte

489 5669 775 5752 ﬁgendum,
796 5669 1024 5752 renuntsit
1038 5676 1084 5752 ei
1094 5741 1104 5749 θ
1114 5669 1268 5752 mira;
1280 5669 1502 5746 δῖἷῖίριὲᾶξ

491 5731 724 5791 hactenus
747 5744 971 5807 usurpata
993 5737 1154 5792 lectio.
1218 5731 1272 5793 ai.

1761 300 1817 354 S.
1850 295 2216 353 AUGUSTINI
2257 295 2563 354 EPISCOPI

3687 315 3790 373 ηε

2221 409 2274 463 in
2305 411 2399 466 illo
2431 413 2484 468 in
2523 429 2629 484 quo
2658 416 2937 484 pendebat.
2978 419 3119 476 Ecce
3158 435 3302 476 enim
3328 423 3453 493 quid
3492 423 3563 480 sit
3591 426 3644 481 in
3680 427 3787 483 Do;-

2219 503 2363 559 mino
2385 504 2685 574 jucundari.
2713 507 2961 565 Dominus
2985 511 3139 579 dedit,
3159 513 3426 583 Dominus,
3453 517 3573 574 vide
3591 519 3786 588 jucun-

2215 593 2458 663 ditatem,
2480 596 2727 653 Dominus
2746 599 2948 655 abstulit
2969 618 2987 656 :
3012 605 3268 674 numquid
3289 620 3348 661 se
3367 606 3614 662 abstulit?
3632 609 3786 676 Quod

2214 683 2359 740 dedit
2387 686 2636 753 abstulit;
2674 691 2766 760 qui
2791 690 2957 760 dedit,
3002 708 3061 749 se
3107 695 3324 761 obtulit;
3363 698 3687 766 jucundatur
3727 701 3782 754 in

2210 773 2455 830 Domino.
2507 777 2686 848 Ergo,
2735 779 2986 856 Dominus
3034 784 3193 851 dedit,
3247 784 3497 842 Dominus
3547 790 3783 854 abstulit;

2208 863 2337 918 sicut
2363 863 2581 921 Domino
2607 869 2816 938 placuit,
2838 870 2911 924 ita
2932 871 3122 939 factum
3142 883 3213 928 est
3233 891 3253 927 :
3279 875 3342 929 sit
3373 891 3552 931 nomen
3579 875 3786 932 Domini

2206 953 2518 1012 benedictum
2546 956 2669 1031 (Job
2694 976 2733 1027 ι,
2755 959 2870 1032 21).
2901 961 3075 1031 Quare
3092 964 3369 1036 displiceat
3390 982 3544 1025 servo
3559 969 3611 1024 id
3639 969 3783 1039 quod

2206 1045 2407 1114 placuit
2453 1048 2712 1105 Domino?
2748 1051 2975 1120 Aurum,
3013 1054 3204 1125 inquit,
3251 1057 3476 1125 perdidi,
3523 1058 3780 1118 familiam

2207 1134 2432 1203 perdidi,
2479 1152 2674 1208 pecora
2717 1141 2941 1211 perdidi,
2977 1144 3230 1216 quidquid
3272 1146 3430 1202 habui
3475 1150 3680 1218 perdidi
3710 1166 3781 1207 :a

2203 1241 2308 1294 quo
2335 1227 2524 1296 habeo,
2554 1244 2660 1285 non
2693 1231 2915 1301 perdidi.
2959 1234 3169 1290 Perdidi
3206 1236 3346 1306 quod
3371 1237 3623 1306 dederat;
3653 1256 3782 1298 eum

2201 1335 2306 1374 non
2334 1321 2556 1389 perdidi,
2584 1324 2734 1394 cujus
2761 1325 2873 1394 ipse
2898 1342 3036 1381 sum.
3073 1327 3362 1385 Delectatio
3386 1346 3504 1386 mea
3529 1331 3662 1401 ipse,
3692 1332 3777 1388 di-

2202 1411 2342 1465 vitia:
2367 1427 2499 1466 mea:
2527 1413 2661 1483 ipse.
2690 1414 2795 1472 Sed
2825 1418 3021 1486 quare?
3045 1418 3178 1485 Quia
3207 1434 3315 1476 non
3341 1436 3641 1491 perverstls,
3667 1438 3781 1479 non

2199 1501 2370 1569 capite
2397 1502 2667 1569 deorsum,
2690 1520 2797 1560 non
2825 1507 3055 1577 neglexit
3072 1523 3194 1564 eum
3220 1510 3310 1581 qui
3328 1526 3489 1581 supra
3512 1526 3571 1567 se
3590 1522 3691 1580 est,
3719 1522 3780 1569 et

2198 1589 2384 1646 dilexit
2407 1608 2466 1648 ea
2495 1610 2612 1664 qua:
2641 1595 2776 1651 intra
2801 1612 2879 1654 se.
2903 1597 3018 1670 Ipsa
3039 1609 3121 1656 est
3140 1601 3280 1659 enim
3302 1605 3621 1674 perversitas
3639 1605 3777 1661 male

2199 1679 2379 1734 utendi
2407 1691 2672 1741 creatura.

2269 1769 2355 1825 10.
2400 1771 2534 1828 Usus
2589 1776 2704 1829 auri
2754 1777 2864 1846 quis
2924 1779 3108 1846 malus,
3148 1781 3258 1852 quis
3294 1781 3470 1837 bonus.
3513 1782 3648 1850 Quid
3681 1798 3775 1839 ac-

2196 1876 2352 1917 cusas
2405 1864 2496 1934 qui
2544 1864 2692 1920 dedit
2732 1882 2945 1936 aurum,
2990 1871 3079 1940 qui
3127 1882 3273 1927 recte
3319 1875 3586 1929 accusaris
3635 1875 3778 1932 male

2197 1955 2424 2010 amando
2456 1959 2680 2012 aurum?
2727 1959 2872 2015 Habe
2911 1977 3117 2030 aurum,
3167 1963 3294 2020 dicit
3334 1965 3428 2020 tibi
3460 1965 3617 2031 Deus,
3650 1967 3777 2023 dedi

2199 2048 2309 2114 tibi,
2341 2049 2667 2106 bencutere.
2696 2050 2886 2106 Ornari
2914 2053 2995 2109 vis
3012 2069 3172 2121 auro;
3201 2071 3330 2110 orna
3352 2057 3526 2127 potius
3547 2072 3768 2112 aurum:

2198 2138 2453 2194 honorem
2474 2140 2574 2208 vis,
2610 2141 2773 2198 decus
2807 2143 2884 2198 vis
2917 2144 2986 2199 ab
3008 2160 3174 2212 auro;
3203 2147 3364 2203 decus
3393 2156 3580 2218 praesta
3618 2165 3774 2211 auro.

2197 2244 2262 2284 ne
2282 2231 2354 2285 sis
2376 2229 2609 2287 dedecus
2631 2233 2768 2288 auri.
2799 2234 2997 2289 Aurum
3039 2235 3198 2291 habet
3231 2247 3512 2305 scortator,
3546 2238 3776 2294 fornica-

2195 2329 2297 2387 tor,
2323 2321 2616 2376 luxuriator
2639 2340 2652 2376 :
2673 2323 2780 2378 edit
2801 2326 3131 2395 pompaticos
3149 2327 3323 2396 ludos,
3341 2329 3523 2384 insana
3548 2345 3777 2387 munera

2193 2411 2359 2465 donat
2387 2411 2770 2479 histrionibus;
2801 2416 3158 2472 esurientibus
3185 2419 3504 2488 pauperibus
3536 2435 3642 2474 non
3672 2419 3774 2474 do-

2195 2512 2286 2556 nat
2311 2521 2325 2557 :
2349 2518 2454 2558 non
2482 2513 2564 2559 est
2581 2505 2749 2561 decus
2768 2507 2902 2561 auri.
2926 2507 3110 2564 Nonne
3134 2511 3222 2580 qui
3241 2519 3383 2566 recte
3405 2511 3628 2566 attendit
3649 2512 3775 2579 hoc,

2193 2593 2343 2660 dicit,
2389 2595 2550 2650 Doleo
2575 2611 2762 2651 aurum
2792 2598 2933 2667 quod
2972 2599 3027 2654 in
3059 2599 3210 2655 illum
3252 2601 3506 2668 incurrit;
3536 2618 3569 2656 ο
3597 2603 3642 2656 si
3672 2618 3776 2674 ego

2194 2685 2322 2740 illud
2354 2685 2638 2742 haberem!
2680 2687 2748 2742 Et
2776 2697 2830 2742 tu
2867 2703 3052 2743 aurum
3082 2691 3130 2744 si
3155 2689 3377 2746 haberes
3405 2709 3417 2744 :
3444 2692 3602 2746 modo
3628 2693 3777 2748 enim

2191 2777 2347 2845 dicis,
2376 2778 2540 2834 Doleo
2574 2794 2759 2834 aurum
2787 2780 2926 2850 quod
2957 2781 3009 2835 in
3050 2781 3210 2836 istum
3238 2782 3491 2850 incurrit;
3519 2797 3554 2838 ο
3587 2784 3633 2838 si
3671 2800 3777 2855 ego

2191 2869 2322 2924 illud
2346 2869 2628 2924 haberem!
2661 2870 2785 2941 quid
2813 2871 3055 2926 faceres?
3081 2873 3397 2944 Peregrinos
3424 2874 3775 2944 susciperem,

2192 2959 2377 3030 inopes
2406 2975 2702 3029 poscerem,
2745 2962 2913 3018 nudos
2947 2965 3220 3033 vestirctn,
3263 2965 3496 3037 captivos
3535 2965 3773 3022 redime-

2190 3065 2326 3105 rem.
2358 3050 2504 3105 Bona
2542 3052 2773 3122 loqueris
2811 3063 3093 3125 antequam
3135 3056 3332 3112 habeas
3355 3077 3368 3112 :
3393 3058 3512 3114 vide
3537 3058 3781 3128 loquaris

2190 3139 2400 3209 quando
2426 3140 2696 3197 habueris.
2727 3142 2784 3198 Si
2821 3144 2896 3199 sis
2935 3145 3071 3212 talis,
3112 3147 3217 3204 erit
3249 3163 3436 3206 aurum
3472 3150 3529 3207 in
3564 3159 3654 3208 tuo
3680 3168 3775 3208 or-

2190 3238 2336 3285 natu.
2369 3230 2426 3286 Si
2454 3246 2582 3288 vero
2624 3233 2702 3288 sic
2744 3235 2908 3291 uteris
2936 3251 3088 3305 auro,
3121 3241 3245 3310 quia
3275 3243 3390 3311 plus
3428 3243 3600 3314 diligis
3643 3259 3772 3300 eum

2188 3322 2278 3393 qui
2315 3323 2517 3379 creavit
2552 3339 2763 3389 aurum,
2804 3328 2910 3382 eris
2950 3339 3148 3398 rectus,
3186 3335 3459 3402 superiora
3497 3335 3616 3406 plus
3644 3336 3774 3390 dili—

2187 3429 2334 3485 gens,
2362 3414 2698 3472 inferioribus
2725 3428 2887 3484 recte.
2905 3429 3091 3488 utens;
3119 3432 3173 3478 et
3199 3423 3547 3480 delectaberis
3580 3425 3636 3480 in
3660 3425 3778 3482 Dea

2187 3508 2353 3574 mino,
2371 3509 2546 3579 justus
2578 3511 2633 3566 in
2673 3513 2898 3569 Domino
2923 3515 3320 3584 jucundaberis.
3349 3519 3463 3576 Non
3489 3521 3590 3576 erit
3618 3520 3672 3575 in
3715 3530 3777 3576 te

2187 3601 2452 3654 accusatio
2475 3601 2762 3670 Creatoris,
2793 3604 2888 3659 sed
2915 3605 3015 3660 erit
3040 3608 3327 3676 gratiarum
3365 3611 3501 3666 actio
3525 3610 3731 3668 Redem
3748 3640 3768 3651 -

2186 3690 2373 3758 ptoris.

2688 3761 2917 3819 SERMO
2953 3763 3132 3820 xxn'
3157 3766 3251 3839 (a).

2187 3847 2261 3903 De
2295 3867 2436 3905 versu
2478 3852 2513 3906 '5
2553 3851 2752 3907 Psalmi
2790 3869 2950 3922 vatt,
2996 3856 3141 3912 Sicut
3181 3858 3354 3914 deficit
3391 3859 3585 3927 fumus,
3625 3859 3766 3916 defi-

2763 3945 2922 4011 ciant,
2948 3957 3040 4002 etc.
3063 3947 3157 4020 (ὁ).

2251 4031 2477 4090 CAPUT
2542 4033 2902 4091 PRISIUM.—
2943 4041 2994 4092 i.
3037 4039 3293 4109 Pr0p/zeta
3345 4052 3486 4098 utens
3541 4047 3770 4114 optantis

2183 4124 2346 4194 ﬁgura
2378 4165 2392 4189 ,
2425 4126 2628 4180 visionis
2685 4143 2789 4181 sua:
2849 4131 3193 4185 certitudinem
3247 4133 3516 4204 signiﬁcat.
3589 4136 3763 4190 Audi-

2183 4215 2369 4280 vimus,
2407 4224 2460 4269 et
2506 4219 2951 4286 eontremuimus,
2998 4221 3135 4290 quod
3180 4222 3236 4276 in
3283 4239 3411 4279 voce
3451 4223 3644 4279 Psalmi
3677 4235 3768 4281 est

2183 4305 2575 4374 prophetatum.
2603 4307 2694 4362 Ait
2718 4309 2858 4364 enim
2886 4329 2898 4364 ε
2930 4309 3259 4382 Sicutdeﬁcit
3288 4318 3478 4386 fumus,
3496 4315 3768 4384 deﬁciant;

2179 4395 2304 4450 sicut
2326 4398 2440 4467 fluit
2479 4415 2596 4452 cera
2635 4415 2666 4452 a
2695 4401 2825 4470 facie
2865 4401 3016 4474 ignis,
3057 4403 3129 4455 sic
3169 4414 3371 4474 pereant
3400 4416 3684 4476 peccatores
3732 4427 3768 4463 a

2180 4489 2308 4558 {acie
2336 4487 2444 4542 Dei.
2473 4489 2587 4545 Non
2609 4489 2814 4560 dubito,
2838 4493 3040 4563 fratres
3066 4496 3192 4562 mei,
3231 4497 3371 4566 quod
3401 4499 3636 4554 omnium
3665 4516 3771 4558 ve—

2179 4589 2344 4632 strum
2384 4581 2544 4635 corda
2567 4596 2821 4638 concussa
2851 4583 2976 4649 sint,
3006 4600 3106 4639 nec
3131 4585 3440 4657 cujusquam
3477 4592 3773 4648 conscien-

2179 4668 2248 4722 tia
2277 4669 2376 4723 sub
2416 4671 2497 4726 his
2527 4672 2703 4727 verbis
2740 4673 3002 4743 intrepida
3035 4677 3262 4732 steterit.
3293 4677 3422 4745 Quis
3477 4681 3616 4735 enim
3642 4682 3772 4751 glo-

2178 4758 2400 4814 riabitur
2428 4772 2628 4816 castum
2665 4779 2723 4819 se
2769 4763 2965 4820 habere
3010 4769 3140 4822 cor?
3172 4782 3263 4824 aut
3298 4772 3415 4841 quis
3448 4772 3771 4843 gloriabitur

2179 4850 2433 4904 mundum
2464 4866 2524 4906 se
2561 4867 2682 4908 esse
2720 4869 2752 4908 a
2789 4857 3043 4924 peccato?
3082 4861 3158 4914 Ac
3184 4875 3279 4929 per
3307 4861 3409 4918 hoc
3447 4879 3566 4918 cum
3609 4864 3770 4922 Scri-

2178 4951 2326 5012 ptura
2357 4942 2504 5010 dicit,
2546 4945 2688 4999 Sicut
2711 4949 2824 5017 ﬂuit
2861 4966 2976 5003 cera
3017 4968 3049 5004 a
3075 4953 3206 5021 [acie
3245 4955 3396 5025 ignis,
3437 4957 3509 5009 sic
3548 4971 3770 5026 pereant

2181 5044 2461 5114 peccatores
2489 5053 2520 5089 a
2549 5039 2676 5106 facie
2699 5037 2797 5093 Dei
2827 5041 3003 5110 (Prov.
3031 5060 3122 5112 xx,
3155 5046 3230 5116 9),
3264 5047 3382 5117 quis
3408 5064 3511 5103 non
3538 5061 3766 5108 contre-

2178 5126 2384 5193 miscat,
2419 5128 2536 5197 quis
2565 5144 2670 5183 non
2700 5132 3029 5200 pavibundus
3066 5138 3315 5192 exsiliat?
3353 5139 3486 5207 Quid
3522 5157 3645 5211 ergo
3674 5143 3765 5199 fa-

2177 5220 2398 5286 ciemus,
2427 5229 2517 5274 aut
2542 5237 2660 5291 quae
2703 5237 2824 5293 spes
2855 5224 3008 5280 nobis
3036 5230 3155 5284 est?
3180 5229 3362 5302 Neque
3389 5234 3530 5288 enim
3557 5235 3766 5296 frustra

2177 5309 2290 5364 hare
2326 5318 2633 5375 eantantur;
2679 5323 2769 5368 aut
2807 5332 2934 5372 vero
2979 5334 3099 5374 cum
3145 5321 3261 5377 inec
3305 5323 3432 5378 dicit
3461 5325 3762 5398 Propheta,

2175 5408 2321 5472 optat
2345 5417 2407 5456 ea
2436 5401 2758 5474 hominibus,
2782 5422 2844 5463 ae
2874 5425 2978 5465 non
3007 5412 3181 5480 potius
3211 5423 3435 5470 ventura
3472 5417 3758 5486 praevidet.

2241 5582 2257 5650 ζ
2281 5581 2487 5650 r_:oll_atus
2510 5587 2665 5650 estad
2689 5601 2757 5638 es.
2778 5590 2838 5638 cl.
2863 5597 2901 5639 t.
2928 5601 3025 5640 sm.
3051 5598 3126 5643 Er.
3148 5594 3283 5646 Ulim.
3309 5603 3410 5646 Par.
3436 5604 3528 5647 Lov

2236 5642 2308 5764 Ea;
2337 5643 2474 5702 Alias,
2494 5647 2558 5696 de
2581 5647 2818 5712 Tempore
2845 5653 2947 5702 109.

2260 5703 2287 5750 ι»
2333 5710 2400 5752 De
2417 5706 2506 5753 isto
2528 5721 2755 5762 sermone
2782 5715 2947 5764 Possidi

2173 5703 2755 5817 ruébgdlifoilslfpssermonc
2782 5715 3013 5766 Possidius
3035 5718 3084 5769 in
3106 5719 3334 5786 lndiculo,
3360 5733 3464 5786 cap.
3490 5719 3544 5782 8,
3581 5729 3633 5774 et
3656 5723 3762 5778 Flo-
