4014 6310
221 327 326 382 149

219 436 276 490 In
308 433 490 489 verbis
518 428 729 502 quidem
757 425 921 496 ﬁgura
950 419 1181 505 optantis
1210 423 1449 488 apparet,
1478 412 1571 468 scd
1595 411 1794 505 intelli-

217 527 364 596 gitur
389 518 723 592 praescientia
751 502 1062 570 nuntiantis;
1104 510 1251 565 Sicut
1292 506 1431 561 enim
1461 503 1700 596 quaedam
1745 502 1796 554 in

215 594 502 684 Scriptura
529 608 912 678 Prophetarum
943 612 1192 671 tanquam
1227 599 1282 653 in
1312 597 1638 668 praeteritum
1664 594 1799 648 facta

221 711 534 767 narrantur,
565 715 685 756 cum
709 698 879 752 futura
910 693 1262 766 pra-dicantur
1290 706 1304 742 :
1329 689 1398 742 ita
1420 686 1659 758 quaedam
1688 694 1802 738 tan—

222 808 377 862 quam
411 800 545 846 voto
583 789 829 844 dicuntur
864 784 1128 854 optantis;
1167 779 1261 836 sed
1287 779 1375 850 qui
1422 785 1567 832 recte
1608 773 1801 830 intelli-

217 891 352 953 gunt
394 879 541 949 quod
593 877 831 942 audiunt,
878 875 1138 928 visionem
1189 867 1592 940 praenuntiantis
1638 879 1802 934 agno-

218 981 389 1028 scunt.
435 970 620 1042 Longe
656 978 832 1023 autem
870 973 992 1021 ante
1039 963 1364 1018 nativitatem
1391 957 1679 1013 Dominiea:
1724 955 1804 1009 in-

218 1061 574 1127 carnationis,
617 1059 704 1116 isti
730 1058 927 1113 Psalmi
963 1056 1089 1110 dicti
1132 1062 1293 1124 atque
1334 1048 1618 1118 conscripti
1655 1055 1798 1101 sunt.

219 1154 332 1209 Non
361 1164 490 1208 ante
519 1154 686 1208 Deum
710 1151 998 1212 Christum,
1024 1146 1120 1203 sed
1149 1153 1272 1201 ante
1296 1152 1476 1199 natum
1507 1156 1572 1196 ex
1603 1139 1803 1209 virgine

217 1247 379 1301 laria
402 1245 700 1300 Christum.
728 1242 858 1296 Nam
896 1239 1136 1311 profecto
1162 1245 1314 1308 pater
1341 1233 1608 1289 Abraham
1649 1231 1802 1300 longe

217 1346 343 1391 ante
369 1335 537 1390 David
579 1349 782 1404 regem,
821 1331 973 1401 cujus
1015 1338 1254 1398 tempore
1295 1323 1350 1378 hi
1377 1321 1570 1379 Psalmi
1608 1320 1801 1375 cantati

219 1437 363 1491 sunt,
405 1426 526 1480 fuit.
569 1426 823 1480 Dominus
856 1430 1032 1477 autem
1071 1419 1220 1484 dixit,
1251 1420 1378 1471 Ante
1413 1415 1672 1469 Abraham
1713 1427 1802 1482 ego

218 1538 330 1575 suun
355 1521 538 1589 (Joan.
580 1534 699 1583 vm,
729 1516 842 1585 58).
870 1515 986 1586 Ipse
1019 1514 1159 1569 enim
1186 1521 1270 1566 est
1299 1508 1535 1564 Verbum
1563 1506 1673 1570 Dei,
1711 1519 1803 1574 per

219 1611 363 1681 quod
391 1611 536 1666 facta
559 1619 685 1665 sunt
710 1607 888 1663 omnia
914 1625 926 1660 :
959 1604 1052 1660 sed
1081 1604 1192 1674 ipse
1219 1601 1444 1671 implens
1485 1597 1800 1667 Prophetas,

225 1705 277 1757 in
311 1718 486 1758 carne
509 1717 568 1758 se
596 1716 715 1756 esse
735 1708 1012 1754 venturum
1053 1712 1146 1766 per
1171 1709 1264 1750 eos
1288 1691 1550 1763 praedixit.
1578 1688 1658 1743 Ad
1686 1687 1803 1758 ejus

222 1803 400 1849 autem
449 1791 872 1848 incarnationem
918 1787 1146 1858 pertinet
1186 1784 1380 1856 passio.
1432 1783 1614 1853 Neque
1661 1781 1801 1834 enim

225 1884 395 1953 potuit
421 1882 530 1953 pati
559 1881 650 1935 illa
673 1895 793 1950 qua:
819 1880 872 1934 in
902 1877 1187 1948 Evangelia
1215 1877 1408 1946 scripta
1448 1881 1590 1938 sunt,
1619 1871 1719 1925 nisi
1751 1871 1801 1924 in

222 1988 386 2027 carne
409 1971 625 2026 mortali
647 1979 700 2025 et
723 1967 979 2040 passibili,
1004 1982 1160 2038 quam
1181 1965 1418 2036 gerebat.
1441 1963 1506 2020 Et
1527 1963 1596 2017 ibi
1626 1961 1804 2031 utique

222 2061 433 2130 legitur,
465 2058 910 2130 quemadmodum
944 2058 1168 2112 Domino
1191 2055 1442 2112 crucifixo
1472 2054 1527 2108 hi
1565 2053 1654 2122 qui
1685 2067 1804 2107 cru-

223 2153 506 2207 cifixerunt
548 2166 693 2215 eum,
736 2150 1053 2205 vestimenta
1095 2148 1211 2218 ejus
1256 2147 1550 2202 diviserunt
1589 2145 1710 2212 sibi,
1751 2153 1806 2199 et

221 2258 344 2300 cum
382 2243 719 2300 invenissent
752 2242 804 2295 in
834 2240 912 2295 eis
942 2239 1169 2296 tunicam
1196 2237 1425 2308 desuper
1450 2243 1667 2298 textam,
1710 2251 1806 2289 no-

223 2339 438 2392 luerunt
467 2352 587 2392 eam
614 2335 978 2400 conscindere,
1009 2333 1101 2388 sed
1129 2339 1328 2387 sortem
1372 2343 1534 2398 super
1561 2342 1679 2382 eam
1705 2326 1800 2381 mi-

223 2437 436 2492 serunt;
485 2435 543 2481 ut
581 2426 645 2480 ad
688 2441 846 2496 quem
891 2423 1208 2495 perveniret,
1257 2419 1459 2491 integra
1504 2417 1806 2488 perveniret

224 2518 336 2580 (Id.
359 2534 475 2583 ιιι,
507 2517 603 2583 23,
638 2516 729 2587 24)
761 2534 774 2568 :
803 2530 904 2585 qua
949 2512 1343 2584 significabatur
1384 2508 1636 2573 charitas,
1687 2523 1805 2577 qua:

223 2609 383 2663 dividi
434 2623 544 2663 non
577 2615 767 2676 potest.
815 2605 939 2661 llmc
961 2618 1090 2675 ergo
1128 2618 1250 2659 cum
1293 2601 1345 2654 in
1384 2598 1671 2670 Evangelio
1693 2597 1803 2666 jam

225 2705 358 2755 facta
389 2709 698 2766 narrentur,
729 2697 885 2768 longe
931 2704 1055 2750 ante
1085 2695 1279 2749 multos
1306 2705 1475 2746 annos
1512 2689 1564 2744 in
1593 2688 1805 2743 Psalmo

223 2808 342 2847 cum
378 2791 558 2844 futura
578 2789 1078 2860 prmnuntiarentur,
1105 2793 1353 2854 tanquam
1371 2789 1518 2852 gesta
1545 2787 1600 2835 et
1626 2787 1804 2833 trans-

227 2893 338 2936 acta
377 2889 592 2935 cantata
633 2887 776 2934 sunt.
832 2877 1114 2943 Foderunt,
1162 2875 1350 2945 inquit,
1377 2889 1554 2927 manus
1591 2887 1727 2925 meas
1763 2878 1806 2924 et
1849 2877 1854 2882 '

226 2976 373 3044 pedes
413 2989 574 3036 meos,
615 2980 662 3026 et
701 2971 1138 3024 dinumeraverunt
1171 2967 1340 3021 omnia
1368 2981 1482 3020 ossa
1520 2981 1647 3017 mea.
1695 2960 1806 3033 Ipsi

228 3081 339 3118 rere
374 3063 821 3117 consideraverunt
848 3059 893 3114 et
917 3060 1237 3130 inspexerunt
1267 3073 1344 3112 me
1366 3073 1383 3110 :
1407 3056 1679 3110 diviserunt
1711 3053 1807 3107 sibi

228 3155 516 3208 aestimata
543 3169 674 3218 mea,
699 3160 747 3205 et
763 3168 921 3221 super
949 3159 1127 3205 vestem
1164 3164 1326 3202 meant
1355 3147 1594 3200 miserunt
1622 3153 1804 3198 sortem

230 3243 402 3314 (Psal.
432 3259 549 3309 χχι,
582 3239 778 3312 17-19).
811 3240 996 3296 Omnia
1039 3248 1287 3308 tanquam
1327 3236 1594 3307 prieterita
1623 3234 1806 3289 dicun-

228 3347 330 3398 tur,
360 3343 413 3389 et
438 3333 622 3388 futura
642 3331 1018 3404 pmdicuntur.
1048 3329 1199 3385 Sicut
1221 3343 1347 3398 ergo
1377 3328 1431 3381 in
1459 3325 1636 3381 verbis
1664 3340 1804 3394 pra:-

228 3424 365 3479 teriti
395 3423 657 3493 temporis
683 3422 854 3476 futura
876 3420 1010 3476 facta
1036 3418 1429 3490 significantur;
1461 3417 1537 3472 sic
1565 3415 1616 3469 in
1641 3415 1804 3485 ﬁgura

225 3515 460 3584 amntis
493 3513 893 3584 praenuntiantis
931 3526 1082 3566 mens
1126 3507 1461 3579 intelligenda
1506 3515 1606 3562 est.
1638 3505 1725 3563 Sic
1753 3515 1809 3562 et

229 3609 294 3662 de
317 3607 456 3662 Juda
484 3606 688 3661 Domini
713 3604 986 3668 traditore,
1011 3614 1257 3672 tanquam
1285 3608 1430 3670 optat
1456 3601 1504 3654 ei
1527 3598 1802 3668 propheta,

229 3700 368 3768 quod
405 3709 691 3753 venturum
727 3711 846 3776 qsse
892 3694 1148 3764 prmdicit.
1197 3693 1261 3746 Et
1305 3691 1372 3746 de
1412 3689 1540 3760 ipsis
1584 3688 1801 3753 Iudaeis,

231 3789 364 3853 Fiat,
406 3789 603 3859 inquit,
638 3803 808 3842 mensa
841 3803 1012 3840 eorum
1046 3787 1098 3839 in
1126 3785 1378 3854 laqueum,
1418 3790 1465 3834 et
1505 3781 1557 3833 in
1587 3780 1806 3834 venatio-

230 3898 356 3945 nem,
385 3890 433 3933 et
457 3880 512 3932 in
540 3878 834 3932 scandalum
862 3875 1028 3948 (Psal.
1072 3890 1248 3938 1.xvut,
1287 3871 1401 3944 23).
1442 3869 1592 3940 Quod
1632 3870 1698 3925 de
1726 3869 1807 3925 his

229 3971 546 4038 predictum
596 3984 713 4024 esse
749 3970 862 4023 sine
905 3967 1229 4022 dubitatione
1263 3963 1478 4033 exponit
1510 3981 1522 4016 :
1555 3963 1692 4016 sicut
1735 3961 1802 4016 de

229 4062 356 4116 Inda
377 4076 502 4132 quae
517 4060 618 4114 sub
628 4058 810 4114 eadem
831 4056 991 4128 ﬁgura
1004 4058 1353 4128 praenuntiata
1373 4060 1517 4123 sunt,
1536 4052 1808 4124 apostolus

228 4152 417 4208 Petrus
443 4156 828 4205 commemorat
855 4147 990 4221 (Act.
1024 4162 1061 4214 ι,
1092 4144 1209 4217 20).

294 4241 527 4298 CAPUT
567 4239 633 4296 ll.
656 4269 726 4280 -—
751 4238 806 4293 2.
835 4237 900 4292 1η
929 4238 1094 4309 ﬁgura
1135 4235 1404 4305 Prophetas
1447 4232 1666 4304 optantis
1686 4272 1702 4300 ,
1728 4231 1806 4285 in-

227 4333 500 4405 telligenda
534 4331 689 4384 divini
745 4330 925 4384 decreti
974 4326 1288 4399 approbatio.
1343 4325 1452 4380 Nec
1502 4323 1618 4378 sine
1649 4336 1807 4377 causa

228 4441 289 4478 ea
334 4440 457 4494 qua:
505 4423 679 4476 futura
721 4428 845 4476 sunt
881 4421 920 4485 ¹,
951 4427 1202 4488 tanquam
1232 4424 1493 4472 transacta
1531 4413 1804 4484 dicuntur.

232 4518 340 4572 Deo
363 4516 512 4571 enim
541 4515 622 4568 sic
645 4521 788 4568 certa
813 4519 1026 4576 sunt,ut
1049 4509 1158 4580 jam
1184 4523 1281 4579 pro
1310 4506 1461 4561 factis
1491 4503 1804 4569 habeantur;

228 4617 280 4661 et
320 4617 574 4677 tanquam
618 4611 807 4673 optans
841 4601 1050 4657 videtur
1100 4598 1279 4654 dicere
1331 4594 1592 4666 Propheta
1616 4635 1630 4661 ,
1669 4592 1807 4664 quod

229 4706 433 4754 eertum
460 4694 718 4768 praevidet
741 4709 859 4750 esse
886 4701 1162 4748 venturum
1193 4709 1205 4745 :
1232 4690 1362 4745 nihil
1377 4689 1537 4756 aliud,
1554 4696 1807 4758 quantum

233 4791 354 4844 mihi
383 4789 620 4854 videtur,
639 4785 943 4850 ostendens,
967 4784 1068 4839 nisi
1098 4782 1249 4839 nobis
1274 4797 1378 4837 non
1407 4781 1601 4836 debere
1628 4779 1811 4850 displi-

232 4895 355 4934 cere
381 4878 651 4949 cognitam
679 4875 997 4932 sententiam
1042 4874 1157 4940 Dei,
1188 4889 1344 4944 quam
1377 4872 1532 4927 fixam
1562 4873 1808 4927 immobi-

235 4971 442 5041 lemque
486 4967 779 5024 constituit.
813 4967 880 5021 Et
914 4965 1035 5020 ideo
1064 4965 1115 5018 in
1149 4963 1368 5018 Actibus
1395 4962 1768 5033 Apostolorum
1794 5005 1807 5028 ,

235 5076 350 5114 cum
388 5058 608 5129 quidam
650 5055 930 5128 propheta,
976 5053 1192 5109 nomine
1229 5052 1460 5123 Agabus,
1503 5051 1812 5120 praediceret

238 5150 530 5218 apostolum
557 5148 778 5203 Paulum
809 5146 861 5200 in
893 5142 1185 5200 Jerusalem
1212 5157 1242 5196 a
1269 5140 1471 5197 ludatis
1498 5140 1660 5194 multa
1691 5154 1811 5195 esse

240 5255 533 5308 passurum,
565 5248 620 5294 et
645 5254 814 5310 usque
857 5237 923 5292 ad
973 5237 1182 5292 vincula
1229 5243 1608 5305 perventurum
1636 5275 1650 5299 ,
1691 5248 1810 5289 cum

242 5335 339 5386 hoc
378 5332 559 5388 audito
600 5331 792 5386 fratres
836 5344 1089 5387 revocare
1118 5341 1170 5384 et
1199 5328 1430 5384 retinere
1470 5328 1699 5392 vellent,
1745 5343 1812 5382 ne

243 5426 360 5479 illuc
388 5433 630 5496 pergeret
660 5443 674 5478 :
709 5424 844 5491 Quid
874 5425 1068 5494 facitis,
1120 5423 1307 5493 inquit,
1351 5422 1700 5476 conturbantes
1728 5435 1812 5473 cor

244 5517 440 5569 incum?
474 5515 580 5587 Ego
610 5516 740 5569 enim
786 5532 885 5568 non
933 5515 1095 5569 solum
1137 5513 1359 5583 alligari,
1393 5511 1480 5566 sed
1509 5512 1657 5566 etiant
1686 5510 1813 5564 mori

303 5653 315 5680 ί
341 5650 404 5697 si:
427 5649 777 5773 lz-genduujiex
798 5650 1079 5700 auctoritate
1106 5655 1183 5695 Ms.
1209 5660 1276 5696 cs.
1313 5647 1424 5707 [Nec
1468 5645 1567 5695 sine
1599 5657 1743 5694 causa
1767 5650 1812 5694 et

303 5723 343 5760 tt’
355 5716 380 5773 Ῐ
393 5720 512 5761 alant
530 5720 651 5760 sum.
937 5735 943 5740 -
1391 5726 1396 5730 -

249 5723 343 5772 τείν
355 5716 380 5774 ι’
393 5720 512 5761 aliti'i'
530 5716 677 5773 sunt]
937 5735 943 5740 -
1391 5726 1396 5730 '

1621 297 1845 357 SERMO
1883 296 2048 354 XXII.

3381 297 3480 353 150

1905 417 2110 480 paratus
2148 423 2259 460 smn
2302 422 2391 476 pro
2439 407 2636 460 nomine
2675 404 2875 460 Domini
2923 406 3078 459 nostri
3120 404 3243 458 Jesu
3297 405 3483 462 Christi

1906 499 2412 574 (Aet.xxt,15,14).
2446 499 2615 569 Atque
2646 500 2716 553 ita
2745 515 2862 553 cum
2893 498 3132 554 viderent
3161 498 3350 554 fratres
3377 501 3482 554 im-

1904 593 2152 648 mobilem
2208 592 2304 646 viri
2362 590 2427 645 ad
2477 592 2656 645 omnia
2707 591 3016 661 perferenda
3084 591 3432 646 constantiam
3463 635 3478 656 ,

1905 681 2188 750 dixerunt,
2229 681 2348 735 Fiat
2389 681 2592 736 Domini
2629 682 2875 736 voluntas.
2903 681 3166 752 Numquid
3199 697 3326 754 ergo
3354 683 3476 754 quia

1907 771 2188 838 dixerunt,
2221 771 2339 825 Fiat
2365 771 2592 826 voluntas
2622 771 2748 836 Dei,
2779 780 3092 842 Optaverunt
3119 772 3394 842 Apostolo,
3423 784 3480 826 ut

1908 864 2028 918 talia
2059 871 2355 933 pateretur,
2388 879 2450 918 ac
2478 878 2583 918 non
2618 863 2790 933 potius
2830 873 3056 920 mentem
3087 879 3236 919 suam
3266 864 3482 921 sublimi

1907 964 1960 1010 et
1985 955 2164 1010 divino
2183 964 2380 1010 statuto
2401 955 2738 1012 devotissime
2753 956 3132 1012 subdiderunt?
3159 958 3248 1013 Sic
3271 967 3324 1015 et
3344 959 3480 1013 Pro-

1909 1045 2066 1116 pheta
2091 1061 2209 1100 cum
2239 1044 2547 1114 dicit,Sicut
2573 1047 2685 1116 ﬂuit
2721 1063 2834 1101 cera
2861 1063 2892 1099 a
2923 1048 3050 1116 facie
3078 1048 3236 1118 ignis,
3267 1049 3338 1103 sic
3369 1067 3480 1118 per-

1907 1146 2022 1191 eant
2067 1148 2352 1208 peccatores
2377 1155 2408 1192 a
2438 1139 2567 1210 facie
2592 1137 2707 1203 Dei,
2738 1137 2880 1192 videt
2908 1137 3009 1194 hoc
3033 1140 3329 1195 certissime
3355 1156 3478 1209 pec-

1907 1230 2176 1285 catoribus
2213 1229 2493 1287 imminere
2512 1273 2525 1298 ,
2553 1240 2607 1286 et
2643 1231 2814 1302 placet
2847 1230 2896 1286 ei
2925 1230 3064 1300 quod
3095 1231 3232 1286 Deus
3255 1232 3436 1286 statuit
3465 1274 3479 1298 ,

1909 1336 1976 1375 ne
2000 1321 2110 1376 Deo
2136 1322 2248 1390 ipse
2275 1320 2565 1392 displiceat.

1977 1409 2202 1467 CAPUT
2241 1409 2327 1465 lll.
2360 1442 2426 1451 —
2457 1413 2509 1476 '5.
2544 1411 2733 1478 Quibus
2761 1412 2923 1467 modis
2961 1409 3100 1467 Deus
3138 1413 3204 1466 ad
3245 1414 3484 1483 ptruilctt-

1908 1503 2029 1556 tiam
2058 1504 2312 1558 sollicitat.
2368 1503 2658 1577 Flagellum
2691 1505 2805 1572 Dei,
2851 1505 3126 1560 admonitio
3170 1493 3342 1560 nostra
3389 1517 3481 1559 est.

1909 1591 2212 1648 Pcenitentia
2263 1595 2607 1663 infructuosa,
2636 1606 2682 1649 et
2733 1597 3010 1666 fructuosa.
3039 1595 3174 1664 Quid
3221 1611 3349 1666 ergo
3401 1596 3481 1650 fa-

1906 1685 2127 1753 ciemus,
2160 1683 2373 1754 fratres,
2403 1688 2522 1755 nisi,
2554 1697 2632 1754 ut,
2657 1688 2782 1743 dum
2812 1698 3018 1759 tempus
3045 1698 3144 1754 est,
3178 1690 3338 1744 vitam
3369 1705 3484 1743 mu-

1908 1788 2099 1844 temus,
2132 1787 2186 1833 et
2214 1777 2351 1834 facta
2380 1789 2580 1846 nostra,
2604 1780 2647 1834 si
2677 1796 2778 1849 qua
2799 1781 2936 1834 mala
2955 1789 3096 1844 sunt,
3117 1781 3486 1851 corrigamus?

1909 1867 1975 1924 Ut
2003 1868 2143 1938 quod
2173 1868 2288 1924 sine
2317 1869 2422 1924 ulla
2471 1869 2796 1926 dubitatione
2825 1881 3102 1927 venturum
3127 1882 3209 1928 est
3239 1883 3482 1943 peccato-

1907 1958 2072 2022 ribus,
2104 1972 2200 2012 nos
2227 1974 2334 2013 non
2380 1959 2612 2014 inveniat
2636 1975 2795 2030 super
2822 1975 2955 2030 quos
2987 1961 3194 2016 veniat:
3230 1978 3333 2017 non
3363 1965 3482 2033 quia

1907 2064 2012 2102 non
2039 2048 2255 2114 erimus,
2288 2048 2383 2104 sed
2409 2058 2467 2103 ttt
2489 2065 2592 2104 non
2627 2051 2759 2105 tales
2789 2051 3056 2118 inveniat,
3086 2052 3329 2121 qualibus
3359 2069 3483 2108 ven—

1909 2125 2081 2192 turum
2108 2153 2227 2194 esse
2254 2138 2562 2209 prmdictum
2594 2149 2694 2195 est.
2728 2139 3013 2211 Propterea
3044 2156 3100 2196 se
3115 2132 3275 2212 jmlex
3298 2153 3484 2196 ventu-

1908 2245 2024 2282 rum
2063 2229 2325 2296 minatur,
2355 2240 2410 2285 ut
2441 2248 2542 2285 non
2575 2231 2807 2286 inveniat
2828 2247 2960 2302 quos
2993 2232 3204 2302 puniat,
3237 2248 3359 2289 cum
3391 2250 3482 2288 ve-

1907 2320 2064 2374 nerit.
2095 2320 2380 2391 Propterea
2411 2321 2540 2376 illud
2570 2331 2784 2376 cantant
2822 2323 3133 2393 Prophctzn,
3165 2332 3220 2378 ut
3247 2325 3484 2396 corriga-

1908 2428 2044 2468 mur.
2073 2412 2130 2468 Si
2160 2414 2412 2469 damnare
2439 2415 2616 2480 vellet,
2650 2424 2870 2470 taceret.
2902 2415 3070 2470 Nemo
3106 2417 3288 2472 volens
3327 2417 3486 2473 ferire

1908 2504 2053 2570 dicit,
2083 2505 2335 2561 Observa.
2379 2505 2600 2572 Totum,
2639 2506 2862 2573 fratres,
2903 2508 3042 2578 quod
3068 2509 3364 2563 audivimus
3396 2527 3487 2580 per

1909 2597 2237 2666 Scripturas,
2267 2614 2367 2652 vox
2407 2608 2487 2653 est
2519 2599 2614 2653 Dei
2640 2599 2884 2666 dicentis,
2931 2600 3186 2656 Observa.
3221 2602 3288 2656 Et
3319 2611 3485 2657 totum

1906 2688 2047 2757 quod
2079 2691 2327 2757 patimur,
2357 2687 2724 2744 tribulationes
2749 2689 2798 2743 in
2828 2689 2924 2744 hac
2946 2689 3070 2754 vita,
3104 2690 3365 2761 flagellum
3390 2691 3482 2748 Dei

1909 2787 1990 2832 est
2019 2778 2286 2848 corrigere
2312 2779 2560 2846 volentis,
2600 2795 2667 2834 ne
2690 2779 2900 2835 damnet
2935 2764 2988 2834 in
3014 2779 3139 2837 fine.
3166 2784 3328 2848 Quasi
3355 2784 3484 2838 dura

1909 2875 2031 2921 sunt
2052 2908 2067 2933 ,
2102 2868 2324 2923 molesta
2355 2879 2498 2934 sunt,
2531 2869 2750 2924 horrent
2782 2871 2992 2941 quando
3027 2883 3338 2938 narrantur,
3370 2892 3488 2943 qua:

1908 2957 2127 3026 quisque
2145 2959 2323 3027 gravia
2349 2960 2501 3014 valde
2530 2959 2725 3030 patitur
2749 2961 2798 3015 in
2831 2961 2929 3016 hac
2952 2963 3088 3017 vita:
3118 2963 3171 3017 in
3208 2981 3486 3038 compara-

1911 3047 2052 3101 tione
2083 3057 2258 3103 autem
2290 3050 2476 3104 aeterni
2501 3051 2634 3120 ignis
2661 3068 2765 3108 non
2793 3067 2959 3124 parva
2981 3095 2998 3120 ,
3026 3055 3120 3110 sed
3157 3059 3298 3112 nulla
3344 3070 3484 3114 sunt.

1911 3137 2034 3193 Sive
2073 3154 2199 3210 ergo
2228 3155 2324 3195 nos
2363 3139 2718 3213 ﬂagellemur,
2758 3146 2871 3202 sive
2895 3163 3017 3203 eum
3045 3150 3134 3203 alii
3159 3149 3488 3222 flagellantur

1909 3231 2301 3288 admonemura
2325 3235 2566 3290 Domino.
2597 3236 2783 3292 Omnia
2801 3239 2920 3306 ista,
2952 3234 3160 3308 fratres,
3179 3259 3298 3315 qua:
3315 3245 3367 3299 in
3393 3245 3490 3301 hac

1909 3321 2014 3375 vita
2041 3321 2346 3393 inlliguntur
2359 3340 2389 3380 a
2405 3325 2645 3395 Domino,
2665 3327 3054 3388 admonitiones
3079 3342 3270 3390 suntet
3291 3336 3486 3392 stimuli

1909 3417 2252 3471 correctionis
2279 3427 2493 3474 nostra.
2520 3419 2711 3477 Veniet
2734 3431 2910 3478 autem
2949 3424 3086 3495 ignis
3111 3435 3340 3482 aeternus
3360 3469 3374 3493 ,
3421 3430 3488 3483 de

1908 3522 2014 3574 quo
2051 3507 2258 3562 dicetur
2283 3508 2385 3562 illis
2406 3509 2494 3580 qui
2531 3510 2597 3566 ad
2637 3512 2906 3568 sinistram
2945 3518 3297 3572 constituendi
3325 3530 3447 3574 sunt
3472 3563 3485 3581 ,

1913 3597 1989 3651 Ite
2015 3599 2066 3651 in
2097 3598 2259 3669 ignem
2278 3609 2539 3667 internum,
2564 3603 2648 3670 qui
2667 3613 2872 3672 paratus
2901 3615 2971 3658 est
2995 3606 3194 3661 diabolo
3221 3618 3270 3663 et
3296 3611 3490 3680 angelis

1910 3691 2018 3760 ejus
2042 3689 2252 3762 (Matth.
2285 3707 2407 3755 xxv,
2439 3692 2554 3762 41).
2577 3692 2725 3748 Tunc
2743 3696 2908 3749 acturi
2937 3707 3060 3750 sunt
3084 3698 3296 3767 quidam
3323 3703 3489 3769 paeni-

1914 3780 2154 3834 tentiam.
2187 3780 2317 3834 Nam
2362 3782 2615 3850 scriptum
2642 3793 2725 3838 est
2763 3785 2814 3838 in
2846 3785 2979 3840 libro
3005 3787 3231 3856 quodam
3267 3789 3488 3859 Sapien—

1912 3873 1997 3926 tia:
2031 3891 2042 3924 :
2077 3872 2255 3926 Dicent
2286 3873 2418 3926 intra
2449 3889 2521 3940 se,
2559 3875 2896 3944 ptenitentiam
2929 3888 3151 3948 agentes,
3189 3889 3234 3933 et
3261 3897 3368 3950 pra:
3391 3898 3486 3935 au~-

1910 3964 2072 4034 gustia
2115 3964 2321 4035 spiritus
2365 3975 2633 4034 gementes,
2670 3965 2802 4030 Quid
2828 3965 2970 4021 nobis
3001 3970 3188 4041 profuit
3213 3971 3489 4041 superbia?

1912 4065 1957 4109 et
1977 4055 2097 4125 quid
2123 4055 2410 4108 divitiarum
2439 4057 2691 4126 jactantia
2719 4059 2929 4111 contulit
2956 4060 3132 4115 nobis?
3158 4060 3489 4116 Transierunt

1912 4145 2080 4199 omnia
2096 4146 2206 4211 illa,
2222 4155 2457 4216 tanquam
2474 4147 2647 4200 umbra
2683 4149 2835 4220 (Sap.
2857 4167 2908 4215 v,
2933 4152 2984 4218 5,
3010 4151 3061 4216 8,
3091 4150 3168 4221 9).
3206 4154 3319 4208 Erit
3347 4156 3486 4210 enim

1912 4237 1980 4291 ibi
2009 4237 2315 4306 paenitentia
2339 4278 2354 4303 ,
2401 4237 2495 4293 sed
2521 4238 2844 4295 infructuosa
2876 4243 3014 4297 :erit
3041 4243 3110 4297 ibi
3141 4246 3448 4313 poenitentia
3474 4289 3487 4308 .

1911 4325 2005 4380 sed
2034 4327 2272 4381 dolorem
2301 4327 2532 4395 habens,
2564 4329 2878 4385 medicinam
2917 4346 3020 4387 non
3068 4333 3290 4390 habens.
3340 4337 3490 4393 Nunc

1911 4425 1996 4471 est
2041 4417 2305 4471 fructuosa
2355 4417 2698 4486 pwnitentia,
2751 4421 2961 4490 quando
3009 4425 3269 4479 correctio
3300 4426 3528 4490 libera,

1913 4506 2172 4562 Poeniteat
2198 4515 2248 4562 te
2272 4506 2338 4562 ad
2360 4523 2543 4563 vocem
2567 4509 2873 4581 Scriptum.
2896 4511 3029 4568 Nam
3057 4514 3121 4569 ad
3148 4530 3329 4571 vocem
3354 4534 3485 4587 pra:-

1913 4599 2076 4653 sentis
2098 4597 2315 4668 judicis,
2344 4599 2459 4654 sine
2488 4614 2646 4654 causa
2682 4603 2959 4670 paenitebit
2985 4612 3054 4658 te.
3087 4605 3235 4661 Tunc
3256 4607 3364 4677 jam
3399 4608 3487 4662 ille

1912 4691 2228 4746 sententiam
2254 4690 2486 4746 dicturus
2505 4702 2587 4747 est
2607 4711 2618 4745 :
2638 4703 2812 4748 etnon
2829 4695 2928 4749 erit
2944 4696 3084 4765 quod
3107 4699 3486 4768 reprehendas,

1913 4784 2124 4853 quando
2149 4785 2466 4839 sententiam
2491 4784 2727 4840 dicturus
2747 4795 2847 4841 est.
2869 4786 2990 4865 Non
3013 4789 3152 4844 enim
3185 4791 3343 4844 tacuit
3366 4799 3490 4846 ante

1913 4873 2250 4928 sententiam.
2277 4873 2392 4928 Non
2421 4875 2560 4928 enim
2593 4883 2643 4930 te
2672 4874 2908 4945 distulit,
2957 4879 3055 4933 nisi
3101 4889 3154 4934 ut
3198 4881 3489 4950 corrigeres

1915 4975 1967 5020 te
1988 4985 1999 5020 :
2019 4965 2445 5035 quandoquidem
2467 4967 2656 5022 latroni
2684 4969 2734 5023 in
2761 4985 2917 5026 cruce
2941 4971 3186 5041 pendenti
3208 4987 3265 5027 se
3287 4983 3490 5030 mutare

1916 5057 2174 5124 permisit.
2221 5055 2368 5110 Tunc
2417 5057 2555 5112 enim
2604 5058 2738 5113 latro
2782 5061 3016 5130 pendens
3057 5073 3176 5115 cum
3224 5062 3488 5129 Domino,
3525 5124 3528 5126 ,

1844 5137 1848 5226 ξ
1915 5148 2136 5202 credidit
2175 5149 2225 5202 in
2266 5148 2532 5204 Christum
2565 5151 2724 5222 (Luc.
2760 5169 2910 5218 χχιιι,
2937 5153 3156 5224 40—43),
3185 5157 3396 5225 quando
3424 5158 3492 5214 de

1916 5238 2007 5292 illo
2032 5237 2272 5309 discipuli
2291 5241 2668 5297 titubaverunt.
2692 5242 3136 5314 Contempserunt
3158 5245 3325 5319 ειυάωί
3351 5265 3492 5304 mor-

1916 5339 2036 5387 tuos
2062 5334 2424 5401 suscitantem,
2443 5350 2545 5390 non
2576 5336 3038 5405 contempsitlatro
3065 5353 3245 5394 secum
3265 5341 3314 5395 in
3334 5356 3491 5398 cruce

1917 5421 2254 5492 pendentem.
2293 5423 2408 5478 Non
2437 5433 2517 5480 est
2546 5440 2671 5494 ergo
2700 5425 2836 5496 quod
2867 5425 2919 5479 in
2946 5427 3050 5482 line
3079 5428 3283 5486 dicatur
3313 5432 3492 5487 Domi-

1918 5527 2016 5577 no,
2043 5509 2156 5566 Non
2189 5529 2272 5567 me
2316 5513 2600 5582 permisisti
2628 5515 2763 5570 bene
2809 5515 3018 5584 vivere;
3047 5526 3156 5587 aut,
3184 5518 3489 5577 dilationem

1918 5605 2262 5659 correctionis
2292 5620 2395 5659 non
2424 5605 2548 5658 mihi
2576 5604 2786 5675 dedisti;
2813 5619 2920 5678 aut,
2941 5627 3040 5665 non
3070 5613 3341 5668 ostendisti
3363 5623 3481 5684 quid

1918 5704 2240 5765 appcttrem,
2269 5696 2391 5766 quid
2423 5697 2659 5751 vitarem.
