4002 6454
509 300 602 356 liii
1712 295 1768 350 S.
1811 293 2170 351 AUGUSTINI
2212 295 2510 354 EPISCOPI

541 413 767 470 CAPUT
786 412 1133 471 lV.—Videte
1149 411 1269 482 quia
1285 427 1388 466 non
1403 418 1558 477 tacet,
1574 409 1748 486 videte
1761 409 1880 482 quia
1892 409 2088 476 diﬁ‘ert,

511 504 690 560 videte
704 505 825 576 quia
847 504 1130 567 blanditur,
1147 501 1406 567 hortatur,
1421 500 1670 556 minatur.
1684 500 1967 556 Constituit
1981 515 2094 554 ver-

507 595 634 652 bum
651 594 871 665 suumjn
891 593 1243 658 sublimitate;
1267 608 1364 663 per
1385 601 1550 647 totum
1572 592 1824 647 mundum
1840 591 2093 647 recitatur

507 689 757 744 universo
775 688 1004 742 humano
1021 685 1220 756 generi.
1236 685 1348 740 Non
1371 685 1549 754 estqui
1562 684 1672 755 jam
1685 683 1847 750 dicat,
1862 682 2087 751 Nescivi,

506 793 615 836 non
629 778 824 834 audivi.
841 777 1090 848 Impletur
1105 776 1248 847 quod
1261 776 1458 832 dictum
1476 777 1624 831 estin
1645 776 1876 844 Psalmo,
1893 775 2003 829 Nec
2018 786 2090 830 est

505 871 594 934 qui
621 887 675 926 se
701 870 972 925 abscondat
999 886 1032 923 a
1059 870 1228 925 calore
1259 871 1367 942 ejus
1397 868 1566 941 (Psal.
1601 885 1731 924 xvut
1750 909 1766 937 ,
1807 868 1890 940 7).
1935 867 2090 924 Modo

504 977 633 1032 ergo
656 961 802 1018 calor
825 959 943 1030 ejus
970 959 1022 1014 in
1048 960 1211 1015 verbo
1247 959 1364 1030 ejus
1390 969 1474 1015 est
1501 977 1515 1013 :
1539 968 1746 1016 mutare
1765 959 1924 1015 modo
1947 973 1980 1013 a
2001 973 2090 1014 ca-

503 1055 619 1110 lore
643 1055 779 1124 ejus,
806 1062 861 1108 et
889 1068 992 1108 non
1019 1052 1222 1108 deﬁnes
1247 1053 1382 1108 sicut
1411 1067 1533 1108 cera
1561 1053 1629 1108 ab
1655 1052 1776 1123 igne
1799 1051 1934 1122 ejus.

572 1145 628 1200 4.
687 1142 884 1198 Judicii
927 1144 1087 1214 futuri
1133 1143 1260 1212 ﬁdes
1298 1151 1370 1197 tot
1393 1143 1508 1198 aliis
1538 1142 1945 1212 praedictionibus
1990 1141 2090 1194 im—

504 1235 650 1305 pletis
699 1235 949 1305 ﬁrmatur.
991 1234 1277 1305 Martyrum
1319 1235 1554 1306 sanguis,
1605 1250 1792 1289 semen.
1837 1231 1969 1287 Nam
2019 1232 2086 1286 il-

502 1327 628 1395 lud,
676 1328 867 1382 fratres
913 1326 1062 1392 mei,
1124 1335 1404 1382 venturum
1447 1333 1528 1381 est
1578 1323 1899 1395 aliquando,
1945 1323 2088 1393 quod

513 1419 677 1475 modo
732 1419 908 1474 rident
950 1418 1143 1488 impii,
1186 1417 1326 1486 quod
1372 1416 1532 1472 modo
1592 1423 1941 1472 contemnunt
1987 1413 2086 1470 de-

507 1512 711 1568 risores
732 1553 748 1579 ,
779 1509 922 1581 quod
948 1518 1134 1580 putant
1158 1508 1294 1564 falso
1315 1509 1554 1575 cantari;
1581 1507 1868 1578 aliquando
1894 1514 2086 1560 ventu-

502 1617 624 1656 rum
671 1610 773 1657 est.
811 1600 870 1656 Si
915 1615 1019 1655 non
1068 1609 1330 1656 venerunt
1381 1607 1548 1666 tanta,
1591 1606 1792 1668 quanta
1835 1595 2086 1667 praedicta

500 1701 630 1750 sunt
654 1695 708 1759 ¹;
740 1692 1086 1762 desperemus
1115 1700 1169 1747 et
1197 1691 1323 1747 illud
1355 1689 1638 1760 aliquando
1673 1697 1956 1743 venturum
1995 1704 2009 1741 :
2041 1686 2086 1740 si

502 1793 684 1840 autem
726 1783 904 1838 omnia
943 1798 1064 1853 qua:
1116 1783 1182 1839 de
1237 1781 1475 1838 Ecclesia
1516 1780 1690 1834 futura
1739 1778 2084 1850 praenuntiata

501 1883 648 1941 sunt,
671 1875 780 1945 jam
805 1873 1050 1930 videmus
1075 1873 1332 1938 exhibita,
1357 1880 1413 1928 et
1435 1885 1698 1928 caecorum
1720 1870 1881 1926 etiam
1902 1869 2086 1924 oculos

501 1965 734 2030 feriunt;
761 1965 888 2035 quid
911 1964 1212 2021 dubitamus
1249 1965 1408 2019 etiam
1451 1963 1538 2017 illa
1577 1961 1836 2018 ventura?
1865 1960 2088 2030 Quando

503 2055 778 2111 dicebatur
818 2055 1054 2110 Ecclesia
1087 2053 1284 2109 Christi
1335 2053 1509 2109 futura
1551 2067 1648 2123 per
1690 2060 1858 2106 totum
1903 2051 2086 2106 orbem

501 2157 764 2203 terrarum
787 2188 803 2213 ,
835 2148 1112 2203 dicebatur
1135 2161 1164 2202 a
1197 2146 1400 2217 paucis,
1427 2154 1482 2201 et
1505 2144 1780 2201 ridebatur
1817 2159 1846 2198 a
1887 2144 2084 2200 multis.

502 2239 659 2296 Modo
678 2225 788 2310 jam
814 2240 1088 2311 impletum
1124 2247 1226 2304 est,
1258 2238 1402 2310 quod
1431 2247 1578 2294 tanto
1613 2246 1739 2294 ante
1775 2237 2086 2308 prazdictum

503 2341 590 2387 est
619 2349 632 2386 :
661 2331 852 2388 diffusa
878 2340 961 2388 est
991 2331 1228 2387 Ecclesia
1257 2346 1352 2402 per
1382 2339 1552 2386 totum
1579 2331 1764 2386 orbem
1803 2339 2084 2385 terrarum.

501 2423 645 2478 Ante
689 2422 850 2476 millia
893 2436 1154 2476 annorum
1183 2423 1204 2452 ²
1236 2421 1554 2492 promissum
1593 2429 1678 2476 est
1717 2419 1978 2487 Abrahzn,
2018 2418 2085 2474 In

502 2513 692 2568 semine
719 2522 807 2567 tuo
837 2510 1186 2566 benedicentur
1222 2527 1393 2565 omnes
1433 2519 1599 2582 gentes
1633 2510 1788 2582 (Gen.
1819 2525 1947 2578 xxtt,
1973 2510 2084 2580 l8).

503 2603 664 2659 Venit
687 2602 930 2658 Christus
954 2619 1017 2658 ex
1045 2603 1250 2658 semine
1279 2603 1528 2671 Abrahaz,
1563 2603 1855 2659 benedicta:
1883 2612 2007 2658 sunt
2035 2604 2086 2657 in

501 2695 720 2750 Christo
740 2695 850 2764 jam
881 2710 1068 2750 omnes
1093 2705 1298 2766 gentes.
1327 2694 1585 2750 Przedicta
1611 2704 1736 2750 sunt
1760 2694 2042 2750 schismata
2067 2736 2082 2760 ,

501 2799 558 2847 et
577 2789 809 2852 haereses
837 2790 1027 2844 futurae
1057 2807 1070 2842 :
1101 2789 1344 2845 videmus
1376 2788 1488 2843 illa.
1518 2787 1790 2843 Praedicta:
1817 2796 1939 2843 sunt
1967 2802 2087 2858 per-

500 2883 806 2938 secutiones
851 2899 864 2937 :
913 2883 1063 2937 facta:
1101 2891 1225 2936 sunt
1261 2896 1292 2936 a
1333 2881 1549 2950 regibus
1591 2880 1889 2935 colentibus
1926 2879 2084 2934 idola.

501 2975 608 3029 Pro
651 2974 782 3044 ipsis
831 2973 986 3028 idolis
1027 2972 1284 3028 adversus
1320 2986 1512 3026 nomen
1543 2969 1739 3025 Christi
1781 2969 1980 3040 repleta
2008 2979 2090 3024 est

501 3076 648 3120 terra
678 3065 1021 3137 martyribus.
1051 3062 1305 3133 Sparsum
1335 3071 1419 3118 est
1438 3076 1618 3117 semen
1648 3061 1937 3131 sanguinis,
1971 3076 2090 3116 sur-

501 3158 641 3214 rexit
667 3172 820 3229 seges
851 3157 1127 3212 Ecclesiae.
1159 3155 1268 3210 Nec
1293 3153 1487 3210 frustra
1526 3153 1698 3208 oravit
1727 3153 1961 3208 Ecclesia
1993 3167 2088 3222 pro

503 3249 735 3304 inimicis
783 3248 895 3304 suis
940 3245 1325 3303 :crediderunt
1372 3253 1428 3299 et
1469 3245 1558 3314 qui
1607 3244 2083 3314 persequebantur.

503 3338 829 3394 Prmdictum
865 3346 947 3392 est
985 3337 1144 3392 etiam
1186 3337 1306 3406 quia
1346 3335 1458 3406 ipsa
1495 3335 1632 3389 idola
1670 3333 1952 3388 evertenda
1997 3347 2086 3387 es—

503 3437 626 3484 sent
662 3443 760 3499 per
802 3441 996 3482 nomen
1039 3426 1232 3482 Christi
1271 3444 1284 3480 :
1326 3440 1448 3480 nam
1478 3434 1531 3479 et
1565 3424 1666 3479 hoc
1702 3423 1999 3480 invenimus
2036 3423 2087 3476 in

504 3519 813 3589 Scripturis.
833 3519 970 3572 Ante
995 3533 1193 3589 paucos
1208 3531 1374 3572 annos
1401 3515 1685 3570 Christiani
1710 3515 1796 3569 illa
1821 3514 2084 3584 legebant,

504 3619 559 3664 et
588 3624 693 3663 non
723 3607 1006 3674 videbant;
1038 3607 1212 3661 adhuc
1257 3607 1428 3660 futura
1467 3605 1553 3659 illa
1594 3603 1995 3674 exspectabant,
2035 3613 2090 3658 et

505 3700 582 3754 sic
609 3698 855 3754 abierunt
885 3716 896 3751 :
926 3713 1030 3752 non
1061 3697 1146 3750 illa
1174 3695 1439 3761 viderunt,
1472 3695 1566 3751 sed
1597 3704 1771 3750 tamen
1810 3693 2088 3749 credentes

504 3792 648 3863 quod
686 3791 862 3848 futura
888 3798 1088 3856 essent,
1119 3804 1240 3844 cum
1267 3788 1373 3844 ﬁde
1392 3788 1634 3844 abierunt
1661 3787 1727 3842 ad
1761 3786 2039 3841 Dominum
2071 3802 2084 3838 :

505 3883 706 3939 nostris
735 3881 1061 3953 temporibus
1085 3879 1244 3936 etiam
1273 3880 1386 3949 ipsa
1413 3887 1719 3933 cernuntur.
1746 3876 1935 3932 Omnia
1969 3891 2088 3946 qua:

509 3985 634 4031 ante
649 3975 898 4045 praedicta
916 3981 1039 4028 sunt
1052 3972 1120 4026 de
1140 3971 1396 4033 Ecclesia,
1413 3969 1652 4024 videmus
1674 3969 1888 4038 impleta
1911 3985 1924 4023 :
1945 3969 2089 4023 solus

507 4067 625 4120 dies
635 4065 818 4134 judicii
844 4078 948 4118 non
976 4071 1059 4118 est
1084 4061 1362 4116 venturus?
1385 4062 1500 4128 Ipse
1527 4061 1668 4114 solus
1688 4060 2087 4128 prmnuntiatur,

508 4167 565 4212 et
581 4171 686 4215 non
701 4155 900 4210 veniet?
913 4154 1090 4224 Usque
1101 4153 1234 4207 adeo
1251 4166 1434 4206 sumus
1458 4150 1575 4204 duri
1600 4159 1654 4205 et
1678 4150 1864 4219 lapidei
1891 4151 2086 4216 cordis,

509 4259 568 4303 ut
598 4249 835 4320 legamus
860 4247 1160 4316 Scripturas
1181 4288 1196 4311 ,
1220 4254 1274 4301 et
1295 4245 1566 4299 videamus
1589 4245 1764 4298 omnia
1788 4261 2004 4314 prorsus
2023 4247 2088 4302 ad

510 4339 742 4394 litteram
775 4339 1016 4394 evenisse
1052 4353 1170 4407 quae
1209 4337 1404 4404 scripta
1451 4345 1612 4402 sunt,
1650 4344 1705 4391 et
1742 4336 1809 4391 de
1849 4337 1931 4391 his
1972 4353 2090 4408 quae

511 4437 790 4483 remanent
817 4427 1203 4496 desperemus?
1227 4426 1492 4492 Quantum
1521 4435 1603 4482 est
1638 4427 1780 4481 enim
1814 4427 1953 4497 quod
1999 4444 2088 4482 re—

512 4529 715 4587 manet,
771 4519 835 4574 ad
877 4535 936 4574 ca
978 4534 1096 4589 qua:
1124 4518 1246 4588 ‘jam
1302 4518 1457 4574 nobis
1510 4519 1746 4574 exhibita
1800 4519 2090 4574 videmus?

512 4614 644 4670 Tam
673 4613 823 4684 plura
852 4612 992 4668 Deus
1020 4612 1281 4678 ostendit,
1311 4619 1364 4667 et
1391 4611 1460 4668 de
1487 4612 1703 4668 residuo
1743 4628 1840 4666 nos
1884 4612 2092 4666 frauda-

512 4715 664 4761 turus
700 4714 782 4759 est
802 4705 826 4758 ?

583 4797 807 4854 CAPUT
857 4796 922 4850 V.
975 4826 1046 4836 -—
1088 4795 1276 4850 Veniet
1315 4794 1571 4866 judicium
1629 4795 1953 4856 redditurum
1999 4811 2093 4865 pro

514 4892 743 4956 meritis,
771 4887 926 4945 bonis
957 4889 1116 4953 bona,
1151 4887 1306 4952 malis
1336 4886 1493 4941 mala.
1526 4887 1656 4941 Boni
1688 4887 1886 4952 simus,
1916 4896 1971 4942 et
2008 4903 2092 4942 se-

515 4986 624 5041 curi
646 4984 876 5056 judieem
898 4991 1282 5052 exspectemus.

586 5077 640 5130 5.
693 5076 828 5132 Deus
869 5085 914 5130 et
949 5061 1122 5146 justus
1166 5082 1211 5127 et
1238 5074 1537 5127 misericors.
1579 5071 1793 5127 Fratres
1820 5071 1954 5136 mei,
1983 5087 2095 5128 ma-

517 5165 661 5220 xime
704 5182 843 5221 nunc
885 5165 1148 5221 dicentem
1193 5178 1278 5217 me
1330 5161 1527 5217 audite.
1571 5161 1704 5216 Nolo
1743 5170 1914 5216 tecum
1945 5177 2091 5218 com-

517 5263 704 5328 putare
733 5257 994 5326 prteterita
1031 5274 1045 5310 :
1072 5254 1140 5309 ab
1171 5253 1428 5308 hodierno
1467 5252 1554 5308 die
1594 5260 1646 5307 te
1688 5262 1864 5320 muta,
1895 5267 2014 5308 cras
2044 5261 2094 5309 te

514 5351 743 5404 alterum
771 5348 1022 5402 inveniat.
1058 5346 1167 5401 Nos
1205 5353 1382 5400 autem
1419 5344 1768 5415 perversitate
1809 5353 1986 5398 nostra
2018 5345 2095 5400 sic

519 5437 766 5495 volumus
795 5435 962 5492 Deum
992 5436 1412 5502 misericordem,
1443 5443 1502 5488 ut
1540 5449 1646 5489 non
1675 5435 1744 5488 sit
1763 5435 1958 5504 justus.
1992 5437 2093 5490 Alii

520 5540 707 5584 rursus
746 5525 895 5597 quasi
941 5525 1273 5596 pneﬁdentes
1315 5525 1383 5581 de
1415 5525 1618 5595 justitia
1659 5539 1776 5589 sua,
1809 5525 1886 5578 sic
1912 5523 2096 5580 volunt

587 5659 602 5688 ¹
628 5655 786 5706 codex
819 5668 911 5714 cs.,
933 5653 980 5704 si
1002 5666 1092 5703 non
1110 5659 1334 5704 venertmt
1355 5657 1617 5717 umtqquaz
1634 5653 1870 5716 prwdicta
1901 5660 2027 5704 sunt.

587 5720 608 5752 ³
631 5718 760 5767 Idem
796 5717 951 5768 codex
975 5731 1065 5778 cs.,
1090 5724 1198 5766 ante
1219 5717 1365 5766 multa
1389 5714 1540 5766 millia
1560 5714 1806 5765 mutorum.

3669 311 3772 368 152

2195 411 2415 481 justum,
2449 421 2506 468 ut
2551 413 2720 470 nolint
2761 416 3176 474 misericordem.
3211 421 3504 494 Utrumque
3529 439 3589 481 se
3617 427 3770 482 exhi-

2199 503 2290 558 bet
2329 504 2498 572 Deus,
2540 513 2824 577 utrumque
2855 518 3100 579 praestat;
3125 527 3225 566 nec
3253 513 3616 571 misericordia
3656 518 3771 586 ejus

2198 595 2491 663 prmscribit
2507 595 2747 666 justitiaz,
2776 614 2874 654 nec
2895 599 3095 670 justitia
3118 601 3234 672 ejus
3271 602 3444 660 aufert
3470 607 3773 666 misericor-

2198 685 2362 740 diam.
2383 686 2685 745 Misericors
2705 689 2937 761 etjustus
2948 702 3048 748 est.
3062 693 3214 749 Unde
3235 695 3628 752 misericordem
3651 715 3773 769 pro-

2199 775 2423 831 bamus?
2451 777 2626 834 Parcit
2643 781 2804 835 modo
2837 784 3221 853 peccatoribus,
3255 785 3345 841 dat
3370 788 3579 843 veniam
3608 791 3782 845 conﬁ-

2195 866 2443 922 tentibus.
2463 866 2614 924 Unde
2628 870 2913 940 probamus
2931 873 3070 944 quod
3083 873 3257 945 justus
3296 878 3402 932 est?
3432 877 3564 944 Quia
3583 893 3686 934 ven
3697 891 3777 936 tu-

2194 969 2286 1010 rus
2308 965 2390 1012 est
2421 957 2534 1013 dies
2557 958 2931 1033 judicii,quem
2960 963 3118 1020 modo
3143 965 3342 1032 differt,
3365 984 3470 1024 non
3483 968 3657 1025 aufert
3683 982 3778 1037 ;ct

2193 1060 2314 1101 cum
2342 1050 2568 1115 venerit,
2592 1051 2890 1109 redditurus
2914 1063 2995 1110 est
3022 1069 3118 1125 pro
3140 1058 3362 1113 meritis.
3385 1062 3469 1115 An
3490 1061 3592 1117 hoc
3610 1063 3778 1118 vultis

2194 1143 2252 1189 ut
2267 1136 2518 1193 reddatur
2535 1142 2756 1209 aversis,
2772 1143 2912 1213 quod
2935 1144 3182 1200 reddetur
3196 1150 3512 1205 conversis?
3531 1151 3776 1216 Fratres,

2189 1226 2388 1296 justum
2411 1229 2619 1285 videtur
2643 1232 2813 1300 vobis,
2841 1244 2898 1287 ut
2921 1233 2993 1288 ibi
3016 1245 3242 1304 ponatur
3261 1237 3442 1306 Judas,
3462 1241 3549 1296 ubi
3566 1243 3773 1312 positus

2191 1324 2276 1370 est
2303 1317 2536 1374 Petrus?
2576 1320 2643 1374 Et
2683 1321 2794 1390 ipse
2824 1322 2895 1377 ibi
2928 1333 3234 1393 poneretur,
3265 1327 3310 1381 si
3339 1342 3398 1383 se
3426 1331 3768 1387 correxisset.

2191 1407 2295 1462 Sed
2325 1408 2392 1464 de
2415 1411 2568 1467 venia
2597 1411 2910 1483 desperans,
2946 1415 3122 1485 potius
3165 1417 3266 1472 sibi
3313 1420 3506 1476 collum
3545 1421 3768 1493 ligavit,

2192 1515 2350 1570 quam
2376 1501 2535 1572 Regis
2559 1505 2897 1560 clementiam
2925 1507 3260 1578 supplicavit.

2261 1592 2486 1648 CAPUT
2510 1593 2598 1648 VI.
2625 1625 2694 1634 —
2720 1595 2773 1650 6.
2797 1595 2996 1652 Mutato
3044 1615 3130 1653 reo
3171 1600 3336 1671 judea:
3380 1612 3621 1681 mutatur.
3667 1604 3774 1660 Ita-

2193 1698 2295 1752 que
2319 1725 2332 1749 ,
2379 1683 2599 1751 fratres,
2646 1686 2782 1743 sicut
2819 1689 2996 1746 dicere
3037 1707 3336 1762 cmpcram,
3381 1710 3489 1752 non
3516 1706 3600 1752 est
3627 1699 3775 1756 unde

2193 1775 2640 1844 reprehendamus
2688 1779 2876 1835 Deum.
2908 1781 3045 1848 Quid
3074 1793 3260 1839 contra
3306 1786 3454 1841 illum
3484 1787 3726 1845 dicamus
3752 1832 3772 1855 ,

2193 1879 2296 1918 non
2328 1867 2448 1932 erit,
2480 1882 2601 1922 cum
2629 1870 2834 1924 venerit
2869 1870 3127 1941 judicare.
3171 1874 3380 1945 Cogitet
3409 1880 3776 1951 unusquisque

2193 1965 2405 2024 peccata
2432 1971 2545 2024 sua,
2578 1967 2634 2014 et
2660 1961 2820 2016 modo
2845 1961 2932 2016 illa
2963 1964 3247 2033 emendet,
3275 1982 3396 2022 cum
3427 1977 3634 2042 tempus
3663 1983 3773 2029 est.

2189 2047 2269 2103 Sit
2296 2047 2598 2105 fructuosus
2626 2050 2814 2121 dolor,
2845 2067 2951 2108 non
2983 2055 3052 2108 sit
3080 2055 3275 2111 sterilis
3306 2059 3598 2128 pmnitudo.
3629 2061 3778 2117 Tan-

2191 2156 2349 2210 quam
2379 2140 2482 2196 hoc
2511 2142 2639 2197 dicit
2665 2143 2805 2199 Deus
2834 2163 2847 2198 :
2876 2145 3015 2202 Ecce
3044 2146 3276 2202 iudicavi
3305 2150 3640 2218 sententiam,
3672 2154 3778 2208 sed

2193 2230 2428 2286 nondum
2467 2233 2698 2301 protuli;
2729 2236 2969 2304 prtedixi,
2997 2251 3100 2290 non
3134 2237 3242 2292 ﬁxi.
3275 2239 3410 2307 Quid
3442 2240 3616 2306 times,
3644 2243 3775 2312 quia

2193 2320 2322 2412 dixi,
2350 2322 2405 2378 Si
2457 2324 2678 2378 mutaris
2703 2367 2717 2390 ,
2768 2328 3036 2381 mutatur?
3063 2327 3194 2383 Nam
3226 2330 3478 2401 scriptum
3505 2341 3587 2388 est
3625 2334 3775 2404 quod

2189 2413 2445 2483 paeniteat
2468 2415 2634 2470 Deum
2657 2414 2808 2485 (Gen.
2825 2433 2896 2483 vI,
2915 2417 2992 2489 6).
3010 2418 3272 2490 Numquid
3299 2425 3567 2492 quomodo
3593 2425 3774 2481 homi-

2193 2520 2334 2570 nem,
2357 2506 2433 2560 sic
2455 2507 2850 2576 pmnitetDeum
2866 2508 3032 2563 ?Nam
3055 2510 3252 2566 dictum
3265 2523 3367 2579 est,
3394 2514 3456 2569 Si
3481 2517 3773 2586 paenituerit

2191 2613 2277 2650 vos
2303 2597 2366 2652 de
2387 2598 2600 2667 peccatis
2615 2599 2807 2664 vestris,
2833 2601 3083 2670 paenitebit
3107 2612 3154 2656 et
3179 2621 3257 2658 me
3279 2605 3342 2660 de
3360 2607 3589 2662 omnibus
3613 2612 3767 2664 malis

2191 2705 2304 2758 qua:
2332 2694 2559 2760 {acturus
2601 2708 2740 2746 eram
2783 2692 2918 2747 vobis
2958 2692 3167 2763 (Jerem.
3210 2713 3355 2765 xvm,
3397 2699 3475 2770 8).
3505 2698 3780 2770 Numquid

2191 2782 2342 2851 quasi
2363 2792 2626 2838 errantem
2647 2785 2866 2854 pmnitet
2881 2785 3083 2841 Deum?
3111 2788 3217 2843 Sed
3245 2789 3548 2858 pmniteutia
3576 2790 3779 2847 dicitur

2177 2871 2245 2938 ,in
2277 2873 2385 2927 Deo
2411 2874 2632 2928 mutatio
2655 2875 2954 2930 sententia.
2984 2875 3098 2931 Non
3128 2885 3210 2932 est
3239 2878 3437 2948 iniqua,
3469 2879 3565 2934 sed
3601 2879 3774 2949 justa.

2193 2965 2369 3032 Quare
2393 2965 2572 3035 justa?
2616 2966 2846 3022 Mutatus
2893 2976 2976 3023 est
3019 2983 3175 3036 reus,
3207 2970 3428 3024 mutavit
3450 2969 3614 3040 judex
3643 2986 3778 3026 sen-

2196 3057 2432 3111 tentiam.
2453 3056 2568 3111 Noli
2600 3059 2806 3113 terreri.
2827 3057 3102 3116 Sententia
3131 3069 3328 3115 mutata
3355 3069 3456 3127 est,
3485 3076 3588 3116 non
3606 3061 3777 3131 justi-

2195 3149 2285 3200 tia.
2321 3147 2532 3204 Iustitia
2563 3150 2763 3221 integra
2802 3161 2985 3208 manet
3015 3171 3028 3207 :
3057 3153 3178 3222 quia
3207 3162 3406 3207 mutato
3447 3153 3606 3210 debet
3648 3169 3782 3225 par-

2193 3255 2316 3295 cere
2342 3242 2429 3311 qui
2453 3241 2629 3312 justus
2645 3254 2745 3298 est.
2771 3245 3048 3313 Quomodo
3078 3245 3332 3317 pertinaci
3358 3261 3461 3300 non
3485 3247 3673 3318 parcit,
3693 3249 3781 3305 sic

2196 3343 2396 3388 mutato
2427 3335 2616 3404 parcit.
2649 3336 2765 3406 Ipse
2795 3353 2889 3392 rex
2914 3346 2996 3392 est
3018 3337 3377 3409 indulgentiae,
3399 3338 3489 3408 qui
3514 3337 3668 3393 dator
3685 3351 3782 3395 est

2195 3425 2344 3496 legis.
2384 3426 2526 3481 Misit
2554 3427 2722 3498 legem
2745 3470 2760 3496 ,
2789 3429 2933 3482 venit
2960 3444 3080 3484 cum
3110 3428 3453 3500 indulgentia.
3495 3429 3666 3485 Reum
3713 3437 3782 3488 te

2194 3515 2393 3572 fecerat
2419 3518 2530 3584 lex,
2559 3518 2785 3574 absolvit
2809 3527 2862 3574 te
2887 3519 2977 3590 qui
3001 3519 3146 3574 dedit
3167 3520 3358 3592 legem.
3394 3521 3505 3576 lmo
3537 3536 3642 3577 non
3669 3521 3778 3578 ab-
3879 3509 3883 3512 ’

2193 3611 2382 3664 solvit:
2403 3627 2524 3666 nam
2552 3611 2829 3667 absolvere
2850 3620 2931 3667 est
2949 3611 3282 3670 innocentem
3299 3614 3539 3685 judicare
3563 3633 3578 3669 :
3604 3614 3782 3672 donat

2195 3702 2370 3771 potius
2412 3710 2624 3772 peccata
2669 3718 2948 3758 converso.
2979 3703 3178 3759 Omnes
3203 3705 3344 3760 enim
3371 3713 3495 3760 sunt
3518 3706 3632 3770 rei,
3679 3708 3782 3776 qui

2195 3793 2425 3861 peccatis
2466 3793 2577 3848 suis
2611 3794 2830 3848 involuti
2863 3802 3004 3849 sunt.
3049 3794 3216 3850 Nemo
3253 3779 3312 3850 sb
3349 3804 3496 3866 optet
3519 3795 3719 3851 absolvi
3759 3815 3779 3851 :

2194 3897 2382 3939 omnes
2402 3885 2612 3939 veniam
2633 3884 3000 3956 deprecemur.
3020 3885 3187 3940 Venia
3210 3901 3336 3941 vero
3354 3885 3508 3941 datur
3527 3895 3730 3942 mutato
3759 3907 3774 3941 :

2195 3983 2251 4030 et
2268 3976 2468 4032 erimus
2493 3977 2664 4032 securi
2689 4018 2704 4043 ,
2747 3993 2868 4032 cum
2909 3977 3248 4043 audierimus,
3287 3977 3434 4032 Sicut
3459 3979 3573 4048 ﬂuit
3599 3996 3718 4034 cera
3737 3998 3782 4034 a

2196 4066 2326 4134 facie
2354 4067 2505 4138 ignis,
2535 4067 2608 4120 sic
2634 4078 2836 4137 pereant
2864 4075 3148 4138 peccatores
3171 4085 3203 4121 a
3229 4069 3360 4139 facie
3388 4069 3503 4124 Dei.

2266 4156 2490 4212 CAPUT
2516 4156 2623 4211 Vll.
2651 4186 2722 4196 -—
2749 4159 2802 4211 7.
2827 4157 3072 4213 Peccator
3099 4167 3287 4229 pereat,
3315 4176 3376 4214 ne
3403 4161 3552 4214 homo
3580 4171 3778 4230 pereat.

2195 4247 2373 4314 Certe,
2404 4245 2594 4301 fratres
2613 4287 2629 4313 ,
2655 4246 2814 4302 modo
2839 4257 3055 4317 pereant
3086 4258 3420 4317 peccatores,
3441 4259 3496 4305 et
3516 4265 3620 4304 non
3647 4266 3783 4319 per—

2195 4346 2323 4392 euut
2353 4345 2679 4407 peccatores.
2720 4336 2777 4392 Si
2818 4338 3067 4408 incipiant
3099 4339 3243 4408 juste
3281 4338 3479 4406 vivere,
3527 4340 3787 4410 peribunt

2195 4429 2376 4498 utique
2399 4436 2726 4498 peccatores,
2768 4427 2863 4483 sed
2898 4444 3002 4483 non
3033 4430 3279 4500 peribunt
3304 4428 3564 4485 homines.
3599 4430 3785 4489 llomo

2197 4528 2461 4588 peccator,
2487 4518 2592 4574 duo
2622 4519 2834 4574 nomina
2863 4528 2987 4573 sunt
3016 4538 3028 4572 :
3058 4520 3216 4575 homo
3241 4536 3406 4576 unum
3430 4536 3621 4576 nomen
3647 4532 3735 4578 est
3762 4567 3784 4592 ,

2197 4621 2250 4666 et
2275 4621 2524 4680 peccator
2545 4629 2708 4668 unum
2733 4627 2926 4668 nomen
2947 4621 3048 4668 est.
3070 4613 3124 4668 In
3146 4615 3228 4671 bis
3247 4616 3454 4672 duobus
3475 4617 3790 4676 nominibus

2197 4704 2541 4774 intelligimus
2563 4705 2684 4774 quia
2718 4720 2880 4760 unum
2925 4705 3114 4760 horum
3160 4707 3302 4774 Deus,
3341 4707 3500 4776 fecit,
3547 4709 3784 4766 alterum

2197 4793 2387 4848 horum
2413 4793 2576 4849 homo
2604 4795 2748 4850 fecit.
2773 4795 3054 4852 Hominem
3073 4797 3215 4852 enim
3245 4798 3384 4856 Deus
3411 4799 3555 4868 fecit,
3579 4816 3790 4872 pecea-

2198 4894 2366 4939 torem
2395 4884 2592 4954 seipse
2630 4885 2791 4941 homo
2834 4885 2979 4942 fecit.
3021 4886 3159 4953 Quid
3205 4903 3331 4959 ergo
3365 4892 3745 4948 contremiscis
3767 4938 3785 4963 ,

2196 4973 2408 5044 quando
2437 4974 2530 5030 tibi
2571 4975 2699 5030 dicit
2739 4977 2879 5031 Deus
2901 5019 2916 5043 ,
2958 4977 3187 5033 Pcreant
3234 4989 3536 5048 peccatores
3572 4999 3603 5038 a
3639 4984 3788 5043 facie

2197 5067 2355 5122 mea?
2381 5066 2491 5121 Hoc
2508 5065 2600 5121 tibi
2620 5066 2747 5122 dicit
2768 5068 2934 5122 Deus:
2956 5069 3143 5124 Pereat
3164 5069 3216 5124 in
3249 5079 3300 5125 te
3325 5071 3468 5141 quod
3495 5081 3547 5128 tu
3574 5073 3782 5145 fecisti,

2199 5170 2253 5214 et
2275 5174 2432 5214 servo
2460 5160 2603 5229 quod
2633 5175 2731 5231 ego
2762 5160 2884 5214 feci.
2908 5161 2980 5215 Et
3002 5162 3162 5217 modo
3186 5163 3339 5219 ardet
3360 5164 3497 5234 ignis
3522 5166 3572 5220 in
3597 5168 3784 5225 calore

2200 5250 2380 5316 verbi,
2408 5265 2496 5305 res
2515 5259 2597 5306 est
2619 5251 2673 5305 in
2693 5249 2901 5306 fervore
2927 5251 3155 5322 Spiritus
3181 5255 3370 5322 sancti,
3392 5255 3527 5312 sicut
3544 5257 3790 5317 diximus

2197 5341 2528 5413 jamdudum,
2557 5342 2677 5413 quia
2703 5345 2959 5414 scriptum
2991 5355 3074 5401 est
3103 5345 3155 5400 in
3181 5345 3288 5401 alio
3316 5349 3542 5418 psalmo,
3574 5349 3689 5404 Nec
3708 5366 3790 5408 est

2200 5433 2284 5502 qui
2303 5449 2356 5487 se
2373 5432 2870 5489 abscondatacalore
2894 5437 3022 5507 ejus.
3051 5436 3303 5508 Spiritum
3329 5446 3506 5494 autem
3535 5450 3789 5498 sanctum

2202 5539 2320 5580 esse
2343 5524 2578 5580 calorem
2613 5525 2742 5580 dicit
2768 5526 3074 5597 Apostolus,
3106 5528 3301 5599 Spiritu
3330 5533 3572 5601 feruentes
3601 5531 3783 5601 (liam.

2204 5631 2295 5681 xu,
2327 5615 2436 5684 ll).
2469 5616 2609 5687 Ergo
2643 5631 2737 5686 pro
2763 5617 2894 5672 facie
2921 5619 3048 5683 Dei,
3091 5619 3180 5673 tibi
3216 5635 3354 5688 pone
3390 5622 3602 5676 interim
3638 5623 3790 5680 Scri-

2205 5715 2410 5776 pturam
2437 5705 2529 5760 Dei
2566 5725 2577 5760 z
2605 5706 2837 5778 liquesce
2863 5707 2932 5762 ab
2963 5708 3084 5775 illa;
3112 5711 3367 5779 poeniteat
3394 5720 3466 5781 te,
3490 5728 3614 5767 cum
3629 5715 3788 5772 audis
