4014 6310
283 247 390 302 153

281 363 402 417 lucc
425 360 495 416 de
521 358 755 431 peccatis
783 355 903 410 tuis.
935 351 1064 408 Cum
1086 358 1262 404 autem
1294 354 1345 401 te
1369 344 1610 416 ptenitet,
1650 349 1703 396 et
1740 354 1861 395 cum

282 463 341 508 te
370 453 545 523 ipsum
584 447 859 505 excrucias
888 443 987 499 sub
1025 442 1203 497 calore
1240 437 1411 500 verbi,
1441 450 1560 492 cum
1596 428 1757 489 etiam
1793 432 1867 486 Ia-

277 559 485 615 cryma:
512 550 756 608 currunt,
786 552 963 593 nonne
989 548 1127 590 cerae
1153 530 1441 587 tabescenti
1468 570 1482 593 ,
1523 537 1579 583 et
1615 537 1867 595 tanquam

280 637 338 691 in
364 637 630 707 Iacrymas
654 632 887 688 currenti
912 627 1102 685 similis
1140 625 1428 680 inveniris?
1453 622 1607 678 Modo
1634 635 1761 690 ergo
1789 618 1871 672 fac

278 727 425 798 quod
446 727 498 780 in
520 732 791 795 posterum
812 723 989 786 times,
1012 727 1067 774 et
1086 733 1191 772 non
1207 715 1429 771 habebis
1448 712 1588 784 quod
1613 712 1666 766 in
1688 718 1868 782 poste—

280 834 400 873 rum
425 817 620 871 timeas
644 833 658 869 :
681 823 883 869 tantum
909 826 1015 867 non
1037 811 1173 865 sicut
1193 809 1367 862 fumus
1389 806 1606 861 deﬁcias
1629 806 1667 857 ί.

349 907 584 963 CAPUT
621 906 758 960 VIII.
795 935 864 944 —
898 903 952 960 8.
986 902 1131 957 Sicut
1165 905 1334 971 fumus
1362 898 1621 967 deﬁciunt,
1653 894 1737 964 qui
1760 908 1875 963 pec-

278 1010 396 1053 cata
439 1015 535 1053 sua
579 996 873 1067 defendunt.
924 993 1056 1048 Nam
1102 1001 1385 1059 utrumque
1426 987 1590 1041 habes
1630 984 1703 1039 ibi
1735 982 1874 1052 posi-

281 1102 395 1145 tum
430 1109 446 1144 :
474 1090 612 1144 forte
650 1104 755 1142 non
798 1087 914 1141 sine
939 1097 1118 1150 causa,
1161 1081 1282 1152 quia
1319 1087 1403 1134 est
1438 1078 1597 1132 etiam
1627 1072 1873 1129 distantia

284 1190 651 1251 peccatorum.
712 1177 768 1230 in
826 1175 942 1245 ipso
996 1187 1104 1227 uno
1155 1170 1319 1225 verbo
1372 1177 1651 1236 utrumque
1702 1162 1878 1233 posuit

280 1283 532 1337 Psalmns
580 1298 594 1333 :
639 1279 786 1334 Sicut
827 1276 992 1345 deﬁcit
1022 1278 1214 1345 fumus,
1243 1270 1513 1343 deﬁciant;
1541 1276 1587 1322 et
1610 1268 1738 1321 sicut
1765 1263 1878 1332 ﬂuit

283 1391 401 1428 cera
426 1390 463 1426 α
491 1372 623 1444 facie
658 1371 815 1443 ignis,
859 1368 930 1422 sic
972 1374 1179 1436 pereant
1222 1370 1501 1432 peccatores
1528 1376 1559 1412 α
1589 1357 1716 1430 facie
1758 1354 1874 1408 Dei.

282 1466 387 1533 Qui
416 1473 565 1530 sunt,
597 1462 687 1533 qui
732 1461 871 1516 sicut
916 1458 1093 1513 fumus
1142 1452 1427 1510 deﬁciunt?
1454 1451 1554 1517 Qui
1596 1455 1741 1514 sunt,
1775 1445 1876 1500 nisi

284 1555 529 1626 superbi,
556 1569 665 1609 non
708 1549 1025 1607 conﬁtentes
1063 1554 1277 1617 peccata
1309 1557 1426 1609 sua,
1455 1540 1551 1597 sed
1590 1537 1878 1593 defenden-

286 1651 411 1705 tes?
437 1649 617 1715 Quare
654 1646 802 1702 fumo
839 1642 1127 1714 comparati
1153 1640 1314 1695 sunt?
1343 1637 1476 1704 Quia
1515 1635 1690 1689 fumus
1726 1631 1880 1701 erigit

286 1757 369 1805 se,
391 1740 605 1797 extollit
626 1754 687 1794 se
712 1747 960 1807 tanquam
994 1734 1047 1788 in
1072 1732 1268 1787 ciuium
1302 1748 1315 1783 :
1357 1727 1450 1784 sed
1477 1734 1674 1797 quanto
1702 1724 1759 1777 ﬁt
1785 1738 1879 1776 su-

285 1834 492 1904 perior,
546 1839 692 1886 tanto
739 1828 947 1883 facilius
982 1824 1251 1881 evanescit
1289 1827 1345 1875 et
1388 1817 1631 1888 disperit.
1677 1815 1881 1868 Rursus

287 1925 633 1981 considerate
656 1921 797 1994 quod
826 1920 956 1976 dixi.
989 1916 1219 1975 Solidior
1250 1922 1331 1969 est
1366 1912 1542 1967 fumus
1570 1909 1673 1980 igni
1704 1907 1883 1978 proxi-

290 2036 431 2085 mus,
462 2028 518 2073 et
547 2027 703 2073 terra:
730 2015 1035 2086 proximus;
1080 2008 1318 2065 nondum
1359 2005 1437 2061 sic
1475 2003 1711 2069 evanuit,
1742 2014 1879 2054 non-

289 2114 417 2167 dum
461 2112 543 2166 sic
587 2120 670 2166 est
709 2109 983 2177 diSpersus
1007 2104 1060 2158 in
1088 2109 1276 2156 ventos
1308 2118 1323 2153 :
1352 2107 1498 2153 tanto
1538 2104 1714 2149 autem
1743 2100 1882 2146 atte-

292 2212 511 2263 nuatur.
558 2198 849 2265 evanescit,
901 2204 956 2252 et
1005 2192 1250 2262 disperit,
1303 2196 1501 2260 quanto
1551 2200 1610 2241 se
1658 2182 1881 2238 multum

294 2296 551 2353 extulerit
578 2297 621 2347 ².
652 2294 784 2360 Quia
811 2304 939 2361 ergo
980 2288 1243 2359 superbus
1282 2283 1360 2338 sic
1402 2297 1461 2336 se
1502 2279 1658 2350 erigit
1700 2284 1882 2333 contra

293 2389 491 2452 Deum,
514 2383 784 2456 quomodo
812 2382 990 2436 fumus
1017 2387 1203 2434 contra
1243 2375 1472 2438 coelum;
1516 2379 1682 2426 restat
1707 2378 1769 2423 ut
1812 2368 1883 2422 ita

294 2482 534 2545 deﬁciat,
575 2488 629 2533 et
670 2486 915 2545 tanquam
945 2474 997 2527 in
1025 2478 1211 2526 ventos
1247 2482 1358 2522 suae
1385 2464 1631 2519 vanitatis
1658 2460 1885 2517 elatione

293 2572 587 2641 dissipatus
626 2569 879 2631 intereat;
936 2558 1381 2634 quemadmodum
1434 2553 1659 2625 disperit
1708 2551 1886 2605 fumus

296 2640 494 2726 elatus,
535 2659 756 2722 tumida,
784 2672 888 2710 non
927 2653 1095 2709 solida
1138 2646 1501 2719 magnitudine
1539 2643 1770 2698 inflatus.
1798 2640 1888 2695 Sic

298 2762 383 2808 est
404 2753 552 2807 enim
580 2750 756 2803 fumus
781 2766 795 2802 :
824 2745 973 2800 vides
1000 2756 1245 2813 magnam
1288 2740 1517 2802 molem;
1546 2734 1712 2789 habes
1739 2734 1890 2803 quasi

299 2842 441 2913 quod
466 2842 673 2906 videas,
699 2847 751 2893 et
791 2854 896 2892 non
928 2836 1091 2890 habes
1138 2831 1277 2902 quod
1307 2839 1509 2884 teneas.
1548 2826 1735 2882 Talem
1765 2840 1892 2895 ergo

301 2949 540 3005 penam,
574 2931 786 2996 fratres,
820 2936 947 2982 ante
981 2925 1156 2981 omnia
1194 2921 1552 2987 detestamini,
1584 2933 1683 2973 nec
1712 2916 1893 2971 defen-

301 3024 441 3078 datis
485 3030 700 3093 pecmta
748 3026 926 3074 vestra
959 3034 970 3070 :
1000 3027 1053 3071 et
1095 3016 1139 3070 si
1184 3013 1357 3068 adhuc
1387 3011 1578 3076 facitis,
1610 3009 1774 3063 nolite
1801 3006 1895 3061 de-

304 3116 548 3171 fendere.
580 3112 800 3168 Subdite
837 3125 934 3165 vos
959 3109 1089 3173 Deo,
1134 3115 1189 3160 et
1222 3105 1301 3159 sic
1326 3101 1530 3157 tundite
1560 3108 1771 3170 pectora
1799 3113 1893 3152 ve-

304 3217 440 3273 stra,
488 3215 548 3261 ut
586 3214 642 3260 et
668 3206 781 3274 ipsa
810 3217 928 3273 quae
966 3204 1354 3261 remanserunt,
1391 3208 1497 3248 non
1543 3192 1689 3246 ﬁant.
1721 3190 1898 3244 Cona-

307 3301 443 3355 mini
486 3313 595 3354 non
640 3297 836 3360 facere,
878 3302 931 3349 et
968 3292 1011 3348 si
1044 3291 1156 3346 ﬁeri
1197 3296 1388 3359 potest,
1429 3286 1570 3340 nulla
1612 3283 1811 3337 facite:
1853 3280 1896 3335 si

311 3403 492 3448 autem
520 3392 635 3446 ﬁeri
664 3405 769 3444 non
794 3395 968 3458 potest
987 3394 1043 3439 ut
1069 3383 1207 3438 nulla
1229 3379 1454 3446 faciatis,
1482 3383 1695 3432 maneat
1722 3382 1897 3428 tamen

310 3484 395 3537 illa
422 3483 511 3553 pia
536 3481 823 3537 confessio.
868 3477 979 3532 Erit
1020 3475 1159 3530 enim
1210 3480 1483 3541 respectus
1522 3464 1902 3523 misericordia:

312 3575 500 3646 ipsius,
535 3582 598 3627 ut
635 3580 688 3627 te
724 3578 954 3625 conante
997 3566 1174 3622 omnia
1218 3563 1503 3633 perimere,
1552 3569 1607 3613 et
1648 3564 1901 3626 quantum

313 3666 581 3736 adiuverit
620 3663 934 3733 perimente,
964 3658 1031 3714 dc
1072 3657 1287 3725 reliquis
1330 3668 1447 3724 quae
1487 3650 1583 3705 tibi
1615 3657 1818 3704 restant
1848 3647 1901 3700 in

316 3760 509 3814 itinere
553 3746 769 3811 invento
824 3761 881 3808 et
925 3752 978 3805 in
1032 3756 1224 3805 conatu
1269 3743 1695 3814 comprehenso,
1752 3738 1907 3793 facile

317 3851 560 3920 ignoscat
593 3866 606 3900 :
642 3855 843 3901 tantum
887 3843 1145 3915 proﬁcere
1173 3839 1380 3903 affecta,
1412 3852 1513 3890 non
1546 3834 1798 3889 deﬁcere.
1848 3830 1904 3885 Si

318 3959 425 3997 non
454 3950 511 3996 te
557 3939 761 3994 invenit
802 3936 917 3991 dies
960 3934 1175 3988 ultimus
1221 3932 1497 3995 victorem,
1544 3923 1780 3980 inveniat
1822 3921 1908 3976 vel

318 4043 665 4111 pugnantem,
702 4047 805 4088 non
832 4038 1042 4101 captum
1065 4036 1120 4081 et
1145 4024 1432 4079 addictum.

390 4105 621 4187 CAPUT
663 4125 752 4179 IX.
780 4154 853 4164 —
874 4122 926 4177 9.
959 4117 1302 4174 Misericordia
1329 4112 1437 4176 Dei,
1461 4119 1651 4183 quanta
1678 4123 1795 4178 erga
1821 4105 1912 4158 lio-

322 4226 531 4278 minem.
579 4221 674 4275 Est
726 4226 900 4271 autem
950 4208 1312 4269 misericordia
1373 4204 1465 4259 Dei
1523 4198 1915 4256 abundantissi-

322 4329 411 4369 ma
454 4312 498 4378 ³,
535 4320 593 4366 et
631 4309 775 4379 larga
820 4306 937 4376 ejus
977 4298 1369 4361 benevolentia,
1402 4294 1488 4365 qui
1533 4307 1632 4347 nos
1658 4289 1913 4360 sanguine

324 4405 449 4461 Filii
493 4402 577 4458 sui
612 4378 859 4465 redemit,
901 4410 1021 4452 cum
1052 4401 1268 4463 propter
1308 4395 1521 4457 peccata
1566 4390 1743 4437 nostra
1785 4378 1915 4434 nihil

324 4509 595 4552 essemus.
624 4492 756 4547 Nam
787 4489 900 4559 ipse
925 4483 1120 4555 aliquid
1147 4494 1394 4549 magnum
1416 4476 1559 4539 fecit,
1588 4488 1708 4527 cum
1739 4469 1913 4524 homi-

328 4603 454 4643 nem
481 4585 547 4640 ad
575 4583 857 4652 imaginem
885 4586 939 4633 et
966 4572 1363 4631 similitudinem
1390 4582 1538 4621 suam
1561 4562 1776 4619 creavit.
1810 4560 1917 4614 Sed

326 4680 453 4749 quia
501 4690 601 4731 nos
644 4673 773 4727 nihil
813 4670 926 4726 ﬁeri
955 4666 1219 4721 voluimus
1247 4658 1535 4731 peccando,
1563 4663 1619 4710 et
1643 4652 1913 4707 traducem

330 4745 675 4827 mortalitatis
701 4765 769 4821 de
799 4761 1105 4835 parentibus
1124 4755 1387 4817 duximus,
1413 4758 1467 4805 et
1494 4763 1661 4803 massa
1695 4745 1916 4817 peccati,

332 4877 511 4919 massa
537 4861 633 4915 ira:
660 4858 779 4914 facti
807 4870 989 4911 sumus
1018 4870 1033 4906 :
1065 4847 1262 4922 placuit
1285 4856 1457 4901 tamen
1483 4842 1557 4896 illi
1590 4856 1683 4911 per
1708 4838 1919 4893 miseri-

336 4957 576 5013 cordiam
606 4968 757 5008 suam
786 4950 1049 5005 redimere
1089 4959 1187 4999 nos
1212 4948 1359 4996 tanto
1395 4937 1600 5007 pretio;
1644 4933 1787 4988 dedit
1826 4945 1923 5001 pro

336 5048 493 5103 nobis
514 5044 829 5115 sanguinem
849 5036 1003 5095 Unici
1024 5035 1103 5091 sui
1129 5035 1439 5088 innocenter
1459 5027 1588 5089 nati,
1612 5024 1923 5079 innocenter

340 5138 591 5203 viventis,
621 5114 939 5191 innocenter
972 5125 1185 5183 mortui.
1210 5121 1310 5189 Qui
1338 5134 1436 5174 nos
1464 5126 1611 5171 tanto
1640 5114 1807 5183 pretio
1832 5126 1923 5166 re-

403 5254 420 5285 ¹
447 5254 520 5301 sic
540 5257 709 5300 textus
725 5248 783 5297 ad
808 5245 1023 5295 codicem
1041 5253 1109 5289 es.
1134 5230 1605 5301 restitutus_est..[Et
1628 5239 1719 5301 non
1737 5223 1927 5301 Ιξρριέοξδ

343 5284 1023 5378 (μιοᾶ
1362 5294 1480 5346 sicut
1497 5284 1655 5355 nimus
1679 5284 1923 5350 deﬁciunt.

351 5375 675 5484 ἣῗηῖιξξὲά
720 5429 944 5482 eumdem
988 5432 1071 5475 Ms.
1112 5436 1181 5472 cs.
1217 5418 1593 5484 emendavimus.
1620 5408 1834 5484 [Qude
1848 5422 1929 5457 au-

345 5506 440 5549 tem
459 5472 1006 5554 éiéiuzimi'éiibiéiai
1026 5472 1070 5537 et
1093 5482 1311 5548 disperit,
1338 5477 1529 5545 qumuio
1554 5489 1603 5527 se
1624 5472 1825 5523 inultum
1844 5484 1931 5521 ea:-

346 5560 596 5745 ’έιῗῗξὲηι
633 5619 758 5669 liber
784 5632 851 5668 cs.
875 5616 893 5677 [
917 5619 995 5666 Est
1038 5616 1122 5660 aut
1136 5622 1197 5658 rm
1242 5601 1577 5657 misericordia
1616 5593 1930 5650 abundantis-

350 5697 486 5735 tuna.

350 5697 486 5735 tuna.

1714 212 1944 274 SERMO
1980 211 2140 268 XXII.

3451 223 3554 282 134

1976 332 2158 401 demit,
2189 348 2294 391 non
2315 336 2425 391 vult
2455 337 2627 413 perire
2647 352 2780 409 quos
2806 337 2953 394 emit.
2983 338 3104 397 Non.
3123 338 3251 395 emit
3278 353 3409 413 quos
3433 355 3558 410 per-

1975 426 2103 482 dat:
2129 429 2223 484 sed
2250 431 2379 485 emit
2402 447 2532 500 quos
2561 432 2805 489 viviﬁcet.
2835 434 2891 488 Si
2922 442 3137 507 peccata
3176 442 3355 489 nostra
3399 450 3559 504 supc;

1976 527 2096 574 rant
2120 535 2238 586 nos,
2261 522 2488 590 pretium
2508 538 2660 578 suum
2685 539 2789 579 non
2816 526 3105 579 contemnit
3133 524 3292 579 Deus.
3323 526 3555 580 Pretium

1978 625 2226 680 magnum
2247 612 2412 667 dedit.
2438 613 2547 668 Nec
2573 624 2745 670 tamen
2768 617 2918 671 nobis
2948 626 3147 670 tantum
3171 616 3240 671 de
3269 616 3432 685 ipsius
3461 618 3560 670 mi—

1978 700 2267 755 sericordia
2296 700 2653 771 blandiamur,
2681 704 2725 757 si
2757 720 2859 758 non
2892 704 3145 759 fuerimus
3174 705 3349 760 conati
3373 705 3561 760 adver-

1978 806 2069 846 sus
2098 800 2317 861 peccata
2361 800 2573 859 nostra;
2622 809 2721 848 nec
2762 794 2806 847 si
2849 795 3023 863 aliqua
3069 795 3297 849 maxime
3318 794 3561 863 capitalia

1979 881 2277 948 fecerimus,
2319 896 2597 953 speremus
2622 884 2692 938 ita
2719 884 2946 938 futuram
2976 900 3094 940 esse
3116 885 3559 946 misericordiam.

1978 982 2037 1027 ut
2066 974 2113 1028 ei
2150 974 2501 1045 conjungatur
2526 976 2795 1046 iniquitas.
2825 976 3084 1046 Numquid
3110 979 3249 1031 enim
3272 985 3326 1032 et
3349 992 3441 1032 eos
3466 976 3557 1046 qui

1980 1064 2111 1117 nihil
2136 1074 2378 1133 egerunt,
2409 1066 2851 1136 quemadmodum
2895 1067 3119 1120 correcti
3162 1068 3422 1133 viverent,
3466 1065 3561 1120 sed

1982 1153 2033 1208 in
2065 1156 2350 1224 pertinacia
2381 1164 2434 1211 et
2471 1156 2661 1210 duritia
2693 1156 2854 1209 animi
2885 1165 3309 1225 permanserunt,
3346 1171 3563 1213 accusa-

1982 1254 2173 1300 verunt
2202 1247 2363 1300 etiam
2392 1247 2561 1301 Deum
2589 1246 2925 1302 defendendo
2954 1255 3167 1316 peccata
3188 1262 3305 1312 sua,
3336 1248 3407 1303 ibi
3434 1262 3565 1303 con-

1981 1336 2260 1390 stituturus
2296 1348 2408 1401 est,
2439 1337 2527 1391 ubi
2556 1337 2827 1391 constituit
2856 1344 3067 1393 sanctos
3113 1343 3373 1406 martyres
3400 1337 3441 1402 ¹,
3471 1336 3562 1391 ubi

1981 1428 2254 1484 constituit
2280 1436 2495 1483 sanctos
2524 1429 2829 1499 Apostolos,
2859 1428 3174 1497 Prophetas,
3207 1427 3560 1493 Patriarchas,

1983 1531 2037 1575 et
2065 1520 2252 1576 ﬁdeles
2296 1535 2420 1575 suos
2464 1520 2601 1574 bene
2641 1520 2708 1575 de
2736 1534 2795 1574 se
2828 1519 3068 1586 meritos,
3113 1518 3213 1574 sibi
3252 1517 3561 1583 servientes,

1942 1641 1960 1663 σ.
1982 1611 2313 1667 ambulantes
2350 1612 2401 1665 in
2442 1611 2704 1678 castitate,
2752 1610 3033 1677 modestia,
3060 1608 3378 1675 humilitate,
3418 1607 3565 1662 eice-

1984 1718 2233 1774 mosynas
2259 1704 2529 1769 facientes,
2554 1704 2886 1773 ignoscentes
2919 1701 3059 1771 quod
3096 1717 3129 1755 a
3156 1715 3419 1772 quoquam
3446 1713 3569 1769 per-

1986 1794 2124 1864 pessi
2154 1794 2311 1849 sunt?
2346 1793 2488 1848 Talis
2518 1802 2601 1848 est
2628 1792 2769 1847 enim
2796 1792 2879 1845 via
2902 1792 3187 1861 justorum,
3219 1790 3341 1843 talis
3376 1797 3459 1843 est
3480 1788 3567 1842 via

1984 1893 2285 1940 sanctorum
2308 1885 2597 1939 tenentium
2620 1883 2785 1938 Deum
2812 1883 3044 1946 Patrem,
3066 1880 3357 1936 tenentium
3377 1878 3566 1934 Eccle-

1983 1977 2119 2031 siam
2144 1986 2366 2031 matrem
2392 1979 2435 2043 ’,
2467 1990 2565 2029 nec
2592 1975 2738 2029 illum
2765 1982 3057 2044 parentem,
3089 1987 3189 2026 nec
3217 1971 3369 2025 istam
3398 1968 3567 2025 oil‘en-

1986 2068 2191 2135 dentes,
2224 2068 2317 2123 sed
2345 2068 2396 2122 in
2423 2083 2606 2122 amore
2645 2066 2919 2135 utriusque
2962 2063 3198 2134 parentis
3224 2062 3484 2126 viventes,
3515 2069 3572 2116 et

1987 2161 2053 2215 ad
2083 2160 2443 2215 haereditatem
2478 2168 2730 2213 aeternam
2770 2164 3134 2226 properantes,
3163 2169 3268 2207 non
3306 2152 3436 2207 Izeso
3477 2165 3571 2222 pa-

1991 2263 2090 2315 tre,
2122 2268 2226 2305 non
2256 2253 2382 2305 laesa
2413 2259 2601 2317 matre,
2631 2250 2787 2303 datur
2815 2247 3098 2316 unicuique
3122 2243 3427 2300 haereditas.

2059 2340 2287 2396 CAPUT
2317 2341 2386 2394 Χ.
2411 2371 2483 2380 ——
2511 2340 2596 2394 10.
2628 2338 2744 2391 Duo
2767 2347 2996 2409 parentes
3024 2337 3091 2388 ad
3116 2336 3287 2399 vitam,
3311 2342 3357 2387 et
3386 2332 3487 2385 duo
3505 2347 3573 2384 aa

1991 2443 2215 2488 mortem.
2247 2433 2379 2500 Quia
2408 2432 2515 2486 duo
2558 2439 2807 2501 parentes
2848 2444 2945 2484 nos
2982 2434 3281 2498 genuerunt
3323 2424 3389 2479 ad
3432 2437 3575 2478 mor-

1994 2536 2120 2589 tem,
2175 2525 2281 2580 duo
2331 2533 2577 2592 parentes
2633 2537 2729 2575 nos
2794 2528 3090 2589 genuerunt
3139 2516 3205 2571 ad
3252 2516 3434 2569 vitam.
3475 2512 3576 2567 Pa-

1993 2626 2175 2673 rentes
2212 2617 2302 2687 qui
2333 2631 2429 2670 nos
2458 2621 2757 2685 genuerunt
2798 2612 2864 2665 ad
2907 2620 3155 2675 mortem,
3201 2608 3369 2663 Adam
3408 2614 3491 2661 est
3523 2613 3581 2659 et

1997 2712 2142 2775 Eva;
2172 2716 2422 2779 parentes
2450 2707 2539 2776 qui
2571 2720 2669 2759 nos
2707 2710 3003 2774 genuerunt
3029 2701 3095 2755 ad
3124 2700 3305 2763 vitam,
3333 2696 3578 2751 Christus

1997 2812 2080 2856 cst
2104 2808 2158 2855 et
2178 2798 2435 2854 Ecclesia.
2469 2797 2535 2850 Et
2568 2804 2719 2864 pater
2743 2807 2892 2847 meus
2918 2790 3007 2860 qui
3036 2804 3121 2843 me
3144 2787 3324 2859 genuit
3346 2784 3410 2838 ad
3437 2798 3582 2838 mor-

1999 2901 2126 2957 tem,
2155 2891 2321 2945 Adam
2368 2888 2497 2942 mihi
2547 2886 2678 2951 fuit;
2710 2892 2766 2939 et
2808 2892 2980 2938 mater
3017 2895 3133 2935 mea
3166 2880 3274 2934 Eva
3290 2877 3428 2936 .mihi
3457 2875 3574 2929 fuit.

2000 2982 2119 3037 Nati
2169 2995 2353 3036 sumus
2384 2976 2676 3033 secundum
2730 2974 2884 3028 istam
2933 2970 3243 3043 progeniem
3290 2966 3486 3031 carnis,
3516 2979 3581 3018 ex

2002 3088 2220 3127 munere
2245 3071 2456 3141 quidem
2487 3069 2612 3131 Dei;
2640 3066 2760 3136 quia
2786 3072 2841 3119 et
2862 3061 3001 3119 istud
3018 3074 3209 3115 munus
3225 3072 3329 3113 non
3355 3064 3437 3111 est
3461 3056 3587 3109 aite-

2002 3167 2132 3232 rius,
2165 3163 2258 3219 sed
2302 3161 2394 3216 Dei
2437 3180 2449 3215 :
2493 3168 2548 3214 et
2588 3167 2786 3223 tamen,
2832 3156 3040 3217 fratres,
3071 3148 3337 3221 quomodo
3362 3146 3469 3200 nati
3498 3161 3589 3200 sua

2005 3257 2162 3311 ntus?
2187 3255 2341 3310 Certe
2373 3262 2428 3306 ut
2454 3251 2760 3306 nmriamur.
2788 3247 3147 3300 Prmcessores
3172 3246 3468 3311 genuerunt
3486 3234 3589 3290 sibi

2006 3360 2343 3402 successores
2372 3360 2385 3395 :
2414 3339 2669 3410 numquid
2699 3343 2996 3409 genuerunt
3020 3334 3119 3388 sibi
3148 3346 3268 3387 cum
3290 3328 3483 3399 quibus
3504 3325 3591 3380 hic

2008 3453 2218 3508 semper
2242 3436 2456 3490 vivant?
2493 3431 2597 3487 Sed
2629 3439 2875 3499 tanquam
2907 3423 3195 3489 decessuri,
3227 3421 3314 3491 qui
3344 3419 3445 3473 illis
3468 3432 3590 3472 suc-

2008 3528 2280 3594 cederent,
2311 3530 2607 3597 genuerunt
2632 3520 2751 3574 sibi.
2786 3520 2926 3572 l)eus
2952 3524 3127 3570 autem
3160 3520 3307 3582 pater
3344 3520 3397 3564 et
3423 3517 3593 3562 mater

2011 3619 2266 3683 Ecclesia,
2300 3631 2406 3671 non
2433 3612 2500 3668 ad
2529 3612 2630 3665 hoc
2659 3615 2915 3680 generant
2954 3622 2967 3657 :
3008 3610 3263 3674 generant
3308 3608 3484 3653 autem
3526 3597 3593 3651 ad

2012 3715 2169 3768 vitam
2196 3719 2472 3771 :eternam,
2502 3704 2622 3775 quia
2651 3710 2705 3757 et
2738 3700 2836 3771 ipsi
2866 3696 3048 3752 azterni
3079 3701 3219 3749 sunt.
3244 3692 3313 3745 Et
3338 3691 3596 3744 habemus

2014 3802 2377 3858 luureditatem
2404 3796 2717 3867 promissam
2740 3807 2768 3844 a
2796 3788 3006 3844 Christo
3026 3788 3185 3839 vitam
3206 3792 3479 3837 :etcrnam.
3504 3778 3594 3833 Se-

2014 3894 2246 3950 cundum
2274 3888 2416 3960 quod
2444 3886 2675 3942 Verbum
2697 3894 2822 3935 caro
2852 3878 3044 3931 factum
3068 3881 3168 3937 est,
3189 3878 3243 3926 et
3264 3868 3519 3924 habitavit
3541 3867 3593 3920 in

2017 3988 2171 4043 nobis
2192 3985 2368 4058 (Joan.
2388 3999 2427 4050 ι,
2452 3980 2564 4049 ii),
2599 3977 2829 4032 nutritus
2844 3971 3031 4051 crevit,
3054 3982 3263 4039 passus,
3287 3971 3527 4018 mortuus
3543 3970 3598 4016 et

2016 4077 2361 4135 resuscitatus
2389 4071 2593 4139 accepit
2610 4065 2970 4121 haereditatem
2997 4050 3217 4129 regnum
3235 4055 3513 4111 caelorum.
3539 4051 3596 4106 In

2021 4174 2134 4241 ipso
2150 4168 2367 4224 homine
2392 4155 3045 4231 accepitresnrrectionem
3069 4159 3121 4204 et
3140 4149 3300 4203 vitam
3320 4155 3595 4209 mlernam,

2022 4264 2074 4316 in
2108 4262 2222 4330 ipso
2249 4256 2463 4312 homine
2482 4249 2685 4320 accepit
2717 4265 2730 4300 :
2758 4247 2812 4300 in
2840 4242 3017 4298 Verbo
3039 4249 3213 4294 autem
3236 4252 3340 4292 non
3358 4234 3596 4304 accepit;

2022 4355 2141 4426 quia
2174 4344 2679 4406 incommutabilitcr
2707 4348 2885 4394 manet
2908 4335 2975 4389 ab
3004 4342 3204 4388 aeterno
3232 4331 3283 4384 in
3315 4337 3597 4383 aeternum.

2023 4425 2155 4514 Quia
2180 4457 2306 4513 ergo
2324 4438 2527 4507 accepit
2545 4429 2983 4489 resurrectionem
3001 4425 3226 4478 ctvitam
3247 4430 3499 4475 arternam
3523 4432 3604 4471 ca-

2024 4540 2209 4603 milia,
2233 4510 2353 4605 qua:
2369 4526 2658 4586 resurrexit
2686 4533 2739 4577 et
2763 4520 3027 4575 viviﬁcata
3049 4513 3288 4569 ascendit
3315 4513 3368 4565 in
3386 4510 3600 4571 malum,

2027 4634 2129 4687 huc
2162 4629 2315 4685 nobis
2342 4623 2660 4696 promissum
2696 4624 2795 4671 cst.
2828 4614 2999 4682 Ipsam
3027 4607 3389 4663 hazreditatcm
3416 4616 3605 4670 exspe—

2027 4735 2255 4785 (Lamus,
2288 4724 2446 4775 vitam
2473 4724 2749 4771 :eternam.
2775 4706 2963 4761 Adhuc
2988 4702 3128 4758 enim
3161 4716 3264 4754 non
3294 4706 3458 4751 totum
3486 4710 3606 4748 cor-

2032 4836 2128 4890 pus
2153 4813 2390 4881 accepit;
2425 4809 2547 4878 quia
2586 4810 2745 4872 caput
2782 4799 2833 4855 in
2872 4796 3009 4851 cmlo
3035 4801 3135 4858 cst,
3162 4789 3401 4845 membra
3431 4786 3608 4840 adhuc

2032 4878 2083 4967 in
2110 4922 2247 4967 terra
2273 4878 2395 4962 sunt
2424 4921 2436 4956 :
2466 4914 2564 4955 nec
2591 4902 2747 4966 caput
2772 4890 2941 4946 solum
2969 4895 3303 4953 accepturum
3331 4888 3412 4933 est
3441 4878 3607 4932 hatre-

2033 5006 2271 5065 ditalem,
2302 5004 2355 5052 et
2391 5006 2584 5063 corpus
2622 4986 2950 5053 relinquetur
2980 4996 2992 5031 :
3023 4986 3164 5030 totus
3190 4970 3430 5026 Christus
3454 4981 3610 5022 accc-

2033 5108 2222 5168 pturus
2260 5097 2342 5145 est
2370 5060 2769 5140 hrcreditatem;
2804 5080 2944 5127 totus
2981 5064 3269 5123 secundum
3314 5060 3605 5124 hominem,

2037 5152 2085 5243 id
2114 5192 2197 5240 est
2218 5187 2376 5249 caput
2399 5183 2455 5232 et
2478 5185 2692 5241 corpus.
2735 5161 2970 5219 Membra
3004 5171 3131 5225 ergo
3167 5152 3361 5207 Christi
3405 5163 3609 5214 sumus,

2036 5245 2312 5349 speremus
2339 5264 2705 5324 hereditatem
2741 5274 2754 5310 :
2794 5254 2915 5324 quia
2943 5264 3062 5304 cum
3106 5245 3282 5301 omnia
3310 5246 3408 5298 ista
3437 5251 3610 5297 trans-

2038 5335 2217 5432 ierint,
2250 5363 2354 5417 hoc
2395 5360 2594 5415 bonum
2621 5343 2887 5417 accepturi
2922 5352 3105 5395 sumus
3133 5335 3273 5407 quod
3301 5350 3406 5389 non
3438 5342 3612 5388 trans-

2070 5547 2076 5554 -
2104 5527 2117 5557 ¹
2149 5531 2212 5574 Ita
2242 5520 2397 5570 coch
2415 5530 2483 5565 cs.
2511 5513 2603 5574 [Ibi
2625 5506 2966 5561 constituturus
2980 5507 3065 5563 est,
3081 5498 3161 5550 ubi
3182 5496 3418 5548 ccmstituat
3432 5499 3615 5545 sanctos

2042 5584 2419 5696 Λνθῗῗέξῗιέιως
2444 5639 2545 5687 loco
2568 5635 2714 5693 addit,
2738 5644 2845 5682 cum
2869 5626 3053 5693 utrique
3075 5622 3281 5691 ﬁdeliter
3300 5618 3563 5670 adiicerent.
