4012 6338
262 280 363 336 157

261 403 359 440 non
387 382 601 453 percipit
645 395 757 448 qua:
797 388 912 433 sunt
953 377 1174 449 Spiritus
1193 376 1290 432 Dei
1315 393 1334 430 :
1353 376 1564 432 stultitia
1596 376 1727 430 enim
1751 390 1823 431 est

261 476 368 542 illi,
397 483 447 528 et
461 491 562 528 non
588 474 716 528 scire
739 479 934 541 potest,
955 471 1192 540 quoniam
1218 467 1544 540 spiritualitcr
1568 468 1824 538 dijudica-

261 580 358 621 ω’.
401 565 698 636 Spiritualis
725 563 975 634 dijudicat
1027 562 1228 626 omnia;
1251 561 1360 630 ipse
1387 569 1552 614 autem
1577 577 1609 614 ιι
1631 561 1828 614 nemine

261 658 587 729 dijudicatur.
640 656 780 711 ldem
825 656 938 723 ipse
988 653 1117 708 dicit
1157 671 1171 707 :
1219 653 1534 722 Sapientiam
1577 652 1828 722 loquimur

256 752 382 804 inter
405 748 675 818 perfectos.
702 745 898 816 thuid
937 758 1064 814 ergo
1110 744 1340 813 loqueris
1360 783 1376 808 ,
1401 744 1446 797 si
1481 743 1612 798 inter
1661 739 1827 813 perfe-

257 850 356 894 εισι
382 838 426 908 (Ι
443 838 564 893 Cor.
587 854 660 903 ιι,
692 837 779 901 is,
813 836 900 900 l5,
914 835 992 906 6)?
1013 833 1151 901 Quid
1174 834 1318 889 enim
1347 848 1482 902 opus
1504 843 1586 888 est
1609 842 1664 887 te
1687 833 1829 902 loqui

256 927 456 982 homini
511 925 780 996 perfecto?
816 925 922 980 Sed
966 939 1147 994 quicrc
1193 924 1245 978 in
1298 938 1402 993 quo
1438 923 1698 992 perfectus
1738 924 1826 977 sit.

257 1017 414 1072 Forte
437 1017 585 1072 enim
621 1031 727 1070 non
777 1014 987 1070 invenio
1015 1013 1308 1084 perfectum
1345 1013 1670 1083 cognitorem
1691 1035 1716 1078 ,λ
1735 1014 1830 1068 sed

251 1108 357 1177 jam
386 1107 604 1161 invenio
629 1106 925 1175 perlectum
955 1105 1272 1159 auditorem.
1295 1103 1390 1157 Est
1415 1118 1543 1173 ergo
1566 1103 1831 1174 perfectus

253 1208 304 1252 et
324 1196 574 1263 auditor,
603 1205 782 1251 mente
806 1196 913 1264 jam
962 1209 1156 1264 capax,
1183 1194 1270 1249 cui
1305 1193 1505 1250 solidus
1540 1194 1689 1248 cibus
1711 1195 1829 1248 nul-

255 1289 356 1342 lam
386 1288 544 1344 faciat
568 1288 1042 1359 perturbationem,
1062 1287 1258 1341 nullam
1275 1286 1480 1356 ingerat
1495 1285 1829 1340 cruditatem.

255 1380 380 1447 Quis
417 1388 506 1436 est
531 1380 619 1435 hic
635 1421 650 1446 ,
680 1389 734 1434 et
764 1381 1092 1435 laudabimus
1127 1380 1286 1435 eum?
1309 1379 1418 1434 Nec
1440 1378 1626 1434 dubito
1650 1387 1831 1433 tamen

256 1487 372 1527 esse
402 1471 612 1542 aliquos
636 1470 934 1541 spirituales
955 1513 970 1536 ,
1000 1472 1135 1526 bene
1154 1471 1447 1536 audientes,
1477 1470 1612 1526 bene
1634 1469 1832 1539 dijudi-

256 1571 448 1618 cantes.
468 1581 483 1616 :
507 1562 650 1632 apud
680 1563 808 1616 istos
837 1578 939 1616 non
970 1563 1167 1616 laboro.
1194 1561 1294 1615 Aut
1332 1562 1472 1614 enim
1501 1560 1725 1614 carnalis
1754 1559 1833 1613 in-

256 1653 440 1706 venior
468 1653 486 1683 ί
506 1693 522 1717 ,
553 1661 609 1706 et
640 1651 1051 1706 misericorditer
1088 1666 1294 1706 mecum
1339 1652 1485 1722 agit'
1514 1670 1527 1704 :
1561 1659 1652 1705 aut
1693 1651 1834 1722 capit

257 1742 394 1813 quod
440 1742 594 1806 dico,
644 1752 700 1797 et
742 1742 1136 1812 congratulatur
1165 1742 1316 1797 mihi.

323 1832 552 1888 CAPUT
579 1832 645 1886 ν.
674 1863 746 1873 -
769 1834 822 1888 5.
845 1832 1136 1903 Intelligere
1163 1849 1264 1887 non
1299 1841 1374 1887 est
1409 1833 1507 1886 nisi
1523 1849 1694 1886 verum
1715 1849 1834 1886 sen-

259 1924 438 1979 tientis.
479 1921 564 1978 De
609 1921 712 1977 Deo
758 1923 871 1994 falli
893 1964 910 1990 ,
965 1922 1336 1993 periculosum;
1381 1923 1612 1990 mentiri,
1659 1923 1834 1976 exitio-

258 2032 388 2070 sum.
450 2014 597 2070 Ecce
639 2029 782 2069 nunc
831 2015 1038 2085 suscepi
1081 2014 1240 2069 verba
1279 2014 1465 2084 psalmi
1492 2029 1646 2084 quem
1677 2013 1835 2067 modo

260 2106 592 2159 cantavimns
618 2122 632 2159 :
667 2104 891 2158 Tenuisti
910 2121 1116 2158 ntanum
1138 2104 1357 2158 dentem
1378 2120 1523 2158 mete.
1554 2105 1625 2158 Da
1641 2118 1833 2158 carna-

263 2196 363 2250 lem
391 2195 726 2259 auditorem;
750 2196 874 2264 quid
899 2195 1135 2264 putabit,
1165 2195 1266 2250 nisi
1313 2195 1435 2265 quia
1485 2195 1624 2250 Deus
1669 2210 1835 2264 appa-

263 2289 364 2342 ruit
391 2288 444 2341 in
493 2287 662 2342 forma
687 2287 935 2350 humana,
967 2285 1313 2356 apprehendit
1349 2287 1423 2341 illi
1467 2302 1678 2342 manum
1707 2287 1837 2342 dex-

261 2389 448 2444 teram,
475 2394 584 2433 non
605 2379 893 2443 sinistram,
915 2387 970 2431 ct
991 2377 1211 2432 deduxit
1231 2378 1285 2432 in
1313 2393 1463 2432 suam
1489 2379 1834 2441 voluntatem,

265 2481 439 2540 etquo
477 2470 644 2524 voluit
688 2469 1009 2539 assumpsit?
1032 2469 1088 2524 Si
1119 2469 1220 2522 hoc
1247 2469 1592 2535 intellexerit,
1635 2469 1743 2522 imo
1792 2469 1838 2522 si

270 2561 367 2617 hoc
391 2563 694 2632 putaverit,
723 2577 994 2630 nunquam
1016 2561 1275 2630 intelligit.
1318 2560 1418 2627 Qui
1459 2561 1601 2616 enim
1643 2561 1839 2615 intelli-

269 2655 356 2723 git,
380 2669 562 2709 verum
584 2653 844 2723 intelligit.
866 2652 966 2720 Qui
982 2661 1155 2706 autem
1175 2641 1322 2721 put'iit
1342 2652 1550 2716 falsum,
1567 2667 1669 2706 non
1685 2653 1840 2706 intel-

273 2743 398 2812 ligit.
453 2743 600 2812 Ergo
641 2744 685 2797 si
739 2743 839 2796 hoc
889 2743 1151 2812 putaverit
1201 2741 1362 2796 homo
1422 2743 1678 2806 carnalis,
1721 2743 1842 2811 quia

272 2833 356 2888 Dei
386 2844 576 2888 natura
625 2843 782 2902 atque
829 2831 1118 2887 substantia
1149 2832 1396 2886 distincta
1442 2831 1695 2886 membris
1720 2841 1799 2886 est
1825 2873 1841 2899 ,

273 2927 617 2982 determinata
659 2924 829 2978 forma
851 2967 865 2990 ,
895 2925 1291 2993 circumscripta
1305 2925 1598 2994 quantitate
1626 2939 1846 2978 manens

277 3019 402 3080 loco,
422 3017 551 3087 quid
572 3031 693 3069 cum
725 3017 816 3069 illo
840 3014 1009 3070 facio?
1025 3013 1080 3070 Si
1106 3015 1312 3083 dixero,
1340 3014 1454 3068 Non
1475 3021 1556 3069 est
1576 3015 1644 3067 ita
1674 3015 1808 3067 Deus
1829 3031 1842 3067 :

276 3125 372 3164 non
393 3107 559 3177 capit.
608 3107 663 3162 Si
710 3107 929 3172 dixero,
972 3105 1044 3159 Ita
1086 3114 1203 3160 cst:
1238 3105 1326 3159 ille
1348 3105 1496 3175 quasi
1542 3105 1714 3174 capit;
1754 3103 1846 3158 sed

278 3213 371 3269 ego
392 3198 626 3266 decipio.
658 3197 771 3250 Non
795 3211 1009 3266 possum
1033 3196 1210 3250 dicere
1229 3236 1244 3262 ,
1268 3195 1343 3249 lta
1367 3205 1448 3250 est
1475 3213 1488 3248 :
1517 3210 1583 3250 ne
1604 3196 1845 3261 mentiar;

276 3296 454 3341 etnon
499 3287 897 3355 undecmnquc,
934 3286 1026 3339 sed
1055 3286 1121 3340 de
1151 3285 1258 3340 Deo
1297 3299 1416 3340 meo
1437 3327 1451 3351 ,
1483 3285 1548 3339 de
1578 3284 1850 3339 Salvatore

276 3387 327 3433 et
362 3377 722 3446 ltedemptore
769 3391 887 3430 meo
911 3415 926 3441 ,
956 3375 1023 3430 de
1051 3391 1145 3444 spe
1186 3389 1334 3440 mea,
1379 3374 1444 3428 de
1488 3374 1576 3427 illo
1603 3373 1666 3426 ad
1693 3387 1849 3442 quem

277 3467 501 3522 extendo
529 3481 742 3520 manum
785 3480 954 3520 meam
978 3506 993 3532 ,
1036 3464 1358 3519 desiderium
1409 3479 1605 3522 meum.
1630 3463 1744 3518 Non
1772 3471 1853 3518 est

277 3575 358 3613 res
386 3559 522 3614 levis
543 3557 610 3613 de
637 3558 726 3612 tali
756 3557 986 3612 mentiri.
1022 3557 1095 3610 De
1133 3557 1220 3610 tali
1250 3555 1358 3610 falli
1383 3559 1664 3610 molestum
1694 3564 1852 3610 estet

277 3650 632 3720 periculosum
653 3657 737 3704 est
758 3649 854 3703 :de
879 3648 963 3701 tali
981 3656 1153 3702 autem
1166 3647 1375 3701 mentiri
1397 3647 1677 3701 exitiosum
1695 3654 1779 3700 est
1797 3653 1853 3701 et

281 3741 658 3810 perniciosum.
690 3738 806 3793 Non
826 3738 1000 3792 omnis
1028 3738 1115 3807 qui
1139 3737 1409 3802 mentitur,
1440 3736 1658 3790 fallitur.
1685 3733 1741 3790 Si
1761 3735 1859 3789 au-‘

280 3841 385 3886 tem
427 3833 550 3901 ipse
580 3839 731 3902 putat
752 3844 870 3884 esse
933 3843 1114 3882 verum
1142 3869 1155 3894 ,
1185 3827 1327 3898 quod
1375 3843 1557 3881 verum
1586 3842 1688 3880 non
1732 3835 1848 3893 est,

278 3920 526 3976 fallitur:
553 3928 610 3974 et
633 3919 676 3972 si
707 3918 808 3973 hoc
830 3917 958 3972 dicit
981 3917 1121 3987 quod
1149 3932 1328 3971 verum
1365 3925 1538 3985 putat,
1569 3931 1673 3969 non
1700 3932 1852 3970 men-

280 4012 423 4077 titur,
450 4009 549 4066 sed
600 4018 772 4064 tamen
822 4009 1037 4062 fallitur.
1086 4008 1224 4062 Deus
1257 4007 1418 4061 donet
1472 4007 1545 4061 illi
1581 4021 1685 4060 non
1710 4007 1850 4075 falli,

279 4103 363 4171 qui
395 4101 568 4155 noluit
591 4099 825 4155 mentiri.

346 4189 576 4246 CAPUT
616 4189 705 4244 Vl.
761 4220 832 4229 —
879 4187 932 4243 6.
975 4187 1208 4243 Carnutis
1250 4188 1311 4241 de
1353 4186 1456 4242 Deo
1493 4189 1744 4259 cogitatio.
1801 4189 1854 4244 Si

280 4297 406 4352 ergo
426 4324 442 4346 ,
470 4293 532 4337 ut
563 4282 710 4346 dixi,
749 4282 997 4351 parvulus
1029 4281 1118 4336 ille
1147 4290 1325 4334 noster
1368 4281 1522 4334 talem
1573 4281 1858 4335 crediderit

284 4373 446 4427 Deum
469 4415 485 4438 ,
537 4373 818 4427 habentem
853 4372 1014 4425 certis
1054 4370 1292 4439 corporis
1334 4372 1413 4423 sui
1456 4370 1584 4424 locis
1620 4372 1855 4424 membra

283 4465 564 4535 disposita,
597 4463 1050 4531 circumscriptum
1084 4461 1268 4531 ﬁgura,
1299 4461 1632 4514 terminatum
1663 4460 1852 4524 forma,

283 4556 522 4612 localiter
543 4564 875 4620 manentem,
907 4552 1146 4606 localiter
1179 4566 1236 4605 se
1265 4561 1596 4613 moventem,
1624 4551 1773 4620 juxta
1805 4550 1858 4605 id

283 4647 421 4717 quod
441 4645 671 4711 dicitur,
704 4645 816 4712 Quo
839 4645 920 4699 ibo
947 4661 979 4697 a
1005 4643 1188 4716 spiritu
1217 4643 1340 4697 tuo?
1367 4653 1413 4696 et
1440 4660 1536 4712 quo
1565 4659 1596 4695 a
1618 4643 1747 4712 facie
1773 4652 1859 4696 tua

288 4738 519 4810 fugiam?
539 4737 602 4793 Si
631 4736 900 4792 ascendere
933 4735 990 4789 in
1034 4735 1214 4789 calum
1232 4775 1247 4800 ,
1275 4742 1327 4786 tu
1355 4733 1458 4786 illic
1477 4747 1566 4797 es;
1588 4733 1633 4785 si
1656 4733 1860 4787 descen-

287 4828 401 4881 ἀεγο
433 4829 487 4881 in
525 4826 812 4896 infernum,
833 4825 950 4878 ades
973 4823 992 4894 (
1013 4823 1158 4877 Psal.
1197 4837 1441 4878 cxxxvm
1461 4862 1476 4888 ,
1507 4824 1560 4887 7,
1592 4823 1654 4892 8)
1682 4839 1693 4873 :
1723 4821 1765 4877 si
1806 4822 1857 4876 in

286 4919 420 4974 cado
447 4920 587 4989 ipse,
624 4918 668 4971 si
705 4917 758 4972 in
790 4927 928 4972 terra
968 4917 1097 4984 ipse,
1129 4915 1174 4968 si
1205 4916 1255 4968 in
1285 4913 1492 4969 inferno
1518 4914 1702 4979 adest;
1733 4915 1876 4982 quid'

287 5008 409 5064 facit
435 5009 597 5064 modo
625 5008 716 5062 ille
757 5008 1043 5077 parvulus?
1072 5004 1128 5060 Si
1153 5005 1335 5071 audit,
1363 5012 1566 5074 quaerat
1603 5019 1724 5061 cum
1764 5003 1861 5058 Sa-

289 5103 545 5158 maritana
590 5110 801 5155 montes
829 5109 884 5154 et
933 5099 1128 5168 templa
1175 5113 1280 5167 quo
1307 5097 1417 5150 vult
1461 5097 1541 5151 ire
1566 5095 1629 5149 ad
1657 5097 1820 5150 Deum
1841 5136 1857 5161 ,

288 5192 352 5246 ad
375 5192 702 5256 Jerusalem,
733 5191 800 5246 ad
835 5198 1068 5246 montem
1111 5187 1362 5244 Samaria:
1390 5185 1584 5258 (Joan.
1611 5204 1683 5252 tv,
1711 5187 1780 5240 9.0
1801 5188 1818 5256 )
1843 5203 1856 5239 :

288 5298 390 5336 non
420 5283 485 5337 ad
528 5283 779 5352 templum
813 5282 1019 5337 visibilc
1040 5323 1054 5348 ,
1079 5297 1182 5335 non
1227 5279 1479 5346 festinet,
1509 5294 1620 5333 non
1661 5289 1860 5348 quarrat

289 5375 496 5443 aliquod
528 5376 781 5444 templum
819 5389 925 5443 quo
945 5372 1121 5428 veniat
1147 5371 1214 5426 ad
1261 5372 1445 5428 Deum.
1477 5371 1590 5440 Ipse
1631 5370 1699 5422 sit
1726 5378 1858 5422 tem-

292 5466 453 5534 plum,
485 5479 538 5520 et
575 5465 640 5520 ad
685 5466 832 5518 illum
869 5465 1044 5520 veniet
1077 5465 1234 5518 Deus.
1270 5461 1382 5516 Non
1408 5460 1726 5523 contemnit,
1757 5475 1856 5510 non

349 5620 502 5684 podex
534 5635 594 5678 v.,
619 5618 828 5669 carnalis
848 5633 940 5684 non
971 5617 1200 5670 invenior.
1476 5674 1502 5684 ν,
1574 5675 1583 5684 _

353 5683 373 5712 '
489 5684 749 5733 Victorinus
772 5690 849 5731 Ms.
875 5683 990 5742 mliti
1015 5695 1132 5730 vero
1174 5691 1358 5729 mecum
1379 5683 1616 5740 contingit.

1611 261 1838 316 SERMO
1878 258 2065 317 λλιιις

3400 280 3500 337 158

1931 379 2124 450 refugit
2150 380 2186 446 ¹,
2221 395 2328 435 non
2369 382 2716 454 dedignatur:
2749 384 2856 440 imo
2873 386 3116 456 dignatur
3131 389 3172 438 ι’.
3201 388 3382 445 Sinon
3409 391 3501 446 de-

1929 468 2197 540 dignatur,
2219 470 2342 526 audi
2368 474 2711 543 pollicentem
2733 493 2746 528 :
2766 475 2886 530 audi
2913 476 3118 531 interim
3144 480 3500 547 promittendo

1930 560 2266 630 dignantem,
2315 577 2423 617 non
2465 564 2711 618 minando
2752 565 3142 636 dedignantem.
3207 568 3496 638 Veniemus,

1933 659 2129 728 inquit,
2161 658 2229 711 ad
2265 675 2379 711 eum
2400 699 2416 726 ,
2445 673 2545 728 ego
2578 668 2631 714 et
2659 659 2832 715 Pater.
2862 661 2942 715 Ad
2984 678 3105 715 eum
3146 679 3302 731 quem
3344 680 3498 732 supra

1932 747 2065 802 dixit
2089 747 2396 803 dilectorem
2425 763 2600 813 suum,
2621 749 2946 804 obeditorem
2971 761 3355 820 prteceptorum
3380 766 3501 805 suo-

1933 853 2081 903 rum,
2104 837 2376 892 custodem
2408 838 2638 892 mandati
2673 839 2782 905 sui,
2810 849 3097 894 amatorem
3141 841 3268 906 Dei,
3296 851 3500 894 amato-

1934 943 2047 983 rem
2086 928 2312 998 proximi
2339 929 2440 983 sui.
2477 927 2741 982 Veniemus
2761 970 2776 995 ,
2806 929 3003 999 inquit,
3025 932 3091 982 ad
3118 947 3257 996 eum,
3281 941 3327 984 et
3357 947 3499 983 man-

1932 1020 2123 1074 sionem
2147 1020 2284 1089 apud
2307 1037 2418 1073 eum
2446 1019 2685 1088 faciemus
2707 1019 2885 1089 (Joan.
2914 1036 3018 1083 xiv,
3052 1021 3166 1088 25).

2003 1109 2228 1166 CAPUT
2268 1108 2375 1165 VII.
2402 1140 2472 1149 —
2497 1112 2552 1164 7.
2595 1109 2694 1165 Cor
2736 1110 2902 1179 ﬁdelis
2950 1111 3187 1181 templum
3214 1129 3313 1166 non
3337 1129 3502 1183 angu-

1932 1211 2062 1256 stum
2097 1203 2228 1257 Deo.
2254 1203 2423 1257 Timor
2463 1202 2608 1256 habet
2661 1203 2946 1272 angustias,
2986 1219 3125 1255 amor
3170 1203 3501 1256 latitudinem.

1931 1293 2046 1348 Non
2096 1301 2178 1347 est
2222 1303 2499 1363 angustum
2540 1307 2633 1347 cor
2681 1292 2890 1357 ﬁdelis,
2931 1293 3016 1346 cui
3069 1303 3346 1361 angustum
3410 1293 3507 1348 fuit

1937 1384 2189 1453 templum
2215 1382 2537 1438 Salomonis.
2554 1382 2685 1436 Nam
2707 1391 2762 1436 et
2786 1382 2899 1451 ipse
2924 1397 3044 1436 cum
3074 1379 3353 1437 fabricaret
3374 1382 3471 1437 hoc
3489 1424 3503 1447 ,

1934 1471 2068 1527 dixit
2099 1492 2112 1528 :
2137 1472 2198 1526 Si
2224 1473 2404 1527 ctelum
2431 1473 2544 1526 caeli
2564 1489 2664 1526 non
2685 1473 2862 1542 suﬁicit
2891 1472 2978 1524 tibi
3003 1471 3082 1542 (ll
3110 1469 3235 1524 Par.
3266 1487 3348 1534 Vl,
3379 1472 3444 1525 18
3462 1472 3503 1541 ).

1937 1563 2003 1616 Ει
2021 1574 2166 1618 Certe
2189 1565 2431 1634 templum
2447 1563 2542 1617 Dei
2563 1573 2788 1618 sanctum
2816 1571 2903 1628 cst,
2927 1564 3059 1634 quod
3077 1564 3191 1617 estis
3207 1579 3290 1616 vos
3321 1564 3362 1635 (ι
3389 1563 3504 1618 Cor.

1937 1655 2012 1722 tti,
2034 1653 2145 1726 i7).
2165 1654 2276 1709 Nos
2296 1656 2448 1721 enim,
2469 1657 2541 1709 ait
2560 1656 2663 1710 alio
2682 1656 2816 1721 loco,
2841 1655 3076 1726 templum
3098 1655 3194 1709 Dei
3205 1656 3299 1710 vivi
3313 1672 3507 1711 sumus.

1936 1744 2006 1800 Et
2031 1745 2128 1800 hoc
2152 1745 2289 1800 unde
2316 1747 2526 1816 probas,
2556 1756 2801 1816 tanquam
2823 1747 2870 1801 ei
2896 1745 3195 1800 diceretur?
3212 1746 3354 1800 Sicut
3379 1745 3504 1799 scri-

1937 1849 2074 1911 ptum
2094 1849 2188 1906 est,
2214 1841 2402 1910 inquit,
2437 1839 2688 1894 Habitabo
2713 1841 2764 1894 in
2786 1845 2878 1894 eis.
2902 1840 2958 1895 Si
2977 1839 3066 1893 tibi
3082 1839 3268 1908 aliquis
3289 1853 3508 1908 magnus

1936 1941 2189 2002 patronus
2244 1933 2480 2000 diceret,
2532 1931 2789 1986 Habitabo
2827 1931 2964 2001 apud
2996 1940 3074 1996 te,
3105 1929 3229 2000 quid
3277 1929 3514 1984 faceres?

1937 2027 2067 2080 Cum
2112 2033 2331 2096 angusta
2375 2023 2563 2078 domus
2601 2032 2769 2088 esset,
2797 2022 2975 2092 procul
3001 2022 3158 2077 dubio
3185 2020 3469 2076 turbareris
3492 2063 3507 2087 ,

1937 2114 2150 2170 omnino
2170 2115 2464 2180 terrereris,
2494 2122 2706 2184 optares
2752 2129 2820 2168 ne
2844 2112 3204 2168 ﬁeret.Nolles
3225 2111 3363 2166 enim
3393 2125 3510 2165 esse

1939 2205 1992 2260 in
2021 2205 2274 2276 angustiis
2303 2205 2566 2274 recipiens
2587 2219 2854 2274 mag-num,
2875 2202 3025 2271 cujus
3054 2200 3301 2257 adventui
3323 2200 3511 2254 domus

1940 2304 2025 2350 tua
2055 2295 2372 2365 paupercula
2407 2309 2512 2349 non
2547 2294 2832 2348 sufﬁceret.
2871 2293 2989 2347 Noli
3017 2292 3203 2348 timere
3227 2289 3514 2348 adventum

1939 2387 2036 2441 Dei
2057 2386 2128 2441 tui
2152 2428 2166 2452 ,
2196 2387 2304 2440 noli
2346 2386 2532 2441 timere
2560 2383 2804 2440 affectum
2852 2383 2943 2437 Dei
2972 2382 3044 2436 tui
3074 2399 3087 2434 :
3119 2397 3223 2435 non
3255 2389 3305 2434 te
3343 2395 3510 2449 angu-

1940 2486 2074 2543 stat,
2119 2492 2238 2532 cum
2280 2479 2515 2541 venerit;
2546 2477 2652 2531 imo
2684 2475 2946 2531 veniendo
2987 2473 3225 2528 dilatabit
3257 2481 3327 2526 te.
3377 2472 3509 2526 Nam

1942 2580 2002 2625 ut
2029 2571 2195 2635 scias,
2223 2570 2470 2640 quoniam
2500 2567 2738 2622 dilatabit
2780 2575 2830 2620 te
2850 2606 2865 2632 ,
2898 2581 3003 2619 non
3037 2564 3207 2618 solum
3232 2563 3512 2617 adventum

1943 2677 2097 2731 suum
2124 2661 2394 2731 promisit,
2429 2657 2679 2711 Habitabo
2712 2657 2764 2710 in
2785 2657 2854 2710 eis
2876 2673 2894 2709 :
2923 2654 3015 2710 sed
3050 2655 3215 2724 ipsam
3257 2653 3412 2708 ctiam
3442 2653 3515 2705 la-

1945 2729 2247 2816 titudinem,
2275 2748 2533 2813 addendo,
2566 2748 2631 2802 Et
2668 2744 2991 2800 deambulabo
3021 2743 3097 2816 (ιι
3126 2742 3242 2797 Cor.
3274 2759 3358 2809 γι,
3388 2742 3453 2796 is
3470 2742 3512 2811 ).

1947 2841 2302 2896 Latitudinem
2339 2839 2494 2893 istam
2518 2880 2532 2902 ,
2561 2837 2604 2892 si
2643 2836 2816 2906 diligis
2836 2879 2850 2902 ,
2883 2834 3051 2890 vides.
3083 2834 3262 2888 Timor
3284 2842 3516 2887 tormen-

1950 2943 2056 2988 tum
2084 2932 2271 2998 habet,
2295 2945 2422 3001 ergo
2463 2926 2728 2999 angustias
2769 2928 2926 2982 habet
2957 2945 2971 2982 :
3001 2942 3063 2981 ac
3092 2942 3186 2996 per
3225 2925 3326 2979 hoc
3368 2939 3518 2978 amor

1949 3021 2276 3077 latitudinem
2317 3020 2494 3074 habet.
2533 3017 2659 3072 Vide
2679 3017 3007 3072 latitudinem
3037 3015 3345 3071 charitatis:
3376 3013 3517 3078 Quo-

1949 3115 2086 3168 niam
2129 3112 2346 3165 charitas
2376 3108 2469 3164 Dei
2508 3107 2695 3176 cli/fusa
2721 3116 2822 3175 est,
2854 3106 3052 3176 inquit,
3082 3105 3134 3158 in
3164 3103 3394 3160 cordibus
3423 3119 3516 3156 no-

1949 3208 2065 3262 stris
2092 3204 2275 3276 (Rom.
2301 3219 2354 3268 v,
2378 3200 2468 3272 5).

2019 3293 2243 3350 CAPUT
2287 3291 2421 3346 Vlll.
2459 3290 2602 3346 —8.
2658 3289 2901 3343 Dilatatio
2953 3287 3117 3342 cordis
3155 3303 3216 3341 ea:
3256 3285 3517 3351 charitate,

1952 3404 2064 3460 quae
2114 3397 2159 3441 et
2213 3385 2367 3440 arrlta
2417 3383 2599 3438 dicitur
2662 3390 2710 3436 et
2780 3382 2979 3451 pignus.
3033 3378 3199 3432 Arrlta
3251 3385 3298 3430 et
3344 3377 3521 3446 pignus

1951 3497 2048 3552 quo
2101 3479 2356 3546 differant.
2397 3475 2504 3531 Sed
2551 3484 2607 3530 tu
2645 3474 2693 3529 ei
2740 3472 3013 3544 quaerebas
3053 3471 3247 3524 locum.
3287 3467 3405 3537 Ipse
3432 3467 3516 3521 in-

1955 3573 2216 3628 habitator
2261 3572 2486 3626 dilatet:
2520 3566 2722 3634 Diﬂ'usa
2768 3574 2840 3618 est
2891 3564 3030 3618 enim
3067 3561 3287 3615 cltaritas
3323 3561 3376 3613 in
3413 3574 3524 3612 cor-1

1956 3665 2098 3718 dibus
2148 3662 2360 3727 nostris,
2397 3675 2500 3713 non
2548 3667 2723 3734 tamen
2772 3671 2836 3709 ex
2881 3651 3179 3715 nobis,sed
3221 3667 3307 3720 per
3352 3649 3526 3718 SplTi-,

1956 3767 2057 3808 tum
2090 3763 2318 3807 sanctum
2353 3751 2438 3821 qui
2486 3751 2632 3803 datus
2661 3756 2728 3802 est
2762 3746 2920 3800 nobis.
2950 3745 3004 3798 Si
3038 3743 3223 3797 dili‘usa
3251 3751 3332 3796 est
3353 3741 3524 3794 chari-

1959 3857 2036 3900 tas
2067 3846 2118 3898 in
2142 3843 2391 3897 cordibus
2421 3838 2644 3903 nostris,
2677 3845 2731 3892 et
2757 3837 2895 3890 Deus
2916 3833 3143 3889 charitas
3171 3840 3252 3886 est
3282 3830 3337 3903 (Ι
3365 3829 3520 3884 Joan.

1957 3955 2027 4004 tv,
2056 3937 2319 4007 8);ccce
2355 3934 2465 4003 jam‘
2516 3947 2578 3986 ex
2629 3929 3101 4000 quantulocumque
3149 3924 3367 3995 pignore
3421 3921 3521 3977 de-

1957 4027 2190 4082 ambulat
2250 4025 2387 4078 Deus
2443 4023 2494 4076 in
2544 4021 2712 4075 nobis.
2766 4019 2960 4088 Pignus
3007 4017 3147 4070 enim
3202 4014 3520 4081 accepimus.

1955 4118 2090 4185 Quid
2144 4115 2268 4170 illud
2321 4121 2438 4180 est,
2476 4113 2628 4181 cujus
2671 4110 2855 4180 pignus
2903 4107 3007 4162 tale
3062 4105 3521 4172 est‘lQuanquam

1959 4211 2148 4266 melius
2177 4208 2371 4267 habent
2396 4205 2626 4269 codices,
2658 4204 2747 4273 qui
2776 4201 2968 4255 habent
2990 4199 3225 4264 arrham,
3252 4211 3409 4266 quam
3438 4195 3525 4264 qui

1959 4304 2155 4358 habent
2176 4300 2380 4370 pignus.
2405 4295 2657 4353 Eamdem
2675 4293 2869 4363 quippe
2890 4306 3000 4345 rem
3018 4291 3332 4357 interpretes
3351 4285 3533 4340 dicere

1961 4392 2259 4446 voluerunt.
2307 4388 2531 4443 Interest
2576 4394 2748 4438 tamen
2797 4380 2993 4450 aliquid
3041 4379 3093 4433 in
3141 4375 3385 4447 loquendi
3430 4389 3533 4437 usu

1961 4483 2100 4537 inter
2136 4480 2344 4534 arrham
2372 4486 2425 4532 et
2452 4477 2658 4546 pignus.
2699 4474 2896 4544 Pignus
2922 4470 3063 4525 enim
3102 4466 3313 4538 quando
3341 4464 3530 4538 datur,

1961 4590 2080 4630 cum
2123 4573 2302 4627 datum
2351 4570 2507 4624 fuerit
2535 4574 2752 4637 propter
2775 4563 2913 4634 quod
2957 4563 3145 4632 pignus
3187 4559 3364 4614 datum
3413 4564 3527 4621 est,

1963 4667 2148 4735 pignus
2181 4662 2437 4716 aufertur.
2467 4659 2580 4714 Jam
2610 4657 2804 4711 multos
2820 4663 3053 4708 vestrum
3079 4649 3403 4706 intellexisse
3424 4661 3533 4700 non

1963 4755 2164 4810 dubito.
2189 4753 2301 4806 Non
2333 4750 2484 4804 video
2508 4791 2522 4814 ,
2553 4747 2646 4802 sed
2692 4762 2755 4801 ex
2802 4743 3149 4799 eollocutione
3172 4781 3187 4808 ,
3218 4739 3337 4808 quia
3359 4736 3531 4805 loqui-

1964 4847 2093 4903 mini
2118 4847 2181 4899 ad
2205 4845 2533 4906 alterutrum,
2559 4840 2730 4893 sentio
2759 4851 2852 4892 eos
2873 4835 2958 4906 qui
2976 4833 3366 4895 intellexerunt,
3386 4827 3528 4882 velle

1964 4953 2228 5009 exponere
2253 4937 2316 4989 iis
2345 4935 2430 5003 qui
2459 4932 2694 4986 nondum
2727 4929 3116 4984 intellexerunt.
3160 4925 3298 4993 Ergo
3325 4920 3533 4991 planius

1965 5033 2228 5101 aliquanto
2274 5027 2483 5089 dicam,
2516 5032 2574 5076 ut
2603 5023 2667 5075 ad
2713 5035 2897 5074 omnes
2943 5016 3238 5088 perveniat.
3290 5011 3531 5081 Accipis,

1966 5122 2108 5175 verbi
2145 5119 2308 5189 gratia
2328 5160 2341 5183 ,
2367 5115 2607 5170 codicem
2650 5112 2717 5166 ab
2745 5111 2918 5164 amico
2940 5116 3028 5161 tuo
3053 5121 3066 5169 ;
3095 5113 3152 5159 ut
3179 5103 3268 5157 tibi
3295 5101 3411 5165 det,
3441 5100 3557 5172 das.

1965 5211 2175 5282 aliquod
2202 5210 2389 5278 pignus
2421 5225 2433 5260 :
2465 5220 2584 5259 cum
2616 5199 2911 5258 reddideris
2940 5196 3078 5268 quod
3107 5193 3353 5262 accepisti
3375 5234 3388 5257 ,
3413 5205 3538 5282 pro-

1968 5280 2082 5371 pter
2110 5300 2248 5370 qnml
2275 5299 2467 5368 pignus
2504 5293 2752 5365 posuisti,
2785 5291 2871 5344 ille
2895 5286 3033 5358 quod
3055 5284 3346 5340 reddideris
3370 5280 3538 5335 habe-

1967 5395 2069 5456 bit,
2097 5402 2149 5446 tu
2175 5392 2358 5461 pignus
2384 5388 2607 5456 recipies
2639 5404 2652 5440 :
2685 5398 2792 5439 non
2813 5380 2952 5436 enim
2979 5378 3194 5434 habebit
3222 5375 3404 5431 ambas
3427 5388 3532 5428 res.

2030 5488 2044 5518 ι
2073 5485 2228 5533 (κλιθιι
2255 5499 2321 5539 v.,
2349 5491 2445 5530 Mn
2469 5475 2716 5539 contemnit
2733 5474 2777 5525 si
2798 5471 2992 5539 refugit.
3011 5533 3041 5539 ν
3184 5531 3199 5539 -
3221 5532 3232 5539 _
3382 5527 3430 5539 __,

2033 5551 2052 5578 ²
2079 5531 2454 5599 Filitiomi'ttunt,
2483 5541 2577 5590 imo
2599 5531 2922 5600 digmttnrftd'
2937 5533 3159 5600 additum
3184 5531 3263 5579 hic
3296 5531 3564 5600 exﬁ’ictpv

1967 5585 2454 5668 .1....'Ei{(iieé'&iiisgié’
2468 5585 2789 5668 prosequitur,
2816 5597 2862 5648 si
2881 5609 2975 5647 non
2997 5593 3239 5659 dignatur,
3262 5588 3381 5641 audi
3400 5585 3537 5652 polit-1

1966 5677 2162 5722 Ct’lllel".
