4002 6454
455 298 556 356 Ιῦθ

522 412 749 470 CAPUT
774 411 861 466 lX.
888 444 950 452 —
979 411 1282 468 9.-Charilas
1307 409 1467 464 verius
1487 408 1642 462 arrha
1665 425 1814 463 auam
1841 409 2025 480 pignus

450 502 654 557 dicitur.
730 504 865 571 Quid
928 519 1094 574 ergo.
1137 501 1363 558 fratres?
1399 501 1454 556 Si
1498 500 1810 556 charitatem
1869 497 2028 554 modo

454 592 597 647 Deus
641 601 890 662 tanquam
930 594 1120 663 pignus
1165 590 1313 647 dedit
1359 605 1453 660 per
1493 589 1748 659 Spiritum
1788 595 2025 641 sanctum

456 697 613 738 suum
635 724 651 752 ,
680 697 800 738 cum
829 699 942 738 rem
970 684 1135 752 ipsam
1166 681 1484 746 reddiderit,
1513 695 1613 750 qua
1652 679 1910 749 promissa
1948 678 2027 748 pi-

455 786 595 842 gnus
632 773 815 829 dedit‘
839 813 856 838 ,
886 773 1231 828 auferendum
1277 780 1359 827 est
1404 771 1556 826 nobis
1597 768 1824 840 pignus?
1852 769 2023 837 Absit.

455 862 564 918 Sed
609 863 748 935 quod
795 863 973 929 dedit,
1011 863 1113 919 hoc
1155 863 1412 934 implebit.
1466 863 1606 933 Ergo
1637 863 1827 917 melius
1865 861 2024 915 arrha

453 969 612 1022 quam
641 953 849 1024 pignus.
876 952 1177 1024 Aliquando
1203 954 1345 1008 enim
1368 951 1619 1023 pretium,
1648 951 1801 1006 verbi
1831 949 2022 1021 gratia,

450 1057 723 1112 praeparas
750 1042 877 1098 dare
905 1057 1002 1113 pro
1029 1058 1091 1098 ea
1115 1058 1176 1098 re
1203 1057 1359 1113 quam
1391 1050 1542 1098 tenes
1564 1040 1720 1096 bonae
1749 1040 1872 1095 ﬁdei
1893 1054 2024 1095 con-

451 1140 650 1199 tractu,
682 1132 748 1188 de
776 1133 891 1202 ipso
910 1134 1084 1203 pretio
1111 1133 1204 1188 das
1230 1131 1456 1203 aliquid;
1487 1139 1544 1188 et
1561 1132 1664 1187 erit
1687 1134 1845 1186 arrha
1868 1171 1886 1199 ,
1915 1144 2022 1185 non

448 1220 674 1292 pignus;
721 1222 862 1292 quod
889 1223 959 1278 sit
993 1223 1406 1293 complendum,
1444 1237 1553 1278 non
1596 1222 1739 1293 quod
1777 1221 2024 1276 auferen-

450 1308 599 1365 dum.
628 1311 744 1368 1am
788 1328 916 1384 ergo
942 1313 1197 1385 intellige.
1237 1314 1294 1369 Si
1321 1314 1534 1370 invenio
1557 1313 1865 1369 dilectorem
1888 1354 1905 1380 ,
1929 1313 2026 1370 ha-

449 1400 542 1458 bet
565 1404 776 1458 arrham
795 1446 812 1472 ,
842 1413 897 1460 et
931 1421 999 1461 ex
1021 1406 1180 1461 arrha
1205 1405 1471 1462 desiderat
1494 1405 1894 1479 plenitudinem.
1917 1404 2026 1460 An»:

449 1491 605 1547 rham
627 1493 795 1564 ipsam
817 1495 1154 1552 consideret:
1178 1496 1277 1551 hoc
1318 1497 1461 1552 enim
1490 1497 1859 1568 complebitur,
1884 1494 2025 1552 unde

448 1583 606 1638 arrha
631 1583 751 1640 data
786 1594 887 1640 est.
919 1571 1088 1655 lpsa‘m
1115 1587 1341 1656 cogitet,
1372 1587 1540 1656 ipsam
1576 1586 1715 1656 apud
1741 1601 1800 1642 se
1843 1585 2025 1642 discu-

449 1676 548 1730 tiat
565 1718 583 1744 ,
615 1677 782 1746 ipsam
809 1677 1082 1748 inSpiciat,
1109 1679 1278 1749 ipsam
1302 1679 1368 1734 de
1388 1679 1715 1749 plenitudine
1741 1679 1832 1733 illa
1863 1693 2024 1750 quam

447 1781 556 1820 non
577 1766 747 1833 videt,
772 1767 1102 1838 interroget:
1136 1784 1205 1824 ne
1246 1769 1384 1824 forte
1417 1769 1562 1824 aliud
1608 1769 1661 1823 in
1694 1768 2024 1838 plenitudine

446 1855 743 1924 desideret,
773 1872 930 1927 quam
969 1866 1049 1912 est
1075 1858 1127 1912 in
1162 1873 1227 1914 eo
1245 1858 1386 1929 quod
1429 1858 1652 1929 accepit.
1681 1859 1842 1914 Forte
1884 1859 2026 1914 Deus

445 1960 636 2001 aurum
680 1948 897 2003 daturus
925 1957 1041 2018 est,
1068 1949 1181 2004 auri
1208 1949 1590 2018 plenitudinem
1629 1949 2020 2020 completurus,

445 2043 502 2089 et
543 2035 612 2092 de
655 2051 784 2092 auro
819 2037 1031 2092 arrham
1069 2037 1231 2094 dedit.
1261 2039 1599 2094 Metuendum
1637 2049 1721 2094 est
1745 2055 1814 2097 ne
1843 2049 1897 2095 tu
1927 2054 2024 2110 pro

444 2139 576 2181 auro
624 2127 894 2196 plumbum
933 2129 1222 2185 desideres.
1265 2130 1457 2201 Aspice
1506 2145 1635 2202 ergo
1678 2131 1928 2198 arrham;
1976 2133 2024 2188 si

444 2215 539 2270 tibi
587 2225 808 2286 potuero
859 2218 1084 2276 suadere
1142 2228 1204 2274 ut
1263 2212 1487 2290 aspicias
1538 2239 1552 2276 :
1591 2222 1732 2278 Deus
1791 2223 2026 2280 charitas

446 2314 551 2360 est.

516 2395 739 2453 CAPUT
773 2396 839 2451 X.
865 2425 936 2438 -ν
963 2399 1050 2454 10.
1091 2397 1230 2454 Fons
1268 2400 1525 2455 charitatis
1544 2418 1794 2457 summum
1813 2402 2020 2457 bonum.

444 2487 571 2545 lnde
596 2488 850 2548 habemus
876 2489 1072 2562 aliquid
1089 2533 1104 2557 ,
1138 2491 1262 2548 inde
1285 2493 1524 2564 adspersi
1544 2509 1754 2561 sumus,
1783 2493 1904 2550 inde
1945 2495 2020 2549 ir-

443 2581 627 2646 rorati,
656 2581 816 2651 Cujus
850 2597 941 2638 ros
989 2582 1107 2638 talis
1149 2591 1268 2650 est,
1311 2585 1482 2654 qualis
1525 2585 1679 2640 l'ons?
1724 2586 1866 2641 Rore
1918 2586 2021 2642 isto

442 2683 723 2740 aspersus,
755 2671 847 2727 sed
876 2671 1105 2744 ﬂagrans
1131 2675 1182 2728 in
1207 2673 1438 2742 fontem,
1471 2676 1556 2731 dic
1580 2676 1690 2732 Deo
1719 2685 1817 2753 tuo;
1843 2694 1855 2730 :
1885 2676 2023 2741 Quo-

442 2763 579 2816 niam
598 2763 737 2832 apud
757 2771 802 2816 te
825 2773 896 2818 est
922 2763 1036 2833 fons
1060 2765 1192 2818 vitae.
1221 2765 1280 2820 In
1301 2781 1423 2821 rore
1449 2767 1551 2821 isto
1571 2775 1748 2821 natum
1778 2775 1860 2821 est
1883 2766 2022 2822 desi-

441 2847 668 2915 derium,
699 2851 753 2905 in
778 2850 924 2906 fonte
952 2853 1246 2906 satiaberis.
1274 2853 1349 2908 lbi
1365 2864 1449 2910 est
1467 2855 1608 2926 quod
1633 2855 1826 2910 sufﬁcit
1845 2856 2018 2911 nobis.

441 2940 569 2996 Filii
595 2953 762 2998 autent
786 2945 1043 2999 hominum
1074 2946 1128 3000 in
1161 2948 1374 3018 tegmine
1400 2947 1600 3001 alarum
1623 2957 1826 3001 tuarum
1847 2965 2020 3018 spera-

441 3031 582 3086 bunt.
605 3033 739 3100 Quid
772 3033 1134 3090 desideramus
1164 3051 1260 3104 pro
1285 3051 1477 3106 magno
1503 3050 1566 3092 ea
1600 3037 1694 3092 Dei
1723 3037 1978 3092 beneﬁcia
1998 3079 2015 3105 ,

441 3139 560 3196 qua:
596 3124 759 3179 donat
784 3134 838 3180 et
874 3125 1097 3181 bestiis?
1130 3127 1395 3182 Beneﬁcia
1431 3126 1642 3198 quidem
1669 3127 1834 3197 ipsius
1860 3137 2016 3193 sunt,

440 3216 560 3286 quis
588 3216 825 3271 dubitat?
854 3217 898 3271 A
925 3233 1030 3288 quo
1054 3217 1197 3273 salus
1223 3219 1308 3274 vel
1337 3218 1550 3273 minima
1574 3260 1590 3286 ,
1619 3219 1720 3273 nisi
1748 3219 1815 3276 ab
1839 3219 1929 3274 illo
1952 3218 2021 3275 de

441 3321 547 3377 quo
570 3307 766 3362 dictum
793 3319 894 3372 est,
925 3308 1126 3363 Domini
1150 3318 1221 3364 est
1239 3310 1378 3364 salus
1402 3308 1570 3381 (Psal.
1599 3325 1685 3378 ιιι,
1708 3309 1785 3382 9).

512 3396 738 3454 CAPUT
794 3398 885 3454 ΧΙ.
939 3429 1012 3438 -
1063 3400 1150 3454 Η.
1206 3399 1352 3454 Βοηα
1393 3401 1488 3471 piis
1531 3401 1755 3472 propria.
1799 3399 1905 3456 Sed
1945 3401 2018 3456 ait

439 3487 582 3542 idem
612 3487 726 3556 ipse
755 3487 987 3557 psalmus
1006 3530 1020 3553 ,
1047 3488 1290 3544 Homines
1317 3499 1363 3544 et
1381 3491 1610 3560 jumenta
1639 3492 1801 3545 salvos
1823 3483 2015 3561 facies,

440 3579 688 3648 Domine,
730 3582 856 3634 sicut
885 3581 1218 3652 multiplicata
1245 3591 1318 3637 est
1343 3583 1687 3638 misericordia
1727 3593 1815 3636 tua
1838 3625 1853 3651 ,
1882 3582 2018 3639 Deus

441 3667 614 3738 (Psal.
649 3685 829 3737 xxxv,
855 3669 921 3726 10
940 3712 954 3738 ,
978 3670 1012 3726 8
1033 3712 1049 3738 ,
1083 3671 1159 3742 7).
1191 3671 1319 3725 Tam
1347 3673 1689 3742 multiplicem
1713 3673 2017 3729 misericor-

439 3759 580 3814 diam
604 3759 768 3815 habes
788 3761 828 3827 ’,
848 3767 904 3815 ut
928 3775 1032 3816 non
1055 3768 1258 3816 tantum
1278 3751 1352 3814 ad
1366 3761 1628 3830 homines,
1649 3778 1835 3818 verum
1857 3764 2015 3819 etiam

439 3851 762 3921 adiumenta
793 3852 1085 3924 perveniat.
1113 3852 1278 3908 Tanta
1323 3853 1576 3924 praevales
1617 3855 2014 3925 misericordia,

439 3954 498 4000 ut
525 3945 684 4001 facias
710 3947 874 4001 solem
913 3954 1066 4000 tuum
1090 3946 1222 4000 oriri
1245 3960 1405 4016 super
1429 3946 1598 4003 bonos
1633 3955 1689 4003 et
1725 3949 1896 4004 malos
1917 3989 1933 4016 ,
1963 3957 2018 4004 et

439 4037 592 4106 pluas
619 4051 779 4107 super
794 4037 967 4107 justos
991 4046 1046 4092 et
1069 4037 1295 4107 injustos
1321 4038 1531 4111 (Matth.
1559 4056 1624 4108 v,
1653 4041 1768 4111 45).
1807 4042 2016 4098 Nihilne

440 4129 708 4199 peculiare
736 4143 766 4182 a
793 4137 844 4183 te
872 4129 1040 4184 sancti
1071 4129 1174 4196 tui,
1201 4129 1330 4184 nihil
1359 4132 1630 4201 proprium
1661 4134 1779 4202 pius
1801 4133 2011 4204 accipit,

438 4218 600 4289 quod,
621 4218 814 4289 impius
836 4234 942 4274 non
971 4219 1235 4290 accipiat?
1272 4221 1434 4278 Plane
1461 4224 1652 4294 accipit
1680 4242 1696 4281 :
1726 4225 1848 4280 audi
1873 4226 2015 4297 quod

438 4309 696 4380 sequitur.
725 4309 843 4390 iam
868 4311 1009 4366 enim
1035 4311 1275 4380 dixerat,
1304 4312 1548 4369 Homines
1573 4324 1619 4369 et
1658 4317 1879 4383 iumenta
1910 4319 2017 4373 sal-

439 4416 526 4456 vos
556 4404 710 4472 facies
732 4443 748 4470 ,
775 4401 1022 4470 Domine,
1061 4404 1190 4459 sicut
1217 4405 1548 4476 multiplicata
1573 4418 1645 4463 est
1672 4410 2016 4467 misericordia

441 4499 530 4544 tua
549 4531 564 4556 ,
587 4489 727 4546 Deus
749 4507 768 4546 :
785 4491 1025 4562 adjunxit
1047 4504 1102 4549 et
1119 4495 1212 4561 ait,
1238 4495 1365 4550 Filii
1392 4507 1559 4552 autem
1575 4498 1852 4554 hominum.
1877 4502 2012 4570 Quid

440 4593 570 4650 ergo
610 4580 766 4650 paulo
793 4588 916 4636 ante
940 4581 1154 4638 dixisti?
1191 4584 1446 4641 Homines
1473 4603 1576 4643 non
1613 4597 1764 4644 erant
1796 4590 1890 4647 ﬁlii
1918 4592 2017 4648 ho-

439 4671 680 4726 minum?
705 4671 968 4741 Homines,
997 4675 1183 4745 inquit,
1212 4686 1260 4731 et
1272 4678 1509 4747 jumenta
1531 4682 1692 4736 salvos
1711 4684 1883 4753 facies,
1912 4683 2017 4740 Doo

439 4763 574 4817 mine
603 4779 624 4818 :
643 4764 738 4833 ﬁlii
766 4774 932 4820 autem
967 4767 1244 4823 hominum.
1271 4770 1408 4837 Quid
1434 4773 1603 4843 ergo?
1625 4775 1720 4843 ﬁlii
1756 4776 2015 4833 hominum

439 4857 530 4910 sub
558 4857 769 4927 tegmine
795 4857 992 4913 alarum
1037 4869 1237 4915 tuarum
1283 4864 1572 4932 sperabunt.
1601 4865 1713 4922 Hoc
1749 4883 1854 4924 non
1894 4884 2012 4926 cum

435 4944 713 5014 jumentis.
755 4948 929 5016 Quare
973 4965 1102 5020 ergo
1132 4951 1218 5006 isti
1262 4961 1317 5008 et
1363 4954 1438 5008 illi
1485 4955 1770 5012 homines?
1819 4960 2014 5018 Annon

440 5036 599 5091 etiam
637 5037 879 5096 homines
917 5039 1008 5096 ﬁlii
1052 5041 1363 5099 hominum?
1405 5045 1646 5102 Profecto
1688 5056 1742 5105 et
1770 5049 2015 5110 homines

441 5125 535 5180 ﬁlii
565 5127 856 5186 hominum.
884 5131 1033 5188 Unde
1053 5133 1209 5203 igitur
1229 5134 1326 5189 ista
1351 5135 1641 5205 distinctio,
1665 5139 1767 5196 nisi
1787 5143 1910 5212 quia
1931 5153 2014 5200 est

440 5214 602 5271 homo
625 5219 713 5287 qui
741 5236 847 5275 non
873 5231 987 5277 erat
1031 5223 1170 5280 ﬁlius
1200 5224 1470 5283 hominis?
1500 5229 1670 5286 Homo
1717 5248 1824 5288 non
1872 5234 2014 5291 ﬁlius

439 5302 703 5374 hominis,
733 5309 900 5366 Adam
927 5313 1122 5370 :homo
1141 5315 1280 5372 ﬁlius
1307 5317 1554 5388 hominis,
1579 5321 1839 5380 Christus.
1869 5326 2013 5381 Sicut

442 5394 500 5452 in
516 5396 678 5452 Adam
697 5415 866 5457 omnes
885 5407 1183 5477 moriuntur,
1205 5409 1278 5463 sic
1301 5411 1353 5464 in
1375 5409 1574 5468 Christo
1598 5430 1768 5471 omnes
1789 5417 2012 5487 viviﬁca-

501 5505 610 5586 fﬂlta
629 5509 967 5586 inresemplari
996 5517 1231 5586 Victorino
1259 5525 1316 5586 et
1348 5520 1398 5569 in
1412 5519 1534 5571 νισι-ἱ
1556 5522 1861 5576 collectione.
1888 5535 1943 5578 Αι
1964 5530 2013 5578 in

439 5566 602 5643 editis,
619 5569 733 5643 quia
751 5583 840 5643 pro
851 5566 963 5643 ipsa
984 5575 1151 5639 pignus

503 5631 1014 5713 ξ.
1031 5631 1249 5713 ῖιιεθᾱίιῇ2
1273 5651 1552 5713 Quanquam
1574 5644 1844 5700 misericors
1867 5659 2013 5713 Deus,

440 5693 599 5743 nmen
621 5690 926 5757 multiplicem
945 5690 1340 5766 misericordiam,
1362 5690 1448 5758 {iis

1673 295 1731 351 S.
1771 291 2133 351 AUGUSTINI
2167 291 2464 349 EPISCOPI

3598 304 3703 362 {60

2131 407 2316 460 buntur
2339 405 2395 478 (l
2420 407 2537 461 Cor.
2560 423 2649 475 xv,
2680 406 2794 480 22).
2823 407 3074 476 Qumrunt
3091 410 3314 467 salutem
3339 427 3458 469 cum
3481 414 3700 486 jumen-

2129 497 2198 554 tis
2223 498 2312 568 qui
2345 499 2676 566 moriuntur,
2702 507 2757 554 et
2783 515 2889 554 non
2931 502 3118 556 victuri
3147 504 3444 560 moriuntur
3470 523 3484 560 :
3515 516 3700 564 etnon

2127 597 2371 659 quaerunt
2414 589 2640 644 salutem
2684 603 2806 645 cum
2835 589 2954 646 ﬁliis
2995 591 3303 660 hominum,
3330 603 3391 650 ut
3431 613 3702 668 nunquam

2131 681 2462 737 moriantur?

2129 810 2137 818 .
2197 771 2423 826 CAPUT
2443 771 2556 826 ΧΗ.
2576 801 2649 812 -
2671 771 2910 842 Eliquata
2930 783 3012 829 est
3041 774 3138 830 ista
3166 775 3449 832 distinctio.
3469 778 3548 834 llli
3578 796 3703 846 per-

2129 860 2297 916 tinent
2320 860 2387 916 ad
2431 861 2672 918 homines
2695 904 2710 928 ,
2738 864 2824 918 isti
2849 863 2942 919 ﬁlii
2969 865 3240 921 hominum
3283 871 3350 923 ad
3376 868 3567 924 Filium
3598 882 3700 928 no-

2128 949 2309 1005 minis.

2201 1040 2290 1095 12.
2333 1041 2574 1098 Homines
2600 1053 2647 1098 et
2688 1045 2794 1121 ﬁlii
2813 1045 3070 1101 hominum
3117 1049 3251 1103 unde
3297 1051 3535 1106 distincti.
3565 1052 3702 1121 Quid

2128 1144 2255 1201 ergo
2302 1132 2574 1203 sequitur?
2622 1133 2747 1188 Filii
2779 1119 2959 1190 .autem
3026 1139 3284 1192 hominum
3350 1142 3441 1195 sub
3491 1119 3707 1213 tegmine

2127 1221 2326 1275 alarum
2353 1230 2553 1276 tuarum
2577 1224 2867 1295 sperabunt.
2898 1226 3036 1282 Ecce
3063 1241 3242 1297 spero,
3265 1243 3390 1285 ecce
3415 1245 3538 1300 spes
3562 1249 3576 1285 :
3609 1231 3702 1287 sed

2127 1326 2246 1382 qua:
2289 1311 2532 1378 videtur,
2577 1327 2681 1367 non
2708 1323 2790 1369 est
2833 1330 2956 1385 spes
2983 1316 3157 1387 (Rom.
3188 1333 3315 1385 vm,
3361 1319 3477 1391 24).
3505 1320 3702 1376 Futura

2127 1416 2252 1471 ergo
2278 1417 2396 1473 quae
2419 1403 2815 1474 promittuntur,
2842 1406 3196 1462 inebriabunt.
3229 1407 3616 1464 Inebriabuntur
3639 1412 3704 1465 ab

2127 1492 2348 1544 ubertate
2391 1492 2576 1547 domus
2615 1502 2734 1548 tute.
2779 1493 2964 1550 Timeo
2985 1511 3054 1551 ne
3079 1495 3216 1552 forte
3257 1499 3700 1569 quemadmodum

2127 1579 2285 1650 paulo
2312 1588 2436 1636 ante
2460 1582 2698 1637 membra
2731 1585 2968 1653 corporis
3005 1587 3278 1655 quaerebat
3302 1589 3353 1642 in
3375 1589 3485 1644 Deo
3502 1629 3518 1656 ,
3542 1589 3621 1646 sic
3647 1591 3702 1646 in

2126 1669 2241 1739 ejus
2269 1670 2525 1726 ebrietate
2549 1673 2744 1742 cogitet
2768 1673 3089 1743 satietatem,
3117 1691 3222 1731 non
3243 1677 3582 1735 ineﬁ'abilium
3603 1681 3704 1737 bo-

2127 1773 2320 1813 norum
2340 1799 2355 1824 ,
2386 1759 2480 1815 sed
2504 1762 2772 1831 crapulam
2810 1764 3101 1819 carnalium
3136 1767 3514 1826 conviviorum.
3545 1772 3703 1827 Dica-

2127 1865 2246 1904 mus
2275 1859 2451 1905 tamen
2471 1891 2488 1919 ,
2531 1853 2725 1922 cogitet
2748 1855 2889 1924 quod
2918 1864 3126 1925 potest,
3157 1858 3204 1914 si
3241 1861 3439 1931 majora
3476 1877 3579 1918 non
3610 1880 3707 1934 po-

2129 1949 2252 2007 test,
2283 1956 2387 1997 non
2415 1942 2630 1998 recedat
2651 1943 2718 2000 de
2741 1945 2880 2014 sinu,
2901 1955 3076 2004 tamen
3097 1961 3302 2006 crescat
3327 1952 3365 2005 ί.
3387 1953 3702 2026 Sequamur,

2127 2039 2182 2086 et
2209 2031 2298 2102 qui
2327 2046 2610 2102 possumus
2631 2077 2647 2100 ,
2677 2045 2930 2106 quantum
2963 2053 3240 2107 possumus
3275 2045 3318 2110 ',
3362 2046 3704 2114 spiritualiter

2128 2122 2469 2180 delectemur.
2500 2125 2922 2196 Inebriabuntur,
2950 2131 3152 2201 inquit,
3184 2134 3247 2187 ab
3270 2135 3489 2191 ubertate
3525 2139 3704 2195 domus

2127 2220 2260 2281 tute,
2291 2225 2340 2270 et
2377 2225 2596 2272 torrente
2618 2218 2886 2288 voluptatis
2913 2230 3014 2276 tua:
3039 2225 3232 2292 potabis
3260 2242 3363 2281 eos.
3402 2227 3517 2295 Quo
3541 2231 3705 2285 vino?

2126 2318 2232 2373 quo
2260 2307 2461 2360 musto?
2475 2322 2576 2376 qua
2607 2307 2785 2362 unda?
2809 2325 2914 2380 quo
2940 2312 3120 2366 melle?
3144 2329 3249 2383 quo
3276 2319 3525 2372 nectare?
3544 2318 3705 2384 Quae-

2125 2397 2201 2452 ris
2228 2398 2374 2466 quo?
2408 2398 2657 2465 Quoniam
2676 2402 2814 2472 apud
2842 2412 2890 2456 te
2932 2413 3001 2458 est
3025 2405 3138 2474 fons
3163 2407 3276 2460 vita:
3303 2406 3470 2478 (Psa..
3494 2426 3603 2464 xxx
3645 2427 3704 2474 ν,

2126 2487 2302 2560 7ς-10).
2323 2489 2481 2556 Bibe,
2510 2491 2552 2545 si
2583 2500 2763 2561 potes,
2790 2493 2975 2548 vitam.
3005 2495 3392 2553 Conscientiam
3420 2515 3574 2571 para,
3597 2518 3706 2558 non

2124 2577 2336 2646 gulam;
2369 2590 2599 2634 mentem
2619 2623 2635 2648 ,
2667 2598 2772 2637 non
2802 2593 3066 2640 ventrem.
3109 2585 3167 2642 Si
3195 2589 3424 2656 audisti,
3470 2592 3515 2646 si
3543 2592 3706 2648 intel-

2125 2665 2334 2733 lexisti;
2372 2668 2417 2724 si
2455 2667 2731 2739 dilexisti":
2755 2682 3008 2742 quantum
3035 2675 3291 2744 potuisti,
3318 2677 3428 2748 jam
3459 2679 3582 2737 inde
3609 2682 3700 2736 bi-

2124 2754 2247 2810 bisti
2269 2755 2308 2810 ³.

2194 2844 2417 2900 CAPUT
2463 2847 2603 2904 Xlll.
2623 2879 2696 2889 —
2724 2851 2813 2905 15.
2843 2850 3074 2906 Charitas
3121 2864 3355 2922 amatur,
3386 2873 3476 2911 nec
3535 2867 3708 2913 tamen

2123 2937 2358 2992 sentitur.
2385 2938 2613 2995 Attende
2654 2941 2778 3010 quid
2819 2942 3032 2997 biberis.
3063 2943 3384 3002 Charitatcm
3409 2947 3608 3003 bibisti.
3636 2951 3696 3005 Si

2124 3027 2263 3080 nosti
2293 3029 2434 3082 illam
2455 3071 2470 3096 ,
2500 3030 2638 3086 Deus
2666 3019 2893 3088 charitas
2922 3042 3005 3088 est
3039 3034 3084 3104 (Ι
3106 3035 3261 3089 Joan.
3289 3053 3362 3103 IV,
3388 3037 3466 3107 8).
3493 3039 3546 3094 Si
3573 3055 3710 3110 ergo

2122 3115 2433 3172 Charitatcm
2475 3119 2686 3188 bibisti,
2730 3121 2815 3176 dic
2839 3123 2969 3178 mihi
3019 3125 3074 3179 in
3103 3141 3207 3195 quo
3251 3127 3369 3183 loco
3411 3128 3607 3184 bibisti.
3639 3131 3703 3187 Si

2123 3209 2264 3263 nosti
2304 3210 2446 3264 illam
2471 3252 2486 3278 ,
2523 3212 2567 3266 si
2596 3212 2771 3268 vidisti
2809 3214 2985 3280 illam,
3025 3217 3072 3271 si
3112 3233 3294 3282 amas,
3338 3220 3475 3275 unde
3517 3223 3706 3277 amas?

2123 3297 2388 3370 Quidquid
2415 3302 2555 3355 enim
2583 3302 2719 3358 bene
2743 3319 2911 3372 amas,
2940 3307 3198 3364 charitate
3224 3325 3395 3366 amas.
3423 3312 3708 3380 Quomodo

2122 3397 2296 3444 autem
2345 3391 2639 3446 charitate?
2682 3393 2787 3449 Aut
2847 3396 2974 3464 quid
3021 3412 3200 3465 amas,
3255 3401 3340 3469 qui
3392 3401 3707 3459 charitatem

2121 3493 2270 3533 amas
2297 3479 2353 3533 l‘?
2383 3479 2524 3550 Ergo
2546 3481 2590 3535 si
2616 3496 2790 3549 amas,
2822 3484 2963 3540 unde
2987 3500 3134 3540 amas
3165 3487 3224 3540 5?
3250 3488 3406 3545 Venit
3441 3491 3506 3545 ad
3536 3501 3617 3559 te,
3650 3503 3712 3548 et

2121 3571 2261 3624 nosti
2289 3585 2405 3625 eam
2431 3612 2446 3636 ,
2475 3581 2529 3626 et
2552 3572 2702 3627 vides
2729 3589 2846 3628 eam
2872 3591 2886 3627 :
2914 3583 2968 3631 et
2996 3591 3100 3630 non
3133 3577 3186 3632 in
3214 3578 3331 3633 loco
3354 3579 3578 3646 videtur,
3602 3598 3711 3638 nec

2121 3665 2481 3732 corporalibus
2510 3665 2676 3720 oculis
2699 3667 2973 3736 quaeritur,
3003 3677 3062 3722 ut
3079 3669 3442 3726 vehementius
3469 3684 3704 3741 ametur;

2123 3767 2221 3808 nec
2244 3753 2455 3808 auditur
2479 3753 2673 3821 aﬁatu;
2711 3764 2766 3812 et
2803 3757 3014 3826 quando
3041 3758 3107 3812 ad
3152 3770 3202 3814 te
3228 3761 3406 3828 venit,
3436 3778 3541 3817 non
3565 3779 3706 3818 scn-

2125 3844 2349 3900 tiebaiur
2398 3847 2627 3901 incessu.
2673 3847 2935 3918 Numquid
2995 3848 3375 3906 deambulantis
3425 3853 3476 3906 in
3539 3855 3708 3912 corde

2123 3941 2212 3987 tuo
2252 3935 2536 4004 aliquando
2569 3937 2774 4006 plantas
2811 3938 3021 3993 sensisti
3051 3940 3366 3997 charitatis?
3393 3943 3530 4010 Quid
3571 3961 3708 4016 ergo

2120 4025 2236 4077 est?
2264 4024 2425 4093 Cujus
2451 4027 2553 4081 hoc
2577 4037 2657 4082 cst
2678 4067 2694 4094 ,
2727 4029 2868 4099 quod
2891 4031 3000 4100 jam
3027 4041 3111 4087 cst
3134 4032 3186 4087 in
3216 4041 3299 4101 te,
3329 4043 3383 4090 et
3408 4051 3510 4090 non
3555 4039 3711 4106 capi-

2122 4119 2208 4166 tur
2237 4127 2268 4167 a
2295 4114 2389 4168 te?
2415 4114 2502 4170 Sic
2529 4115 2676 4173 disce
2704 4134 2884 4175 amare
2905 4121 3094 4176 Deum.

2188 4201 2415 4263 CAPUT
2459 4207 2596 4261 XIV.
2622 4239 2694 4248 —
2722 4210 2808 4264 Η.
2841 4209 2980 4266 Deus
3006 4215 3254 4282 quomodo
3281 4215 3361 4269 hic
3403 4215 3572 4288 Moysi
3603 4235 3707 4290 ap-

2121 4297 2307 4364 paruit.
2335 4297 2438 4353 Sed
2466 4298 2822 4356 deamhulavit
2857 4302 2908 4356 in
2938 4303 3182 4372 paradiso
3211 4305 3359 4376 (Gen.
3388 4323 3464 4372 ιιι,
3494 4309 3569 4377 8),
3599 4312 3699 4364 scd

2119 4388 2264 4444 visus
2293 4397 2374 4444 est
2401 4389 2467 4444 ad
2499 4391 2672 4446 ilicem
2711 4392 2946 4450 Mambre
2985 4393 3090 4468 (Ib.
3121 4412 3274 4465 xvm,
3307 4400 3384 4469 l),
3414 4401 3505 4456 sed
3551 4401 3706 4457 locu-

2122 4487 2206 4536 tus
2231 4490 2312 4537 est
2336 4498 2455 4536 cum
2486 4483 2667 4554 Moyse
2708 4485 2758 4540 in
2801 4496 2982 4542 monte
3012 4489 3139 4544 Sina
3167 4503 3230 4545 os
3260 4492 3327 4545 ad
3354 4507 3434 4546 os.
3480 4495 3544 4547 Et
3571 4495 3702 4564 quid

2121 4569 2284 4625 inde?
2310 4570 2449 4628 Ecce
2473 4573 2562 4642 qui
2587 4573 2795 4630 videtur
2817 4576 2868 4630 in
2896 4576 3036 4646 loco,
3068 4594 3172 4634 non
3197 4582 3422 4636 sentitur
3467 4583 3702 4641 incessu.

2121 4659 2214 4716 Vis
2254 4662 2436 4716 audire
2477 4663 2651 4734 ipsum
2689 4665 2935 4737 Moysen,
2969 4683 3038 4724 ne
3071 4670 3200 4724 mihi
3226 4673 3466 4742 quamvis
3495 4677 3707 4734 nutrire

2119 4753 2348 4822 cupienti
2391 4755 2654 4825 inquietus
2700 4757 2872 4812 infans
2911 4761 3125 4815 taedium
3154 4761 3355 4818 facias?
3387 4765 3543 4821 Visne
3569 4781 3706 4838 ergo

2119 4845 2304 4901 audire
2329 4847 2500 4916 ipsum
2533 4847 2788 4920 Moysen?
2811 4851 2969 4906 Certe
2996 4852 3309 4923 loquebatur
3333 4866 3386 4911 et
3412 4858 3521 4913 Deo
3545 4873 3606 4914 os
3628 4861 3705 4916 ad

2119 4953 2200 4994 os.
2227 4938 2322 4994 Cui
2350 4955 2477 5009 ergo
2501 4940 2728 5007 dicebat,
2752 4944 2850 4998 nisi
2880 4945 2978 5014 ipsi
3006 4961 3125 5001 cum
3148 4963 3253 5018 quo
3274 4949 3604 5020 loquebatur,
3635 4952 3707 5009 Si

2119 5027 2285 5082 inveni
2321 5033 2537 5101 gratiam
2574 5043 2690 5087 ante
2717 5043 2796 5100 te,
2837 5037 3042 5090 ostende
3080 5039 3205 5092 mihi
3229 5048 3275 5093 te
3310 5041 3473 5110 ipsum
3499 5041 3700 5110 (Exod.

2119 5135 2293 5175 xxxm
2313 5165 2328 5190 ,
2373 5125 2432 5178 ll
2458 5163 2473 5191 ,
2502 5125 2630 5195 l5)?
2657 5125 2914 5196 Loquitur
2941 5144 3060 5185 cum
3092 5133 3206 5202 ipso
3231 5148 3292 5188 os
3320 5135 3385 5189 ad
3415 5151 3476 5190 os
3497 5175 3514 5202 ,
3558 5137 3706 5192 sicut

2120 5212 2238 5281 quis
2263 5212 2492 5283 loquitur
2515 5213 2583 5270 ad
2605 5217 2831 5272 amicum
2854 5235 3043 5288 suum,
3079 5232 3132 5277 et
3156 5222 3281 5279 dicit
3317 5225 3366 5280 ei
3386 5267 3401 5294 ,
3433 5226 3493 5281 Si
3531 5227 3703 5283 inveni

2185 5347 2198 5378 ³
2229 5347 2491 5398 Victorinus
2510 5356 2612 5408 Ms,
2638 5363 2747 5401 cum
2768 5353 2954 5405 crescit.

2119 5409 2202 5532 ,ω’
2225 5410 2582 5517 Victorinus
2601 5418 2681 5462 Its.
2707 5421 2761 5464 At
2782 5421 2911 5477 l.ov.,
2935 5422 2979 5467 et
3000 5429 3096 5479 qua
3115 5430 3376 5483 possumus,
3401 5427 3446 5472 et
3468 5429 3707 5486 quantum

2180 5483 2226 5519 ss
2311 5484 2380 5519 ns.

2180 5483 2380 5519 εδιιηιηδ.

2183 5532 2203 5604 ξ
2224 5537 2275 5604 in
2298 5534 2653 5604 v‘ictorinorus”
2681 5535 2730 5585 si
2743 5536 2853 5604 jam
2875 5538 2986 5589 inde
3011 5539 3200 5604 bibisti;
3219 5544 3428 5604 attende,
3455 5553 3548 5595 etc.

2181 5592 2202 5661 ξ
2227 5594 2494 5670 Victorinus
2515 5603 2614 5670 tus,
2639 5592 2877 5670 Quomodo
2897 5607 3054 5650 autem
3075 5592 3306 5656 charilate
3329 5592 3700 5670 aliquidem,

2118 5652 2201 5716 qui
2222 5651 2501 5704 charitatem
2521 5651 2613 5705 non
2635 5651 2770 5709 amas
2789 5658 2814 5709 ?

2181 5717 2203 5748 ο
2226 5715 2488 5767 Victorinus
2509 5724 2610 5782 Hs,
2632 5728 2756 5786 Ergo
2775 5720 2817 5772 si
2837 5735 2987 5786 amas,
3009 5722 3123 5775 bene
3144 5739 3292 5778 alnos.
