4012 6338
273 303 371 361 lGI

265 415 486 487 gratiam
504 420 619 467 ante
647 421 723 480 te,
754 410 955 467 ostende
980 411 1103 465 mihi
1129 418 1175 466 te
1198 410 1365 481 ipsum
1404 410 1681 483 manifeste.
1714 411 1850 478 Quid

264 508 504 574 videbat,
535 516 590 562 et
616 503 742 576 quid
772 504 972 559 sciebat
1000 503 1055 557 ‘?
1075 501 1132 559 Si
1162 517 1265 557 non
1288 512 1400 557 erat
1424 503 1558 572 ipse,
1587 503 1854 573 quomodo

260 598 316 656 ei
340 598 538 652 dicitur
561 638 575 662 ,
611 594 829 650 Ostende
853 594 977 648 mihi
1003 603 1048 647 te
1081 594 1247 663 ipsum
1274 593 1299 645 ?
1322 593 1437 649 Non
1473 608 1752 663 possumus
1776 592 1855 648 di-

269 700 396 744 cere
424 687 567 758 quod
592 702 698 741 non
723 695 837 741 erat
862 686 997 755 ipse.
1025 684 1081 740 Si
1111 699 1214 738 non
1240 694 1381 739 esset
1409 685 1543 754 ipse,
1572 684 1673 740 hoc
1700 686 1749 740 ei
1777 686 1859 739 di-

269 787 419 833 ceret
444 818 459 842 ,
485 775 721 832 Ostende
750 774 880 829 mihi
909 774 1093 827 Deum.
1136 772 1269 827 Cum
1297 772 1423 827 dicit
1450 788 1606 844 ergo,
1641 773 1858 828 Ostende

271 867 395 921 atilzi
425 876 477 921 te
496 868 662 937 ipsum
681 906 695 929 ,
725 864 1029 919 manifestat
1066 862 1209 933 quod
1248 863 1361 933 ipse
1397 872 1511 918 erat
1531 904 1545 927 ,
1573 879 1728 933 quem
1755 863 1857 919 sibi

269 959 487 1016 volebat
508 956 737 1013 ostendi.
762 955 1101 1027 Loquebatur
1122 964 1175 1010 et
1204 970 1323 1009 cum
1352 968 1418 1009 eo
1442 969 1504 1009 os
1523 954 1588 1009 ad
1609 969 1690 1023 os,
1723 955 1861 1010 sicut

269 1049 391 1119 quis
418 1048 656 1118 loquitur
679 1046 745 1101 ad
773 1047 1003 1101 amicum
1044 1060 1218 1099 suum.
1248 1044 1341 1099 Vis
1380 1059 1507 1114 ergo
1542 1044 1763 1099 audire?
1803 1043 1859 1099 Si

270 1138 455 1207 capis,
485 1138 628 1193 Deus
664 1135 829 1207 Moysi
848 1133 1137 1205 apparebat
1165 1135 1354 1189 latens.
1387 1133 1443 1189 Si
1465 1134 1603 1189 enim
1634 1149 1741 1188 non
1768 1149 1862 1203 ap—

270 1236 510 1298 pareret,
533 1241 639 1281 non
665 1234 806 1281 esset
831 1240 950 1280 cum
980 1239 1085 1294 quo
1115 1240 1175 1279 os
1201 1224 1265 1278 ad
1293 1239 1352 1279 os
1377 1224 1595 1294 loquens
1621 1224 1856 1290 diceret,

275 1317 499 1373 Ostende
535 1317 660 1370 mihi
699 1317 1028 1387 temetipsum.
1061 1314 1117 1370 Si
1148 1325 1321 1369 autem
1359 1330 1463 1369 non
1495 1314 1709 1381 lateret,
1755 1329 1863 1369 non

272 1409 453 1465 adhuc
472 1417 735 1479 quiereret
758 1407 937 1463 videre
957 1406 1201 1462 eumdem
1226 1407 1417 1477 ipsum.
1446 1405 1501 1462 Si
1522 1420 1649 1476 ergo
1676 1406 1821 1476 capis
1844 1447 1859 1471 ,

271 1500 317 1553 si
348 1500 620 1570 intelligis,
651 1507 828 1569 potest
851 1498 935 1553 hic
957 1499 1097 1553 Deus
1124 1497 1285 1554 simul
1314 1512 1571 1569 apparere
1599 1506 1654 1553 et
1673 1498 1860 1565 latere;

276 1608 545 1663 apparere
574 1593 779 1661 specie,
807 1592 969 1646 latere
997 1599 1203 1645 natura.

342 1682 578 1737 CAPUT
605 1682 719 1736 XV.
738 1682 907 1737 -15.
926 1680 1060 1735 Deus
1085 1681 1269 1750 absque
1294 1680 1374 1736 sui
1402 1682 1673 1737 mutatione
1702 1699 1865 1752 appa-

271 1775 374 1825 ruit
398 1790 459 1826 ea
484 1774 649 1843 specie
670 1790 767 1843 qua
786 1773 958 1827 voluit.
983 1772 1094 1826 Hoc
1114 1772 1179 1835 si,
1208 1780 1264 1826 ut
1282 1773 1516 1841 potuisti,
1537 1773 1862 1839 intellexisti;

274 1862 395 1917 vide
420 1877 489 1917 ne
513 1863 778 1917 subintrct
805 1862 918 1929 tibi,
937 1862 1077 1932 quod
1100 1862 1238 1916 Deus
1258 1870 1314 1916 ut
1335 1872 1606 1931 appareat,
1632 1863 1683 1917 in
1706 1879 1865 1933 quam

275 1954 389 2007 vult
416 1953 655 2023 speciem
693 1963 933 2008 naturam
965 1968 1112 2007 suam
1146 1953 1423 2012 convertit.
1454 1954 1865 2009 lneommutahi-

274 2045 340 2099 lis
366 2054 452 2099 est
472 2045 637 2111 Deus,
662 2060 766 2099 nou
798 2053 997 2099 tantum
1032 2044 1207 2110 Pater,
1236 2044 1329 2098 sed
1358 2044 1515 2098 Pater
1542 2053 1596 2099 et
1622 2046 1789 2099 Filius
1814 2054 1868 2100 et

274 2135 506 2206 Spiritus
535 2146 768 2191 sanctus.
800 2135 866 2189 In
893 2135 1138 2204 principio
1165 2144 1271 2188 erat
1307 2134 1553 2200 Verbum,
1578 2146 1623 2189 et
1656 2135 1868 2190 Verbum

274 2235 382 2279 erat
424 2228 569 2295 apud
596 2225 759 2279 Deum
783 2268 795 2291 ,
829 2236 875 2279 et
914 2225 1049 2279 Deus
1078 2234 1182 2279 erat
1214 2224 1426 2280 Verbum
1453 2225 1642 2298 (Joan.
1688 2244 1742 2294 I,
1778 2229 1864 2300 1).

278 2314 457 2384 Ipsum
480 2315 718 2370 Verbum
750 2318 888 2372 Deus
931 2316 1379 2376 incommutabilis
1404 2327 1514 2382 est,
1557 2319 1697 2374 sicut
1726 2320 1867 2375 Deus

275 2404 418 2473 apud
450 2420 610 2474 quem
650 2415 731 2459 est
762 2406 919 2460 Deus.
964 2405 1103 2459 Nihil
1134 2405 1186 2459 in
1218 2406 1325 2460 ulla
1356 2423 1583 2476 persona
1618 2410 1637 2439 ²
1667 2412 1867 2479 cogites

277 2497 605 2561 detrimenti,
640 2496 767 2550 nihil
792 2497 1236 2551 commutationis.
1271 2498 1411 2552 Deus
1441 2500 1582 2554 enim
1614 2509 1761 2568 pater
1782 2502 1865 2555 lu-

276 2588 481 2641 minnm
502 2630 518 2655 ,
547 2589 687 2658 apud
728 2606 874 2659 quem
901 2606 1000 2642 non
1024 2600 1094 2643 est
1127 2590 1446 2665 comminatio
1466 2633 1481 2658 ,
1509 2608 1599 2646 nec
1632 2594 1867 2647 momenti

277 2681 596 2735 obumbratio
633 2681 833 2751 (Jacobi
880 2698 947 2746 ll,
990 2682 1102 2751 17).
1146 2682 1202 2736 Si
1244 2697 1371 2752 ergo
1422 2683 1866 2740 incommutabilis

278 2780 380 2835 est,
407 2772 608 2842 inquis,
638 2772 765 2841 quid
792 2782 874 2827 est
903 2773 990 2826 illa
1013 2773 1237 2842 species,
1268 2774 1319 2826 in
1349 2789 1452 2843 qua
1481 2784 1536 2829 ut
1562 2775 1745 2841 voluit,
1778 2777 1864 2830 cui

278 2856 466 2931 voluit,
495 2867 762 2934 apparuit,
788 2865 1199 2931 deambulando,
1221 2865 1481 2933 sonando,
1505 2867 1589 2921 vel
1619 2882 1677 2922 se
1705 2868 1866 2922 etiam

279 2956 407 3025 ipsis
435 2956 742 3010 carnalibus
772 2956 937 3010 oculis
966 2955 1308 3010 exhibendo?
1338 2955 1543 3023 Quaeris
1567 2972 1597 3010 a
1626 2972 1711 3011 me
1742 2958 1867 3027 quid

281 3048 378 3109 sit,
410 3046 557 3100 unde
588 3047 742 3100 faciat
771 3047 908 3101 Deus
940 3045 1275 3115 prtesentiam
1301 3046 1381 3099 sui
1407 3062 1422 3111 ;
1448 3046 1598 3115 quasi
1634 3047 1743 3116 jam
1771 3063 1865 3101 ex-

280 3136 481 3205 plicare
510 3138 709 3205 possim
763 3136 901 3190 unde
946 3134 1130 3189 fecerit
1174 3135 1425 3189 mundum
1451 3176 1465 3200 ,
1514 3136 1655 3191 unde
1682 3136 1867 3193 fecerit

281 3231 475 3285 malum
497 3272 511 3297 ,
548 3228 687 3283 unde
717 3228 899 3283 fecerit
921 3237 1116 3282 terram
1136 3268 1150 3291 ,
1176 3227 1314 3282 unde
1335 3227 1518 3283 fecerit
1544 3236 1615 3283 te.
1642 3228 1759 3283 iam
1786 3231 1865 3283 vi-

282 3320 382 3375 deo
402 3362 418 3386 ,
446 3319 743 3388 respondes
762 3361 776 3385 ,
811 3319 885 3372 De
913 3318 1059 3372 limo.
1090 3317 1229 3373 Ecce
1268 3326 1320 3372 te
1349 3317 1414 3372 de
1440 3318 1604 3373 limo:
1638 3318 1777 3375 unde
1802 3320 1865 3373 li-

282 3411 465 3465 mum?
490 3410 803 3480 Respondes
823 3452 836 3475 ,
870 3410 943 3463 De
973 3417 1131 3463 terra.
1165 3408 1271 3463 Sed
1293 3451 1307 3474 ,
1347 3419 1506 3477 puto,
1538 3424 1641 3464 non
1673 3408 1739 3464 de
1782 3410 1867 3464 illa

285 3512 422 3556 terra
456 3517 615 3571 quam
655 3501 790 3554 alter
815 3500 969 3564 fecit;
1001 3499 1096 3554 sed
1136 3498 1203 3553 de
1242 3499 1331 3553 illa
1374 3509 1515 3554 terra
1559 3515 1719 3569 quam
1748 3498 1870 3554 fecit

283 3594 372 3662 qui
400 3592 525 3646 fecit
554 3592 747 3646 cmlum
778 3598 831 3644 et
862 3599 1075 3645 terram.
1104 3589 1256 3645 Unde
1296 3605 1422 3660 ergo
1454 3599 1508 3645 et
1536 3590 1646 3659 ipsa
1688 3590 1870 3646 terra?

286 3683 429 3737 Dixit
448 3723 464 3746 ,
493 3694 540 3735 et
566 3684 702 3751 facta
726 3692 842 3735 sunt
875 3679 1041 3751 (Psal.
1084 3696 1305 3745 CXLvIII,
1330 3681 1406 3749 5).
1448 3680 1624 3746 Bene,
1670 3681 1870 3749 optime

285 3774 583 3844 respondes
605 3813 621 3839 ,
664 3772 905 3843 agnoscis
938 3789 950 3824 :
980 3770 1121 3825 Dixit
1140 3812 1156 3837 ,
1186 3781 1231 3824 et
1260 3771 1395 3839 facta
1418 3780 1533 3824 sunt
1557 3787 1574 3824 :
1599 3771 1724 3825 nihil
1752 3774 1871 3841 plus

286 3879 491 3933 quaero.
517 3862 628 3918 Sed
672 3861 935 3931 quomodo
959 3875 1079 3915 eum
1124 3868 1179 3914 tu
1223 3860 1388 3927 dicis,
1428 3860 1610 3927 Dixit,
1652 3871 1697 3914 et
1737 3861 1871 3929 facta

286 3965 445 4019 sunt;
474 3970 574 4024 ego
600 3953 728 4007 nihil
771 3953 884 4022 plus
908 3967 1126 4022 quaero:
1155 3952 1231 4007 sic
1256 3966 1353 4007 nec
1382 3961 1437 4006 tu
1479 3950 1597 4021 plus
1624 3965 1829 4020 qumras
1851 3991 1868 4018 ,

286 4061 407 4101 eum
436 4045 580 4109 dico,
605 4044 801 4110 Voluit,
832 4052 885 4097 et
902 4042 1164 4113 apparuit.

356 4136 588 4192 CAPUT
618 4134 756 4189 XVI.
783 4134 943 4189 -16,
980 4133 1113 4187 Deus
1134 4149 1165 4185 a
1194 4133 1312 4201 [iliis
1337 4132 1581 4187 videbitur
1605 4133 1751 4186 sicuti
1779 4142 1868 4187 est.

291 4232 581 4303 Apparuit,
605 4230 742 4285 sicut
756 4244 1044 4299 congruum
1061 4226 1364 4297 judicabat;
1390 4227 1557 4292 latuit,
1577 4226 1712 4280 sicut
1736 4233 1868 4279 erat.

294 4323 463 4378 Verus
480 4320 701 4375 affectus
718 4336 819 4374 non
842 4318 1069 4385 videtur,
1083 4333 1189 4372 non
1206 4316 1412 4371 videtur
1422 4331 1593 4382 amor,
1609 4330 1713 4370 non
1731 4316 1875 4370 vidc-

292 4425 376 4469 tur
402 4414 641 4469 dilectio.
684 4413 761 4468 De
808 4413 896 4466 illo
923 4412 1142 4482 pignore
1188 4410 1239 4463 in
1271 4408 1322 4463 id
1347 4415 1538 4463 aestuet
1577 4407 1619 4473 ³,
1651 4408 1706 4461 in
1731 4406 1872 4477 quod

291 4505 550 4559 :estuabat
577 4512 630 4559 et
673 4503 914 4573 Moyses,
942 4502 1030 4571 qui
1075 4500 1123 4555 ei
1154 4515 1308 4570 quem
1337 4497 1582 4563 videbat,
1626 4497 1871 4564 dicebat,

296 4595 517 4649 Ostende
542 4594 667 4647 mihi
695 4594 1027 4661 temetipsum.
1061 4589 1118 4646 Si
1157 4590 1259 4645 hoc
1284 4604 1410 4659 ergo
1437 4588 1723 4658 quierimus
1742 4629 1756 4654 ,
1784 4587 1875 4642 lilii

293 4688 459 4756 ipsius
484 4699 691 4741 smnus.
726 4682 849 4736 Filii
876 4682 1016 4737 enim
1045 4680 1139 4734 Dei
1159 4696 1330 4733 sumus
1349 4721 1363 4745 ,
1395 4688 1439 4733 et
1467 4678 1689 4732 nondum
1709 4694 1875 4749 appa-

293 4780 388 4829 ruit
426 4777 549 4847 quid
578 4775 781 4828 erimus.
826 4773 1026 4826 Scimus
1056 4770 1171 4840 quia
1202 4785 1313 4821 cum
1339 4768 1663 4838 apparuerit,
1691 4768 1876 4820 similes

295 4871 338 4921 ei
380 4869 569 4921 erimus
592 4906 605 4930 ,
634 4865 870 4935 quoniam
908 4862 1177 4915 videbimus
1209 4877 1323 4915 eum
1348 4860 1494 4912 sicuti
1536 4868 1606 4913 est
1648 4859 1689 4930 (Ι
1718 4858 1873 4912 Joan.

294 4959 467 5025 III,?.).
494 4957 610 5011 Non
632 4957 768 5010 sicut
792 4956 937 5009 visus
957 4963 1038 5009 est
1057 4952 1122 5006 ad
1144 4952 1316 5006 ilicem
1338 4950 1589 5016 Mambre,
1615 4965 1717 5005 non
1742 4950 1879 5004 sicut

295 5054 440 5106 visus
465 5060 549 5106 est
572 5049 770 5119 Moysi,
801 5058 862 5101 ut
889 5046 1060 5100 adhuc
1090 5045 1137 5099 ei
1162 5044 1400 5099 dicamus
1422 5085 1437 5109 ,
1476 5042 1692 5097 Ostende
1725 5042 1879 5097 nobis

300 5144 613 5211 temetipsum
643 5156 661 5193 :
682 5138 773 5193 sed
803 5136 1072 5189 videbimus
1102 5152 1213 5189 eum
1237 5135 1381 5188 sicuti
1404 5143 1493 5188 est.
1517 5134 1633 5200 Quo
1658 5134 1879 5187 merito?

298 5234 427 5299 Quia
456 5233 551 5301 ﬁlii
578 5230 673 5283 Dei
699 5245 889 5283 sumus.
924 5227 989 5280 Et
1017 5226 1117 5280 hoc
1156 5240 1261 5280 non
1305 5240 1370 5279 ex
1401 5224 1597 5279 nostris
1636 5224 1838 5279 meritis
1861 5265 1876 5291 ,

298 5324 391 5379 sed
415 5323 581 5394 gratia
610 5321 750 5375 illius
780 5316 1175 5372 misericordiae.
1212 5313 1445 5368 Ptuviam
1486 5313 1627 5368 enim
1653 5313 1882 5367 volunta-

300 5417 427 5467 riam
457 5427 725 5483 segregans
742 5451 757 5474 ,
782 5407 938 5473 Deus,
969 5406 1246 5461 liazreditati
1278 5416 1413 5458 tute:
1440 5416 1484 5458 et
1512 5404 1766 5472 inﬁrmata
1785 5414 1879 5467 est,

306 5522 405 5561 non
436 5506 500 5559 de
530 5519 588 5559 se
618 5499 988 5574 praesumendo
1022 5496 1205 5553 videre
1245 5496 1385 5566 quod
1428 5510 1535 5549 non
1575 5494 1748 5560 videt,
1789 5494 1883 5549 sed

367 5623 384 5651 ι
409 5620 673 5667 victorious
693 5622 793 5673 Ms,
822 5612 944 5673 Quid
962 5609 1152 5678 videbat
1173 5614 1218 5659 et
1241 5606 1610 5678 quidfaciebatl?

367 5683 386 5711 ¹
408 5682 481 5729 sic
505 5682 551 5728 in
572 5668 806 5726 Victorino
831 5668 910 5723 iis.
939 5681 991 5723 At
1017 5674 1141 5739 apud
1158 5668 1287 5728 Levi,
1316 5668 1441 5739 nihil
1463 5669 1511 5719 in
1534 5668 1617 5717 illa
1636 5681 1866 5739 persona”

371 5743 392 5772 ³
417 5742 679 5789 Victorinus
704 5747 804 5796 315.,
836 5745 983 5785 Verus
1006 5735 1221 5795 affectus,
1247 5738 1405 5785 noster
1428 5744 1563 5784 amor
1582 5770 1595 5795 ,
1630 5738 1790 5782 nostra
1814 5734 1889 5780 di-

315 5804 444 5855 lectio
464 5804 511 5855 in
534 5801 616 5854 illo
638 5799 691 5865 pi
692 5813 854 5863 απογρ,
878 5796 926 5849 in
948 5798 999 5848 id
1023 5802 1204 5850 a’stuet.

1712 290 1943 349 SERMO
1981 293 2163 348 XXIV.

3431 306 3533 362 llr!

1955 412 2221 468 credendo
2246 420 2383 483 quod
2407 414 2584 471 videre
2612 416 2877 472 desiderat
2900 401 2993 471 :‘tu
3016 433 3130 473 vero
3152 421 3402 491 pet-fecisti
3422 437 3532 475 eam

1958 503 2125 575 (Psal.
2166 521 2309 559 van
2331 546 2346 572 ,
2376 506 2487 576 10).
2521 508 2757 563 Perfecta
2779 524 2904 581 ergo
2924 509 3203 567 hmreditas
3224 513 3339 582 ejus
3362 521 3416 568 et
3441 512 3532 568 lilii

1957 593 2093 663 ejus,
2123 594 2399 648 videbimus
2418 613 2529 649 eum
2559 598 2703 651 sicuti
2730 608 2820 652 est.

2028 684 2253 739 CAPUT
2290 684 2451 738 XVII.
2479 715 2547 730 -κ
2570 688 2655 740 17.
2686 686 2897 757 Paciﬁci
2922 690 3016 759 ﬁlii
3040 690 3154 744 Dei.
3184 691 3289 747 Sed
3315 692 3381 747 de
3410 692 3535 749 ﬁliis

1958 774 2083 844 quid
2112 774 2244 829 dixit
2283 775 2573 830 Dominus?
2598 776 2743 831 Beati
2778 782 2974 849 paci/ici
2994 822 3007 847 ,
3037 783 3275 851 quoniam
3300 784 3398 854 ipsi
3436 782 3535 853 ﬁlii

1958 862 2058 917 Dei
2084 865 2392 919 vocabuntur
2422 866 2631 936 (Matth.
2677 885 2731 933 v,
2763 869 2839 939 9).
2888 871 3029 941 Ergo
3070 872 3137 927 de
3184 882 3289 928 tam
3342 874 3541 930 abditis

1959 954 2390 1026 difﬁcillimisque
2416 958 2795 1027 quaestionibus
2818 1003 2832 1026 ,
2856 962 2901 1014 si
2932 964 3058 1031 quid
3084 965 3259 1019 minus
3284 966 3541 1036 intelligi-

1962 1061 2100 1112 mus,
2130 1048 2345 1117 pacitiee
2374 1049 2721 1117 requiramus.
2750 1050 2867 1105 Non
2894 1053 3099 1121 inﬂetur
3116 1056 3244 1109 alter
3266 1072 3358 1125 pro
3379 1058 3543 1111 altero

1962 1136 2197 1191 adversus
2230 1139 2442 1192 alterum
2467 1139 2510 1209 (l
2540 1138 2657 1194 Cor.
2683 1157 2755 1207 Iv,
2785 1140 2862 1211 6).
2894 1141 3032 1196 Nam
3058 1145 3101 1198 si
3128 1146 3288 1200 zelum
3307 1164 3544 1202 amarum

1963 1226 2154 1280 habetis
2172 1269 2186 1293 ,
2217 1238 2262 1280 et
2292 1230 2627 1283 contentiones
2657 1232 2709 1284 in
2734 1232 2868 1285 vobis
2899 1243 3058 1298 sunt;
3093 1251 3192 1288 non
3220 1244 3291 1289 est
3329 1238 3426 1291 ista
3461 1254 3546 1291 sa-

1963 1318 2151 1386 pientia
2188 1320 2447 1375 desursum
2480 1322 2817 1387 descendens;
2859 1326 2948 1377 sed
2991 1335 3218 1394 terrena,
3265 1329 3505 1383 animalis
3528 1369 3544 1390 ,

1964 1408 2211 1462 diabolica
2238 1410 2439 1479 (Jacobi
2466 1428 2558 1477 III,
2585 1413 2672 1479 M,
2699 1412 2807 1484 15).
2831 1414 2951 1468 Filii
2978 1430 3103 1485 ergo
3132 1416 3226 1472 Dei
3246 1432 3456 1485 sumus;
3487 1428 3542 1474 et

1964 1500 2299 1568 agnoscimus
2328 1501 2467 1571 quod
2495 1503 2611 1571 ejus
2640 1502 2731 1557 filii
2771 1518 2988 1569 sumus,
3033 1522 3133 1561 nec
3171 1510 3537 1578 agnoscimur,

1966 1591 2066 1644 nisi
2094 1591 2296 1660 pacilici
2322 1593 2593 1650 fuerimus.
2620 1595 2751 1650 Nam
2782 1596 2920 1652 unde
2945 1599 3220 1654 videamus
3247 1601 3412 1655 Deum
3434 1617 3543 1655 non

1968 1678 2311 1747 habebimus,
2356 1682 2794 1745 si.contendendo
2836 1685 2889 1740 in
2918 1687 3072 1743 nobis
3114 1688 3290 1758 ipsum
3330 1691 3543 1746 oculum

1967 1772 2399 1829 exstinxerimus.

2062 1864 2150 1919 18.
2198 1864 2336 1920 Deus
2385 1868 2585 1922 nonnisi
2640 1885 2674 1921 a
2723 1870 2948 1939 pacificis
2996 1871 3256 1926 videbitur.
3284 1873 3546 1929 lAttende

1966 1954 2093 2025 quid
2134 1956 2308 2023 dicat,
2337 1972 2433 2012 cur
2476 1960 2668 2014 timens
2706 1969 2760 2015 et
2804 1970 3037 2016 tremens
3068 1962 3257 2032 loquor
3288 1965 3327 2018 ¹.
3359 1964 3546 2018 Pacem

1966 2049 2224 2103 sectamini
2251 2065 2365 2102 cum
2407 2050 2635 2104 omnibus
2655 2091 2671 2117 ,
2702 2061 2747 2104 et
2785 2053 3233 2121 sanctiﬁcationem
3252 2095 3265 2119 ,
3306 2055 3414 2108 sine
3449 2072 3548 2125 qua

1968 2159 2113 2198 nemo
2151 2145 2331 2214 poterit
2367 2147 2533 2201 videre
2562 2147 2725 2202 Deum
2755 2148 2938 2221 (Hebr.
2973 2166 3082 2217 xu,
3123 2152 3235 2223 14).
3272 2154 3548 2221 Quomodo

1968 2237 2157 2291 terruit
2202 2242 2507 2294 amatores?
2534 2239 2649 2321 Non
2696 2242 2883 2296 terruit
2920 2243 3021 2297 nisi
3069 2253 3354 2299 amatores.
3381 2245 3548 2300 Num-

1967 2329 2093 2399 quid
2116 2330 2283 2399 dixit,
2310 2331 2503 2387 Pacem
2529 2334 2804 2389 sectamini
2829 2335 2950 2390 eum
2977 2337 3251 2404 omnibus,
3278 2346 3333 2393 et
3356 2340 3548 2393 sancti-

1968 2420 2294 2489 ﬁcationem,
2318 2438 2474 2494 quam
2495 2426 2583 2495 qui
2610 2441 2715 2479 non
2738 2425 2998 2491 habuerit,
3028 2428 3079 2482 in
3100 2429 3273 2499 ignem
3293 2430 3547 2493 mittetur,

1970 2521 2172 2568 aeterno
2200 2513 2318 2584 igne
2346 2516 2687 2583 eruciabitur,
2712 2518 3121 2588 infatigabilibus
3147 2522 3435 2577 tortoribus
3463 2522 3549 2577 da.

1967 2601 2146 2657 bitur?
2170 2603 2240 2657 Et
2260 2620 2383 2659 vera
2404 2614 2548 2675 sunt,
2580 2616 2633 2661 et
2662 2606 2775 2662 haec
2802 2623 2907 2663 non
2938 2610 3090 2665 dixit.

2037 2693 2264 2750 CAPUT
2306 2696 2492 2750 XVIII.
2516 2728 2587 2737 —
2613 2698 2918 2754 Amatorem
2936 2709 3000 2775 (te
3024 2701 3189 2757 voluit
3235 2717 3353 2758 esse
3382 2703 3504 2757 boni
3530 2746 3547 2770 ,

1970 2798 2075 2839 non
2096 2784 2494 2843 formidatorem
2518 2789 2673 2843 mali:
2705 2798 2760 2845 et
2783 2805 2849 2845 ex
2873 2805 2939 2845 eo
2965 2792 3080 2862 ipso
3103 2793 3244 2863 quod
3271 2793 3548 2849 desidera-

1968 2876 2062 2932 bas
2086 2918 2102 2945 ,
2144 2877 2269 2933 inde
2293 2886 2345 2933 te
2371 2880 2578 2935 terruit.
2609 2881 2774 2935 Deum
2801 2880 3004 2936 videbis
3024 2885 3044 2914 ²
3078 2901 3091 2936 :
3116 2892 3394 2953 propterea
3423 2900 3551 2939 con-

1970 2967 2177 3034 temnis,
2204 2978 2485 3038 propterea
2512 2970 2685 3037 rixas,
2710 2980 2988 3042 propterea
3011 2974 3192 3028 turbas
3217 2989 3415 3029 moves.
3446 2973 3553 3027 Pa-

1968 3071 2076 3110 cem
2097 3060 2356 3112 sectamini
2398 3076 2514 3113 cum
2553 3061 2781 3114 omnibus
2800 3101 2814 3128 ,
2862 3071 2909 3115 et
2938 3063 3382 3132 sanctiﬁcationem
3403 3106 3417 3130 ,
3445 3065 3553 3118 sine

1967 3162 2067 3215 qua
2090 3163 2233 3201 nemo
2263 3150 2441 3218 poterit
2474 3150 2640 3203 videre
2666 3149 2848 3204 Deum.
2880 3152 3045 3218 Quam
3068 3154 3209 3208 stulti
3240 3163 3420 3209 essent
3443 3155 3551 3210 duo

1969 3237 2207 3292 volentes
2233 3238 2415 3295 videre
2434 3240 2599 3295 solem
2620 3242 2898 3309 oriturum,
2928 3244 2972 3298 si
3001 3245 3385 3300 contenderent
3412 3246 3552 3303 inter

1968 3345 2062 3397 se,
2092 3346 2193 3401 qua
2222 3341 2372 3401 parte
2396 3335 2628 3389 oriturus
2665 3343 2837 3400 esset,
2862 3344 2914 3390 et
2942 3338 3209 3405 quomodo
3238 3338 3401 3393 videri
3430 3355 3552 3409 pos-

1969 3432 2050 3477 set
2069 3463 2084 3488 ,
2114 3432 2167 3477 et
2188 3431 2308 3477 nata
2338 3424 2476 3478 inter
2501 3439 2559 3479 se
2586 3427 2947 3481 controversia
2978 3428 3238 3498 litigareut
3258 3470 3272 3494 ,
3298 3429 3551 3501 litigando

1969 3528 2027 3569 se
2064 3515 2363 3585 canderent,
2391 3517 2642 3572 caedendo
2666 3520 2851 3574 oculos
2886 3534 3010 3575 suos
3038 3522 3463 3591 exstinguerent,
3498 3533 3556 3579 ut

1972 3607 2119 3661 illum
2149 3616 2323 3661 ortum
2349 3607 2529 3663 videre
2556 3624 2661 3663 non
2690 3612 2945 3679 possent?
2978 3612 3123 3682 Ergo
3166 3622 3222 3666 ut
3264 3614 3431 3668 Deum
3475 3616 3557 3669 vi-

1971 3696 2097 3751 dere
2127 3697 2410 3765 possimus,
2441 3698 2542 3753 ﬁde
2570 3700 2729 3753 corda
2757 3700 3091 3767 mundemus,
3119 3703 3375 3757 charitate
3396 3718 3556 3759 sane~

1973 3802 2090 3842 mus
2109 3828 2124 3851 ,
2158 3803 2287 3858 pace
2316 3788 2585 3843 firmemus
2614 3806 2626 3842 :
2655 3790 2776 3859 quia
2803 3790 2902 3845 hoc
2949 3791 3120 3860 ipsum
3149 3793 3289 3849 unde
3330 3796 3554 3850 invicem

1970 3879 2238 3950 diligimus
2256 3921 2271 3947 ,
2296 3879 2407 3950 jam
2428 3895 2494 3935 ex
2527 3880 2618 3936 illo
2643 3889 2721 3935 est
2736 3922 2757 3955 ἡ,
2780 3896 2938 3951 quem
2964 3882 3145 3939 videre
3167 3884 3552 3941 desideramus.

2460 3990 2690 4046 SERMO
2727 3991 2897 4047 XXIV
2925 3996 2943 4015 ⁶
2965 3992 3039 4065 (a)
3052 4032 3065 4047 .

1973 4087 2051 4143 De
2075 4105 2219 4142 versu
2241 4088 2276 4141 2
2306 4086 2504 4143 Psalmi
2528 4103 2724 4153 Lxxxu,
2755 4088 2915 4157 Deus,
2945 4090 3062 4159 quis
3090 4089 3277 4147 similis
3305 4091 3397 4146 tibi
3428 4092 3504 4164 (ὁ)
3530 4094 3555 4146 ?

2064 4181 2114 4234 1.
2177 4178 2474 4234 Gratulatur
2533 4179 2766 4250 ﬁdelibus
2810 4179 2908 4235 Dei
2958 4182 3066 4235 zelo
3111 4183 3327 4238 incensis
3378 4197 3554 4240 contra

1974 4273 2129 4326 idola.
2171 4272 2379 4327 Gratias
2426 4274 2649 4328 Domino
2690 4274 2799 4328 Deo
2840 4282 3043 4342 nostro,
3084 4282 3139 4331 et
3182 4275 3555 4336 abundantiam

1976 4363 2142 4418 laudis
2170 4364 2247 4417 illi
2277 4364 2409 4431 Deo,
2442 4378 2599 4433 quem
2631 4364 2784 4419 decet
2824 4364 3054 4437 hymnus
3082 4366 3134 4421 in
3165 4367 3313 4424 Sion.
3346 4368 3554 4428 Gratias

1976 4454 2074 4518 illi,
2115 4453 2199 4507 cui
2226 4453 2402 4507 cordis
2444 4462 2497 4508 et
2541 4454 2649 4507 oris
2677 4454 2959 4510 devotione
2991 4458 3337 4526 eantavimus,
3378 4460 3551 4526 Deus,

1974 4544 2085 4613 quis
2122 4543 2300 4596 similis
2340 4542 2469 4596 tibi?
2496 4543 2637 4613 quod
2664 4543 2779 4613 ejus
2811 4553 3047 4600 sanctam
3073 4546 3385 4605 eharitatem
3420 4552 3556 4607 iuvi-

1975 4642 2235 4689 sceratam
2256 4634 2510 4689 sentimus
2534 4634 2781 4689 cordibus
2803 4636 2997 4690 nostris
3029 4655 3042 4690 :
3070 4637 3211 4707 quod
3238 4640 3409 4709 ipsum
3438 4651 3553 4696 tan-

1977 4742 2137 4795 quam
2178 4726 2455 4781 Dominum
2498 4724 2724 4789 timetis,
2775 4734 3021 4796 tanquam
3072 4729 3277 4783 Patrem
3318 4731 3553 4801 diligitis.

1978 4818 2185 4873 Gratias
2228 4817 2321 4885 illi,
2373 4816 2461 4886 qui
2503 4816 2835 4871 desideratur
2872 4827 3152 4887 antequam
3198 4821 3457 4887 videatur,
3505 4831 3559 4877 et

1979 4924 2215 4980 praesens
2242 4909 2484 4973 sentitur,
2516 4917 2569 4963 et
2594 4907 2796 4961 futurus
2826 4918 3082 4977 speratur.
3113 4909 3319 4964 Gratias
3350 4911 3440 4977 illi,
3468 4928 3564 4966 cu-

1975 5002 2061 5069 jus
2091 5000 2335 5054 timorem
2371 5014 2475 5054 non
2519 4998 2719 5053 excutit
2762 5014 2934 5064 amor,
2979 5000 3127 5069 cujus
3171 5016 3407 5055 amorem
3451 5020 3559 5059 non

1981 5092 2201 5163 impedit
2242 5092 2419 5147 timor.
2467 5092 2641 5162 Ipsum
2683 5092 3067 5159 benedicimus,
3115 5093 3285 5162 ipsum
3331 5095 3562 5153 honora-

1982 5200 2122 5253 mus,
2155 5195 2208 5241 et
2248 5201 2345 5256 pro
2370 5187 2520 5240 nobis
2554 5186 2682 5240 etin
2709 5184 2859 5238 nobis
2889 5184 2983 5255 (c).
3016 5184 3277 5256 Templum
3301 5191 3431 5243 enim
3463 5191 3559 5245 Det

1984 5287 2215 5332 sanctum
2240 5287 2330 5344 est,
2359 5277 2492 5347 quod
2519 5276 2633 5329 estis
2662 5291 2745 5328 vos
2783 5274 2825 5345 (Ι
2848 5272 2964 5328 Cor.
2997 5291 3073 5339 III,
3105 5275 3214 5346 17).
3244 5279 3359 5333 Jam
3389 5280 3562 5335 videte

2048 5416 2063 5445 ι
2090 5414 2162 5463 sic
2182 5415 2449 5463 Victorinus
2471 5421 2549 5463 Ms.
2591 5420 2647 5462 At
2680 5419 2810 5472 Lov.,
2835 5410 2951 5474 quid
2986 5410 3157 5461 timens
3196 5420 3413 5475 coquatur
3436 5423 3561 5476 Λροο

1982 5476 2222 5597 “aliisqu
2246 5549 2338 5586 non
2355 5534 2549 5585 videbis.
2575 5536 2733 5593 Abest,
2758 5548 2868 5594 non,
2892 5547 2920 5581 a
2943 5536 3175 5583 Victorino
3209 5535 3346 5585 libro.

2046 5603 2063 5618 ¹
2090 5608 2188 5660 Non
2233 5606 2458 5660 repertus
2502 5600 2592 5645 nisi
2630 5599 2678 5660 in
2720 5612 2762 5645 γ.
2791 5606 2842 5646 et
2862 5597 2985 5658 apud
3007 5600 3142 5645 sirm.

2071 5663 2121 5716 α)
2148 5658 2340 5716 ΑΙὶειε.’6
2365 5674 2427 5709 ex
2450 5658 2801 5707 Sirmondianis.

2074 5676 2100 5711 tt
2148 5663 2285 5716 Alias,
2309 5663 2340 5707 6
2365 5674 2427 5709 ex
2450 5663 2801 5707 Sirmondianis.

2074 5663 2121 5786 1))
2145 5726 2292 5784 Hujus
2308 5722 2544 5790 serIIIonjs
2577 5721 3039 5790 lllclllillillPOSSldllls
3072 5722 3120 5769 iu
3151 5733 3255 5782 cap.
3280 5720 3312 5770 9
3354 5717 3561 5771 Indiam.

2078 5781 2123 5847 ε)
2144 5781 2304 5845 certe,
2329 5796 2417 5847 pro
2438 5781 2563 5834 vobis
2578 5788 2622 5834 et
2644 5781 2692 5833 in
2712 5782 2783 5832 vol
2796 5781 2855 5832 is.
3106 5810 3109 5813 ν
