4002 6464
467 352 569 407 165

464 473 717 536 quantum
734 464 824 520 ille
849 463 1009 529 vivat,
1031 463 1112 516 vel
1128 457 1394 531 quomodo
1420 458 1577 519 vivat,
1602 457 1815 528 quando
1834 457 2038 528 lapides

463 545 645 625 templi
668 554 783 625 ejus
810 555 888 609 sic
911 553 1110 607 vivunt.
1138 547 1396 620 Cogitate,
1424 547 1638 614 fratres,
1677 546 1803 618 quid
1827 546 2039 615 dicatis,

462 654 518 700 et
544 646 630 702 cui
667 646 873 712 dicatis,
920 642 1081 707 Deus,
1125 642 1234 711 quis
1279 640 1459 695 similis
1502 637 1635 694 tibi?
1684 639 1911 709 Lapides
1937 641 2041 696 vivi

462 734 645 792 dicunt
673 733 952 790 babitatori
973 745 1091 798 suo,
1118 730 1277 798 Deus,
1300 730 1410 801 quis
1434 729 1612 785 similis
1634 729 1724 785 tibi
1739 729 1766 783 .9
1788 729 2044 786 Occurrat

462 825 713 880 cordibus
727 823 919 880 vestris
931 822 1177 879 universa
1202 828 1443 877 creatura
1463 836 1478 887 ;
1499 830 1637 875 terra
1651 827 1707 875 et
1721 818 1975 892 quidquid
1986 821 2042 876 in

463 926 625 984 terra,
645 931 791 972 mare
802 922 857 970 et
870 914 1126 985 quidquid
1138 914 1192 968 in
1212 913 1368 980 mari,
1384 925 1479 967 aer
1493 919 1547 967 et
1556 910 1809 982 quidquid
1826 911 1879 966 in
1892 925 2038 980 aere,

460 987 654 1063 coelum
666 1005 986 1077 etquidquid
999 1007 1051 1059 in
1067 1005 1206 1060 coelo
1223 1021 1236 1057 :
1250 1002 1373 1075 Ipse
1386 1002 1533 1071 dixit,
1551 1012 1598 1057 et
1609 1006 1746 1074 facta
1763 1010 1882 1057 sunt
1896 1020 1918 1070 ;
1931 1002 2043 1074 ipse

460 1099 739 1165 mandavit,
762 1108 811 1153 et
826 1106 996 1154 creata
1012 1104 1130 1151 sunt
1157 1094 1327 1168 (Psal.
1349 1096 1563 1162 cnvni,
1588 1092 1668 1167 5).
1694 1094 1857 1165 Ergo,
1878 1093 2038 1162 Deus,

455 1200 570 1265 quis
606 1193 788 1249 similis
813 1191 941 1245 tibi?
967 1191 1110 1245 dicat
1140 1189 1448 1244 universum
1476 1202 1592 1253 cor,
1624 1187 1767 1243 dicat
1792 1187 2041 1243 universa

457 1286 714 1342 obedieas
732 1285 931 1356 lingua,
957 1283 1101 1339 dicat
1118 1281 1295 1338 omnis
1310 1281 1500 1336 devota
1532 1280 1878 1347 conscientia,
1899 1279 2043 1335 dicat

456 1391 666 1443 secura.
694 1376 857 1446 Deus,
884 1374 997 1448 quis
1019 1373 1198 1430 similis
1225 1372 1354 1427 tibi?
1380 1372 1462 1426 illi
1486 1372 1629 1427 enim
1659 1370 1811 1436 dicit,
1842 1370 1912 1427 de
1935 1385 2042 1442 quo

442 1524 445 1529 .
460 1487 565 1528 non
584 1470 869 1527 erubescit.
886 1467 1111 1538 Dignum
1135 1461 1353 1529 esthoc,
1372 1462 1525 1518 decet
1542 1461 1646 1518 hoc
1656 1461 1858 1531 lapides
1869 1461 2038 1518 vivos.

527 1566 584 1620 2.
641 1563 1041 1619 Christianorum
1087 1558 1142 1612 in
1189 1555 1426 1627 Paganos
1463 1554 1640 1624 pietas.
1671 1553 1804 1608 Nam
1841 1551 2043 1623 lapides

460 1655 653 1710 mortui
720 1652 920 1707 utinam
985 1648 1216 1703 sentiant
1269 1646 1324 1699 in
1374 1657 1435 1699 se
1483 1643 1906 1713 misericordiam
1965 1642 2044 1697 la-

460 1746 651 1816 pidum.
696 1744 957 1798 vivorum.
1010 1738 1246 1794 Mortuus
1299 1735 1423 1791 dico
1445 1776 1460 1800 ,
1517 1747 1626 1789 non
1678 1733 1797 1789 illos
1853 1731 2043 1803 quibus

462 1836 678 1891 fabricas
736 1833 852 1888 istae
906 1835 1261 1898 consurgunt,
1322 1840 1422 1880 nec
1477 1825 1531 1879 in
1590 1824 1786 1895 quibus
1844 1821 2041 1878 ferrum

461 1925 720 1981 artiﬁcum
766 1927 1038 1990 operatur,
1081 1932 1179 1972 nec
1220 1931 1357 1986 quas
1402 1914 1625 1983 sculpsit
1666 1913 1849 1978 homo,
1881 1920 1939 1967 ut
1969 1911 2044 1967 dii

460 2019 600 2079 sint;
633 2015 739 2068 imo
779 2011 1004 2081 sculpsit
1048 2008 1230 2071 homo,
1261 2015 1322 2060 ut
1363 2013 1622 2059 vocentur
1645 2012 1702 2058 et
1744 2018 1851 2059 non
1898 2004 2040 2070 sint;

370 2160 377 2169 ,
461 2124 567 2162 non
605 2109 746 2176 ipsos
785 2104 906 2160 dico
943 2112 1187 2156 mortuos
1224 2096 1469 2168 lapides:
1497 2097 1590 2153 sed
1636 2095 1880 2151 homines
1924 2094 2044 2151 dico

464 2209 700 2255 mortuus
722 2196 921 2266 lapides
943 2195 983 2260 ί,
999 2193 1190 2262 quibus
1209 2190 1282 2245 dii
1303 2190 1506 2244 similes
1525 2197 1666 2243 sunt.
1695 2188 1923 2258 Lapides
1936 2188 2043 2243 vivi

462 2301 605 2357 sunt,
652 2303 783 2358 quos
810 2286 1092 2354 alloquitur
1132 2282 1405 2352 apostolus
1440 2281 1649 2343 Petrus.
1679 2288 1735 2335 et
1768 2279 1900 2336 dicit
1928 2297 1942 2333 :
1976 2279 2044 2334 Et

463 2401 570 2447 eos,
593 2383 793 2451 fratres,
818 2388 1057 2448 tauquam
1075 2374 1269 2444 lapides
1284 2374 1379 2427 vivi
1398 2371 1782 2442 coaediﬁcamini
1801 2372 2044 2442 templum

466 2474 561 2528 Dei
588 2458 817 2527 sanctum
849 2468 888 2538 (I
918 2466 1061 2524 Petr.
1088 2480 1145 2529 ιι,
1175 2464 1254 2534 5).
1284 2463 1498 2520 Utinam
1521 2477 1671 2534 ergo,
1704 2461 1895 2518 fratres
1912 2461 2041 2529 mei,

461 2562 693 2619 sentiant
730 2559 928 2629 lapides
959 2556 1153 2613 mortui
1193 2553 1614 2611 misericordiam
1641 2554 1694 2608 in
1721 2567 1781 2609 se
1809 2552 2045 2624 lapidum

464 2654 739 2710 vivorum!
786 2650 921 2718 Quid
970 2649 1111 2704 cnim
1152 2645 1480 2718 satagimus?
1510 2644 1638 2716 quid
1662 2643 1839 2700 cordis
1878 2644 2045 2699 nostri

463 2748 547 2803 vel
588 2744 830 2814 angustia
871 2742 955 2796 vel
983 2738 1257 2794 latitudine
1301 2734 1700 2807 percurrimus?
1729 2733 1854 2805 quid
1893 2748 2047 2790 cura-

465 2851 606 2899 mus,
635 2833 759 2905 quid
789 2831 1080 2893 studemus,
1109 2827 1212 2882 nisi
1253 2836 1313 2881 ut
1340 2826 1566 2896 lapidem
1596 2827 1885 2881 liberemus
1913 2840 1943 2879 a
1969 2826 2047 2881 la-

464 2930 621 2999 pide?
651 2925 878 2996 Lapides
895 2923 1036 2978 enim
1054 2921 1157 2975 vivi
1178 2921 1362 2975 oculos
1382 2920 1578 2973 habent
1597 2927 1649 2973 et
1669 2917 1871 2984 vident,
1891 2931 2046 2972 aures

466 3019 662 3075 habent
685 3026 741 3071 et
762 3014 1003 3078 audiunt,
1032 3025 1221 3066 manus
1250 3009 1444 3064 habent
1465 3016 1522 3064 et
1546 3019 1851 3077 Operantur,
1883 3007 2046 3077 pedes

467 3109 731 3165 habentet
752 3104 1024 3159 ambulant
1049 3119 1062 3155 :
1085 3101 1282 3156 etenim
1302 3107 1566 3154 noverunt
1587 3099 1840 3153 factorem
1865 3112 2042 3153 suum.

465 3200 535 3253 At
562 3209 689 3250 vero
717 3191 919 3261 lapides
944 3189 1159 3253 mortui,
1190 3186 1364 3241 sciunt
1391 3185 1596 3256 lapides
1623 3199 1771 3252 suos,
1812 3185 1943 3240 deos
1966 3193 2048 3240 at-

466 3284 969 3353 tendunt,’ador.mt,
981 3291 1034 3338 et
1043 3287 1434 3352 cognoscuntur
1447 3277 1524 3351 (α)
1540 3294 1556 3344 ;
1578 3276 1895 3333 sacriﬁcium
1908 3276 2044 3332 infe-

466 3389 610 3447 runt,
638 3389 694 3435 et
715 3376 1030 3435 sacriﬁcium
1062 3373 1159 3444 ipsi
1184 3372 1395 3427 diabolo
1424 3370 1579 3426 ﬁunt.
1607 3368 1758 3437 Quod
1780 3370 1903 3440 ipsi,
1940 3368 2045 3425 fra-

467 3486 596 3540 tres,
639 3473 683 3528 si
707 3481 762 3528 et
784 3471 967 3526 oculos
993 3468 1250 3522 haberent
1270 3464 1338 3519 ad
1373 3462 1683 3527 videndum,
1712 3470 1769 3518 et
1797 3469 1953 3517 aures
1977 3461 2047 3517 ad

465 3563 808 3629 audiendum,
836 3568 1089 3631 quantum
1111 3563 1226 3611 erat
1252 3554 1435 3633 videre
1461 3552 1667 3623 impleri
1694 3550 1891 3608 Christi
1924 3565 2048 3621 pro-

467 3654 709 3725 phetias?
735 3653 1000 3720 Quantum
1025 3656 1142 3703 erat
1166 3644 1442 3701 attendere
1461 3643 1723 3733 veridicos
1741 3644 1975 3711 codices,
1993 3652 2049 3699 et

463 3746 699 3810 oracula,
749 3742 843 3800 sed
888 3756 995 3797 non
1036 3736 1275 3794 fallacia?
1327 3735 1422 3791 sed
1467 3748 1632 3806 quare
1670 3749 1777 3789 non
1822 3733 2048 3789 vident?

463 3856 630 3910 quare
657 3852 763 3892 non
788 3832 1045 3890 audiunt?
1069 3831 1202 3899 Quia
1227 3838 1282 3885 et
1310 3828 1397 3883 hic
1418 3827 1696 3898 prophetia
1714 3826 1862 3888 dicit,
1884 3826 2047 3882 Simi-

465 3933 537 3985 les
552 3931 648 3983 sint
662 3928 766 3983 illis
785 3925 1010 3981 homines
1022 3923 1108 3993 qui
1135 3921 1324 4002 faciunt
1355 3936 1433 3984 ea,
1457 3930 1503 3973 et
1521 3917 1876 3989 quiconﬁdunt
1895 3918 1950 3972 in
1977 3918 2050 3972 eis

469 4020 639 4092 (Psal.
667 4034 813 4083 exin,
836 4016 915 4086 8).
942 4014 1088 4084 Ergo
1107 4011 1375 4082 desperati
1405 4018 1460 4064 et
1487 4008 1841 4079 despcrandi?
1873 4008 2045 4064 Absit.

468 4112 538 4166 Et
560 4110 684 4180 quid
715 4105 1033 4177 sperandum
1062 4112 1144 4158 est
1162 4102 1230 4157 de
1257 4100 1518 4170 lapidibus
1538 4100 1944 4168 mortuis?Quid
1964 4115 2051 4170 pu-

468 4197 870 4269 tatis,nisiquod
879 4199 987 4267 jam
1004 4192 1075 4266 (b)
1091 4194 1342 4263 scriptum
1362 4190 1816 4258 tenemusJ’otens
1827 4201 1899 4247 est
1916 4191 2049 4246 Deus

468 4293 532 4348 de
554 4291 805 4362 lapidibus
826 4288 934 4342 istis
963 4286 1202 4341 suscitare
1221 4283 1354 4353 ﬁlios
1368 4281 1585 4335 Abrahae
1604 4281 1815 4351 (Matth.
1844 4297 1924 4343 ut,
1954 4282 2049 4352 9)?

540 4377 593 4431 3.
628 4374 731 4428 Deo
757 4387 871 4427 vero
899 4387 989 4424 nec
1017 4368 1164 4422 homo
1192 4366 1476 4436 comparari
1505 4364 1666 4430 debet,
1702 4365 1859 4419 multo
1885 4365 2049 4420 minus

469 4464 661 4520 idolum
731 4460 1000 4524 Herculis,
1055 4459 1198 4530 cujus
1263 4456 1437 4512 titulus
1498 4455 1766 4527 refellitur.
1826 4456 2044 4527 Itaque,

467 4555 788 4620 charissimi,
821 4553 1069 4625 quoniam
1115 4550 1281 4607 nostis
1323 4550 1408 4605 cui
1447 4551 1556 4605 Deo
1585 4549 1839 4618 diximus,
1870 4549 2007 4605 Deus
2029 4592 2046 4618 ,

469 4650 583 4721 quis
621 4645 801 4701 similis
863 4645 990 4698 tibi?
1041 4642 1109 4698 de
1148 4658 1253 4713 quo
1302 4656 1406 4697 non
1459 4641 1858 4708 erubescimus,
1898 4642 2050 4711 cujus

473 4742 677 4796 tilulutn
723 4752 828 4793 non
873 4736 927 4791 in
976 4733 1150 4805 lapide
1208 4734 1464 4804 legimus,
1509 4732 1602 4786 scd
1642 4732 1693 4786 in
1739 4732 1899 4787 corde
1954 4748 2049 4803 ge-

472 4842 678 4886 stamus
711 4849 724 4886 :
756 4828 909 4899 cujus
959 4840 1153 4881 nomen
1200 4832 1258 4880 et
1310 4833 1491 4879 notum
1547 4831 1630 4878 est
1669 4823 1948 4889 omnibus,
1996 4833 2050 4879 et

471 4924 599 4977 vivit
633 4922 683 4975 in
724 4917 1080 4980 credentibus,
1112 4914 1314 4971 habitat
1352 4914 1405 4967 in
1429 4913 1676 4980 subditis,
1708 4913 1941 4969 debellat
1963 4928 2050 4968 su-

468 5013 664 5084 perbos
694 5031 705 5063 :
733 5009 981 5082 quoniam
1003 5006 1248 5062 novimus
1272 5005 1357 5060 cui
1378 5005 1629 5071 diximus,
1660 5004 1818 5073 Deus,
1839 5006 1948 5076 quis
1976 5007 2050 5060 si-

472 5106 604 5159 milis
648 5105 773 5157 tibi?
799 5116 903 5156 non
930 5113 1030 5154 nos
1068 5105 1318 5152 moveant
1342 5096 1408 5151 ad
1449 5095 1626 5151 odium
1655 5096 1737 5150 sui
1766 5096 2009 5152 homines
2031 5138 2058 5171 ,ἡ

469 5209 604 5265 quos
632 5193 753 5247 fecit
775 5192 936 5257 Dens,
966 5188 1060 5247 sed
1082 5197 1291 5244 moveat
1314 5187 1380 5242 ad
1402 5187 1580 5242 odium
1605 5188 1687 5242 sui
1715 5188 1969 5258 quidquid
1997 5189 2050 5244 in

474 5286 685 5341 homine
711 5284 845 5339 bene
866 5284 1005 5338 facto
1028 5297 1057 5336 a
1081 5280 1189 5337 Deo
1216 5280 1354 5336 male
1382 5279 1506 5335 fecit
1529 5281 1643 5349 ipse
1670 5280 1851 5335 homo.
1875 5281 2045 5336 llomo

471 5391 664 5432 nomen
705 5390 864 5429 unum
906 5381 1005 5428 est.
1040 5373 1207 5443 Hujus
1250 5375 1508 5427 creatura:
1548 5370 1803 5426 artiﬁcem
1833 5388 2047 5442 qnmro,

471 5471 612 5523 Deus
639 5474 736 5521 est.
761 5465 1149 5536 Numquidnam
1180 5464 1409 5519 hominis
1449 5463 1814 5518 tantummodo
1842 5475 2051 5520 creator

536 5584 553 5613 ι
574 5583 721 5630 sicin
740 5579 975 5629 Victorino
1006 5586 1088 5639 Ms.
1120 5586 1175 5628 At
1211 5579 1263 5626 in
1298 5577 1442 5630 editis
1478 5577 1708 5626 omissum
1749 5573 1925 5639 fuerat,
1966 5578 2050 5629 sed

470 5644 681 5696 bonane:
703 5639 812 5690 dico
827 5646 1034 5690 mortuos
1049 5637 1251 5703 lapides.

534 5704 606 5825 ἓα)
626 5708 781 5761 Forte,
806 5714 901 5773 non
922 5708 1279 5766 cognoscmuur.

557 5770 605 5825 c)
639 5770 797 5825 Forte,
810 5770 970 5816 etiam.

557 5762 605 5826 ι)
639 5770 797 5825 Forte,
810 5762 970 5816 etiam.

1659 310 1719 399 ε.
1760 338 2125 400 AUGUSTINI
2162 343 2459 404 EPISCOPI

2694 281 2721 291 ι

2151 459 2291 516 Deus
2309 462 2334 516 ‘P
2353 462 2537 520 Nonne
2559 472 2613 521 et
2633 467 2860 538 pecoris,
2893 476 2955 547 et
2970 471 3150 542 piscis,
3183 483 3237 530 et
3265 476 3515 547 volatilis,
3544 489 3601 536 et
3622 498 3727 538 an-

2145 552 2270 622 geli,
2302 560 2356 609 et
2381 555 2523 624 coeli,
2553 565 2608 612 et
2634 566 2810 625 terrae,
2844 569 2897 616 et
2920 561 3175 630 siderum,
3204 573 3259 621 et
3283 567 3433 635 solis,
3461 576 3521 625 et
3541 569 3683 627 luna:
3704 612 3725 639 ,

2147 652 2202 698 et
2229 645 2465 701 omnium
2496 661 2652 718 supra
2680 649 2921 722 infraque
2954 654 3284 711 conditorum
3320 666 3376 713 et
3402 668 3728 732 temperato-

2145 751 2283 804 rum,
2312 737 2538 793 imorum
2566 748 2724 811 atque
2743 757 3092 813 summorum,
3118 747 3336 804 unitatis
3357 749 3569 807 vinculo
3590 766 3725 808 con-

2145 838 2401 882 nexorum
2425 844 2440 896 ;
2471 843 2649 886 nonne
2677 831 2896 888 istorum
2924 835 3159 891 omnium
3188 837 3379 894 artifex
3404 840 3580 898 Deus?
3611 841 3723 899 Sed

2147 918 2414 975 hominem
2444 919 2512 975 ad
2559 919 2844 992 imaginem
2886 934 2941 980 et
2968 926 3366 985 similitudinem
3406 945 3557 987 suam
3599 930 3727 988 fecit

2144 1004 2297 1078 (Gen.
2330 1024 2372 1077 ι,
2413 1009 2507 1076 26,
2536 1008 2652 1083 27).
2680 1011 2984 1070 Similitudo
3026 1017 3200 1089 aliqua
3227 1017 3422 1076 dicitur
3450 1012 3633 1089 humo,
3668 1031 3726 1079 et

2142 1106 2337 1168 quanta
2361 1098 2427 1155 ad
2456 1102 2748 1170 quantum?
2770 1103 2896 1174 quid
2915 1104 2981 1159 ad
3011 1107 3212 1176 quem?
3234 1106 3395 1165 homo
3418 1108 3487 1165 ad
3511 1110 3725 1167 Deum?

2143 1185 2281 1254 Quid
2304 1195 2387 1243 est
2408 1189 2593 1259 homo,
2621 1192 2719 1247 nisi
2746 1193 2884 1264 quod
2922 1208 3127 1251 memor
3156 1211 3217 1253 es
3242 1197 3358 1268 ejus
3387 1187 3557 1270 (Psal.
3589 1215 3685 1256 vut
3705 1240 3723 1267 ,

2144 1276 2242 1346 5)?
2272 1278 2519 1336 Dicamus
2540 1296 2668 1353 ergo
2695 1283 2762 1339 ad
2790 1285 3069 1356 imaginem
3099 1297 3153 1343 ct
3172 1288 3573 1347 similitudinem
3602 1292 3725 1348 lacti

2143 1367 2331 1439 ipsius,
2366 1372 2476 1427 Deo
2503 1382 2689 1429 nostro
2721 1376 2980 1444 dicamus,
3024 1377 3181 1448 Deus,
3223 1381 3335 1451 quis
3375 1383 3558 1437 similis
3597 1382 3729 1439 tibi?

2143 1454 2362 1517 Addidit
2385 1465 2549 1533 enim,
2577 1465 2826 1523 Memento
2863 1470 2981 1539 quia
3019 1471 3182 1541 pulvis
3218 1489 3388 1528 sumus
3413 1474 3586 1548 (Psal.
3611 1491 3683 1533 ett
3706 1516 3724 1543 ,

2144 1553 2258 1625 li).
2288 1553 2377 1610 Sic
2402 1554 2557 1627 longe
2582 1571 2641 1612 es
2671 1572 2701 1611 a
2740 1558 3085 1617 similitudine
3112 1561 3227 1618 Dei.
3256 1563 3429 1620 Homo
3467 1565 3633 1621 lactus
3657 1566 3728 1622 ad

2144 1644 2545 1701 similitudinem
2582 1647 2676 1703 Dei
2705 1665 2719 1701 :
2746 1647 2840 1703 sed
2879 1649 2993 1720 ipsa
3017 1651 3309 1709 similitudo
3335 1654 3415 1710 sic
3452 1654 3634 1721 distat,
3668 1665 3730 1715 ut

2145 1748 2264 1788 eam
2285 1736 2583 1806 comparari
2600 1751 2707 1793 non
2737 1737 2943 1795 deceat.
2965 1740 3034 1796 Et
3058 1751 3231 1798 tamen
3251 1757 3343 1798 cor
3367 1743 3617 1809 hominis,
3634 1761 3730 1801 cor

2144 1823 2441 1891 christiani,
2463 1826 2551 1895 qui
2574 1840 2677 1882 non
2694 1836 2872 1899 potest
2888 1830 3089 1896 dicere,
3113 1830 3323 1887 Homini
3341 1832 3475 1898 deo;
3503 1835 3731 1891 libenter

2146 1915 2292 1986 legit,
2324 1915 2536 1972 Herculi
2567 1918 2690 1975 deo.
2720 1919 2927 1975 Titulus
2948 1938 3053 1977 non
3081 1922 3334 1993 loquitur,
3366 1926 3460 1981 sed
3488 1927 3571 1982 vel
3593 1927 3727 1997 legi-

2145 2012 2252 2072 tur,
2284 2004 2497 2061 Herculi
2535 2007 2657 2063 dco.
2705 2009 2781 2065 De
2806 2026 2911 2081 quo
2955 2011 3152 2067 dictum
3186 2014 3304 2068 est?
3338 2012 3456 2085 Ipse
3482 2015 3624 2071 dicat
3659 2018 3730 2072 de

2145 2112 2251 2167 quo
2270 2098 2488 2153 dictum.
2518 2097 2813 2170 Utrumque
2834 2110 3057 2169 mutum,
3080 2111 3359 2173 utrumque
3378 2103 3726 2159 insensatum:

2145 2198 2302 2259 supra
2334 2188 2688 2255 mendacium,
2718 2189 2853 2247 infra
2880 2192 3209 2264 ﬁgmentum.
3238 2180 3443 2251 Titulus
3466 2210 3732 2253 accusans

2145 2280 2478 2350 scriptorem,
2501 2280 2832 2337 confundens
2851 2282 3208 2340 adoratorem.
3236 2285 3442 2342 Titulus
3459 2302 3563 2341 non
3585 2301 3734 2343 com-

2146 2369 2403 2424 mendans
2429 2368 2664 2440 lapidem
2692 2371 2872 2439 deum,
2900 2372 2997 2428 sed
3035 2373 3271 2430 indicans
3297 2376 3565 2433 hominem
3592 2377 3730 2433 stul-

2148 2470 2280 2516 tum.
2309 2460 2516 2517 Titulus
2541 2478 2733 2520 nomen
2758 2464 2845 2520 dei
2861 2465 3141 2535 imponens
3168 2466 3437 2537 ﬁgmento,
3454 2476 3509 2523 et
3534 2483 3732 2525 nomen

2147 2553 2364 2608 cultoris
2401 2553 2584 2608 deleas
2611 2554 2678 2609 de
2705 2554 2843 2610 libro
2873 2556 3178 2611 viventimn.
3211 2557 3377 2627 Quam
3416 2558 3727 2630 particulam

2147 2657 2337 2698 sensus
2363 2644 2414 2697 in
2440 2658 2499 2698 se
2522 2644 2730 2699 sentit?

2218 2735 2273 2789 4.
2319 2734 2584 2801 Quomodo
2641 2736 2826 2805 petitur
2873 2746 2925 2790 ut
2970 2754 3033 2790 ne
3069 2746 3256 2806 taceat,
3305 2754 3462 2809 neque
3504 2740 3737 2795 mitescat

2151 2821 2304 2878 Deus.
2345 2823 2477 2892 Quia
2523 2832 2698 2879 tamen
2729 2834 2916 2895 potens
2940 2834 3023 2881 est
3045 2827 3183 2883 Deus
3223 2827 3290 2884 de
3314 2828 3578 2899 lapidibus
3611 2829 3735 2886 istis

2147 2913 2390 2968 excitare
2433 2911 2573 2969 ﬁlios
2614 2915 2905 2982 Abraham,
2956 2917 3191 2972 attendat
3237 2918 3306 2972 ibi
3345 2918 3486 2989 quod
3527 2917 3651 2974 fecit
3678 2921 3733 2974 in

2148 3003 2383 3059 homine.
2429 3004 2547 3074 Ipse
2575 3005 2734 3072 Deus,
2784 3005 2868 3060 cui
2915 3005 3166 3073 diximus,
3211 3004 3368 3074 Deus,
3399 3008 3510 3079 quis
3549 3008 3735 3064 similis

2148 3094 2276 3148 tibi!
2299 3092 2537 3149 attendat
2570 3094 2621 3148 in
2647 3094 2860 3149 homine
2890 3096 3005 3165 ipso
3031 3096 3172 3167 quod
3202 3097 3346 3164 fecit,
3372 3098 3549 3154 deleat
3586 3100 3734 3170 quod

2147 3184 2218 3238 ab
2244 3185 2359 3255 ipso
2393 3184 2607 3239 homine
2632 3183 2823 3240 factum
2850 3195 2932 3241 est
2956 3198 3139 3241 cutura
3167 3204 3310 3255 eum,
3339 3190 3428 3260 qui
3459 3191 3742 3268 hominem.

2148 3276 2293 3331 fecit.
2327 3275 2593 3331 Percntiat
2613 3284 2669 3331 et
2691 3284 2861 3340 sanet,
2880 3277 3087 3332 occidat
3109 3287 3163 3333 et
3188 3279 3435 3335 viviﬁcet.
3460 3279 3557 3335 Cui
3585 3280 3732 3335 enim

2147 3367 2301 3431 dixit,
2328 3365 2559 3435 Domine,
2582 3368 2693 3438 quis
2711 3368 2893 3422 similis
2914 3368 3032 3435 tibi,
3056 3369 3106 3424 ei
3132 3379 3517 3440 consequenter
3538 3369 3736 3440 adjnn-

2149 3458 2245 3522 xit,
2291 3455 2375 3511 Ne
2400 3465 2585 3520 taceas.
2630 3473 2786 3528 neque
2819 3458 3067 3524 mitescas,
3100 3458 3257 3514 Deus.
3304 3460 3440 3528 Quid
3467 3461 3635 3515 vero?
3670 3461 3731 3516 In

2149 3548 2252 3603 isto
2292 3548 2519 3614 cantico,
2566 3547 2756 3603 fratres
2800 3549 2924 3616 mei,
2956 3549 3020 3604 ad
3051 3550 3375 3605 iracundiam
3404 3550 3568 3606 Deum
3597 3567 3733 3621 pro-

2150 3638 2476 3705 vocavimus,
2511 3638 2597 3693 cui
2642 3637 2894 3705 diximus,
2941 3638 3024 3693 Ne
3068 3641 3237 3706 sileas,
3280 3658 3436 3709 neque
3476 3642 3729 3710 mitesras,

2152 3729 2330 3785 Deus?
2354 3730 2555 3801 Nempe
2582 3738 2675 3786 aut
2710 3731 2797 3786 illc
2825 3733 2912 3802 qui
2941 3732 3104 3796 misit,
3135 3740 3225 3786 aut
3254 3732 3340 3787 ille
3379 3733 3490 3802 ipse
3514 3732 3603 3803 qui
3636 3751 3733 3789 ve-

2150 3822 2247 3890 nit,
2274 3830 2329 3877 et
2354 3822 2448 3889 ait,
2480 3820 2667 3877 Discite
2686 3837 2720 3875 a
2742 3838 2821 3876 me
2852 3823 2969 3892 quia
2996 3824 3126 3876 mitis
3152 3840 3262 3877 sum
3284 3832 3330 3877 et
3354 3823 3557 3878 humilis
3578 3826 3733 3879 corde

2151 3914 2364 3985 (Malm.
2413 3930 2492 3982 xl,
2543 3913 2660 3986 29).
2705 3914 2846 3969 Mitis
2883 3924 2933 3969 et
2984 3916 3197 3970 humilis
3239 3915 3399 3970 corde
3440 3915 3603 3971 Filius
3633 3917 3730 3973 Dei

2151 4006 2415 4062 Christus.
2441 4005 2578 4074 Quid
2603 4005 2766 4076 ergo?
2797 4006 2889 4061 Ille
2914 4005 3064 4073 dixit,
3100 4005 3288 4061 Discite
3317 4024 3349 4061 a
3378 4025 3454 4062 me
3481 4008 3599 4078 quia
3632 4009 3730 4063 uti.

2152 4100 2215 4153 tis
2239 4115 2349 4153 sum
2370 4108 2416 4152 et
2437 4097 2642 4152 humilis
2664 4097 2814 4151 corde
2832 4114 2852 4152 ε
2876 4107 2929 4153 et
2968 4114 3064 4153 nos
3085 4099 3132 4153 ei
3159 4098 3407 4165 diximus,
3438 4096 3520 4153 Ne
3538 4109 3728 4167 taceas,

2151 4204 2308 4261 neque
2329 4190 2576 4255 mitescas,
2603 4188 2777 4242 Deus?
2800 4188 2903 4245 Sed
2931 4191 3246 4260 respondeat
3268 4191 3419 4247 nobis
3442 4209 3454 4245 :
3477 4190 3522 4247 Ο
3541 4193 3728 4261 homo,

2154 4276 2339 4351 parum
2367 4287 2449 4335 est
2480 4280 2603 4351 quia
2630 4288 2686 4334 tu
2715 4294 2819 4335 non
2847 4296 2876 4334 a
2900 4296 2988 4336 me
3012 4281 3171 4336 discis
3195 4290 3250 4336 ut
3275 4282 3348 4337 sis
3374 4283 3532 4348 mitis,
3565 4293 3732 4341 etme

2152 4370 2232 4425 vis
2270 4366 2464 4425 docere
2505 4384 2574 4425 ne
2607 4370 2707 4424 sim
2735 4370 2915 4425 mitis?
2956 4370 3161 4438 Videte,
3190 4370 3401 4431 fratres.
3430 4371 3687 4427 intendite
3708 4415 3733 4451 ,

2150 4459 2396 4531 adjuvate
2421 4470 2541 4525 nos,
2592 4468 2650 4515 ut
2680 4474 2933 4517 exeamus
2971 4460 3025 4516 in
3063 4461 3178 4531 ejus
3218 4463 3430 4519 nomine
3458 4463 3734 4534 (adjuvate

2152 4563 2251 4604 nos
2290 4550 2375 4620 pia
2400 4549 2715 4616 intentione,
2756 4557 2903 4605 casta
2942 4551 3201 4623 oratione)
3232 4567 3297 4608 ex
3329 4552 3410 4608 his
3446 4554 3729 4625 angustiis.

2153 4640 2383 4711 Litigare
2403 4640 2647 4697 videntur
2661 4641 2835 4696 divina
2855 4642 3064 4713 eloquia
3091 4662 3104 4699 :
3130 4646 3453 4700 contrarium
3477 4655 3734 4715 putantur

2152 4744 2362 4795 sonare,
2393 4730 2494 4786 nisi
2524 4731 2661 4785 adsit
2702 4731 3019 4801 intellectus,
3063 4744 3117 4789 et
3144 4735 3493 4805 suscipiamus
3531 4740 3598 4792 ah
3636 4738 3735 4794 illo

2153 4823 2289 4893 ipso,
2319 4823 2402 4877 cui
2430 4822 2683 4889 diximus,
2705 4824 2863 4892 Deus,
2886 4826 2995 4896 quis
3015 4828 3192 4882 similis
3217 4826 3343 4883 tibi?
3365 4828 3505 4901 quod
3535 4838 3589 4886 et
3612 4831 3736 4901 ipse

2152 4913 2304 4981 dixit,
2345 4910 2664 4968 Intellectum
2693 4915 2780 4969 tibi
2803 4914 2931 4970 dabo
2962 4916 3130 4990 (Psal.
3162 4935 3309 4986 uxr,
3339 4919 3419 4993 8),
3466 4920 3734 4992 suscipia-

2153 5018 2291 5058 mus.
2316 5004 2566 5061 Novimus
2590 5004 2692 5061 hoc
2723 5024 2736 5061 :
2770 5004 2955 5061 Pacem
2978 5026 3137 5063 meam
3156 5009 3222 5064 do
3242 5011 3377 5067 uobis
3402 5010 3578 5083 (Joan.
3605 5028 3736 5083 xxv,

2152 5095 2266 5168 27).
2298 5097 2434 5151 Dicit
2464 5097 2725 5161 Chrisms,
2758 5107 2815 5152 nt
2854 5099 2992 5155 inter
3018 5116 3076 5156 se
3105 5117 3287 5172 pacem
3320 5102 3549 5158 habeant
3575 5104 3739 5161 Chri-

2154 5188 2329 5243 stiani.
2361 5188 2638 5255 Quomodo
2683 5190 3063 5246 imitabuntur?
3106 5195 3372 5263 quomodo
3400 5196 3633 5264 audient,
3683 5199 3737 5254 si

2155 5278 2267 5348 ipsa
2287 5280 2462 5334 divina
2481 5280 2687 5350 eloquia
2711 5297 2890 5351 pacem
2915 5284 3049 5339 inter
3066 5300 3123 5339 se
3144 5285 3339 5343 habere
3357 5302 3462 5343 non
3484 5292 3737 5359 possunt?

2157 5369 2449 5435 lntendite,
2497 5371 2671 5427 videte
2721 5375 2869 5444 quasi
2912 5376 3268 5431 resonantiam
3319 5362 3751 5437 contrariorum:

2163 5458 2337 5513 Venite
2382 5461 2448 5513 ad
2487 5477 2601 5525 me;
2642 5472 2715 5530 et,
2764 5462 2950 5518 Discite
2976 5481 3008 5518 a
3035 5482 3130 5521 me.
3181 5467 3354 5535 Quid?
3394 5469 3563 5539 primo
3607 5472 3736 5540 quis

2154 5552 2349 5607 vocat?
2376 5568 2532 5622 quem
2567 5556 2762 5610 vocat?
2788 5555 2854 5610 ad
2879 5557 3002 5626 quid
3029 5560 3217 5614 vocat?
3245 5560 3376 5615 Audi
3408 5561 3525 5630 quis
3551 5572 3733 5620 vocat.

2154 5641 2407 5712 Conﬁteor
2421 5643 2528 5709 tibi,
2560 5642 2734 5711 Pater,
2760 5644 2975 5702 Domine
2995 5649 3109 5704 caeli
3130 5659 3176 5704 et
3192 5659 3356 5718 terra,
3378 5667 3494 5729 quia
3517 5653 3736 5708 abscanc

2155 5735 2272 5789 dis-ti
2310 5734 2416 5790 Itwc
2453 5753 2484 5789 a
2513 5738 2819 5806 sapientibus
2859 5748 2904 5794 et
2932 5742 3272 5809 prudentibus,
3324 5752 3368 5797 et
3405 5744 3631 5799 reeelasti
3669 5763 3738 5800 ea
