4012 6338
288 294 396 352 165

286 406 533 476 paruulis.
565 407 672 470 Ita,
711 407 882 473 Pater,
912 405 1146 476 quoniam
1169 407 1239 461 sic
1260 406 1498 477 placitum
1521 410 1590 457 est
1610 419 1781 457 coram
1806 412 1872 457 tc.

286 498 478 552 Onmia
503 499 628 551 mihi
657 497 844 552 tradita
869 507 983 551 sunt
1002 514 1034 551 a
1061 495 1216 552 Patre
1241 513 1369 550 meo.
1401 495 1538 550 Ecce
1564 495 1681 564 quis
1702 504 1875 550 vocat.

286 589 479 642 Omnia
518 588 644 641 mihi
670 587 854 641 tradita
879 595 994 642 sunt
1027 603 1058 639 a
1085 585 1240 639 Patre
1278 601 1406 638 meo.
1458 585 1588 650 Quia
1620 600 1762 638 uento
1789 599 1876 636 co-

280 680 482 750 gnoscit
511 677 727 740 Filium,
755 679 851 732 nisi
884 675 1037 731 Pater
1058 696 1078 744 ;
1100 685 1146 730 et
1175 691 1314 729 nemo
1341 675 1594 746 cognoscit
1627 673 1832 727 Patrem
1859 714 1873 738 ,

280 769 384 823 nisi
411 767 604 834 Filius,
649 779 695 823 et
722 769 802 822 cui
837 768 1047 822 voluerit
1081 766 1132 820 F
1135 768 1249 821 ilius
1287 767 1505 821 revelare
1532 765 1743 838 (Matth.
1776 781 1833 819 ιι
1857 807 1873 831 ,

278 859 500 933 25—28).
531 861 724 932 lugens
752 859 1078 932 magnitudo,
1107 852 1162 915 et
1181 859 1463 914 ineﬂabilis
1488 857 1728 914 altitudo.
1762 857 1878 912 0m-

279 955 371 1010 nia
397 954 591 1009 tradita
613 963 728 1008 sunt
751 954 895 1021 milii,
919 953 1106 1022 inquit,
1135 969 1167 1006 a
1194 951 1349 1007 Patre
1369 968 1496 1006 meo.
1532 951 1689 1006 Solus
1714 966 1878 1022 agno-

278 1060 396 1113 seo,
444 1059 478 1099 a
507 1045 625 1099 solo
666 1058 946 1114 agnoscor.
993 1042 1151 1112 Quid,
1194 1058 1292 1098 uos
1322 1043 1719 1098 remansimus?
1767 1058 1875 1098 non

281 1137 668 1210 agnoscimus?
691 1137 758 1191 Et
785 1137 875 1190 ubi
898 1144 998 1200 est,
1025 1134 1119 1191 Cui
1147 1135 1356 1189 voluerit
1378 1133 1545 1189 Filius
1570 1135 1828 1189 revelare?

359 1231 414 1286 5.
459 1228 724 1283 Fidelium
769 1227 1104 1300 quorumdam
1143 1226 1277 1280 zelus
1320 1234 1497 1280 contra
1539 1225 1697 1280 idola.
1741 1225 1874 1280 Ani-

279 1337 401 1378 mus
449 1331 636 1377 vester
681 1330 735 1377 et
778 1319 1008 1374 studium
1072 1317 1217 1383 fidei,
1263 1326 1318 1373 et
1363 1317 1641 1388 ﬂagrantia
1694 1315 1878 1372 chari-

279 1414 426 1480 tatis,
485 1421 539 1468 et
588 1410 911 1466 abundantia
963 1409 1060 1463 zeli
1117 1409 1308 1463 domus
1359 1408 1476 1474 Dei,
1530 1407 1774 1478 apparuit
1822 1408 1874 1463 in

277 1503 503 1557 vocibus
528 1502 742 1567 vestris,
773 1517 902 1572 quas
936 1501 1064 1555 satis
1106 1499 1277 1554 claras
1309 1499 1469 1554 vestri
1509 1497 1686 1554 cordis
1714 1507 1876 1555 testes

279 1594 565 1649 habuistis.
616 1593 783 1649 Sinite
827 1601 885 1646 ut
926 1598 1176 1662 appareat
1217 1599 1273 1645 et
1316 1605 1604 1660 paucorum
1642 1589 1874 1645 fidelium

278 1687 397 1754 Dei,
446 1703 544 1757 per
573 1702 708 1757 quos
740 1683 1129 1757 gubernamini,
1162 1683 1392 1739 studium
1421 1683 1564 1740 circa
1595 1683 1749 1738 istam
1779 1698 1874 1738 vo-

281 1780 545 1834 luntatem
590 1786 843 1834 vestram.
888 1777 996 1831 Vos
1043 1777 1208 1844 enim,
1254 1776 1464 1843 fratres,
1512 1777 1738 1848 populus
1782 1777 1872 1833 Dei

281 1871 431 1936 estis,
465 1873 606 1925 sicut
631 1871 742 1940 ipse
759 1870 912 1934 dixit,
941 1878 992 1924 et
1012 1883 1137 1924 oves
1160 1882 1368 1938 pascuze
1389 1868 1502 1938 ejus
1526 1867 1696 1940 (Psal.
1729 1883 1872 1938 χειν,

281 1963 360 2032 '7).
391 1961 618 2016 Habetis
648 1963 698 2015 in
729 1961 944 2016 nomine
987 1958 1082 2015 Dei
1123 1969 1382 2030 pastores,
1422 1974 1606 2015 servos
1649 1961 1876 2030 pastoris

279 2063 333 2107 ct
357 2057 604 2108 membra
643 2052 891 2125 pastoris.
939 2050 1285 2107 Multitudinis
1312 2051 1522 2106 animus
1547 2058 1601 2106 et
1632 2051 1874 2108 voluntas

280 2144 344 2198 ad
368 2161 642 2216 quamque
679 2159 790 2198 rem
833 2142 1126 2198 faciendam
1154 2142 1270 2199 istis
1301 2142 1518 2198 vocibus
1556 2143 1751 2213 poterit
1776 2158 1874 2213 ap-

280 2250 471 2306 parere
503 2235 517 2264 ¹
549 2253 562 2287 :
591 2249 880 2304 paucorum
923 2241 1098 2289 autem
1130 2248 1256 2289 cura
1287 2248 1385 2304 pro
1413 2233 1586 2300 vobis,
1631 2249 1736 2290 non
1775 2250 1872 2289 vo-

279 2325 451 2389 cibus,
485 2326 582 2379 sed
609 2325 766 2380 rebus
793 2325 954 2380 debet
995 2325 1224 2381 ostendi.
1269 2325 1470 2398 Itaque,
1499 2326 1712 2393 fratres,
1737 2343 1871 2398 quo-

278 2416 423 2471 niam
445 2415 558 2485 jam
587 2414 727 2486 quod
750 2415 816 2470 ad
840 2431 935 2470 vos
953 2415 1268 2486 pertinebat,
1296 2417 1554 2486 implestis
1574 2417 1872 2473 acclaman-

277 2507 378 2572 do;
408 2508 574 2562 sinite
615 2517 672 2562 ιιι
713 2508 964 2578 probetur
1000 2509 1170 2574 vobis,
1209 2517 1385 2564 utrum
1416 2519 1470 2566 et
1508 2511 1650 2580 quod
1676 2511 1742 2566 ad
1774 2495 1872 2568 nos

279 2598 531 2669 pertinet,
551 2599 870 2670 impleamus
888 2599 1111 2669 agendo.
1135 2600 1481 2655 Probavimus
1503 2617 1596 2656 vos
1615 2619 1628 2666 ;
1651 2603 1871 2673 probate

279 2706 396 2758 nos,
429 2689 480 2744 si
520 2698 644 2760 post
668 2690 796 2746 istas
825 2705 983 2746 voces
1009 2699 1171 2746 testes
1199 2690 1377 2746 cordis
1403 2700 1455 2746 et
1480 2692 1640 2746 studii
1667 2694 1826 2748 vesui
1850 2735 1868 2761 ,

278 2798 375 2838 nos
395 2783 452 2837 in
473 2782 695 2853 agendis
720 2797 838 2852 quce
860 2782 941 2852 agi
959 2790 1187 2852 oportet,
1211 2798 1401 2850 segnes
1417 2782 1695 2838 fuerimus.
1719 2785 1872 2840 Absit

278 2891 307 2929 a
335 2875 492 2931 nobis
516 2884 577 2929 ut
605 2890 702 2929 vos
729 2875 1067 2929 inveniamiui
1095 2874 1268 2945 probi,
1295 2885 1346 2928 et
1373 2889 1469 2928 nos
1500 2875 1731 2944 reprobi.
1759 2877 1868 2932 Sed

278 2967 527 3038 quoniam
559 2965 802 3021 voluntas
831 2966 1020 3036 agendi
1047 2967 1114 3020 de
1158 2966 1221 3019 iis
1265 2965 1456 3035 quibus
1498 2967 1867 3040 acclamastis,

279 3074 379 3113 una
423 3067 509 3114 est
535 3066 594 3114 et
616 3067 793 3112 vestra
823 3065 878 3112 et
920 3065 1096 3112 nostra
1125 3072 1138 3121 ;
1171 3057 1358 3111 modus
1385 3073 1512 3111 vero
1540 3059 1731 3130 agendi
1776 3075 1870 3128 par

278 3164 396 3204 esse
427 3163 536 3203 non
569 3157 746 3218 potest
775 3166 786 3201 :
817 3158 1082 3218 putamus,
1106 3147 1426 3218 charissimi,
1455 3149 1574 3203 ideo
1598 3159 1865 3218 oportere,

278 3253 334 3298 ut
359 3245 614 3299 voluntas
659 3243 949 3313 accipiatur
976 3257 1005 3296 a
1050 3241 1236 3307 vobis;
1266 3243 1544 3296 consilium
1588 3243 1868 3314 implenda:

279 3335 568 3390 voluntatis
606 3341 799 3390 vestrae
844 3342 1180 3402 exspectetur
1222 3347 1251 3386 a
1295 3333 1466 3387 nobis.
1516 3333 1585 3388 Ut
1633 3335 1867 3390 membra

279 3426 479 3481 Christi
505 3441 616 3480 non
654 3424 980 3490 discordent,
1022 3423 1274 3494 impleant
1297 3425 1473 3478 omnia
1503 3439 1620 3494 qua:
1648 3426 1698 3479 in
1726 3426 1868 3480 illius

276 3533 501 3589 corpore
520 3525 668 3584 sunt,
705 3515 876 3572 officia
902 3531 999 3571 sua
1028 3534 1040 3569 ε
1074 3516 1229 3570 faciat
1252 3516 1437 3571 oculus
1467 3517 1518 3570 in
1548 3517 1758 3571 sublimi
1787 3518 1865 3570 lo-

277 3621 426 3666 catus
444 3609 589 3680 quod
615 3609 682 3664 ad
709 3610 918 3666 oculum
944 3609 1164 3678 pertinet
1191 3625 1205 3676 ;
1236 3609 1401 3675 auris,
1427 3608 1564 3678 quod
1585 3608 1652 3663 ad
1678 3625 1862 3682 aurem

279 3703 542 3771 pertinet;
577 3716 784 3766 manus,
825 3699 968 3770 quod
997 3700 1061 3754 ad
1089 3713 1300 3753 manum
1327 3716 1342 3756 :
1371 3714 1483 3768 pes,
1514 3699 1653 3769 quod
1681 3699 1745 3754 ad
1773 3715 1864 3770 pe-

277 3793 433 3858 dem;
485 3803 544 3847 ut
587 3807 692 3846 non
739 3793 846 3846 siut
889 3791 1138 3846 scissura:
1187 3790 1243 3844 in
1289 3805 1535 3859 corpore,
1588 3790 1682 3846 sed
1727 3791 1865 3846 idem

279 3901 448 3956 ipsum
476 3895 536 3940 ut
567 3900 661 3955 pro
687 3901 745 3940 se
775 3885 995 3939 invicem
1019 3885 1242 3938 sollicita
1275 3885 1380 3938 sint
1409 3884 1644 3939 membra
1677 3884 1716 3955 (I
1744 3885 1862 3940 Cor.

282 3993 376 4043 xu,
404 3976 522 4047 25).
569 3975 908 4031 Gratulatnur
947 3975 1120 4044 itaque
1148 3976 1168 4006 ²
1197 3984 1246 4028 et
1277 3975 1706 4045 congratulamur
1731 3975 1867 4031 Cha-

278 4069 419 4122 ritati
459 4077 674 4133 vestrae,
719 4068 840 4138 quia
879 4077 1063 4120 sancto
1101 4066 1318 4119 domino
1346 4074 1400 4120 et
1427 4066 1644 4137 collega:
1685 4076 1867 4122 nostro

279 4160 532 4228 epise0po
551 4167 727 4212 vestro
743 4156 996 4212 obcdistis
1014 4157 1146 4210 in'eo
1157 4157 1295 4226 quod
1317 4157 1465 4211 vobis
1488 4172 1641 4210 mane
1664 4157 1866 4214 locutus

280 4261 378 4306 est.
411 4251 526 4305 lloe
556 4249 858 4320 sequimini,
892 4249 959 4304 ab
987 4249 1085 4302 ista
1114 4250 1195 4301 via
1237 4265 1340 4303 non
1371 4248 1652 4315 recedatis,
1684 4265 1751 4305 ne
1779 4265 1868 4305 ca-

280 4343 438 4395 datis.
474 4340 644 4395 Valde
671 4341 810 4396 enim
842 4339 1051 4408 adjuvat
1082 4339 1218 4392 Deus
1246 4339 1387 4409 quod
1433 4340 1609 4404 vultis,
1655 4341 1697 4395 si
1725 4341 1868 4411 quod

276 4434 496 4503 jusserit
517 4432 770 4488 feceritis.
801 4430 1128 4499 Quidenim,
1159 4442 1212 4484 ut
1236 4431 1414 4487 dicere
1440 4447 1728 4501 coeperam,
1753 4449 1870 4487 om-

282 4527 361 4578 nis
393 4523 600 4579 homo?
629 4532 719 4578 aut
741 4509 873 4593 quae
903 4531 986 4576 est
1026 4523 1131 4576 vita
1180 4521 1474 4588 hominum,
1519 4537 1699 4592 quam,
1733 4523 1870 4578 sicut

281 4617 536 4683 scriptum
564 4622 664 4677 est,
699 4629 854 4683 vapor
873 4612 942 4665 ad
977 4611 1228 4666 modicum
1254 4629 1506 4682 apparens
1537 4611 1736 4685 (Jacobi
1776 4630 1826 4668 tv
1849 4657 1866 4682 ,

285 4708 412 4774 l5)?
439 4706 686 4776 Cogitate
705 4720 854 4774 ergo,
883 4703 1097 4770 fratres,
1127 4703 1464 4774 fragilitatem
1486 4715 1738 4771 vestram,
1768 4706 1865 4760 lm-

282 4800 560 4853 militatem
584 4803 840 4864 vestram,
883 4796 1241 4852 conditionem
1272 4797 1467 4862 carnis,
1504 4798 1659 4868 hujus
1689 4800 1868 4854 saeculi

281 4892 539 4947 volatieos
569 4891 856 4956 transitus;
890 4899 946 4946 et
987 4889 1164 4945 videte
1208 4890 1330 4962 quia
1372 4899 1496 4945 tunc
1539 4892 1688 4945 vobis
1734 4891 1870 4947 bene

281 4986 402 5050 erit,
434 4985 478 5039 si
505 4993 615 5039 tota
645 4998 769 5053 spes
797 4990 972 5038 vestra
1003 4982 1054 5036 in
1087 4983 1176 5036 illo
1204 4983 1294 5047 sit,
1326 4983 1378 5036 in
1408 4997 1515 5052 quo
1554 4983 1671 5037 solo
1698 4992 1869 5053 potest

284 5076 506 5132 ﬁrmiter
547 5075 824 5132 collocari.
869 5074 1148 5142 Quomodo
1175 5085 1351 5130 autem
1394 5075 1464 5129 ibi
1495 5075 1597 5130 erit
1625 5090 1748 5145 spes
1775 5091 1861 5129 uo.

284 5178 414 5232 stra,
447 5168 551 5222 nisi
577 5166 887 5222 obediamus
919 5167 1198 5236 przeceptis
1223 5165 1379 5236 ejus?

355 5261 409 5312 fi.
457 5257 758 5313 Gratulatur
797 5257 1004 5322 civibus,
1050 5258 1185 5328 quod
1229 5256 1486 5310 Romanos
1527 5256 1668 5323 deos,
1699 5257 1873 5311 Romae

285 5351 527 5423 dejectos,
558 5349 720 5404 nolint
771 5357 904 5404 stare
958 5347 1284 5418 Carthagine.
1328 5347 1592 5417 Numquid
1624 5346 1868 5415 dicimus,

285 5441 460 5496 Nolite
486 5440 630 5512 quod
657 5439 852 5495 vultis?
887 5438 1000 5494 lmo
1033 5440 1194 5495 etiam
1227 5439 1423 5510 gratias
1456 5439 1660 5509 agimus
1702 5439 1751 5492 id
1780 5453 1872 5496 vos

286 5534 423 5589 velle
458 5530 602 5602 quod
627 5531 771 5598 Deus
806 5531 937 5586 vult.
974 5529 1047 5586 Ut
1073 5531 1217 5585 enim
1254 5530 1430 5586 omnis
1463 5531 1794 5600 Paganorum
1820 5540 1874 5586 et

352 5634 371 5665 ι
396 5635 479 5682 Hie
502 5641 554 5683 et
577 5632 696 5683 infra
719 5638 904 5693 textus,
942 5632 992 5680 in
1023 5639 1136 5682 ante
1161 5632 1306 5682 editis
1336 5631 1598 5682 mendosus
1619 5633 1873 5694 aurigth

291 5708 371 5789 δ’
577 5771 649 5814 v.,
671 5753 977 5832 Gratulantur
999 5753 1173 5812 itaque.

1734 285 1963 344 SERMO
2003 284 2189 343 XXIV.

3462 299 3567 358 166

1984 405 2267 460 Gentilium
2290 406 2594 474 superstitio
2618 406 2876 478 deleatur,
2904 410 3041 466 Deus
3066 411 3196 480 vult,
3220 413 3360 469 Deus
3379 413 3560 487 jussit,

1984 495 2122 550 Deus
2171 496 2434 564 prtedixil,
2483 499 2619 552 Deus
2660 499 2767 569 jam
2814 501 3034 572 implere
3072 505 3253 573 coepit,
3297 514 3350 560 et
3388 503 3568 564 multis

1978 587 2087 655 jam
2121 596 2380 641 terrarum
2413 589 2542 645 locis
2571 589 2727 646 etiam
2767 609 2829 648 ex
2862 609 3048 664 magna
3080 606 3229 666 parte
3261 601 3569 669 complevit.

1981 679 2035 733 Si
2078 680 2320 735 voluntas
2366 691 2545 735 nostra
2586 683 2652 737 ab
2679 683 2775 738 hac
2818 687 3029 742 civitate
3071 689 3348 759 inciperet,
3387 700 3445 745 ut
3485 692 3572 748 hic

1981 769 2224 838 primitus
2249 771 2447 826 aboleri
2473 774 2872 842 superstitiones
2897 777 3197 834 daemonum
3220 784 3530 851 quaereretis
3554 801 3570 848 ;

1981 858 2206 915 fortasse
2233 861 2421 931 aliquis
2446 862 2646 918 arduus
2669 864 2818 919 labor
2845 877 3004 931 esset,
3033 885 3137 923 non
3170 880 3344 926 tamen
3374 873 3572 943 despe-

1980 948 2177 1004 randus
2216 968 2230 1004 :
2271 967 2409 1007 nunc
2435 969 2561 1008 vero
2607 954 2650 1008 si
2692 953 2825 1010 facta
2853 968 2978 1011 sunt
3015 960 3113 1014 ista
3153 961 3442 1019 efficaciter
3480 965 3569 1020 ubi

1981 1037 2096 1093 fieri
2126 1039 2489 1110 eoeperuut,et
2513 1047 2754 1116 exempla
2785 1063 2888 1100 non
2920 1063 3332 1120 praecesserant;
3361 1065 3564 1124 quanto
3591 1081 3597 1087 -

1981 1131 2252 1188 efﬁcacius
2299 1135 2349 1188 in
2389 1137 2606 1192 nomine
2648 1137 2878 1205 Domini,
2924 1140 2976 1193 in
3025 1141 3289 1212 adjutorio
3331 1144 3569 1201 dextera:

1981 1219 2146 1290 ipsius
2178 1222 2262 1278 hic
2289 1240 2499 1296 quoque
2536 1226 2673 1282 effici
2713 1243 2870 1297 posse
2905 1231 3192 1299 credimus,
3223 1235 3434 1304 quando
3456 1237 3569 1306 jam

1981 1312 2332 1382 prtecedcntia
2386 1319 2795 1386 pronuntiantur
2841 1322 3084 1391 exempla
3131 1324 3188 1374 ‘?
3236 1324 3428 1396 Utique
3483 1327 3572 1382 hic

1979 1404 2248 1461 clamastis
2288 1425 2301 1461 :
2333 1408 2611 1476 Quomodo
2647 1411 2836 1477 Roma,
2881 1413 2958 1466 sic
2997 1423 3051 1467 et
3089 1413 3354 1484 Carthago
3382 1417 3478 1489 (a).
3511 1418 3572 1473 Si

1980 1497 2032 1551 iu
2073 1500 2244 1568 capite
2275 1499 2520 1555 Gentium
2561 1517 2646 1556 res
2689 1505 2980 1570 prmeeasit,
3028 1505 3264 1560 membra
3303 1523 3409 1562 non
3449 1519 3574 1564 sunt

1979 1589 2265 1643 secutura?
2302 1589 2561 1660 Cogitate,
2606 1590 2814 1658 fratres,
2854 1593 3113 1648 advertite
3157 1596 3207 1649 iu
3255 1595 3404 1651 libris
3443 1597 3572 1668 ipsis

1984 1676 2253 1744 Gentium,
2293 1680 2472 1735 audite
2499 1681 2566 1735 ab
2595 1681 2695 1750 eis,
2733 1683 2783 1736 iu
2824 1684 3011 1753 quibus
3053 1685 3216 1754 ipsius
3250 1687 3572 1745 infelicitatis

1978 1768 2216 1839 reliquis:
2264 1782 2665 1836 remanserunt;
2716 1775 2801 1828 vel
2846 1775 3132 1843 audiendo,
3184 1779 3268 1833 vel
3313 1779 3568 1850 legendo,

1978 1861 2282 1930 cognoscite
2322 1861 2526 1918 litteras
2565 1878 2747 1918 eorum
2782 1883 2796 1918 :
2825 1873 2878 1920 et
2916 1866 3089 1923 videte
3125 1869 3248 1938 quia
3287 1869 3361 1924 illi
3391 1880 3445 1926 et
3481 1872 3570 1927 isti

1979 1949 2053 2004 dii
2081 1951 2306 2006 Romani
2336 1961 2614 2008 vocantur.
2648 1955 2789 2027 Ergo
2819 1956 2903 2010 isti
2931 1956 3004 2012 dii
3033 1969 3289 2014 vocantur
3315 1960 3565 2017 Romani.

1981 2041 2048 2096 Et
2090 2043 2303 2112 quando
2341 2041 2626 2100 Christiani
2670 2046 3016 2117 cogebantur,
3063 2048 3324 2107 fremente
3366 2052 3568 2124 impetu

1980 2131 2338 2202 Pagauorum,
2376 2142 2433 2188 ut
2459 2150 2551 2190 eos
2581 2135 2883 2202 adorarent,
2913 2148 2968 2194 et
3005 2150 3346 2209 recusantes,
3381 2156 3566 2198 eorum

1978 2222 2234 2277 saevitiam
2265 2238 2432 2294 usque
2460 2225 2526 2279 ad
2557 2225 2868 2303 effusionem
2899 2230 3170 2299 sanguinis
3199 2232 3565 2301 sustinebant;

1977 2326 2037 2366 ea
2078 2313 2354 2370 videbatur
2403 2323 2512 2370 tota
2553 2317 2705 2386 culpa
2751 2327 3064 2390 martyrum,
3109 2338 3334 2392 quorum
3379 2325 3568 2382 funde-

1977 2405 2134 2460 batur
2161 2408 2395 2476 sanguis,
2425 2408 2545 2478 quia
2573 2408 2703 2463 deos
2739 2410 3007 2465 Romanos
3037 2412 3260 2469 adorare
3291 2416 3563 2476 nolebant.

1976 2499 2096 2566 quia
2122 2499 2453 2553 ceremonias
2477 2514 2601 2570 erga
2623 2499 2751 2555 deos
2775 2501 3042 2555 Romanos
3067 2505 3409 2574 respuebant,
3437 2509 3561 2577 quia

1977 2588 2230 2644 Romanis
2254 2590 2356 2644 diis
2379 2606 2484 2646 non
2507 2593 2910 2662 supplicabant;
2938 2603 2990 2648 et
3013 2603 3152 2650 totus
3175 2597 3422 2666 impetus,
3452 2609 3560 2655 tota

1975 2683 2171 2738 invidia
2202 2698 2311 2738 non
2339 2685 2518 2749 fiebat,
2550 2687 2649 2739 nisi
2689 2686 2757 2740 de
2782 2687 2999 2741 nomine
3029 2689 3249 2742 deorum
3289 2689 3561 2746 Romano-

1974 2793 2114 2832 rum.
2139 2777 2195 2832 Si
2219 2792 2346 2848 ergo
2369 2777 2440 2832 dii
2470 2778 2693 2832 Romani
2723 2779 2906 2833 Romae
2931 2778 3260 2845 defecerunt,
3287 2781 3373 2836 hic
3396 2797 3562 2852 quare

1974 2870 2384 2926 remanserunt?
2414 2868 2539 2923 Haec
2564 2884 2713 2939 ergo,
2742 2867 2951 2935 fratres,
2985 2870 3099 2926 haec
3134 2871 3413 2937 attendite,
3449 2873 3565 2928 Iure

1973 2963 2101 3028 dixi,
2136 2962 2254 3016 hmc
2281 2961 2537 3016 inhibete.
2571 2961 2650 3016 Dii
2694 2963 2934 3025 Romani,
2966 2963 3039 3017 dii
3067 2963 3313 3030 Romani,
3345 2966 3416 3020 dii
3459 2968 3564 3021 llo-

1973 3055 2115 3110 mani
2143 3055 2239 3125 (ὁ).
2269 3053 2326 3110 Si
2364 3070 2492 3124 ergo
2534 3053 2606 3108 dii
2639 3054 2861 3109 Romani
2901 3055 3084 3111 Romae
3107 3056 3444 3124 defecerunt,
3477 3058 3564 3114 hic

1973 3159 2142 3214 quare
2183 3145 2584 3199 remanserunt?
2625 3144 2683 3200 Si
2731 3145 3004 3201 ambulare
3045 3155 3282 3216 possent,
3325 3148 3565 3205 dicerent

1972 3238 2094 3307 quia
2122 3237 2226 3291 huc
2255 3237 2377 3292 inde
2402 3236 2672 3307 fugerunt.
2700 3236 2806 3292 Sed
2840 3253 2945 3291 non
2972 3237 3218 3308 fugerunt
3247 3257 3260 3292 :
3295 3255 3564 3296 remanse-

1973 3338 2096 3383 runt
2123 3328 2215 3392 ibi,
2246 3329 2448 3382 Romae.
2479 3328 2581 3395 Qui
2614 3329 2900 3399 aliquando
2935 3330 3108 3386 dictus
3145 3340 3228 3386 est
3262 3332 3394 3388 deus
3425 3335 3559 3389 Her-

1971 3421 2135 3485 cules,
2175 3421 2359 3474 Romze
2391 3420 2502 3490 jam
2547 3435 2654 3476 non
2685 3431 2795 3475 est.
2837 3422 2932 3476 Hie
2969 3431 3150 3478 autem
3191 3424 3350 3478 etiam
3394 3411 3569 3480 barba,

1971 3514 2222 3567 deaurata
2265 3528 2386 3568 esse
2423 3514 2606 3567 voluit.
2654 3515 2838 3568 Erravi
2881 3516 3054 3584 plane,
3097 3516 3216 3587 quia
3253 3515 3386 3586 dixi,
3427 3519 3560 3574 Esse

1971 3605 2154 3658 voluit.
2199 3603 2337 3670 Quid
2385 3605 2526 3658 enim
2572 3607 2684 3659 vult
2730 3606 3030 3660 insensatus
3075 3607 3245 3676 lapis?
3291 3610 3385 3664 llle
3431 3625 3560 3680 ergo

1973 3697 2100 3751 nihil
2122 3698 2304 3763 voluit,
2338 3696 2466 3750 nihil
2498 3697 2687 3766 potuit.
2710 3687 2814 3752 Sed
2844 3699 2932 3766 qui
2963 3698 3206 3753 deaurari
3234 3715 3357 3755 eum
3379 3702 3559 3754 volueo

1971 3797 2128 3855 runt,
2167 3787 2236 3842 de
2281 3801 2404 3842 raso
2446 3786 2792 3843 erubuerunt.
2835 3789 3120 3858 Suggestio
3161 3791 3337 3860 itaque
3378 3793 3560 3845 nescio

1971 3897 2088 3951 qua:
2114 3895 2254 3936 novo
2275 3880 2440 3950 judici
2471 3880 2728 3951 obrepsit.
2758 3880 2895 3948 Quid
2920 3883 3063 3952 egit?
3089 3882 3205 3936 Non
3233 3884 3340 3953 egit
3379 3884 3559 3953 utique

1972 3983 2028 4027 ut
2058 3987 2087 4025 a
2116 3971 2407 4026 christiano
2435 3971 2570 4041 lapis
2601 3971 2990 4038 honoraretur;
3022 3973 3114 4027 sed
3148 3983 3202 4028 ut
3240 3975 3560 4030 Christianus

1973 4066 2045 4120 illi
2071 4064 2444 4135 superstitioni
2470 4065 2536 4119 ad
2567 4063 2859 4120 radendum
2889 4065 3202 4120 misceretur
3229 4084 3242 4120 :
3272 4083 3378 4120 non
3405 4066 3558 4142 incli:

1972 4161 2116 4214 navit
2149 4158 2216 4214 ad
2255 4159 2689 4228 obsequendum;
2731 4158 2826 4212 sed
2862 4159 3024 4211 movit
3059 4158 3126 4212 ad
3159 4159 3556 4214 vindicandum.

1972 4250 2207 4317 Fratres,
2256 4259 2383 4320 puto
2430 4249 2833 4318 ignominiosius
2878 4249 3040 4303 fuisse
3088 4250 3296 4304 llerculi
3339 4251 3560 4305 barbam

1973 4343 2106 4409 radi,
2157 4358 2316 4415 quam
2356 4351 2514 4412 caput
2555 4341 2793 4411 praecidi.
2848 4341 2996 4408 Quod
3042 4355 3169 4413 ergo
3211 4344 3438 4413 positum
3477 4356 3561 4401 est

1972 4447 2092 4488 cum
2122 4447 2306 4489 errore
2347 4433 2580 4497 illorum,
2625 4433 2854 4486 ablatqu
2886 4442 2968 4488 est
2996 4450 3114 4488 eum
3145 4434 3406 4491 dedecore
3439 4438 3560 4491 illo-

1973 4538 2108 4577 rum.
2144 4524 2280 4577 Deus
2306 4522 2626 4577 fortitudinis
2651 4524 2786 4577 solet
2809 4523 2910 4578 dici
2942 4525 3193 4581 Hercules
3218 4545 3229 4579 :
3257 4534 3363 4580 tota
3392 4529 3561 4584 virtus

1973 4615 2088 4685 ejus
2118 4615 2168 4669 in
2195 4614 2378 4669 barba.
2411 4615 2548 4670 Malo
2587 4631 2684 4667 sun
2725 4616 2967 4680 refulsit;
3001 4617 3139 4687 quod
3182 4634 3284 4672 non
3327 4619 3558 4689 fulgebat

1975 4706 2089 4761 luce
2118 4706 2399 4770 dominica,
2435 4721 2539 4759 non
2569 4721 2596 4758 a
2631 4707 2766 4771 luce,
2795 4708 2886 4763 sed
2920 4723 2947 4760 a
2982 4709 3098 4762 luco
3130 4709 3379 4778 fulgebat.

2000 4794 2005 4798 ’
2045 4800 2096 4852 7.
2170 4799 2301 4852 Deus
2352 4800 2612 4852 irascendo
2675 4802 2826 4853 mitis.
2875 4802 3077 4856 Sileant
3135 4817 3304 4870 ergo,
3348 4800 3559 4871 videant

2037 4893 2054 4923 ¹
2081 4891 2354 4958 Ρίῐιιωεδιιιιε
2390 4898 2495 4958 Ms,
2528 4890 2811 4958 nuntimttur
2845 4893 3108 4958 Μενηνία.-
3131 4885 3564 4958 ωωιηρηιονειῆἆὼ

1974 4953 2065 5002 hoc
2088 4951 2192 5001 loco
2217 4960 2373 5010 erant,
2397 4955 2437 5016 si
2464 4954 2776 5016 promulgatae
2795 4956 2896 5016 jam
2920 4951 3063 5004 antea
3086 4955 3305 5013 fuissent,
3332 4969 3452 5016 quas
3476 4964 3565 5006 llo-

1973 5016 2139 5076 norius
2158 5021 2323 5062 contra
2349 5013 2471 5062 idola
2491 5013 2634 5076 leges
2657 5013 2810 5065 'dedit'
2821 5030 2946 5066 anno
2969 5017 3078 5066 599.
3105 5013 3376 5066 Habebatur
3400 5031 3566 5069 sermo

1975 5075 2096 5125 forte
2119 5088 2244 5123 anno
2269 5076 2486 5137 proxime
2502 5075 2829 5127 antecedenti.

2036 5138 2108 5200 (a)
2118 5137 2246 5202 uiue
2259 5144 2458 5202 apparet
2467 5139 2749 5201 carthagine
2766 5141 2981 5202 habitum
3002 5152 3114 5190 esse
3129 5139 3256 5189 hunc
3269 5153 3567 5202 sermonem,

1977 5207 2028 5250 et
2047 5198 2334 5267 'episcowm'
2350 5198 2495 5267 paulo
2520 5198 2658 5250 ante'
2669 5201 2875 5267 intelligi
2896 5201 3321 5267 Carthaginensem
3333 5240 3348 5263 ,
3373 5211 3426 5267 et
3443 5198 3569 5267 judi;

1973 5260 2579 5326 ceminfraproconsulem
2599 5298 2614 5321 ,
2637 5263 2717 5312 cui
2737 5260 3023 5325 suggestum
3046 5260 3370 5316 {Christianis
3392 5260 3569 5326 fuerat,

1973 5330 2030 5373 ut
2051 5320 2479 5391 tlercpli’illudnere
2502 5320 2690 5391 liceret.
2734 5320 2905 5391 Neque
2936 5337 3056 5391 vero
3075 5326 3359 5391 Carthagine
3395 5320 3570 5378 duutaL

1976 5390 2077 5443 xat,
2101 5385 2189 5448 sed
2211 5382 2316 5448 aliis
2340 5383 2504 5433 Africa:
2518 5383 2660 5448 locis,
2685 5382 2873 5434 constat
2893 5386 2942 5433 in
2965 5386 3097 5437 cultu
3120 5382 3377 5440 Herculem
3397 5391 3568 5448 fuisse,

1975 5454 2031 5510 ut
2051 5447 2176 5508 apud
2197 5445 2492 5510 Suﬂ‘ectanos
2512 5446 2562 5510 in
2586 5447 2826 5510 provincia
2862 5453 3127 5510 Byzaeena:
3155 5451 3238 5500 ubi
3259 5465 3370 5501 cum
3392 5445 3571 5501 Heron;

1977 5508 2036 5558 lis
2051 5508 2663 5575 statuamgeomminuissent
2674 5508 3202 5575 (mristiatiiuepentino
3216 5514 3264 5562 in
3284 5526 3369 5563 eos
3386 5515 3570 5575 impetu

1977 5568 2139 5641 populi
2159 5571 2272 5641 caesi
2292 5576 2406 5641 sunt
2427 5570 2698 5641 sexaginta.
2714 5577 2870 5641 93am
2886 5568 3426 5641 mror-isitnmanitatem
3452 5568 3571 5641 exa-
3649 5610 3660 5617 .

2015 5630 2137 5681 itans
2156 5632 2445 5698 Augustinus
2489 5630 2693 5698 epistola
2713 5630 2804 5698 287
2838 5633 3004 5694 (nunc
3028 5636 3119 5698 50)
3142 5637 3282 5686 simul
3313 5635 3573 5687 Herculem

2013 5706 2143 5752 eum,
2168 5700 2220 5742 ut
2231 5692 2332 5742 hoc
2354 5692 2475 5749 loco,
2499 5693 2622 5740 scite
2642 5692 2857 5744 deridet;
2879 5692 3104 5749 SIRMOND.

2045 5755 2117 5816 (ὸ)
2140 5755 2314 5814 Plebis,
2339 5756 2410 5806 uti
2433 5753 2640 5815 videtur,
2661 5754 2955 5808 acclamatio.
