4002 6474
478 361 577 418 167

476 475 657 540 modo,
698 475 780 551 cui
815 475 923 529 Deo
966 476 1142 546 legant
1181 475 1361 530 fideles
1403 483 1457 530 et
1499 470 1696 542 dicant,
1737 476 1896 544 Deus,
1936 478 2047 548 quis

473 569 648 622 similis
677 567 808 622 tibi?
834 565 917 621 Ne
939 569 1107 633 sileas,
1139 584 1227 622 nec
1264 568 1512 633 mitescas,
1542 568 1700 623 Deus.
1731 569 1842 624 Hoc
1868 584 2047 624 susce-

471 676 652 728 peram
670 702 682 726 ,
711 659 976 730 quomodo
1003 674 1109 714 non
1135 659 1405 730 mitescat,
1437 675 1541 714 non
1568 660 1856 716 evertendo
1879 661 2050 715 homi-

472 765 586 816 nes,
633 749 727 805 sed
779 764 1007 805 errores.
1049 749 1162 804 Non
1212 749 1460 813 mitescit,
1500 765 1627 821 ergo
1660 751 1903 804 irascitur
1943 767 1959 804 :
2001 749 2047 804 si

470 841 611 895 milis
640 847 742 906 est,
769 854 895 910 ergo
936 847 991 893 et
1027 840 1326 894 miseretur.
1359 838 1604 896 Irascitur
1627 847 1682 895 et
1717 839 1998 894 miseretur
2029 855 2044 892 :

470 929 711 992 irascitur
746 929 812 984 ad
846 929 1265 998 percutiendum,
1297 928 1578 983 miseretur
1615 928 1681 983 ad
1718 928 2042 994 sanandum;

470 1019 716 1075 irascitur
753 1020 818 1073 ad
862 1019 1304 1084 mortificandum,
1349 1020 1635 1073 miseretur
1671 1017 1737 1073 ad
1775 1018 2046 1072 vivifican-

429 1094 613 1164 Idum.
664 1109 722 1164 In
770 1125 875 1164 uno
931 1109 1144 1164 homine
1195 1109 1318 1164 facit
1366 1110 1498 1164 haec.
1547 1110 1661 1164 Non
1711 1109 1862 1179 quasi
1911 1109 2045 1164 alios

467 1200 811 1265 mortificans,
843 1201 975 1254 alios
1009 1200 1286 1254 vivificans
1323 1219 1335 1254 :
1365 1200 1460 1255 sed
1501 1201 1554 1254 in
1589 1201 1789 1254 eisdem
1829 1200 1959 1270 ipsis
1991 1208 2046 1255 et.

467 1287 733 1357 irascitur,
779 1300 828 1346 et
867 1293 1011 1345 mitis
1048 1300 1148 1346 est.
1195 1292 1439 1345 Irascitur
1483 1292 1775 1358 erroribus,
1816 1292 2046 1346 mitescit

468 1380 722 1436 correctis
750 1381 1006 1434 moribus.
1040 1379 1150 1450 Ego
1181 1383 1472 1450 percutiant,
1503 1391 1548 1434 et
1577 1398 1666 1451 ego
1689 1381 1876 1436 sonabo
1909 1396 1926 1435 :
1954 1397 2044 1452 ego

463 1472 707 1539 occidam,
736 1481 781 1525 et
809 1488 898 1542 ego
926 1473 1085 1526 vivere
1113 1473 1296 1542 faciam
1314 1471 1492 1543 (Deut.
1524 1488 1700 1539 χχχιι,
1725 1473 1836 1543 59).
1869 1471 2043 1528 Unum

464 1558 704 1627 Saulum,
757 1570 937 1630 postea
984 1544 1222 1625 Pauhim,
1275 1571 1329 1617 et
1382 1562 1680 1630 prostravit,
1731 1571 1786 1616 et
1827 1563 2038 1617 erexit:

464 1651 748 1718 prostravit
785 1651 1071 1717 infidelem,
1115 1651 1284 1705 erexit
1321 1650 1561 1713 ﬁdelem;
1602 1651 1886 1720 prostravit
1924 1667 2042 1722 per-

464 1749 796 1806 secutorem,
846 1743 1014 1796 erexit
1059 1741 1479 1812 praedicatorem.
1525 1741 1581 1797 Si
1626 1756 1730 1796 non
1776 1743 2038 1810 irascitur,

463 1831 605 1886 unde
650 1832 860 1887 Herculi
909 1832 1068 1887 barba
1112 1849 1231 1889 rasa
1277 1835 1401 1889 est?
1442 1833 1592 1889 Fecit
1628 1835 1769 1890 enim
1805 1834 1906 1889 hoc
1949 1851 2044 1905 per

466 1921 649 1976 fideles
689 1937 834 1989 suos,
874 1937 968 1993 per
1004 1923 1333 1980 Christianos
1372 1939 1516 1992 suos,
1557 1939 1652 1995 per
1688 1933 1976 1996 potestates
2010 1941 2042 1980 a

464 2026 523 2065 se
564 2012 833 2067 ordinatas
871 2023 926 2068 et
968 2013 1162 2069 Christi
1201 2016 1328 2086 jugo
1372 2015 1480 2084 jam
1526 2014 1783 2070 subditas.
1834 2015 2036 2086 Itaque,

465 2099 672 2167 fratres,
724 2101 826 2156 hoc
872 2102 1056 2158 libenti
1099 2108 1278 2158 animo
1321 2105 1580 2173 accipite;
1632 2111 1688 2159 et
1729 2104 1782 2159 in
1833 2106 2040 2161 Domini

461 2189 724 2260 adjutorio
747 2201 938 2247 caetera
969 2195 1273 2264 pr05perius
1297 2195 1408 2264 jam
1435 2203 1666 2264 sperate.

969 2303 1198 2360 SERMO
1235 2303 1378 2360 xxv
1403 2310 1419 2329 ·
1448 2306 1546 2376 (a).

463 2410 541 2466 De
567 2413 808 2468 versiculo
847 2415 914 2468 I2
942 2415 1140 2470 Psalmi
1178 2433 1323 2481 xcm,
1363 2418 1554 2474 Beatus
1592 2418 1752 2475 homo
1788 2435 1948 2492 quem
1982 2429 2040 2476 tu

924 2506 1203 2573 erudieris,
1236 2506 1475 2575 Domine,
1505 2518 1598 2562 etc.

531 2613 754 2672 CAPUT
811 2614 1090 2671 PRIMUM.
1139 2646 1212 2658 -—
1254 2618 1306 2672 l.
1359 2617 1694 2691 Evangelium
1743 2623 1826 2676 le:c
1872 2624 2040 2679 Testa-

465 2705 616 2757 menti
639 2703 792 2758 Novi.
828 2705 975 2776 Legis
1011 2708 1186 2763 veteris
1218 2710 1464 2778 promissa
1497 2711 1824 2780 spiritualiter
1856 2715 2041 2769 intelli-

459 2793 643 2862 genda.
707 2792 842 2848 Cum
891 2804 1226 2853 cantaremus
1291 2798 1434 2867 Deo,
1474 2799 1706 2856 diximus
1741 2803 1811 2870 ei,
1854 2802 2040 2859 Beatus

462 2882 610 2935 homo
629 2899 774 2950 quem
794 2893 849 2936 tu
875 2886 1139 2952 erudieris,
1165 2886 1395 2955 Domine,
1423 2899 1472 2944 et
1495 2906 1559 2943 ea:
1575 2891 1682 2961 lege
1701 2901 1789 2945 tua
1812 2893 2040 2950 docueris

461 2988 594 3025 eum.
618 2972 760 3044 Ergo
781 2975 874 3030 Dei
895 2977 1238 3047 Evangelium
1263 2981 1488 3048 sonavit,
1511 2982 1794 3039 Zaecbaaus
1815 2986 2040 3043 eleemo-

463 3075 622 3131 synas
649 3062 793 3118 fecit.
825 3064 1041 3120 Discite.
1071 3067 1199 3133 Quze
1227 3070 1419 3124 melior
1447 3072 1588 3126 enim
1618 3074 1702 3128 lex
1731 3076 1844 3142 Dei,
1877 3093 2035 3147 quam

459 3163 700 3208 sanctum
739 3154 1247 3228 Evangelium?Lex
1283 3162 1427 3217 enim
1465 3164 1790 3221 Testamenti
1828 3169 1959 3224 Novi
1992 3173 2033 3238 ί,

459 3245 527 3301 de
560 3263 666 3316 quo
700 3249 956 3318 propheta
994 3266 1114 3305 cum
1151 3253 1436 3322 legeretur,
1476 3256 1696 3312 audistis
1724 3278 1738 3312 :
1772 3259 1905 3316 Ecce
1931 3263 2037 3318 dies

459 3335 675 3400 veniunt,
717 3338 839 3391 dicit
874 3337 1142 3406 Dominus,
1181 3353 1228 3395 et
1267 3346 1615 3401 consummabo
1648 3366 1798 3420 super
1832 3357 2035 3406 domum

457 3427 618 3482 Jacob
651 3429 1019 3484 Testamentum
1055 3448 1237 3487 novum
1264 3451 1282 3488 :
1312 3452 1412 3490 non
1447 3439 1718 3494 secundum
1746 3441 2036 3500 Testamen-

458 3528 566 3573 tum
601 3521 735 3590 quod
760 3523 911 3575 statui
949 3523 1174 3592 patribus
1199 3542 1389 3592 eorum,
1419 3545 1531 3582 cum
1567 3532 1827 3588 educerem
1863 3552 1946 3590 eos
1973 3537 2037 3592 de

455 3619 590 3662 terra
626 3610 846 3682 Αἰθῃριὶ
877 3611 1089 3684 (Jerem.
1117 3631 1242 3670 xxx:
1262 3656 1276 3683 ,
1323 3619 1381 3674 51
1412 3629 1460 3672 et
1499 3621 1612 3692 32).
1638 3622 2032 3682 Testamentum

455 3698 528 3753 ibi
567 3703 906 3770 promissum,
950 3704 1038 3760 hic
1074 3707 1370 3775 redditum;
1412 3713 1728 3781 promissum
1770 3731 1868 3786 per
1903 3719 2033 3774 Pro-

457 3787 689 3857 phetam,
717 3791 978 3848 redditum
1009 3810 1104 3864 per
1132 3796 1410 3853 Dominum
1433 3800 1834 3872 Prophetarum.
1854 3807 2033 3864 Testa-

457 3890 692 3938 mentum
738 3885 866 3940 illud
903 3888 1044 3956 quod
1080 3888 1274 3945 dicitur
1300 3891 1482 3960 Vetus,
1524 3895 1702 3966 legite,
1742 3907 1797 3954 et
1833 3901 2026 3958 videte.

453 3970 563 4026 Lex
588 3973 681 4027 Dei
703 3973 824 4029 data
849 3985 930 4031 est
952 3979 1108 4033 etiam
1133 3988 1276 4048 tunc,
1303 3982 1480 4052 legite,
1508 3986 1592 4041 vel
1617 3988 1796 4045 audite
1818 3992 2029 4062 quando

454 4061 664 4133 legitur,
693 4072 748 4119 et
774 4065 948 4122 videte
977 4083 1094 4137 qua:
1120 4069 1190 4124 ibi
1219 4074 1478 4140 promissa
1509 4075 1728 4132 fuerint.
1759 4081 2026 4138 Promissa

451 4161 534 4206 est
563 4153 655 4207 tibi
687 4161 826 4209 terra
858 4165 1042 4222 terrm;
1083 4167 1224 4214 terra
1261 4161 1429 4218 fluens
1470 4165 1604 4222 lacte
1632 4181 1686 4222 et
1713 4171 1901 4238 melle;
1932 4174 2026 4229 sed

453 4253 628 4297 tamen
675 4253 833 4299 terra.
877 4245 1249 4305 Verumtamen
1293 4253 1338 4307 si
1385 4255 1738 4326 intelligamus
1775 4262 2024 4331 Spiritua-

452 4332 571 4386 liter
611 4332 851 4406 (quando
894 4352 1000 4390 non
1045 4339 1133 4393 illa
1178 4349 1315 4396 terra
1359 4345 1510 4400 lluxit
1546 4347 1679 4403 lacte
1719 4359 1775 4404 et
1811 4352 2021 4424 melle),

449 4424 552 4477 alia
590 4434 670 4478 est
708 4435 846 4482 terra
882 4443 998 4498 qua:
1027 4428 1154 4486 fluet
1189 4433 1322 4488 lacte
1355 4445 1410 4489 et
1449 4438 1633 4504 melle;
1663 4450 1800 4496 terra
1840 4443 1929 4498 illa
1957 4445 2022 4500 de

450 4529 552 4582 qua
583 4514 793 4584 dicitur,
824 4516 956 4587 Spes
982 4537 1093 4574 mea
1118 4538 1169 4576 es
1196 4531 1268 4588 tu,
1299 4527 1461 4594 portio
1489 4544 1597 4581 mea
1623 4531 1675 4582 in
1701 4540 1834 4584 terra
1860 4535 2022 4588 viven-

447 4606 571 4658 tium
601 4604 769 4677 (Psal.
792 4624 932 4676 cxu,
963 4610 1040 4679 6).
1072 4611 1196 4667 Ilatc
1225 4615 1364 4668 enim
1394 4626 1532 4671 terra
1561 4622 1896 4676 morientium
1916 4638 2016 4679 est.

517 4697 743 4754 CAPUT
788 4699 850 4753 II.
893 4731 964 4741 -——
1000 4702 1106 4757 Lac
1147 4712 1201 4758 et
1245 4707 1350 4760 mel
1403 4709 1682 4776 quaeritis?
1724 4711 1928 4767 Gustata
1973 4728 2020 4769 et

450 4789 604 4842 videte
623 4805 772 4858 quam
794 4792 959 4845 suavis
981 4801 1050 4846 est
1073 4793 1319 4849 Dominus
1339 4796 1506 4865 (Psal.
1535 4816 1719 4867 xxxtu,
1744 4802 1818 4871 9).
1841 4803 2016 4859 Gratia

448 4879 562 4948 ejus
589 4881 876 4950 significata
905 4893 985 4937 est
1013 4886 1226 4942 nomine
1263 4887 1413 4944 lactis
1440 4900 1490 4943 et
1521 4892 1690 4946 mellis
1725 4913 1736 4946 :
1768 4895 1936 4951 dulcis
1965 4907 2018 4952 et

449 4972 722 5026 nutritoria
747 4982 847 5027 est.
875 4973 998 5028 Haec
1019 4985 1195 5030 autem
1217 4980 1380 5048 gratia
1408 4981 1460 5034 in
1477 4982 1663 5039 Vetere
1677 4983 2017 5042 Testamento

434 5061 686 5129 figurata,
713 5064 765 5116 in
785 5063 934 5118 Novo
960 5067 1211 5121 revelata.

516 5151 570 5203 2.
606 5151 751 5222 Legis
802 5157 976 5211 veteris
1021 5158 1249 5223 servitus,
1277 5176 1387 5213 cum
1432 5160 1568 5217 Deus
1596 5166 1776 5220 colitur
1816 5180 2016 5239 propter

449 5249 664 5294 terrena.
725 5244 956 5316 Denique
1007 5247 1115 5303 Lex
1169 5249 1292 5318 illa,
1346 5262 1558 5321 propter
1609 5271 1701 5310 eos
1763 5260 1836 5312 'liI
1894 5277 2014 5320 car-

510 5397 523 5426 ί
552 5395 686 5475 mliti,
713 5405 806 5475 (Aea:
822 5399 947 5447 enim
968 5401 1256 5472 prtesagitun
1274 5410 1344 5475 est
1363 5407 1638 5475 "testamenti
1660 5409 1784 5475 Novi.
1813 5420 1866 5461 Αι
1887 5416 2011 5475 Opti-

444 5469 535 5504 nue
573 5463 1056 5531 potarocermanensis
1182 5479 1274 5513 non
1309 5466 1484 5531 habet,
1515 5469 1802 5531 praesagium
1823 5463 1930 5522 est.'
1947 5463 2010 5526 lix

441 5531 538 5587 quo
572 5517 848 5625 ἱιιιυιιὶςῆῗεη
869 5526 1046 5583 Legem
1080 5524 1157 5574 hic
1199 5517 1489 5576 't‘estamenti
1515 5517 2010 5596 ’Νονὶίεῦᾇοέέἱίιὶξῆ

443 5591 597 5625 ipsum
619 5592 743 5625 anne
781 5592 866 5625 an.

443 5591 597 5638 ipsum
619 5591 866 5639 appellari.

506 5641 520 5708 ᾖ
573 5647 773 5714 epicum
803 5642 1057 5714 habuimus
1078 5652 1157 5696 Ms.
1184 5649 1434 5714 exemplar
1471 5664 1546 5714 gr.
1571 5660 1750 5714 praeter
1774 5656 2010 5709 editiones

443 5698 577 5747 l'lim.
603 5708 700 5749 Par.
729 5710 779 5751 et
803 5711 910 5752 Lov.

502 5763 572 5823 (ai
599 5762 732 5825 aliis,
750 5766 812 5814 de
836 5767 1040 5818 Diversis
1067 5769 1138 5819 I9.

1700 363 1757 417 S.
1799 361 2066 420 AUGUST
2072 363 2135 418 IN
2143 364 2157 417 l
2200 364 2500 422 EPISCOPI

3629 376 3733 436 168

2161 480 2350 535 naliter
2389 485 2620 550 sapiunt,
2664 493 2718 537 et
2755 483 2876 539 talia
2935 486 3150 556 prmmia
3201 499 3443 558 quaerunt
3488 506 3517 544 a
3577 491 3733 564 Deo,

2154 577 2210 623 et
2264 580 2480 640 propter
2526 573 2613 626 illa
2670 573 2832 629 Deum
2887 577 3064 632 colere
3106 579 3289 633 volunt
3333 596 3452 650 quae
3505 583 3577 638 ibi
3608 602 3732 655 pro-

2154 660 2315 714 missa
2354 669 2499 725 sunt,
2542 662 2725 718 audire
2763 667 2956 720 meruit
2993 667 3060 721 ab
3101 669 3346 738 apostolo
3384 671 3565 740 Paulo,
3604 677 3731 746 quia

2153 747 2219 802 ad
2262 751 2571 806 servitutem
2614 764 2835 823 generat
2864 754 3057 827 (Galat.
3099 774 3171 826 tv,
3201 759 3312 830 24).
3356 761 3568 828 Quare?
3595 764 3734 832 Quia

2152 842 2438 898 carnaliter
2485 845 2793 914 intelligitur
2844 862 2874 901 a
2929 848 3147 906 Iudaeis.
3201 851 3334 907 Nam
3389 855 3736 924 spiritualiter

2153 931 2438 996 intellecta,
2473 935 2809 1008 Evangelium
2837 948 2939 994 est.
2972 940 3116 1012 Ergo
3147 943 3200 997 in
3227 945 3534 1002 servitutem
3570 965 3734 1019 gene-

2153 1032 2251 1078 rat.
2283 1025 2464 1091 Quos?
2490 1027 2590 1095 Qui
2633 1039 2849 1100 propter
2885 1032 3024 1088 bona
3073 1043 3282 1091 terrena
3323 1038 3434 1094 Deo
3471 1042 3730 1098 serviunt.

2150 1113 2372 1181 Quando
2409 1117 2513 1172 illis
2551 1119 2761 1186 adsunt,
2800 1123 2995 1192 gratias
3032 1135 3230 1194 agunt;
3269 1129 3479 1198 quando
3515 1130 3731 1198 desunt,

2151 1206 2536 1276 blasphemant.
2560 1210 2657 1277 Qui
2678 1212 2820 1267 enim
2848 1223 3062 1284 propter
3085 1232 3146 1271 ea
3179 1218 3287 1273 Deo
3315 1221 3570 1288 serviunt,
3602 1240 3733 1280 vero

2149 1297 2310 1353 corde
2337 1300 2541 1356 servire
2590 1318 2691 1357 non
2733 1315 2969 1373 possunt.
3002 1309 3300 1365 Attendunt
3342 1314 3481 1367 enim
3511 1330 3607 1370 eos
3641 1319 3734 1386 qui

2152 1387 2260 1442 Deo
2299 1401 2482 1445 nostro
2514 1408 2619 1446 non
2659 1395 2899 1450 serviunt
2937 1415 2948 1449 :
2996 1399 3176 1454 vident
3215 1401 3359 1456 enim
3401 1419 3495 1459 eos
3531 1405 3733 1462 habere

2149 1487 2370 1548 propter
2395 1483 2532 1549 quod
2579 1483 2675 1552 ipsi
2707 1485 2815 1540 Deo
2855 1488 3124 1555 serviunt;
3153 1501 3209 1545 et
3247 1493 3430 1549 dicunt
3471 1495 3522 1549 in
3565 1497 3734 1553 corde

2148 1584 2265 1636 suo,
2303 1571 2441 1639 Quid
2478 1575 2604 1628 mihi
2651 1577 2863 1644 prodest
2899 1580 3020 1648 quia
3064 1581 3170 1636 Deo
3208 1585 3427 1638 servio?
3465 1585 3732 1658 Numquid

2149 1659 2319 1716 habeo
2344 1671 2567 1730 tantum,
2590 1677 2843 1735 quantum
2871 1669 2960 1723 ille
2982 1671 3069 1740 qui
3092 1673 3330 1742 quotidie
3355 1675 3731 1746 blasphemat?

2147 1751 2300 1818 Orat,
2332 1761 2386 1808 et
2425 1756 2629 1821 esurit;
2670 1757 3033 1828 blasphemat,
3065 1773 3118 1816 et
3157 1773 3346 1819 ructat.
3378 1765 3477 1833 Qui
3515 1768 3582 1822 ad
3625 1768 3728 1824 ista

2146 1843 2388 1910 attendit,
2419 1844 2578 1900 homo
2614 1859 2728 1912 est;
2759 1847 2919 1904 hom‘o
2944 1862 3026 1906 est
3052 1851 3119 1907 de
3149 1854 3491 1913 Testamento
3518 1858 3727 1916 Veteri.

2147 1933 2244 1999 Qui
2289 1950 2417 1990 vero
2469 1936 2523 1990 in
2563 1937 2907 1994 Testamento
2933 1939 3081 1996 Novo
3116 1944 3280 1998 Deum
3322 1948 3481 2008 colit.
3529 1964 3726 2006 novam

2149 2021 2509 2079 luereditatem
2537 2024 2696 2081 debet
2738 2043 2974 2097 sperare,
3025 2047 3130 2086 non
3158 2044 3412 2093 veterem.
3449 2037 3502 2094 Si
3529 2057 3725 2097 novam

2147 2111 2504 2169 limreditatem
2553 2131 2766 2186 speras,
2822 2128 3015 2175 terram
3065 2125 3264 2191 transi,
3312 2129 3457 2184 calca
3495 2133 3726 2190 vertices

2145 2204 2400 2257 montium
2426 2220 2440 2268 ;
2475 2205 2575 2260 hoc
2604 2208 2718 2272 est,
2747 2218 3028 2264 contemne
3056 2211 3318 2285 fastigium
3349 2221 3723 2288 superborum.

2215 2292 2438 2350 CAPUT
2466 2295 2552 2350 lll.
2594 2296 2809 2352 Sursum
2854 2317 2958 2354 cor.
3001 2302 3107 2358 Sed
3135 2308 3346 2372 quando
3381 2321 3727 2384 contempse-

2145 2385 2219 2438 ris
2248 2393 2303 2438 et
2327 2386 2634 2452 calcaveris,
2664 2387 2878 2445 humilis
2912 2402 3048 2460 esto,
3064 2411 3129 2449 ne
3149 2395 3217 2451 de
3235 2398 3513 2456 altitudine
3533 2404 3716 2460 cadas.

2144 2475 2301 2541 Audi,
2318 2476 2540 2532 Sursum
2558 2480 2785 2535 corzsed
2804 2482 2869 2537 ad
2893 2483 3192 2550 Dominum,
3218 2503 3323 2543 non
3345 2500 3528 2547 contra
3549 2494 3705 2551 Domi

2145 2562 2518 2624 num.‘0mnes
2554 2571 2768 2640 superbi
2805 2587 3012 2628 sursum
3042 2591 3136 2631 cor
3163 2578 3380 2645 habent,
3413 2585 3505 2638 sed
3535 2596 3722 2642 contra

2147 2659 2448 2714 Dominum.
2475 2660 2532 2716 Si
2557 2670 2735 2716 autem
2762 2663 2845 2717 vis
2883 2672 2937 2719 tu
2965 2681 3090 2721 vere
3113 2682 3324 2741 sursum
3361 2687 3455 2726 eor
3484 2673 3718 2742 habere;

2142 2749 2208 2804 ad
2249 2751 2527 2806 Dominum
2571 2752 2725 2809 habe.
2765 2754 2821 2810 Si
2868 2757 3010 2812 enim
3047 2759 3113 2813 ad
3151 2760 3430 2817 Dominum
3471 2763 3724 2824 habueris

2143 2855 2236 2894 cor
2261 2856 2491 2908 sursum,
2520 2843 2632 2913 ipse
2657 2853 2800 2899 tenet
2825 2862 2920 2901 cor
2947 2857 3114 2916 tuum,
3144 2866 3210 2906 ne
3233 2852 3388 2908 cadat
3411 2853 3462 2909 in
3493 2865 3718 2914 terram.

2215 2936 2267 2990 5.
2313 2935 2428 2990 Dies
2449 2939 2657 3010 maligni
2690 2943 2753 2993 ab
2783 2942 2924 2995 initio
2969 2945 3176 3012 peccati.
3218 2945 3410 3003 Beatus
3441 2965 3567 3021 ergo
3611 2953 3716 3020 vir,

2141 3025 2323 3082 Beatus
2344 3029 2491 3082 homo
2513 3047 2657 3100 quem
2687 3041 2738 3084 tu
2755 3033 3014 3098 erudieris,
3046 3034 3282 3091 Domine.
3311 3039 3448 3095 Ecce
3482 3041 3675 3113 loquor
3698 3087 3715 3111 ,

2141 3131 2266 3172 ecce
2289 3119 2459 3173 clamo
2477 3161 2494 3187 ,
2517 3135 2642 3176 ecce
2668 3139 2892 3192 expono.
2934 3125 3034 3191 Qui
3060 3142 3144 3182 me
3163 3129 3422 3185 audiunt?
3450 3132 3573 3188 Scio
3621 3139 3718 3205 qui

2141 3225 2228 3265 me
2256 3211 2476 3266 audiunt
2499 3230 2513 3267 :
2539 3213 2726 3268 Beatus
2745 3215 2892 3269 homo
2908 3233 3053 3287 quem
3079 3229 3132 3272 tu
3156 3221 3414 3289 erudieris,
3454 3223 3717 3294 Domine;

2139 3301 2225 3355 cui
2257 3302 2392 3356 Deus
2415 3303 2468 3356 in
2494 3307 2654 3358 corde
2681 3305 2926 3374 loquitur,
2963 3318 3015 3362 et
3035 3311 3244 3379 quando
3263 3327 3361 3384 ego
3387 3322 3535 3370 taceo
3559 3359 3573 3382 ,
3598 3316 3718 3387 ipse

2139 3401 2219 3446 est
2241 3391 2408 3446 beatus
2431 3409 2575 3463 quem
2618 3404 2668 3447 tu
2698 3397 2956 3462 erudieris,
3009 3398 3223 3455 Domine
3248 3442 3264 3468 ,
3318 3412 3364 3458 et
3389 3421 3452 3459 ea:
3476 3407 3582 3478 lege
3625 3417 3719 3464 tua

2140 3483 2367 3538 docueris
2392 3501 2526 3538 eum.
2549 3484 2685 3552 Quid
2701 3488 2979 3557 sequitur?
3005 3490 3115 3545 Huc
3143 3507 3306 3563 usque
3331 3497 3659 3552 cantavimus
3695 3517 3713 3554 :

2139 3573 2206 3627 Et
2228 3574 2411 3644 exlége
2442 3585 2529 3628 tua
2553 3577 2779 3629 docueris
2808 3593 2938 3631 eum.
2975 3577 3043 3633 Ut
3091 3581 3286 3652 mitiges
3329 3600 3439 3638 eum
3465 3602 3496 3638 a
3537 3587 3716 3642 diebus

2137 3665 2392 3736 malignis,
2419 3667 2576 3719 donec
2601 3667 2827 3736 fodiatur
2848 3670 3096 3738 peccatori
3138 3671 3301 3740 fovea.
3333 3671 3450 3743 Ipse
3495 3686 3580 3731 est
3627 3680 3714 3734 vir

2136 3755 2226 3825 qui
2250 3755 2488 3810 eruditur
2516 3771 2547 3809 a
2575 3756 2798 3811 Domino
2817 3799 2833 3825 ,
2874 3759 2986 3827 ipse
3009 3768 3092 3814 est
3119 3762 3210 3831 qui
3233 3777 3301 3817 ex
3326 3763 3444 3834 lege
3470 3766 3562 3823 Dei
3590 3767 3712 3825 dis-

2135 3847 2208 3900 cit
2231 3862 2260 3900 a
2291 3847 2535 3914 Domino,
2566 3849 2654 3919 qui
2678 3850 2945 3920 mitigatur
2971 3867 3001 3905 a
3029 3851 3218 3910 diebus
3245 3856 3507 3927 malignis,
3535 3859 3711 3917 donec

2135 3939 2363 3994 fodiatur
2389 3941 2652 4009 peccatori
2679 3940 2847 3996 fovea.
2868 3943 3058 3999 Audite
3082 3945 3207 4015 quid
3233 3947 3322 4002 sit.
3349 3949 3560 4020 Maligni
3583 3951 3705 4008 dies

2133 4040 2272 4085 sunt.
2323 4029 2586 4100 Numquid
2629 4031 2803 4099 isthic,
2833 4049 2898 4089 ex
2924 4051 3029 4104 quo
3066 4036 3132 4092 de
3176 4037 3430 4094 Paradiso
3481 4042 3706 4111 projecti

2131 4136 2342 4187 sumus,
2393 4121 2650 4191 malignos
2693 4123 2804 4177 dies
2851 4125 3095 4194 agimus?
3138 4126 3207 4180 Et
3248 4130 3476 4198 majores
3535 4135 3706 4189 nostri

2132 4213 2444 4282 planxerunt
2468 4212 2580 4267 dies
2609 4227 2751 4275 suos,
2778 4223 2834 4268 et
2877 4203 2960 4269 avi
3006 4231 3189 4272 eorum
3235 4220 3550 4288 planxerunt
3586 4223 3708 4280 dies

2129 4315 2275 4355 suos.
2298 4300 2471 4355 Nullis
2505 4300 2805 4358 hominibus
2833 4304 2946 4371 dies
2978 4305 3304 4375 placuerunt,
3336 4325 3470 4379 quos
3515 4312 3706 4368 viven-

2128 4392 2196 4444 do
2225 4399 2464 4460 egerunt.
2494 4391 2597 4446 Sed
2629 4393 2852 4461 posteris
2891 4394 3100 4463 placent
3142 4396 3257 4451 dies
3299 4399 3558 4468 majorum
3587 4420 3602 4456 :
3647 4414 3707 4459 ct

2128 4483 2232 4537 illis
2259 4484 2448 4538 iterum
2479 4482 2553 4536 illi
2582 4483 2696 4538 dies
2725 4485 3018 4552 placebant,
3042 4501 3176 4555 quos
3223 4489 3322 4557 ipsi
3351 4506 3457 4544 non
3501 4495 3680 4549 sentie

2127 4573 2269 4636 bant,
2305 4580 2359 4626 et
2404 4572 2525 4626 ideo
2568 4573 2860 4641 placebant.
2911 4574 3063 4642 Quod
3109 4577 3247 4630 enim
3297 4593 3530 4648 praesens
3577 4593 3700 4649 est,

2123 4680 2299 4719 acrem
2331 4664 2488 4719 habet
2513 4679 2748 4720 sensum.
2777 4665 2894 4720 Non
2918 4666 3035 4721 dico
3057 4710 3074 4734 ,
3107 4670 3322 4738 propius
3350 4671 3698 4740 admovetur;

2124 4759 2216 4813 sed
2245 4773 2339 4813 cor
2387 4759 2551 4829 tangit
2577 4759 2826 4828 quotidie.
2854 4759 3009 4814 Omni
3036 4775 3175 4815 anno
3220 4762 3525 4845 plerumque
3561 4765 3701 4821 dici-

2123 4865 2241 4904 mus
2289 4849 2499 4919 quando
2548 4850 2713 4920 frigus
2738 4851 3032 4917 sentimus,
3085 4852 3361 4923 Nunquam
3415 4857 3537 4911 feeit
3589 4859 3701 4914 tale

2123 4943 2285 5014 frigus
2339 4943 2663 5014 :Nunquam
2693 4943 2817 5002 fecit
2865 4945 3000 5000 tales
3040 4956 3221 5001 aestus.
3301 4948 3522 5018 Semper
3571 4952 3702 5007 facit

2123 5033 2235 5103 ipse
2259 5033 2348 5103 qui
2378 5034 2558 5088 facit‘.
2589 5032 2693 5088 Sed
2721 5033 2892 5087 beatus
2921 5035 2998 5088 vir
3021 5052 3166 5105 quem
3195 5047 3249 5089 tu
3275 5039 3539 5103 erudieris,
3571 5039 3690 5094 Do-

2120 5125 2252 5177 mine
2274 5139 2291 5177 :
2312 5134 2368 5176 ut
2396 5125 2590 5194 mitiges
2614 5140 2728 5177 eum
2757 5141 2789 5178 a
2813 5125 2984 5180 diebus
3005 5127 3258 5196 malignis,
3289 5129 3446 5183 donec
3467 5132 3700 5201 fodiatur

2122 5216 2369 5285 peccatori
2393 5219 2554 5286 fovea.

2187 5308 2412 5363 CAPUT
2453 5310 2539 5364 IV.
2568 5339 2639 5348 —
2661 5311 2714 5364 4.
2736 5309 2950 5381 Maligni
2971 5311 3074 5364 dies
3104 5311 3255 5366 unde.
3299 5312 3509 5383 Μίλιὶεηί
3553 5313 3694 5369 dies.

2086 5399 2381 5469 ,Numquid
2412 5400 2496 5454 isti
2523 5400 2635 5456 dies
2661 5403 2871 5472 maligni
2909 5411 3057 5468 sunt,
3089 5417 3222 5471 quos
3246 5405 3407 5473 agitat
3457 5405 3698 5463 cirequs

2118 5491 2285 5543 solis?
2321 5490 2542 5544 Faciunt
2568 5492 2823 5559 malignos
2848 5492 2960 5545 dies
2985 5493 3194 5562 maligni
3225 5493 3504 5549 homines:
3531 5505 3586 5550 et
3609 5500 3698 5555 sic

2091 5592 2196 5635 .est
2240 5597 2403 5651 prope
2453 5591 2591 5636 totus
2631 5583 2876 5637 mundus.
2928 5584 3072 5638 Inter
3116 5587 3296 5641 turbas
3337 5588 3697 5658 malignorum

2115 5673 2276 5742 gemit
2313 5674 2548 5742 paucitas
2597 5675 2997 5728 frumentorum.
3048 5676 3378 5734 Revocemus
3436 5676 3504 5733 ad
3539 5679 3704 5750 ipsos

2187 5785 2204 5815 ί
2228 5786 2558 5834 Germanensis
2578 5791 2680 5846 515.,
2707 5798 2808 5851 ipse
2829 5792 2900 5839 est
2921 5789 3003 5851 qui
3023 5789 3159 5852 ﬁtcit.
