4012 6338
282 233 390 288 με)

273 351 472 422 justus.
516 349 726 420 Maligni
757 354 882 402 sunt
920 343 1026 410 illi,
1073 352 1128 420 et
1177 341 1373 399 iaciunt
1422 342 1684 414 malignos
1710 340 1865 398 dies:

278 445 410 516 quid
457 445 557 516 ipsi
611 443 780 514 justi?
831 456 1009 496 nonne
1038 441 1090 495 in
1131 439 1318 495 diebus
1356 438 1602 510 malignis
1649 445 1775 493 sunt
1815 444 1872 492 et

277 537 422 609 apud
449 553 508 593 se
529 537 692 608 ipsos,
720 543 914 606 praeter
941 532 1081 604 quod
1110 533 1385 603 patiuntur
1413 531 1672 601 malignos
1693 529 1868 583 homi-

279 645 378 686 nes
397 670 413 695 ,
447 628 588 683 inter
611 640 746 698 quos
770 624 1032 696 gemunt?
1064 623 1131 677 Et
1157 622 1296 692 apud
1323 636 1382 676 se
1418 621 1585 691 ipsos,
1615 620 1827 690 inquam
1852 657 1868 683 ,

279 720 496 792 quando
545 728 706 785 sunt,
753 716 1028 773 attendant
1055 729 1146 781 se,
1173 712 1502 769 descendant
1539 712 1590 766 in
1619 726 1696 777 se,
1737 709 1873 764 bene

279 829 341 870 se
369 812 754 876 considerent;
787 809 1066 865 inveniunt
1100 807 1153 862 iu
1175 821 1234 862 se
1273 806 1388 860 dies
1415 805 1694 875 malignos.
1750 801 1873 857 Bel-

277 896 394 963 lum
438 907 645 972 nolunt,
692 918 876 975 pacem
939 901 1161 956 volunt:
1203 907 1258 955 et
1301 898 1420 970 quis
1463 897 1612 952 non?
1660 896 1875 951 Etcum

276 1012 474 1054 omnes
513 996 712 1051 bellum
762 994 950 1060 nolint,
980 1001 1033 1047 et
1059 1006 1246 1046 omnes
1275 1004 1459 1060 pacem
1488 989 1670 1054 velint,
1722 1003 1876 1043 revo-

276 1101 364 1148 cat
387 1090 460 1145 ad
489 1106 549 1144 se
569 1088 752 1143 oculos
777 1096 832 1143 et
855 1087 942 1158 qui
960 1085 1104 1156 juste
1133 1084 1282 1148 vivit,
1314 1092 1368 1138 et
1396 1081 1592 1136 bellum
1626 1080 1678 1134 in
1708 1094 1766 1134 se
1795 1079 1876 1133 in-

277 1185 450 1240 venit.
481 1183 676 1251 Qurere
706 1195 734 1234 a
761 1195 850 1236 me
873 1178 1014 1250 quod
1043 1178 1264 1232 bellum.
1306 1174 1493 1228 Beatus
1548 1173 1697 1227 homo
1731 1187 1876 1241 quem

279 1290 334 1332 tu
361 1277 633 1343 audieris,
665 1274 898 1340 Domine,
922 1281 968 1326 et
995 1288 1057 1326 ea:
1081 1270 1194 1341 lege
1209 1279 1294 1323 tua
1323 1267 1549 1322 docueris
1583 1282 1714 1320 eum.
1740 1265 1876 1320 Ecce

279 1372 447 1426 homo
470 1369 662 1440 qumrit
685 1383 717 1421 a
745 1384 851 1433 me,
881 1364 1024 1436 quod
1051 1363 1248 1419 bellum
1270 1362 1322 1416 in
1344 1376 1404 1416 se
1423 1363 1656 1430 patiatur
1677 1358 1871 1428 justus;

277 1463 415 1517 doce
461 1461 610 1515 illum
660 1474 727 1515 ex
780 1458 899 1528 lege
927 1465 1044 1522 tua,
1098 1455 1344 1524 loquatur
1369 1451 1694 1522 Apostolus:
1744 1448 1876 1504 Caro

292 1553 608 1624 concupiscit
623 1552 864 1606 adversus
885 1549 1115 1620 spiritum
1131 1556 1176 1600 et
1192 1545 1398 1616 spiritus
1414 1543 1654 1598 adversus
1675 1555 1878 1595 carnem

282 1645 486 1714 (Calai.
518 1661 580 1708 v,
624 1643 738 1714 l7).
783 1642 848 1696 Et
869 1640 968 1696 ubi
1003 1637 1224 1710 projicio
1252 1635 1557 1702 carnem,si
1607 1631 1878 1688 sonetbel-

281 1739 394 1794 lam
414 1759 430 1803 ς
450 1739 521 1797 si.
540 1735 684 1807 quod
706 1736 844 1790 Deus
869 1741 1094 1798 avertat,
1115 1730 1282 1787 hostis
1303 1729 1490 1785 irruat?
1513 1726 1673 1798 Fugit
1695 1725 1876 1789 homo,

283 1842 336 1886 et
376 1845 568 1885 secum
624 1827 786 1882 trahit
826 1825 1024 1881 bellum
1053 1838 1231 1887 suum,
1279 1835 1615 1892 quocumque
1657 1819 1716 1872 it.
1763 1817 1878 1872 Non

285 1922 427 1986 dico,
450 1919 496 1975 si
516 1919 687 1973 malus
713 1925 826 1972 est:
858 1929 1073 1986 prorsus
1097 1913 1141 1968 si
1162 1913 1333 1967 bonus
1359 1920 1460 1977 est,
1482 1911 1526 1965 si
1550 1911 1692 1980 juste
1714 1909 1873 1973 vivit,

285 2013 490 2069 invenit
517 2013 572 2065 in
602 2026 662 2065 se
693 2009 834 2080 quod
879 2007 1169 2078 Apostolus
1198 2005 1358 2071 dicit,
1391 2003 1524 2059 Caro
1576 2002 1880 2073 concupiscit

285 2106 530 2158 adversus
555 2103 789 2173 spiritum
814 2142 829 2166 ,
865 2108 910 2154 et
931 2098 1142 2170 spiritus
1161 2096 1400 2151 adversus
1424 2111 1647 2149 carnem.
1674 2094 1730 2148 In
1779 2094 1880 2148 isto

286 2199 430 2254 bello
456 2195 727 2267 quomodo
757 2202 881 2248 sunt
906 2192 1020 2247 dies
1045 2189 1207 2247 boni?

357 2287 592 2344 CAPUT
614 2286 828 2340 \".—-5.
860 2285 980 2338 Dies
1009 2281 1218 2354 maligni
1245 2282 1341 2352 piis
1369 2289 1578 2352 prosunt
1623 2280 1691 2334 ad
1741 2280 1879 2333 iuve-

290 2382 507 2438 uiendos
529 2381 641 2435 dies
689 2380 863 2435 bonos.
919 2378 1059 2448 Ergo
1114 2375 1330 2446 maligni
1381 2384 1505 2430 sunt
1567 2374 1680 2428 dies
1722 2391 1734 2426 :
1786 2371 1881 2427 sed

299 2476 628 2544 mitigemur.
651 2470 789 2539 Quid
817 2477 932 2536 est,
961 2467 1290 2538 hlitigemur?
1311 2465 1521 2522 Iudicio
1566 2465 1744 2520 divino
1773 2479 1881 2520 non

293 2566 609 2621 irascamur.
661 2563 910 2618 Dicamus
965 2561 1072 2615 illi:
1123 2559 1321 2614 Bonum
1360 2568 1430 2612 est
1478 2558 1604 2612 mihi
1645 2557 1884 2627 quoniam

293 2657 577 2712 Δεινιιὶιὶααὶ
623 2670 720 2722 me,
780 2663 834 2707 ut
887 2653 1078 2707 discant
1115 2650 1507 2722 justi/icationes
1546 2656 1661 2702 tuas
1712 2645 1881 2719 (Psal.

293 2765 460 2805 cxvm
479 2789 495 2815 ,
531 2746 646 2818 7i).
678 2746 752 2800 De
773 2742 1024 2815 paradiso
1049 2741 1270 2806 elisisti,
1296 2740 1364 2795 de
1389 2738 1714 2796 beatitudine
1755 2753 1882 2807 pro-

291 2842 506 2912 iecisti:
570 2840 624 2894 in
653 2852 888 2894 mrumna
937 2851 1090 2900 sum,
1120 2835 1175 2890 in
1210 2836 1410 2905 gemitu
1454 2849 1607 2898 sum,
1656 2832 1884 2903 gemitus

294 2949 448 2990 meus
478 2949 586 2987 non
636 2939 719 2986 est
764 2927 1105 2984 absconditus
1148 2941 1179 2980 a
1211 2933 1281 2981 te.
1312 2924 1419 2981 Sed
1447 2925 1630 2979 bonum
1654 2933 1728 2979 est
1762 2925 1885 2979 ntihi

294 3026 534 3098 quoniam
562 3021 838 3077 humiliasti
867 3036 973 3086 me,
1020 3034 1075 3074 ut
1105 3019 1298 3072 discam
1317 3016 1704 3087 justiﬁcationes
1750 3025 1882 3071 tuas.

296 3117 353 3173 In
380 3117 577 3173 diebus
606 3114 762 3168 malis
786 3111 934 3168 disco
962 3125 1205 3181 quaerere
1241 3108 1356 3164 dies
1397 3107 1586 3163 bonos.
1615 3107 1714 3174 Qui
1762 3115 1886 3162 sunt

298 3210 413 3265 dies
444 3205 616 3262 boui?
642 3203 815 3259 Nolite
848 3203 968 3258 illos
991 3199 1152 3256 modo
1180 3213 1420 3270 quierere
1449 3215 1463 3252 :
1497 3197 1626 3252 mihi
1649 3196 1849 3252 credite
1867 3239 1882 3263 ,

299 3302 407 3355 into
426 3313 639 3354 mecum
678 3295 878 3351 credite
897 3335 912 3358 ,
943 3307 1049 3348 non
1099 3289 1400 3346 invenietis.
1426 3288 1745 3344 Transibqu
1771 3288 1886 3344 dies

300 3394 468 3456 mali,
503 3400 560 3445 et
587 3385 947 3443 vcnientboni
981 3403 994 3438 :
1023 3383 1120 3441 sed
1147 3382 1274 3439 boni
1319 3383 1530 3438 venient
1561 3381 1736 3448 bonis,
1769 3397 1884 3436 nta-

299 3485 363 3539 lis
385 3483 619 3555 pejores.

371 3574 430 3630 6.
483 3573 605 3628 Dies
650 3570 767 3626 boni
791 3587 890 3641 qua
928 3568 1217 3624 conditione
1239 3566 1502 3638 propositi.
1551 3565 1759 3620 Etenim
1833 3575 1888 3620 et

301 3684 399 3740 ego
431 3669 703 3736 interrogo
723 3680 820 3718 vos
842 3705 856 3724 .
889 3663 1015 3728 Quis
1037 3671 1108 3716 est
1141 3662 1289 3714 homo
1314 3659 1519 3730 quivult
1546 3660 1698 3714 vitam
1721 3660 1746 3712 .7
1765 3658 1886 3714 Scio

302 3761 543 3815 omnium
571 3757 731 3813 corda
759 3755 886 3810 mihi
908 3752 1267 3823 respondent,
1296 3751 1425 3817 Quis
1447 3750 1591 3805 enim
1616 3749 1774 3804 homo
1797 3749 1887 3818 qui

304 3868 411 3906 non
440 3851 552 3904 vult
577 3849 735 3902 vitam
761 3847 785 3898 ?
825 3845 976 3900 Addo
1001 3886 1016 3908 ,
1054 3841 1121 3896 Et
1143 3843 1307 3912 diligit
1345 3842 1512 3895 uidere
1552 3840 1658 3894 dies
1685 3840 1840 3894 bonos
1860 3839 1886 3892 ε)

303 3943 504 3998 Omnes
531 3937 883 4008 respOndctis,
915 3936 1045 4002 Quis
1073 3943 1156 3990 est
1205 3933 1294 4003 qui
1344 3947 1450 3988 non
1480 3932 1663 4001 diligat
1711 3930 1890 3986 videre

305 4037 423 4090 dies
454 4032 660 4086 honos?
688 4031 830 4084 Bene
875 4027 1240 4098 respondetis;
1281 4025 1437 4080 vultis
1484 4025 1679 4088 vitam,
1735 4025 1892 4080 vultis

306 4131 422 4185 dies
454 4129 643 4182 bonos.
676 4123 830 4178 Certe
851 4121 1061 4192 quando
1090 4119 1360 4184 dicebam,
1384 4118 1507 4185 Quis
1528 4128 1598 4171 est
1623 4117 1772 4170 homo
1805 4120 1891 4188 qui

310 4221 417 4275 vult
438 4218 636 4272 vitam?
665 4215 837 4270 omnis
863 4213 1023 4268 homo
1048 4211 1177 4265 mihi
1210 4209 1527 4279 respondet,
1585 4209 1714 4279 Ego.
1762 4207 1892 4276 Quis

306 4323 388 4368 est
419 4311 584 4364 homo
612 4306 704 4376 qui
733 4304 844 4358 vult
867 4303 1034 4357 videre
1053 4303 1158 4356 dies
1191 4301 1389 4355 bonos?
1413 4299 1599 4354 Nonne
1641 4302 1692 4353 in
1733 4300 1894 4354 silen-

310 4404 383 4456 tio
413 4401 640 4470 qniSque
668 4406 898 4450 vestrum
921 4393 1085 4456 dicit,
1117 4392 1266 4461 Ego?
1296 4389 1430 4445 Audi
1460 4389 1598 4460 quod
1619 4390 1889 4460 sequitur:

309 4493 520 4550 Contine
543 4491 770 4560 linquant
795 4496 933 4540 tuam
961 4503 992 4538 α
1035 4485 1168 4537 malo
1196 4482 1376 4554 (Psal.
1407 4499 1614 4548 xxxut,
1646 4483 1732 4546 l5,
1767 4480 1889 4553 M).

308 4585 464 4641 Ilodo
485 4583 608 4646 dic,
634 4578 984 4652 ligo.Qu:1-ris
1029 4577 1272 4630 veniam:
1307 4575 1464 4629 modo
1506 4585 1555 4630 te
1581 4575 1866 4629 inveniam.

380 4674 615 4732 CAPUT
656 4672 744 4726 Vl.
770 4701 842 4712 ——
867 4669 1217 4723 Transierunt
1247 4667 1513 4737 praeterita
1548 4684 1559 4718 :
1593 4665 1749 4720 fuerit
1795 4666 1894 4720 lin-

309 4787 409 4842 gua
439 4779 527 4824 tua
560 4767 788 4836 maligna
807 4806 821 4830 ,
851 4763 1012 4817 fueris
1035 4775 1253 4816 susurro
1285 4761 1324 4824 ¹,
1359 4759 1521 4813 fueris
1545 4759 1854 4813 criminator
1873 4801 1887 4825 ,

311 4865 473 4920 fueris
496 4861 872 4922 Calumniator,
901 4855 1062 4909 fueris
1090 4852 1412 4918 maledicus;
1433 4852 1530 4906 ista
1560 4852 1734 4905 omnia
1781 4850 1896 4906 fuc-

311 4960 402 5012 ris.
429 4955 727 5008 Transeant
758 4949 855 5004 ista
883 4963 1002 5001 cum
1031 4945 1220 5000 diebus
1255 4945 1408 4999 malis
1443 4963 1454 4998 :
1487 4946 1594 4998 noli
1642 4953 1697 4998 tu
1727 4955 1897 5001 trans-

309 5051 386 5105 ire
413 5063 533 5101 cum
555 5045 743 5098 diebus
765 5041 936 5094 malis.
970 5039 1061 5092 Est
1080 5037 1220 5091 enim
1250 5052 1355 5106 quo
1385 5047 1434 5091 te
1465 5044 1644 5091 teneas
1664 5077 1678 5103 ,
1709 5046 1764 5091 ut
1789 5054 1895 5094 non

309 5150 570 5196 transeas.
597 5135 703 5189 [ius
723 5132 953 5186 humana
981 5137 1229 5199 tanquam
1284 5127 1472 5182 ﬂuvius
1501 5129 1664 5183 currit
1694 5147 1706 5184 :
1754 5133 1901 5186 mali-

309 5233 397 5303 gni
425 5231 544 5284 dies
567 5238 814 5296 tanquam
843 5221 1032 5276 ﬂuvius
1057 5227 1297 5275 currunt.
1321 5217 1468 5275 Tene
1491 5230 1541 5274 te
1569 5220 1633 5274 ad
1662 5221 1855 5292 lignum
1878 5265 1892 5290 ,

313 5342 380 5379 ne
411 5321 662 5377 traharis.
719 5319 857 5372 Ecce
897 5314 1090 5368 ﬂuvius
1147 5314 1330 5367 currit.
1375 5313 1552 5367 Omnis
1589 5314 1728 5367 enim
1776 5330 1897 5370 caro

315 5420 507 5485 fatum,
540 5422 585 5464 et
613 5409 777 5464 omnis
807 5408 968 5461 honor
993 5405 1181 5470 carnis,
1209 5412 1264 5457 ut
1292 5404 1386 5472 ﬂos
1431 5403 1552 5473 feni.
1598 5405 1897 5474 Przccipita-

314 5515 419 5569 tur,
455 5505 680 5568 transit,
704 5501 875 5569 fenum
900 5497 1054 5561 aruit,
1086 5497 1183 5566 ﬂos
1213 5495 1416 5550 decidit.
1441 5496 1557 5563 Quo
1590 5513 1675 5552 me
1705 5506 1858 5552 teneo
1874 5499 1920 5594 ?.

379 5641 394 5670 ι
423 5645 471 5686 In
496 5636 822 5685 vetustissimo
843 5610 1153 5682 Germanensi
1176 5631 1358 5695 codice,
1372 5630 1476 5682 loco
1499 5645 1712 5697 susurro,
1728 5640 1802 5684 est
1824 5648 1899 5688 su-

314 5711 487 5752 εισι-ιο.

558 5781 784 5842 Seu-scr.
831 5780 1106 5840 AUGUST.
1153 5777 1230 5838 V.

1671 220 1900 280 SERMO
1942 220 2109 280 XXV.

3457 240 3561 298 170

1996 336 2208 396 Verbum
2233 341 2442 402 Domini
2465 360 2635 407 manet
2655 352 2707 408 in
2735 362 2980 412 retentum
3003 357 3156 432 (Isai.
3179 378 3270 431 xc,
3300 364 3444 438 6-8).

2053 432 2103 484 7.
2144 433 2262 490 Pax
2283 443 2536 510 sequenda
2572 449 2738 516 qualis
2777 453 3086 525 praecipitur;
3150 457 3380 516 Prohibe
3402 432 3560 534 vergo

1979 521 2210 594 linguam
2241 536 2382 586 tuam
2411 548 2438 586 a
2470 537 2629 604 malo,
2657 549 2712 595 et
2736 521 2874 599 labia
2906 521 2993 602 tua
3040 559 3096 603 ut
3123 565 3226 604 non
3273 521 3556 622 loquantiir

1978 613 2182 672 dolum.
2216 619 2292 676 Tu
2320 623 2410 692 qui
2441 626 2659 684 volebas
2698 633 2880 703 vitam,
2915 647 3008 692 aut
3036 640 3114 695 vis
3161 640 3320 696 vitam
3342 613 3419 699 ἐι
3443 643 3558 701 dies

1979 705 2148 763 bonos
2168 752 2182 776 ,
2217 713 2415 770 declina
2440 735 2472 772 a
2503 722 2656 790 malo,
2688 735 2734 780 et
2777 730 2858 798 fac
2879 730 3084 787 bonum.
3134 736 3314 802 Qutere
3337 755 3513 808 pacem
3543 781 3560 807 ,

1979 813 2135 868 quam
2163 813 2408 874 optamus
2435 827 2622 870 omnes
2659 827 2712 872 et
2730 819 2784 874 in
2814 822 2910 877 ista
2929 828 3104 882 carnis
3129 832 3470 897 mortalitate,
3503 843 3558 890 ct

1980 890 2031 944 in
2064 893 2159 947 ista
2209 899 2386 955 carnis
2435 902 2739 974 fragilitate,
2787 920 2839 966 et
2891 914 2945 968 in
2993 916 3091 972 ista
3143 921 3555 979 mendacissima

1978 983 2226 1041 vanitate.
2260 989 2456 1049 Omnes
2485 1011 2666 1066 pacem
2687 1005 2928 1070 quzcrite.
2956 1008 3133 1073 Quane
3159 1029 3362 1084 pacem,
3395 1026 3441 1070 et
3475 1035 3557 1072 sc-

1978 1087 2131 1178 qnere
2155 1092 2263 1131 eam
2285 1079 2455 1152 (Psal.
2484 1102 2646 1144 xxxnt
2672 1132 2685 1156 ,
2733 1094 2847 1166 15).
2879 1096 2977 1153 Ubi
3005 1103 3126 1156 est?
3159 1079 3286 1173 Quo
3317 1079 3558 1178 sequor?

1979 1163 2091 1230 Qua
2122 1173 2370 1227 transiit?
2394 1176 2509 1244 Qua
2541 1183 2778 1251 transiit,
2807 1163 2867 1241 ut
2905 1203 3098 1260 sequar
3124 1194 3146 1246 ?
3177 1163 3278 1250 Per
3309 1207 3360 1252 te
3386 1163 3563 1255 trans-

1981 1255 2071 1324 iit,
2105 1261 2197 1314 sed
2230 1279 2332 1318 non
2361 1267 2411 1320 in
2446 1278 2495 1324 te
2524 1277 2796 1333 remansit.
2825 1280 2921 1334 Cui
2949 1282 3106 1339 dico?
3142 1286 3334 1344 Generi
3373 1291 3563 1347 huma—

1981 1363 2050 1401 no
2078 1367 2091 1401 :
2117 1367 2219 1407 non
2258 1358 2543 1432 unicuique
2569 1376 2804 1424 vestrum
2823 1412 2838 1439 ,
2867 1373 2960 1429 sed
2976 1379 3155 1446 generi
3180 1380 3427 1438 humano.
3461 1385 3563 1441 Per

1979 1454 2147 1509 genus
2177 1443 2465 1507 humanum
2518 1458 2724 1514 transiit
2772 1462 2886 1532 ipsa
2917 1443 3051 1536 pax:
3105 1469 3217 1540 ipsa
3259 1482 3562 1533 transeunte

1981 1533 2235 1593 clamavit
2294 1555 2468 1600 caecus
2508 1551 2560 1602 in
2606 1549 2852 1609 hesterna
2882 1533 3136 1618 lectione.
3186 1565 3256 1620 Et
3303 1583 3410 1637 quo
3459 1569 3563 1627 iit?

1981 1623 2161 1682 Primo
2193 1630 2310 1687 vide
2335 1649 2454 1704 qum
2495 1638 2564 1694 sit
2592 1655 2721 1711 pax,
2753 1653 2809 1702 et
2834 1649 2954 1706 vide
2983 1668 3089 1722 quo
3109 1655 3247 1725 ierit,
3279 1623 3336 1714 ei

2069 1733 2208 1814 eam.
2259 1726 2388 1791 Quae
2415 1739 2497 1784 est
2527 1735 2665 1802 pax?
2704 1737 3016 1808 Apostolum
3057 1748 3215 1814 audi;
3261 1750 3326 1807 de
3353 1726 3566 1810 Claristo

1984 1807 2192 1913 dicebat
2213 1853 2230 1881 ,
2273 1814 2395 1886 Ipse
2439 1831 2512 1876 est
2541 1841 2644 1894 pas;
2673 1807 2864 1900 nostra,
2894 1835 2982 1904 qui
3008 1836 3124 1906 fecit
3151 1807 3362 1913 utraque
3405 1861 3565 1901 unum

1985 1899 2196 1999 (up/tes.
2229 1923 2291 1975 ιι,
2328 1911 2440 1983 ιιι).
2469 1914 2577 1971 Pax
2602 1933 2730 1988 ergo
2749 1931 2832 1978 est
2851 1899 3116 1984 Christus.
3154 1899 3400 1999 Quo'iit?
3426 1899 3567 1993 ca;

1983 1995 2169 2052 citixus
2195 2011 2297 2070 est,
2344 2014 2397 2061 et
2415 2011 2653 2078 sepultus
2670 2055 2685 2082 ,
2724 2021 3014 2076 resurrexit
3033 2037 3064 2078 a
3092 2028 3316 2084 mortuis
3334 2070 3351 2099 ,
3378 2045 3570 2088 ascen-

1984 2087 2060 2142 dit
2084 2089 2137 2144 in
2169 2095 2385 2152 caelum.
2413 2099 2550 2158 Ecce
2577 2120 2680 2175 quo
2701 2107 2761 2163 iit
2786 2124 2908 2180 pax.

2056 2183 2282 2242 CAPUT
2307 2188 2492 2245 Vll.-—
2519 2195 2735 2254 Sursum
2760 2218 2864 2257 cor.
2888 2204 3166 2274 Quomodo
3191 2227 3308 2268 eam
3334 2218 3566 2288 sequor?

1984 2271 2204 2332 Sursum
2219 2294 2331 2336 cor.
2347 2283 2507 2342 Audit
2527 2293 2795 2360 quomodo
2814 2271 3075 2368 sequaris.
3090 2301 3336 2369 Quotidie
3353 2271 3568 2376 quidem

1986 2372 2390 2446 audisbreviter,
2415 2384 2629 2452 quando
2656 2387 2746 2444 tibi
2773 2389 2986 2460 dicitur,
3007 2393 3228 2452 Sursum
3256 2372 3384 2467 cor;
3410 2402 3569 2457 altius

1987 2463 2109 2520 inde
2140 2469 2344 2539 cogita,
2393 2484 2447 2528 et
2475 2479 2734 2548 sequeris.
2765 2481 2964 2539 Tamen
2999 2487 3121 2542 audi
3171 2498 3226 2544 et
3268 2463 3453 2560 latius,
3514 2504 3574 2552 ut

1987 2554 2228 2625 sequaris
2269 2577 2451 2632 pacem
2508 2582 2727 2636 veram,
2775 2587 2959 2640 pacem
3003 2585 3182 2645 tuam,
3237 2597 3421 2651 pacem
3451 2601 3572 2654 qum

1987 2662 2085 2717 pro
2115 2661 2163 2706 te
2195 2655 2408 2721 pertulit
2432 2657 2664 2728 bellum;
2697 2678 2879 2732 pacem
2905 2708 2919 2732 ,
2943 2684 3062 2739 qua:
3082 2687 3202 2726 cum
3233 2688 3329 2743 pro
3357 2685 3406 2730 te
3436 2678 3572 2733 tole-

1987 2752 2131 2798 raret
2157 2743 2350 2801 bellum
2372 2790 2387 2816 ,
2414 2753 2584 2808 oravit
2611 2769 2705 2823 pro
2733 2755 2974 2816 hostibus
3001 2765 3144 2832 pacis
3164 2806 3178 2831 ,
3211 2773 3266 2820 et
3285 2767 3415 2822 dixit
3439 2784 3574 2838 pen-

1987 2833 2152 2930 dens,
2184 2837 2371 2908 Pater,
2400 2843 2602 2914 ignosce
2641 2848 2745 2904 illis
2767 2892 2782 2918 ,
2817 2853 2937 2923 quia
2976 2856 3204 2911 nesciunt
3223 2860 3344 2928 quid
3379 2833 3574 2930 faciunt

1989 2923 2140 3018 _(Luc.
2169 2945 2296 2984 χχιιι
2315 2971 2330 2996 ,
2356 2933 2475 3005 46).
2509 2935 2710 2992 Bellum
2735 2949 2868 3010 erat,
2898 2952 2954 2999 et
2983 2960 3082 3015 pax
3111 2948 3178 3002 de
3208 2923 3350 3018 ligno
3379 2923 3574 3008 mana-

1989 3014 2096 3072 bat.
2126 3019 2406 3089 Manabat,
2453 3026 2546 3082 sed
2571 3038 2748 3098 postea
2774 3033 2941 3103 quid?
2971 3014 3224 3094 Ascendit
3247 3014 3305 3095 in
3333 3043 3526 3099 coelum
3555 3085 3572 3112 ,

1989 3109 2180 3177 Qua-re
2208 3129 2413 3183 pacem.
2446 3119 2512 3174 Et
2535 3124 2803 3191 quomodo
2832 3132 3115 3198 sequeris?
3159 3133 3296 3189 Audi
3339 3109 3575 3206 Aposto;

1988 3203 2097 3258 lum
2130 3206 2231 3260 :Si
2255 3212 2597 3268 resurrexistis
2621 3232 2736 3270 cunt
2784 3215 3005 3288 Christo,
3049 3237 3164 3293 qum
3209 3203 3411 3281 sursum
3457 3240 3576 3285 sunt

1989 3295 2212 3364 quaerite,
2249 3298 2332 3352 ubi
2379 3300 2607 3359 Christus
2633 3315 2706 3361 est
2749 3308 2802 3362 in
2823 3309 3030 3367 dextera
3078 3313 3177 3368 Dei
3206 3317 3417 3386 sedens,
3463 3336 3577 3389 qua:

1991 3402 2190 3442 sursum
2230 3400 2343 3444 sunt
2394 3395 2576 3466 sapite,
2608 3414 2708 3453 non
2759 3417 2875 3470 quae
2925 3421 3076 3474 super
3121 3416 3325 3464 terram.
3381 3409 3576 3467 Mortui

1991 3477 2122 3530 enim
2147 3481 2285 3547 estis,
2309 3492 2354 3536 et
2383 3486 2484 3539 vita
2513 3498 2675 3543 vestra
2703 3492 2996 3549 abscondita
3037 3507 3108 3552 est
3131 3515 3244 3554 cum
3280 3500 3477 3557 Christo
3522 3505 3577 3559 in

1991 3568 2101 3624 Deo
2125 3588 2150 3626 :,
2189 3590 2302 3629 cum
2330 3577 2557 3634 Christus
2585 3588 2879 3654 apparuerit
2903 3589 3002 3643 vita
3028 3601 3206 3659 vestra,
3236 3602 3355 3649 tunc
3403 3605 3450 3650 et
3491 3613 3576 3653 vos

1991 3679 2107 3717 cum
2133 3665 2242 3734 ipso
2271 3673 2575 3740 apparebitis
2600 3674 2653 3727 in
2678 3675 2842 3746 gloria
2863 3677 3081 3748 (Coloss.
3115 3698 3205 3750 ιιι,
3241 3686 3361 3755 1-4)

2065 3756 2287 3814 CAPUT
2326 3760 2460 3815 VIII.
2497 3795 2566 3804 —
2592 3765 2730 3823 Ecce
2755 3767 2869 3823 dies
2914 3770 3074 3836 boni,
3107 3773 3249 3843 ipsos
3298 3776 3574 3835 desidere-

1995 3863 2114 3904 mus
2159 3869 2172 3904 :
2218 3863 2435 3923 propter
2473 3854 2573 3911 hoc
2611 3859 2869 3928 vivamus,
2919 3872 3136 3934 prepter
3181 3866 3282 3924 hoc
3336 3884 3571 3942 oremus,

1996 3949 2212 4010 pr0pter
2241 3943 2342 3997 hoc
2366 3945 2734 4019 eleemosynas
2758 3950 2964 4009 demus.

2067 4031 2120 4084 8.
2149 4031 2378 4088 Christus
2413 4036 2465 4090 in
2513 4054 2732 4110 paupere
2770 4045 3050 4102 vestiendus
3117 4059 3166 4103 et
3232 4053 3574 4123 excipiendus.

1997 4123 2115 4178 Jam
2141 4140 2266 4181 ecce
2287 4168 2302 4194 ,
2332 4128 2442 4184 Deo
2487 4133 2750 4202 propitio,
2780 4136 2950 4194 hiems
2996 4149 3080 4196 est
3106 4160 3118 4196 :
3149 4142 3214 4198 de
3259 4149 3580 4217 pauperibus

1997 4216 2247 4286 cogitate,
2277 4221 2545 4290 quomodo
2570 4224 2812 4282 Christus
2838 4231 3094 4286 vestiatur
3117 4234 3310 4290 nudus.
3356 4216 3580 4305 Quando

1998 4309 2271 4380 legebatur
2296 4313 2637 4386 Evangelium
2657 4361 2671 4384 ,
2719 4323 2971 4392 numquid
3000 4341 3104 4380 non
3154 4342 3342 4385 omnes
3371 4329 3581 4388 beatiﬁ-

1999 4403 2233 4460 cavimus
2259 4405 2566 4463 Zaccltreum
2587 4451 2602 4477 ,
2635 4413 2848 4482 quando
2883 4431 3001 4470 cum
3049 4417 3292 4476 Christus
3344 4425 3584 4494 suspexit

2002 4495 2053 4549 in
2104 4497 2294 4552 arbore
2334 4499 2591 4556 intentum
2643 4513 2699 4558 ut
2751 4505 2955 4562 videret
3002 4517 3406 4570 transeuntem?
3449 4517 3582 4572 Nam

2001 4588 2212 4655 quando
2242 4600 2482 4659 speraret
2535 4593 2585 4647 in
2637 4594 2798 4652 domo
2826 4612 2920 4652 sua
2945 4598 3314 4658 habitantem?
3359 4604 3582 4672 Quando

2003 4680 2050 4733 ei
2072 4679 2240 4746 dixit,
2270 4681 2526 4740 Descende
2552 4684 2794 4743 Zacchwe
2815 4705 2835 4754 ,'
2859 4691 3008 4746 hodie
3033 4705 3228 4764 oportet
3252 4713 3330 4751 me
3357 4703 3408 4751 in
3430 4699 3581 4754 domo

2004 4780 2092 4824 tua
2119 4789 2318 4826 manere
2347 4773 2512 4847 (Luc.
2545 4795 2654 4843 xix,
2683 4778 2736 4852 5)
2762 4797 2776 4846 ;
2804 4783 2976 4838 audivi
3001 4787 3230 4854 gemitus
3265 4791 3580 4859 gratulatio-

2003 4863 2085 4917 nis
2114 4874 2322 4918 vestrze.
2345 4865 2504 4933 Quasi
2536 4885 2722 4926 omnes
2750 4873 2800 4927 in
2827 4874 3082 4931 Zacchmo
3111 4877 3302 4945 fuistis,
3333 4890 3386 4935 et
3411 4881 3586 4941 Chriso

2003 4960 2114 5006 tum
2141 4957 2444 5024 cxcepistis;
2465 4959 2542 5014 sic
2566 4959 2699 5016 dixit
2725 4965 2961 5020 omnium
2991 4976 3224 5023 vestrum
3249 4985 3362 5040 cor,
3392 4971 3436 5029 Ο
3458 4975 3586 5030 bea-

2005 5050 2115 5098 tum
2143 5045 2485 5103 Zacchmum!
2521 5050 2774 5108 Dominus
2803 5055 3018 5112 intravit
3044 5059 3097 5113 in
3136 5059 3352 5116 domum
3392 5064 3578 5133 ipsius.

2003 5135 2048 5192 Ο
2071 5138 2279 5194 beatum
2305 5141 2317 5192 ι
2344 5141 2606 5212 Numquid
2629 5145 2780 5200 nobis
2810 5157 2984 5215 potest
3003 5150 3073 5204 ita
3102 5151 3408 5222 contingere
3424 5155 3448 5209 ?
3466 5157 3582 5213 Jam
3647 5152 3668 5227 ε’

2004 5229 2246 5286 Christus
2274 5231 2484 5289 incwlo
2513 5243 2612 5289 est.
2657 5236 2877 5306 Recita,
2909 5239 3073 5306 mihi,
3122 5241 3353 5313 Christe,
3405 5247 3587 5304 Testa-
3665 5245 3673 5248 ’

2003 5330 2242 5378 mentum
2268 5321 2469 5378 Novum
2506 5343 2518 5379 :
2549 5326 2632 5381 fac
2656 5327 2869 5383 beatum
2897 5329 2964 5384 de
2994 5330 3110 5402 lege
3135 5341 3243 5388 tua.
3275 5335 3457 5393 Recita
3479 5381 3493 5403 ,
3527 5351 3585 5395 ut

2005 5414 2143 5467 scias
2170 5423 2220 5469 te
2241 5429 2344 5469 non
2373 5415 2600 5472 fraudari
2627 5417 2824 5474 Christi
2865 5424 3166 5490 praesentia.
3198 5426 3332 5481 Audi
3376 5429 3586 5499 judica-

2007 5515 2218 5560 turum:
2270 5508 2484 5574 Quando
2523 5511 2612 5563 uni
2658 5527 2720 5564 ea:
2762 5512 2982 5566 minimis
3026 5517 3146 5570 meis
3191 5519 3416 5588 fecistis,
3459 5523 3585 5578 mihi

2007 5601 2193 5670 fecistis
2223 5601 2428 5671 (Matth.
2462 5619 2573 5657 xxv
2598 5646 2610 5668 ,
2640 5603 2753 5674 40).
2788 5605 3072 5676 Exspectat
3100 5613 3458 5682 unusquisque
3484 5629 3583 5669 ve-

2009 5702 2172 5746 strum
2204 5693 2468 5764 suscipere
2494 5694 2760 5752 Christum
2787 5697 3059 5754 sedentem
3104 5699 3155 5753 in
3185 5701 3321 5758 cmlo
3355 5720 3368 5759 :
3407 5711 3585 5761 attcn~

2960 5793 3178 5869 (Sim)
