4012 6338
471 237 565 299 1⁸11

468 360 578 416 dite
609 360 755 416 illum
791 360 1055 432 jacentem
1081 361 1179 418 sub
1223 360 1458 432 porticu;
1508 360 1762 417 attendite
1804 362 2041 418 esurien-

467 464 573 514 tem
593 500 609 525 ,
645 457 903 515 attendite
930 458 1098 529 frigus
1117 457 1401 528 patientem
1420 498 1438 524 ,
1492 456 1751 513 attendite
1778 473 2002 528 egenum
2021 499 2036 523 ,

462 548 720 605 attendite
785 548 1144 621 peregrinum.
1193 547 1375 604 Facite
1424 548 1569 619 quod
1595 548 1783 604 soletis
1814 588 1830 614 ,
1885 547 2041 604 facite

460 638 607 710 quod
629 655 737 695 non
765 639 946 695 soletis
975 640 1016 693 ί.
1043 637 1251 695 Crescit
1276 638 1549 707 doctrina,
1581 647 1826 697 crescant
1876 656 2038 711 opera

462 731 618 788 bona.
640 728 897 787 Laudatis
915 739 1207 787 sementem
1229 771 1245 798 ,
1288 730 1536 788 exhibete
1555 746 1801 788 messem.
1843 731 2032 788 Amen.

954 864 1183 922 δειξΜο
1219 865 1569 951 xxvrpz).

453 977 533 1033 De
557 977 713 1032 verbis
738 976 934 1033 Psalmi
950 993 1094 1045 xcrv,
1131 978 1339 1052 Vertite,
1369 979 1654 1036 adoremus
1695 988 1750 1037 et
1793 989 2032 1058 proster-

519 1083 710 1124 namur
734 1068 805 1136 ei,
827 1066 1049 1125 ﬂeamus
1060 1077 1188 1126 ante
1210 1070 1497 1126 Dominum
1526 1071 1617 1142 qui
1642 1085 1743 1126 nos
1767 1071 1909 1136 fecit,
1931 1080 2028 1127 etc.

518 1160 588 1217 Et
613 1160 678 1215 de
699 1161 862 1215 verbis
892 1161 1122 1232 Apostoli
1147 1160 1215 1216 ad
1254 1160 1424 1216 Galat.
1456 1179 1571 1234 cap.
1599 1162 1638 1217 2
1658 1203 1673 1230 ,
1704 1162 1835 1217 Nam
1866 1162 1908 1218 si
1936 1178 2032 1232 per

520 1252 716 1324 Legem
743 1252 976 1323 justitia,
1008 1261 1129 1321 etc.,
1156 1262 1204 1309 et
1245 1269 1362 1325 cap.
1386 1254 1440 1322 5,
1463 1253 1516 1311 Si
1545 1254 1835 1311 enim'data
1888 1263 2031 1313 esset

514 1346 627 1402 Lex
649 1363 768 1417 qua:
798 1346 966 1418 possit
993 1345 1373 1421 vivificare:et
1419 1348 1488 1402 ad
1538 1346 1690 1403 Rom.
1735 1365 1850 1419 cap.
1880 1348 1934 1415 9,
1983 1346 2030 1404 Ο

514 1437 676 1494 homo
700 1446 757 1493 tu
786 1438 904 1509 quis
939 1453 1020 1505 es,
1048 1447 1169 1504 εντα..
1199 1446 1374 1508 etcap.
1400 1437 1501 1505 11,
1554 1437 1600 1495 0
1627 1439 1880 1495 altitudo!
1928 1448 2023 1493 etc.

521 1528 709 1585 Contra
727 1529 955 1584 hwresim
981 1527 1378 1601 Pelagianorum
1409 1527 1504 1602 (b).

509 1643 738 1702 CAPUT
786 1642 1148 1701 PRIMUM.—-—
1196 1644 1249 1699 1.
1288 1642 1509 1698 Ηοηιοα
1558 1643 1671 1700 Deo
1714 1656 1948 1714 creatus,
1991 1662 2024 1701 a

443 1734 571 1803 Deo,
612 1751 727 1790 cum
772 1735 939 1807 ipsum
958 1742 1138 1806 rogat,
1181 1750 1284 1789 non
1302 1734 1564 1789 deseritur.
1589 1735 1831 1791 Psalmus
1862 1749 2020 1807 quem

437 1827 765 1884 enatavimus
789 1823 923 1895 Deo,
975 1835 1029 1883 et
1052 1840 1155 1882 nos
1179 1827 1406 1882 invicem
1432 1826 1696 1882 exhortati
1731 1842 1933 1894 sumus,
1965 1836 2022 1885 ut

437 1920 703 1979 adoremus
726 1935 859 1987 um,
878 1926 924 1975 et
935 1927 1312 1991 prosternamur
1334 1918 1432 1984 illi,
1465 1925 1512 1975 et
1533 1920 1749 1990 ﬂeamus
1772 1929 1889 1975 ante
1911 1920 2018 1976 Do-

436 2013 629 2070 minum
656 2013 743 2084 qui
782 2028 876 2068 nos
894 2012 1032 2084 fecit,
1062 2010 1314 2067 admonet
1343 2026 1587 2083 quaerere
1624 2012 1895 2084 aliquanto
1930 2013 2017 2069 di-

434 2105 703 2177 ligentius,
725 2103 853 2175 quid
876 2103 979 2159 sibi
1020 2104 1147 2160 velit
1175 2103 1316 2176 quod
1343 2105 1434 2171 ait,
1467 2105 1566 2172 Qui
1595 2120 1687 2160 nos
1706 2107 1841 2177 fecit.
1863 2106 2017 2175 Quod

432 2197 576 2252 enim
606 2198 768 2252 homo
803 2210 836 2251 a
876 2195 990 2251 Deo
1011 2203 1223 2252 creatus
1246 2205 1348 2261 est,
1375 2195 1551 2251 nullus
1582 2194 1792 2252 dubitat
1829 2195 2013 2267 homo,

433 2287 539 2342 nisi
567 2287 657 2358 qui
677 2286 911 2358 ingratus
929 2293 1033 2343 est.
1061 2284 1315 2342 Novimus
1340 2285 1505 2354 enim,
1527 2286 1650 2357 quia
1673 2286 1743 2342 ita
1766 2286 2011 2360 legimus,

433 2386 491 2434 et
509 2378 581 2433 ita
622 2377 963 2444 credidimus,
1010 2375 1153 2447 quod
1180 2375 1312 2433 fecit
1348 2376 1490 2434 Deus
1517 2377 1812 2446 hominem,
1871 2379 2015 2435 inter

428 2472 595 2527 multa
623 2485 741 2542 qua:
769 2470 912 2535 fecit,
936 2468 1005 2525 ad
1026 2469 1312 2542 imaginem
1367 2484 1520 2526 suam
1540 2469 1693 2542 (Gen.
1721 2486 1761 2539 ι,
1777 2471 1867 2540 26,
1891 2470 2007 2546 27).

430 2563 560 2619 Haec
605 2562 840 2621 hominis
862 2571 947 2619 est
988 2562 1159 2632 prima
1194 2561 1449 2630 conditio,
1493 2562 1609 2620 haec
1645 2572 1729 2619 est
1775 2563 2009 2622 humana

425 2654 599 2725 prima
634 2662 901 2713 creatura.
936 2652 1055 2709 Non
1108 2660 1285 2709 tamen
1330 2652 1579 2720 arbitror,
1629 2654 1734 2709 hoc
1766 2669 1866 2710 nos
1912 2669 2011 2726 pro

423 2759 620 2817 magno
646 2745 881 2802 voluisse
897 2759 1241 2803 commonere
1259 2744 1517 2816 Spiritum
1551 2756 1793 2802 sanetum
1822 2748 1876 2802 in
1904 2747 2009 2805 hoc

423 2835 653 2908 psalmo,
672 2836 814 2906 quod
839 2837 933 2901 ait,
952 2834 1195 2892 Fieamus
1213 2847 1329 2891 ante
1348 2835 1624 2893 Dominum
1637 2838 1724 2908 qui
1741 2853 1833 2893 nos
1850 2839 1969 2909 fecit
1982 2855 2003 2895 :

423 2926 529 2982 alio
551 2926 696 2981 enim
730 2923 850 2980 loco
873 2925 1024 2992 dicit,
1054 2924 1179 2996 Ipse
1203 2924 1322 2996 fecit
1365 2941 1476 2992 nos,
1526 2935 1574 2982 et
1627 2943 1730 2982 non
1774 2928 1873 2998 ipsi
1913 2944 2007 2984 nos

429 3016 600 3090 (Psat.
651 3031 797 3086 xctx,
845 3015 924 3090 3).
970 3016 1124 3075 Unde
1166 3017 1403 3089 quidem,
1425 3027 1485 3074 ut
1500 3017 1634 3086 dixi,
1685 3019 2006 3077 cbristiauus

422 3108 635 3165 dubitat
657 3123 816 3177 nemo
841 3125 856 3164 :
883 3108 1008 3180 quia
1037 3123 1143 3165 non
1175 3109 1351 3165 solum
1377 3109 1522 3167 Deus
1543 3110 1745 3168 ereavit
1775 3112 2005 3182 primum

422 3200 718 3269 hominem,
743 3215 811 3257 ex
837 3214 944 3272 quo
958 3215 1148 3259 omnes
1169 3200 1434 3270 homines,
1460 3201 1556 3258 sed
1579 3202 1720 3259 Deus
1743 3202 2006 3275 hodieque

400 3297 572 3349 creat
617 3289 855 3362 singulos
889 3289 1163 3357 homines;
1207 3290 1296 3346 ille
1338 3292 1429 3362 qui
1468 3291 1544 3347 ait
1569 3292 1779 3349 cuidam
1818 3302 2004 3349 sancto

428 3396 552 3453 suo,
586 3380 894 3457 Priusquam
928 3390 980 3437 te
1003 3386 1273 3453 [craterem
1304 3382 1359 3437 in
1386 3392 1544 3450 utero,
1586 3384 1701 3438 novi
1719 3394 1766 3438 te
1790 3384 2001 3455 (Jcrcm.

418 3491 460 3543 ι,
490 3476 570 3547 5).
600 3474 751 3530 Prius
775 3488 904 3545 ergo
931 3474 1135 3530 creavit
1154 3473 1423 3530 hominem
1443 3474 1561 3530 sine
1588 3472 1824 3541 homine,
1844 3477 2004 3532 modo

419 3574 570 3624 creat
594 3565 865 3622 hominem
892 3580 961 3621 ex
989 3566 1224 3633 homine.
1246 3564 1447 3621 Tamen
1467 3565 1585 3622 sive
1600 3564 1869 3623 hominem
1887 3567 2003 3624 sine

420 3657 659 3723 homine,
688 3657 800 3713 sive
825 3655 1098 3712 hominem
1125 3670 1192 3711 ex
1217 3655 1453 3722 homine,
1478 3654 1602 3727 Ipse
1646 3656 1764 3726 fecit
1791 3672 1907 3725 nos,
1952 3666 2003 3713 et

420 3764 526 3804 non
551 3748 654 3820 ipsi
674 3760 787 3803 nos.
808 3745 891 3804 Ad
920 3746 1081 3803 istum
1108 3746 1287 3817 itaque
1315 3746 1543 3816 primum
1563 3748 1845 3805 verborum
1871 3748 2002 3804 isto-

417 3856 539 3897 rum
564 3849 620 3898 et
645 3840 852 3898 facilem
880 3854 1119 3908 sensum,
1148 3839 1243 3896 sed
1287 3848 1462 3895 tamen
1499 3855 1704 3907 verum,
1734 3843 2000 3898 adoremus

419 3949 552 4000 eum,
585 3934 796 4001 fratres,
823 3940 870 3988 et
895 3940 1271 4002 prosternamur
1288 3931 1352 3996 ei,
1377 3942 1423 3985 et
1448 3931 1700 4002 ploremus
1725 3941 1840 3988 ante
1884 3932 1999 3989 Do-

417 4024 614 4079 minum
639 4023 726 4095 qui
768 4038 860 4077 nos
880 4022 1017 4093 fecit.
1042 4020 1158 4077 Non
1196 4022 1337 4089 enim
1361 4020 1509 4089 fecit,
1531 4030 1587 4078 et
1613 4022 1809 4079 deserit
1840 4041 1854 4079 :
1891 4040 1999 4083 non

419 4115 565 4176 enim
584 4112 1002 4181 curavitfacere,
1028 4121 1084 4170 et
1112 4127 1216 4169 non
1243 4122 1394 4169 curat
1412 4113 1700 4171 custodire.
1731 4115 1999 4174 Ptoremus

415 4215 536 4267 ante
561 4205 859 4274 Dominum,
903 4204 991 4277 qui
1040 4220 1132 4260 nos
1163 4204 1282 4276 fecit
1307 4220 1327 4258 :
1354 4205 1475 4276 quia
1514 4220 1623 4262 non
1668 4207 1998 4278 ploravimus

419 4298 636 4372 quando
659 4312 760 4354 nos
780 4295 926 4363 fecit,
949 4306 1004 4352 et
1033 4303 1212 4352 tamen
1234 4295 1378 4352 fecit.
1408 4296 1508 4364 Qui
1529 4312 1656 4369 ergo
1691 4298 1817 4356 fecit
1842 4309 1997 4358 ante-

415 4406 578 4465 quam
598 4396 899 4461 rogaretur,
921 4386 1121 4444 deserit
1141 4402 1263 4443 cum
1286 4387 1540 4459 rogatur?
1568 4389 1840 4462 Tanquam
1870 4406 1997 4465 ergo

414 4481 687 4538 dubitaret
722 4478 884 4535 homo
931 4486 1105 4534 utrum
1134 4477 1476 4536 exaudiretur
1514 4496 1693 4549 orans,
1723 4484 1997 4542 admonuit

414 4588 540 4631 eum
591 4572 886 4645 Scriptum,
930 4585 1052 4637 cum
1091 4571 1239 4639 dicit,
1292 4570 1561 4635 Ploremus
1577 4585 1695 4632 ante
1720 4575 1998 4634 Dominum

417 4665 504 4730 qui
532 4680 625 4720 nos
661 4663 797 4736 fecit.
828 4661 1022 4733 Utique
1066 4662 1282 4719 exaudit
1316 4679 1452 4735 quos
1487 4664 1614 4722 fecit
1640 4684 1655 4723 :
1682 4668 1864 4741 utique
1889 4686 1996 4728 non

413 4765 588 4830 potest
612 4770 719 4815 non
747 4769 937 4811 curare
959 4769 1092 4829 quos
1114 4755 1258 4811 fecit.

484 4846 712 4906 CAPUT
748 4845 812 4904 ll.
854 4873 929 4887 --
965 4845 1022 4901 2.
1063 4845 1459 4920 Pelagianorum
1498 4867 1671 4919 error,
1718 4870 1776 4909 se
1817 4873 1851 4910 a
1888 4857 1996 4913 Deo

418 4944 578 5003 factos
602 4941 847 5010 homines,
888 4957 923 4995 α
965 4956 1019 4995 se
1069 4949 1238 5003 autem
1259 4946 1447 5013 justas.
1496 4944 1874 5006 Verumtamen
1916 4953 1996 5008 al-

415 5068 1759 5184 mammaensisusai'acitequisotetisﬁacitequi
1788 5093 1883 5133 non
1923 5097 1999 5136 so-

484 5165 784 5269 ?serjmones
879 5198 933 5269 et
944 5191 1005 5269 ξ]
1021 5194 1384 5269 emendavimus
1403 5198 1463 5248 ad
1480 5205 1585 5269 tres
1604 5200 1708 5262 bn.,
1720 5204 1778 5254 ad
1795 5214 1999 5269 quatuor

396 5253 478 5304 ei.
495 5258 548 5305 et
564 5253 627 5303 ad
646 5259 800 5322 a._est.
815 5256 893 5322 ει).
910 5254 943 5304 f.
959 5254 1019 5307 fs.
1038 5269 1088 5319 g.
1107 5257 1165 5306 lr.
1185 5269 1250 5305 m.
1268 5271 1340 5319 pr.
1360 5272 1447 5308 nn.
1467 5261 1544 5311 vd.
1560 5270 1659 5312 Am.
1675 5253 1748 5315 ir.
1766 5253 1888 5318 P515.—
1887 5253 1997 5322 113?.

474 5322 527 5393 in
547 5316 910 5393 ﬁﬁfiﬁgtﬁge
927 5316 1148 5393 gemino
1166 5316 1502 5393 cst.'_sermoni
1523 5323 1636 5376 huic
1656 5326 1718 5378 ω
1748 5316 2000 5393 ριιρὲδξῖιίιί

417 5383 514 5439 est,
538 5374 813 5439 Habitus‘in
837 5377 1036 5430 basilicd
1062 5380 1399 5434 Theodosium.

474 5437 550 5565 Ea;
566 5437 706 5513 Alias,
728 5437 793 5488 de
815 5442 978 5491 verbis
997 5442 1203 5553 apostoli
1227 5444 1303 5493 11.

501 5499 528 5551 b
580 5507 759 5551 (utatur
777 5513 808 5565 a
827 5501 961 5553 Floro
981 5515 1011 5552 a
1074 5510 1202 5554 Rom.
1226 5505 1303 5557 4t

580 5502 808 5586 8ίὲἕὲἔὲ
822 5501 1269 5586 31959?£‘..§2‘1‘:-‘.
1279 5514 1342 5586 Si
1362 5508 1409 5586 9;
1444 5511 1644 5586 ﬂabit!“
1664 5513 1755 5567 fuit
1782 5518 1865 5586 die,
1887 5535 1999 5586 pro-

559 5563 929 5643 ,ξθὲἓὲῗὲἱῖΨέ
943 5578 1226 5643 βενωςνξπξω
1250 5569 1355 5643 ίεὲϐν
1379 5571 1443 5622 de
1465 5563 1639 5626 verbis
1662 5563 1999 5643 Αὖόεῖόῦῖἐιῖ-

400 5576 549 5614 νιιωθ
571 5576 929 5675 εαιιιθιιιιυῖοδι
947 5578 1226 5616 sermonem
1250 5576 1355 5629 156,
1379 5576 1443 5622 de
1465 5576 1629 5626 verbis
1662 5576 1999 5643 Apostoli,'an-

383 5637 480 5738 :3
498 5625 879 5740 ,ο
902 5634 1034 5699 post,
1074 5640 1135 5680 eo
1157 5630 1264 5682 fere
1287 5639 1507 5697 tempore
1528 5650 1626 5700 quo
1646 5642 1853 5707 scriptus
1875 5648 1999 5699 liber

1394 5908 1435 5921 ’-

1704 236 1764 299 S.
1803 237 2167 298 AUGUSTINI
2205 240 2501 303 EPISCOPI

3630 264 3733 321 172

2154 361 2289 418 tiore
2335 365 2622 438 intellectu,
2662 380 2734 440 et,
2763 383 3017 446 quantum
3039 379 3304 449 existimo,
3332 384 3565 454 utiliore,
3598 390 3729 449 vidit

2148 454 2404 551 quosdam
2431 457 2658 551 Spiritus
2691 474 2905 523 sanctus
2935 466 3173 527 dicentes
3197 473 3279 528 vel
3319 473 3554 534 dicturos
3582 483 3726 551 quod

2146 542 2291 639 Deus
2321 546 2507 605 fecerit
2554 566 2648 608 eos
2690 554 2953 627 homines,
2995 561 3170 632 juStos
3211 573 3388 622 autem
3430 542 3614 639 ipsise
3642 572 3723 630 fa-

2145 633 2325 691 ciant:
2362 641 2605 709 prtevidit
2632 659 2745 714 eos,
2789 648 3065 707 admonuit
3092 669 3207 723 eos,
3255 658 3401 714 etab
3430 633 3527 717 hac
3548 668 3722 721 extol-

2143 724 2311 820 len‘tia
2362 733 2631 789 revocavit
2666 749 2779 805 eos,
2829 740 3031 807 dicens,
3077 743 3199 815 Ipse
3249 750 3366 820 fecit
3405 767 3516 820 nos,
3545 764 3592 809 et
3620 755 3738 813 non”

2140 815 2372 910 ips-i‘rnos.
2412 820 2590 890 Quare
2633 827 2775 883 enim
2816 831 3038 901 addidit,
3087 831 3157 890 Et
3179 815 3279 893 non
3301 841 3400 910 ipsi
3440 815 3550 909 nos.
3597 863 3719 905 cum

2138 905 2413 966 sufficeret
2433 911 2631 982 dicere,
2663 915 2787 990 Ipse
2809 921 2927 990 fecit
2956 940 3048 979 nos
3071 928 3096 980 .9
3116 929 3215 983 nisi
3235 905 3357 999 quia
3378 933 3520 991 illam
3541 905 3716 996 factu-

2137 1011 2251 1052 ram
2296 1002 2463 1058 voluit
2488 1005 2794 1078 admonere,
2822 1014 2912 1069 ubi
2939 1016 3120 1073 dicunt
3144 1019 3404 1091 homines,
3434 1027 3533 1094 Ipsi
3587 1033 3715 1088 feci-

2135 1104 2256 1145 mus
2278 1107 2402 1159 nos;
2432 1095 2483 1150 id
2510 1107 2613 1163 est,
2642 1110 2698 1156 ut
2739 1103 2869 1172 justi
2916 1121 3175 1174 essemus,
3200 1111 3375 1181 justas
3417 1134 3514 1175 nos
3549 1119 3713 1179 libera

2135 1183 2404 1242 voluntate
2447 1187 2941 1266 fecimuszquando
2992 1202 3189 1258 conditi
3243 1220 3448 1278 sumus,
3487 1212 3712 1271 liberant

2133 1275 2411 1334 arbitrium
2436 1284 2771 1354 accepimus;
2805 1298 2861 1344 ut
2896 1305 3025 1362 ergo
3044 1293 3172 1364 justi
3202 1297 3390 1367 simus,
3434 1275 3615 1361 libero
3659 1308 3713 1363 id

2132 1368 2349 1466 arbitrio
2391 1374 2614 1466 agimus.
2662 1378 2797 1446 Quid
2840 1383 3014 1440 adhuc
3063 1386 3229 1443 Deum
3275 1391 3602 1466 invocamus,
3655 1408 3712 1455 ut

2124 1457 2302 1555 justas
2332 1479 2429 1519 nos
2455 1465 2633 1536 faciat,
2674 1473 2815 1542 quod
2842 1473 3099 1534 habemus
3133 1481 3186 1534 in
3217 1493 3500 1555 potestate,
3527 1457 3710 1549 ut'nos

2129 1551 2232 1649 ipsi
2255 1553 2431 1649 just-os
2461 1558 2750 1618 faciamus?
2780 1568 2995 1636 Audite,
3028 1575 3207 1629 audite
3232 1594 3245 1629 :
3274 1585 3327 1632 et
3349 1551 3524 1649 justas
3549 1594 3602 1639 et
3625 1586 3708 1640 ἰη-

2122 1642 2318 1715 justos,
2349 1646 2471 1719 Ipse
2494 1652 2614 1724 fecit
2634 1671 2746 1723 nos,
2766 1666 2813 1711 et
2834 1675 2934 1714 non
2963 1663 3063 1732 ipsi
3088 1681 3199 1721 nos.
3231 1642 3450 1726 Crestus
3474 1683 3558 1729 est
3597 1677 3708 1744 pri-

2126 1752 2246 1794 mus
2270 1739 2430 1797 homo
2455 1743 2507 1798 in
2535 1755 2724 1803 natura
2753 1751 2870 1807 sine
2898 1754 3068 1824 culpa,
3098 1758 3148 1812 in
3176 1770 3361 1816 natura
3389 1764 3507 1821 sine
3536 1739 3663 1823 vitio
3684 1788 3702 1825 :

2125 1840 2336 1890 creatus
2357 1828 2438 1891 est
2459 1847 2661 1909 rectus,
2685 1857 2789 1897 non
2815 1859 2876 1900 se
2890 1844 3014 1902 fecit
3033 1860 3255 1906 rectum.
3279 1853 3417 1921 Quid
3437 1872 3495 1912 se
3523 1870 3702 1917 autem

2124 1924 2237 1994 ipse
2263 1926 2466 1995 fecerit,
2496 1940 2677 1987 notum
2699 1945 2821 1992 est:
2852 1938 3049 1995 cadens
3075 1957 3107 1998 a
3136 1960 3294 2001 manu
3329 1947 3471 2018 ﬁguli
3499 1950 3700 2010 fractus

2121 2026 2224 2073 est.
2252 2017 2487 2090 Regebat
2514 2023 2656 2079 enim
2690 2040 2813 2082 eum
2848 2029 2962 2100 ipse
2989 2034 3079 2103 qui
3107 2033 3328 2106 fecerat,
3354 2017 3522 2097 voluit
3542 2044 3700 2101 dese-

2120 2123 2240 2165 rere
2256 2125 2287 2165 a
2304 2127 2411 2182 quo
2430 2111 2751 2189 factusjeratj;
2783 2121 3024 2190 permisit
3046 2125 3204 2190 Deus,
3226 2136 3473 2200 tanquam
3491 2133 3698 2204 dicens,

2119 2198 2339 2256 Deserat
2361 2218 2468 2269 me,
2499 2214 2553 2260 et
2578 2206 2812 2265 inveniat
2830 2225 2905 2279 se,
2935 2221 2990 2269 et
3010 2214 3222 2273 miseria
3250 2198 3350 2273 sua
3364 2223 3553 2291 probet
3577 2198 3698 2296 quia

2117 2291 2247 2347 nihil
2271 2301 2447 2363 potest
2469 2296 2582 2352 sine
2606 2314 2712 2355 me.
3204 2320 3207 2323 λ

2182 2382 2412 2481 ρΔΑΡῌΤ
2588 2419 2662 2431 -
2711 2392 2766 2448 5.
2820 2393 3051 2451 Liberum
3109 2400 3373 2457 arbitrium
3417 2408 3537 2463 “sine
3588 2409 3729 2481 Deo,

2113 2475 2236 2545 quid
2259 2479 2441 2533 valeat.
2485 2480 2595 2536 Hoc
2650 2483 2809 2540 modo
2865 2501 2993 2559 ergo
3026 2494 3308 2550 ostendero
3340 2497 3505 2553 voluit
3556 2500 3696 2558 Deus

2112 2564 2313 2622 homini
2352 2570 2479 2639 quid
2517 2572 2690 2628 valeat
2731 2574 2955 2632 liberum
2999 2582 3274 2639 arbitrium
3318 2586 3433 2643 sine
3478 2589 3606 2645 Deo.
3649 2593 3698 2648 0

2111 2657 2308 2713 malum
2349 2659 2571 2716 liberum
2613 2663 2891 2722 arbitrium
2927 2670 3042 2725 sine
3076 2670 3219 2728 Deo!
3257 2674 3472 2746 Experti
3509 2695 3694 2741 sumus

2110 2750 2237 2846 quid
2253 2752 2439 2846 valeat
2467 2754 2583 2846 sine
2612 2756 2741 2812 Deo.
2772 2757 2897 2814 Ideo
2936 2762 3115 2818 miseri
3153 2764 3275 2822 facti
3312 2784 3529 2841 sumus,
3568 2777 3691 2846 quia

2109 2841 2227 2936 sine
2252 2843 2362 2936 Deo
2382 2844 2508 2915 quid
2534 2847 2704 2903 valeat
2727 2852 2933 2921 experti
2958 2869 3159 2912 sumus.
3193 2859 3407 2930 Experti
3429 2879 3556 2936 ergo
3577 2841 3693 2923 tan-

2108 2930 2231 2987 dem
2260 2934 2540 3006 aliquando
2568 2941 2875 2998 noverimus
2896 2985 2911 3011 ,
2940 2954 2996 3001 et
3023 2950 3183 3004 venite
3200 2991 3215 3017 ,
3246 2930 3515 3012 adoremus
3539 2975 3649 3014 enm
3670 3002 3690 3027 ,

2108 3034 2156 3079 et
2181 3037 2559 3095 prosternamur
2582 3030 2648 3084 ei.
2686 3030 2859 3088 Venite
2892 3036 3160 3095 adoremus
3177 3082 3191 3107 ,
3229 3045 3280 3096 et
3312 3057 3693 3115 prosternamur

2106 3114 2205 3181 illi,
2228 3126 2276 3170 et
2297 3118 2510 3188 ﬂeamus
2533 3137 2703 3176 coram
2729 3122 2946 3181 Domino
2964 3130 3053 3200 qui
3075 3148 3168 3185 nos
3191 3133 3347 3203 fecit;
3372 3147 3427 3192 ut
3454 3141 3689 3209 perditos

2106 3220 2206 3261 nos
2238 3222 2334 3278 per
2369 3223 2502 3275 nos,
2543 3211 2748 3269 reﬁciat
2777 3230 2876 3271 nos
2916 3219 3005 3288 qui
3042 3219 3164 3277 fecit
3202 3239 3319 3280 nos.
3350 3227 3489 3285 Ecce
3518 3232 3689 3291 bonus

2106 3293 2274 3353 factus
2300 3305 2385 3353 est
2412 3299 2573 3357 homo
2592 3345 2605 3368 ,
2645 3312 2700 3359 et
2725 3320 2823 3377 per
2845 3307 3070 3365 liberum
3102 3313 3375 3373 arbitrium
3407 3320 3576 3379 factus
3603 3335 3689 3382 est

2106 3387 2276 3442 malus
2299 3388 2459 3446 homo
2490 3395 2738 3464 :quando
2774 3396 3006 3455 facturus
3043 3415 3125 3459 est
3163 3405 3361 3464 bonum
3412 3411 3685 3473 hominem

2105 3479 2278 3535 malus
2305 3479 2466 3538 homo
2494 3499 2590 3554 per
2616 3487 2841 3545 liberum
2879 3492 3153 3551 arbitrium
3190 3498 3445 3559 deserens
3482 3506 3687 3565 Deum?

2104 3568 2328 3628 Servare
2354 3588 2416 3629 se
2444 3591 2549 3630 non
2581 3580 2752 3647 potuit
2778 3580 2949 3638 bonus
2976 3585 3173 3643 bonum
3192 3631 3209 3658 ,
3249 3601 3305 3647 et
3330 3593 3565 3654 facturus
3601 3611 3686 3658 est

2105 3677 2165 3719 se
2193 3666 2365 3722 malus
2390 3666 2627 3724 bonum?
2663 3670 2797 3728 Cum
2822 3686 2967 3732 esset
2994 3678 3197 3747 bonus,
3240 3699 3343 3740 non
3371 3703 3430 3743 se
3455 3694 3685 3748 servavit

2103 3754 2335 3825 bonum;
2383 3769 2437 3815 et
2475 3777 2596 3817 cum
2637 3764 2706 3820 sit
2747 3767 2917 3823 malus
2953 3770 3111 3839 dicit,
3151 3774 3312 3832 Facio
3339 3795 3424 3836 me
3450 3781 3685 3845 bonum?

2102 3846 2237 3914 Quid
2264 3848 2607 3948 facis-malus,
2629 3855 2717 3926 qui
2740 3859 2921 3927 peristi
2948 3860 3136 3931 bonus,
3159 3867 3258 3922 nisi
3284 3869 3488 3928 reficiat
3512 3883 3563 3931 te
3589 3877 3682 3948 qui

2103 3950 2377 4009 permanet
2402 3943 2610 4000 bonus?

2172 4011 2225 4065 4.
2270 4011 2513 4069 Homines
2537 4017 2672 4085 quod
2692 4035 2900 4090 sumus,
2940 4022 3049 4078 Deo
3083 4037 3290 4086 auctore
3322 4050 3513 4092 sumus.
3546 4037 3681 4096 Gra-

2100 4100 2173 4155 tia
2209 4102 2493 4197 creationis.
2523 4103 2716 4163 Electio
2752 4108 2867 4165 Dei.
2894 4140 2967 4153 -ο
2992 4114 3115 4186 Ipse
3148 4136 3276 4192 ergo
3318 4127 3435 4196 fecit
3457 4146 3581 4197 nos,
3634 4142 3682 4189 ct

2102 4206 2202 4290 non
2228 4191 2326 4290 ipsi
2358 4209 2471 4290 nos.
2509 4194 2823 4290 NosAautem
2849 4205 3073 4273 populus
3103 4191 3225 4281 eius
3250 4222 3297 4266 et
3318 4191 3442 4273 iores
3477 4191 3682 4290 pascua

2100 4281 2209 4382 ejus
2241 4279 2411 4352 (Psal.
2436 4299 2597 4382 ιιειν,Δ
2619 4286 2676 4355 6,
2705 4287 2795 4382 η.
2836 4292 2972 4348 Ecce
3007 4279 3137 4353 fecit
3170 4315 3268 4356 nos
3310 4279 3553 4366 homines
3580 4327 3683 4382 po-

2102 4371 2283 4442 pulum
2310 4387 2485 4443 suum,
2511 4378 2599 4446 qui
2628 4393 2727 4434 nos
2752 4379 2893 4437 fecit.
2926 4382 3038 4440 Non
3066 4390 3205 4443 enim
3244 4398 3404 4449 creati
3437 4371 3681 4459 homines

2096 4461 2207 4533 jam
2238 4466 2464 4534 populus
2490 4467 2604 4538 ejus
2632 4485 2866 4528 eramus.
2894 4474 3116 4546 Videte,
3147 4480 3335 4539 fratres
3364 4490 3465 4543 mei
3483 4531 3497 4555 ,
3530 4502 3584 4547 et
3610 4495 3681 4553 de

2103 4555 2269 4658 ipsius
2317 4556 2512 4613 Psalmi
2563 4562 2739 4658 verbis
2787 4568 3073 4638 attendite,
3119 4574 3256 4631 unde
3293 4578 3516 4650 dixerit,
3559 4585 3683 4658 Ipse

2101 4650 2217 4721 fecit
2257 4666 2376 4715 nos,
2415 4661 2464 4705 et
2502 4668 2603 4708 non
2639 4654 2739 4726 ipsi
2778 4674 2889 4715 nos.
2932 4661 3065 4718 Hinc
3105 4665 3264 4732 dixit,
3303 4669 3446 4726 Fecit
3471 4691 3562 4730 nos
3579 4650 3605 4743 ,v
3634 4689 3681 4733 et

2102 4758 2203 4796 non
2238 4743 2335 4814 ipsi
2369 4760 2489 4810 nos,
2531 4754 2591 4800 ut
2622 4747 2788 4804 simus
2825 4753 3041 4823 populus
3079 4759 3188 4828 ejus
3228 4771 3274 4813 et
3321 4778 3435 4819 oues
3480 4784 3682 4836 pascua:

2102 4837 2230 4906 ejus.
2276 4834 2397 4908 Ipse
2440 4839 2554 4909 fecit
2596 4856 2706 4895 nos.
2751 4842 2883 4898 Nam
2928 4857 2981 4901 et
3031 4848 3220 4921 Pagani
3270 4834 3576 4930 nascuntur,
3627 4872 3681 4918 et

2102 4942 2289 4983 omnes
2334 4928 2511 4998 impii,
2568 4945 2755 4988 omnes
2798 4935 3083 4994 adversarii
3130 4943 3378 5002 Ecclesiae
3419 4928 3572 5020 ejus,
3623 4964 3681 5010 ut

2102 5028 2469 5087 nascerentur,
2517 5020 2631 5091 ipse
2673 5021 2797 5078 fecit
2838 5041 2949 5082 eos.
2999 5028 3113 5086 Non
3165 5036 3306 5090 enim
3355 5038 3490 5095 alius
3539 5042 3682 5100 Deus

2102 5110 2304 5166 creavit
2338 5126 2454 5167 eos.
2495 5112 2595 5179 Qui
2629 5115 2696 5169 de
2726 5116 2950 5203 Pagauis
2980 5136 3285 5192 nascuntur,
3315 5130 3383 5186 ab
3414 5133 3529 5203 ipso
3558 5136 3681 5193 facti

2103 5212 2258 5271 sunt,
2300 5203 2368 5258 ab
2407 5205 2521 5274 ipso
2555 5208 2721 5263 creati
2751 5197 2906 5279 sunt;
2942 5222 2996 5270 et
3029 5232 3132 5271 non
3160 5228 3282 5275 sunt
3310 5197 3535 5294 populus
3564 5228 3682 5298 ejus

2105 5309 2206 5350 nec
2231 5309 2357 5351 oves
2387 5312 2595 5367 pascuae
2620 5299 2753 5370 ejus.

2175 5386 2400 5442 CAPUT
2440 5387 2526 5444 ιν.
2547 5421 2618 5432 —-
2637 5392 2946 5451 Communis
2974 5408 3054 5453 est
3078 5403 3321 5459 omnibus
3339 5417 3549 5475 natura,
3574 5426 3681 5466 non

2103 5478 2288 5546 gratia.
2330 5477 2526 5533 Natura
2566 5497 2669 5536 non
2711 5493 2924 5553 putetur
2956 5490 3120 5557 gratia
3151 5510 3163 5545 :
3192 5494 3284 5547 sed
3314 5504 3366 5550 et
3393 5498 3437 5551 si
3467 5509 3681 5569 putetur

2072 5582 2081 5589 ·
2105 5568 2291 5638 gratia,
2316 5568 2434 5624 ideo
2456 5579 2667 5639 putetur
2686 5574 2873 5644 gratia,
2898 5580 3020 5646 quia
3042 5590 3094 5634 et
3114 5582 3225 5652 ipsa
3245 5588 3404 5655 gratis
3425 5568 3681 5650 cencessa

2106 5674 2205 5716 εει.
2234 5660 2349 5717 Non
2377 5663 2518 5718 enim
2545 5664 2703 5722 homo
2727 5667 2814 5738 qui
2844 5683 2950 5726 non
2979 5681 3092 5727 erat
3116 5679 3399 5744 promeruit
3433 5691 3488 5736 ut
3516 5692 3678 5738 esset.

2662 5906 2746 5917 μς..
