  <div class='ocr_page' id='page_1' title='image "/cluster/home/n/w/nwhite01/storage/ocr_20150623/38/hvd.32044015706294/092.png"; bbox 0 0 4012 6338; ppageno 0'>
   <div class='ocr_carea' id='block_1_1' title="bbox 315 254 423 308">
    <p class='ocr_par' dir='ltr' id='par_1_1' title="bbox 315 254 423 308">
     <span class='ocr_line' id='line_1_1' title="bbox 315 254 423 308; baseline -0.019 0"><span class='ocrx_word' id='word_1_1' title='bbox 315 254 423 308; x_wconf 81' lang='lat' dir='ltr'><strong>I73</strong></span> 
     </span>
    </p>
   </div>
   <div class='ocr_carea' id='block_1_2' title="bbox 311 355 1895 441">
    <p class='ocr_par' dir='ltr' id='par_1_2' title="bbox 311 355 1895 441">
     <span class='ocr_line' id='line_1_2' title="bbox 311 355 1895 441; baseline -0.009 -19"><span class='ocrx_word' id='word_1_2' title='bbox 311 370 370 422; x_wconf 84' lang='lat' dir='ltr'><strong>Si</strong></span> <span class='ocrx_word' id='word_1_3' title='bbox 400 366 725 441; x_wconf 85' lang='lat' dir='ltr'><strong>promeruit,</strong></span> <span class='ocrx_word' id='word_1_4' title='bbox 758 365 868 433; x_wconf 88' lang='lat' dir='ltr'><strong>jam</strong></span> <span class='ocrx_word' id='word_1_5' title='bbox 900 369 1012 416; x_wconf 88' lang='lat' dir='ltr'><strong>erat</strong></span> <span class='ocrx_word' id='word_1_6' title='bbox 1043 404 1052 415; x_wconf 97' lang='lat'><strong>.</strong></span> <span class='ocrx_word' id='word_1_7' title='bbox 1085 359 1177 438; x_wconf 85' lang='lat' dir='ltr'><strong>sed</strong></span> <span class='ocrx_word' id='word_1_8' title='bbox 1210 358 1442 414; x_wconf 90' lang='lat' dir='ltr'><strong>nomlum</strong></span> <span class='ocrx_word' id='word_1_9' title='bbox 1477 367 1606 412; x_wconf 91' lang='lat' dir='ltr'><strong>crat.</strong></span> <span class='ocrx_word' id='word_1_10' title='bbox 1641 356 1779 426; x_wconf 81' lang='lat' dir='ltr'><strong>Ergo</strong></span> <span class='ocrx_word' id='word_1_11' title='bbox 1807 355 1895 424; x_wconf 98' lang='lat' dir='ltr'><strong>qui</strong></span> 
     </span>
    </p>
   </div>
   <div class='ocr_carea' id='block_1_3' title="bbox 311 451 1903 529">
    <p class='ocr_par' dir='ltr' id='par_1_3' title="bbox 311 451 1903 529">
     <span class='ocr_line' id='line_1_3' title="bbox 311 451 1903 529; baseline -0.008 -17"><span class='ocrx_word' id='word_1_12' title='bbox 311 465 733 529; x_wconf 73' lang='lat' dir='ltr'><strong>pl‘OlIICl‘CI‘BlUI‘,</strong></span> <span class='ocrx_word' id='word_1_13' title='bbox 767 470 874 509; x_wconf 83' lang='lat' dir='ltr'><strong>IlOll</strong></span> <span class='ocrx_word' id='word_1_14' title='bbox 901 464 1052 519; x_wconf 87' lang='lat' dir='ltr'><strong>erat;</strong></span> <span class='ocrx_word' id='word_1_15' title='bbox 1084 462 1136 507; x_wconf 78' lang='lat' dir='ltr'><strong>CI.</strong></span> <span class='ocrx_word' id='word_1_16' title='bbox 1167 462 1339 506; x_wconf 88' lang='lat' dir='ltr'><strong>tamen</strong></span> <span class='ocrx_word' id='word_1_17' title='bbox 1371 451 1536 505; x_wconf 67' lang='lat' dir='ltr'><strong>ftiClllS</strong></span> <span class='ocrx_word' id='word_1_18' title='bbox 1564 458 1645 504; x_wconf 72' lang='grc' dir='ltr'><strong>ρει</strong></span> <span class='ocrx_word' id='word_1_19' title='bbox 1674 467 1686 502; x_wconf 73' lang='grc' dir='ltr'><strong>ἓ</strong></span> <span class='ocrx_word' id='word_1_20' title='bbox 1719 462 1817 502; x_wconf 80' lang='lat' dir='ltr'><strong>IICC</strong></span> <span class='ocrx_word' id='word_1_21' title='bbox 1847 455 1903 501; x_wconf 86' lang='grc' dir='ltr'>υι</span> 
     </span>
    </p>
   </div>
   <div class='ocr_carea' id='block_1_4' title="bbox 309 544 1901 620">
    <p class='ocr_par' dir='ltr' id='par_1_4' title="bbox 309 544 1901 620">
     <span class='ocr_line' id='line_1_4' title="bbox 309 544 1901 620; baseline -0.007 -16"><span class='ocrx_word' id='word_1_22' title='bbox 309 563 511 620; x_wconf 81' lang='lat' dir='ltr'><strong>pecora</strong></span> <span class='ocrx_word' id='word_1_23' title='bbox 534 549 701 602; x_wconf 84' lang='lat' dir='ltr'><strong>factus</strong></span> <span class='ocrx_word' id='word_1_24' title='bbox 721 555 820 611; x_wconf 88' lang='lat' dir='ltr'><strong>est,</strong></span> <span class='ocrx_word' id='word_1_25' title='bbox 841 561 937 600; x_wconf 90' lang='lat' dir='ltr'><strong>nec</strong></span> <span class='ocrx_word' id='word_1_26' title='bbox 961 555 1017 600; x_wconf 92' lang='lat' dir='ltr'><strong>ut</strong></span> <span class='ocrx_word' id='word_1_27' title='bbox 1037 545 1196 599; x_wconf 88' lang='lat' dir='ltr'><strong>arbor</strong></span> <span class='ocrx_word' id='word_1_28' title='bbox 1214 544 1382 598; x_wconf 86' lang='lat' dir='ltr'><strong>factus</strong></span> <span class='ocrx_word' id='word_1_29' title='bbox 1401 551 1504 609; x_wconf 88' lang='lat' dir='ltr'><strong>est,</strong></span> <span class='ocrx_word' id='word_1_30' title='bbox 1529 557 1627 596; x_wconf 92' lang='lat' dir='ltr'><strong>nec</strong></span> <span class='ocrx_word' id='word_1_31' title='bbox 1640 549 1696 595; x_wconf 92' lang='lat' dir='ltr'><strong>ut</strong></span> <span class='ocrx_word' id='word_1_32' title='bbox 1715 555 1901 596; x_wconf 87' lang='lat' dir='ltr'><strong>saxum</strong></span> 
     </span>
    </p>
   </div>
   <div class='ocr_carea' id='block_1_5' title="bbox 310 630 1901 705">
    <p class='ocr_par' dir='ltr' id='par_1_5' title="bbox 310 630 1901 705">
     <span class='ocr_line' id='line_1_5' title="bbox 310 630 1901 705; baseline -0.006 -11"><span class='ocrx_word' id='word_1_33' title='bbox 310 639 486 694; x_wconf 87' lang='lat' dir='ltr'><strong>factus</strong></span> <span class='ocrx_word' id='word_1_34' title='bbox 516 647 626 705; x_wconf 78' lang='lat' dir='ltr'><strong>est;</strong></span> <span class='ocrx_word' id='word_1_35' title='bbox 655 637 750 692; x_wconf 90' lang='lat' dir='ltr'><strong>scd</strong></span> <span class='ocrx_word' id='word_1_36' title='bbox 777 639 944 691; x_wconf 87' lang='lat' dir='ltr'><strong>factus</strong></span> <span class='ocrx_word' id='word_1_37' title='bbox 968 645 1049 690; x_wconf 92' lang='lat' dir='ltr'><strong>est</strong></span> <span class='ocrx_word' id='word_1_38' title='bbox 1075 634 1141 689; x_wconf 92' lang='lat' dir='ltr'><strong>ad</strong></span> <span class='ocrx_word' id='word_1_39' title='bbox 1169 635 1451 704; x_wconf 90' lang='lat' dir='ltr'><strong>imaginem</strong></span> <span class='ocrx_word' id='word_1_40' title='bbox 1472 631 1758 688; x_wconf 75' lang='lat' dir='ltr'><strong>Creatoris.</strong></span> <span class='ocrx_word' id='word_1_41' title='bbox 1788 630 1901 685; x_wconf 88' lang='lat' dir='ltr'><strong>Iloc</strong></span> 
     </span>
    </p>
   </div>
   <div class='ocr_carea' id='block_1_6' title="bbox 308 727 1901 800">
    <p class='ocr_par' dir='ltr' id='par_1_6' title="bbox 308 727 1901 800">
     <span class='ocr_line' id='line_1_6' title="bbox 308 727 1901 800; baseline -0.006 -12"><span class='ocrx_word' id='word_1_42' title='bbox 308 732 633 788; x_wconf 84' lang='lat' dir='ltr'><strong>beneﬁcium</strong></span> <span class='ocrx_word' id='word_1_43' title='bbox 663 731 779 800; x_wconf 87' lang='lat' dir='ltr'><strong>quis</strong></span> <span class='ocrx_word' id='word_1_44' title='bbox 808 729 992 784; x_wconf 85' lang='lat' dir='ltr'><strong>dedit?</strong></span> <span class='ocrx_word' id='word_1_45' title='bbox 1023 729 1160 784; x_wconf 87' lang='lat' dir='ltr'><strong>Deus</strong></span> <span class='ocrx_word' id='word_1_46' title='bbox 1199 727 1288 798; x_wconf 89' lang='lat' dir='ltr'><strong>qui</strong></span> <span class='ocrx_word' id='word_1_47' title='bbox 1328 735 1475 794; x_wconf 86' lang='lat' dir='ltr'><strong>erat,</strong></span> <span class='ocrx_word' id='word_1_48' title='bbox 1513 733 1567 782; x_wconf 90' lang='lat' dir='ltr'><strong>ct</strong></span> <span class='ocrx_word' id='word_1_49' title='bbox 1602 741 1663 780; x_wconf 82' lang='lat' dir='ltr'><strong>ex</strong></span> <span class='ocrx_word' id='word_1_50' title='bbox 1702 732 1901 779; x_wconf 85' lang='lat' dir='ltr'><strong>aeterno</strong></span> 
     </span>
    </p>
   </div>
   <div class='ocr_carea' id='block_1_7' title="bbox 309 816 1902 890">
    <p class='ocr_par' dir='ltr' id='par_1_7' title="bbox 309 816 1902 890">
     <span class='ocr_line' id='line_1_7' title="bbox 309 816 1902 890; baseline -0.007 -9"><span class='ocrx_word' id='word_1_51' title='bbox 309 831 448 881; x_wconf 82' lang='lat' dir='ltr'><strong>erat.</strong></span> <span class='ocrx_word' id='word_1_52' title='bbox 480 821 576 878; x_wconf 89' lang='lat' dir='ltr'><strong>Cui</strong></span> <span class='ocrx_word' id='word_1_53' title='bbox 605 822 789 878; x_wconf 89' lang='lat' dir='ltr'><strong>dedit?</strong></span> <span class='ocrx_word' id='word_1_54' title='bbox 825 821 1036 876; x_wconf 87' lang='lat' dir='ltr'><strong>llomini</strong></span> <span class='ocrx_word' id='word_1_55' title='bbox 1065 820 1154 890; x_wconf 89' lang='lat' dir='ltr'><strong>qui</strong></span> <span class='ocrx_word' id='word_1_56' title='bbox 1180 818 1417 875; x_wconf 91' lang='lat' dir='ltr'><strong>nondum</strong></span> <span class='ocrx_word' id='word_1_57' title='bbox 1454 825 1586 873; x_wconf 87' lang='lat' dir='ltr'><strong>erat.</strong></span> <span class='ocrx_word' id='word_1_58' title='bbox 1620 816 1774 871; x_wconf 90' lang='lat' dir='ltr'><strong>Dedit</strong></span> <span class='ocrx_word' id='word_1_59' title='bbox 1811 816 1902 886; x_wconf 90' lang='lat' dir='ltr'><strong>qui</strong></span> 
     </span>
    </p>
   </div>
   <div class='ocr_carea' id='block_1_8' title="bbox 307 909 1901 986">
    <p class='ocr_par' dir='ltr' id='par_1_8' title="bbox 307 909 1901 986">
     <span class='ocr_line' id='line_1_8' title="bbox 307 909 1901 986; baseline -0.006 -14"><span class='ocrx_word' id='word_1_60' title='bbox 307 925 450 984; x_wconf 88' lang='lat' dir='ltr'><strong>erat,</strong></span> <span class='ocrx_word' id='word_1_61' title='bbox 476 916 681 986; x_wconf 89' lang='lat' dir='ltr'><strong>accepit</strong></span> <span class='ocrx_word' id='word_1_62' title='bbox 705 914 794 985; x_wconf 89' lang='lat' dir='ltr'><strong>qui</strong></span> <span class='ocrx_word' id='word_1_63' title='bbox 825 930 928 969; x_wconf 92' lang='lat' dir='ltr'><strong>non</strong></span> <span class='ocrx_word' id='word_1_64' title='bbox 955 921 1088 969; x_wconf 88' lang='lat' dir='ltr'><strong>erat.</strong></span> <span class='ocrx_word' id='word_1_65' title='bbox 1117 912 1244 980; x_wconf 86' lang='lat' dir='ltr'><strong>Quis</strong></span> <span class='ocrx_word' id='word_1_66' title='bbox 1273 919 1449 966; x_wconf 91' lang='lat' dir='ltr'><strong>autem</strong></span> <span class='ocrx_word' id='word_1_67' title='bbox 1477 910 1577 964; x_wconf 91' lang='lat' dir='ltr'><strong>hoc</strong></span> <span class='ocrx_word' id='word_1_68' title='bbox 1607 909 1781 963; x_wconf 91' lang='lat' dir='ltr'><strong>facere</strong></span> <span class='ocrx_word' id='word_1_69' title='bbox 1806 923 1901 978; x_wconf 86' lang='lat' dir='ltr'><strong>po-</strong></span> 
     </span>
    </p>
   </div>
   <div class='ocr_carea' id='block_1_9' title="bbox 309 1007 1898 1078">
    <p class='ocr_par' dir='ltr' id='par_1_9' title="bbox 309 1007 1898 1078">
     <span class='ocr_line' id='line_1_9' title="bbox 309 1007 1898 1078; baseline -0.005 -16"><span class='ocrx_word' id='word_1_70' title='bbox 309 1009 435 1074; x_wconf 85' lang='lat' dir='ltr'><strong>tuit,</strong></span> <span class='ocrx_word' id='word_1_71' title='bbox 462 1008 564 1062; x_wconf 89' lang='lat' dir='ltr'><strong>nisi</strong></span> <span class='ocrx_word' id='word_1_72' title='bbox 592 1007 682 1078; x_wconf 89' lang='lat' dir='ltr'><strong>qui</strong></span> <span class='ocrx_word' id='word_1_73' title='bbox 707 1015 860 1061; x_wconf 88' lang='lat' dir='ltr'><strong>vocat</strong></span> <span class='ocrx_word' id='word_1_74' title='bbox 883 1021 948 1060; x_wconf 90' lang='lat' dir='ltr'><strong>ea</strong></span> <span class='ocrx_word' id='word_1_75' title='bbox 969 1020 1085 1075; x_wconf 75' lang='lat' dir='ltr'><strong>qua:</strong></span> <span class='ocrx_word' id='word_1_76' title='bbox 1112 1020 1218 1059; x_wconf 93' lang='lat' dir='ltr'><strong>non</strong></span> <span class='ocrx_word' id='word_1_77' title='bbox 1245 1012 1388 1071; x_wconf 83' lang='lat' dir='ltr'><strong>sunt,</strong></span> <span class='ocrx_word' id='word_1_78' title='bbox 1415 1011 1662 1072; x_wconf 89' lang='lat' dir='ltr'><strong>tanquam</strong></span> <span class='ocrx_word' id='word_1_79' title='bbox 1693 1015 1755 1054; x_wconf 89' lang='lat' dir='ltr'><strong>ea</strong></span> <span class='ocrx_word' id='word_1_80' title='bbox 1781 1015 1898 1070; x_wconf 69' lang='lat' dir='ltr'><strong>qua:</strong></span> 
     </span>
    </p>
   </div>
   <div class='ocr_carea' id='block_1_10' title="bbox 307 1092 1900 1170">
    <p class='ocr_par' dir='ltr' id='par_1_10' title="bbox 307 1092 1900 1170">
     <span class='ocr_line' id='line_1_10' title="bbox 307 1092 1900 1170; baseline -0.004 -15"><span class='ocrx_word' id='word_1_81' title='bbox 307 1110 437 1155; x_wconf 82' lang='lat' dir='ltr'><strong>sunt</strong></span> <span class='ocrx_word' id='word_1_82' title='bbox 467 1100 639 1170; x_wconf 78' lang='lat' dir='ltr'><strong>(Rom.</strong></span> <span class='ocrx_word' id='word_1_83' title='bbox 670 1115 740 1165; x_wconf 83' lang='lat' dir='ltr'><strong>IV,</strong></span> <span class='ocrx_word' id='word_1_84' title='bbox 786 1098 912 1168; x_wconf 75' lang='lat'><strong>17)?</strong></span> <span class='ocrx_word' id='word_1_85' title='bbox 954 1098 1029 1153; x_wconf 90' lang='lat' dir='ltr'><strong>De</strong></span> <span class='ocrx_word' id='word_1_86' title='bbox 1063 1111 1169 1168; x_wconf 90' lang='lat' dir='ltr'><strong>quo</strong></span> <span class='ocrx_word' id='word_1_87' title='bbox 1193 1096 1320 1151; x_wconf 85' lang='lat' dir='ltr'><strong>dicit</strong></span> <span class='ocrx_word' id='word_1_88' title='bbox 1347 1094 1649 1166; x_wconf 86' lang='lat' dir='ltr'><strong>Apostolus.</strong></span> <span class='ocrx_word' id='word_1_89' title='bbox 1683 1092 1780 1159; x_wconf 83' lang='lat' dir='ltr'><strong>Qui</strong></span> <span class='ocrx_word' id='word_1_90' title='bbox 1810 1110 1900 1148; x_wconf 86' lang='lat' dir='ltr'><strong>nos</strong></span> 
     </span>
    </p>
   </div>
   <div class='ocr_carea' id='block_1_11' title="bbox 305 1184 1901 1262">
    <p class='ocr_par' dir='ltr' id='par_1_11' title="bbox 305 1184 1901 1262">
     <span class='ocr_line' id='line_1_11' title="bbox 305 1184 1901 1262; baseline -0.004 -17"><span class='ocrx_word' id='word_1_91' title='bbox 305 1192 462 1262; x_wconf 80' lang='lat' dir='ltr'><strong>elegit</strong></span> <span class='ocrx_word' id='word_1_92' title='bbox 501 1200 618 1244; x_wconf 90' lang='lat' dir='ltr'><strong>ante</strong></span> <span class='ocrx_word' id='word_1_93' title='bbox 655 1190 830 1244; x_wconf 86' lang='lat' dir='ltr'><strong>mundi</strong></span> <span class='ocrx_word' id='word_1_94' title='bbox 868 1189 1272 1243; x_wconf 78' lang='lat' dir='ltr'><strong>constitutionem</strong></span> <span class='ocrx_word' id='word_1_95' title='bbox 1298 1187 1512 1259; x_wconf 84' lang='lat' dir='ltr'><strong>(Ephes.</strong></span> <span class='ocrx_word' id='word_1_96' title='bbox 1539 1203 1594 1253; x_wconf 85' lang='grc' dir='ltr'>ι,</span> <span class='ocrx_word' id='word_1_97' title='bbox 1625 1184 1701 1258; x_wconf 77' lang='grc'><strong>4).</strong></span> <span class='ocrx_word' id='word_1_98' title='bbox 1733 1185 1901 1255; x_wconf 80' lang='lat' dir='ltr'><strong>Elegit</strong></span> 
     </span>
    </p>
   </div>
   <div class='ocr_carea' id='block_1_12' title="bbox 305 1276 1898 1345">
    <p class='ocr_par' dir='ltr' id='par_1_12' title="bbox 305 1276 1898 1345">
     <span class='ocr_line' id='line_1_12' title="bbox 305 1276 1898 1345; baseline -0.004 -10"><span class='ocrx_word' id='word_1_99' title='bbox 305 1292 430 1335; x_wconf 84' lang='lat' dir='ltr'><strong>ante</strong></span> <span class='ocrx_word' id='word_1_100' title='bbox 452 1281 628 1341; x_wconf 85' lang='lat' dir='ltr'><strong>mundi</strong></span> <span class='ocrx_word' id='word_1_101' title='bbox 653 1280 1054 1334; x_wconf 69' lang='lat' dir='ltr'><strong>constitutionem</strong></span> <span class='ocrx_word' id='word_1_102' title='bbox 1075 1297 1094 1334; x_wconf 89' lang='lat'><strong><em>:</em></strong></span> <span class='ocrx_word' id='word_1_103' title='bbox 1119 1279 1172 1334; x_wconf 90' lang='lat' dir='ltr'><strong>in</strong></span> <span class='ocrx_word' id='word_1_104' title='bbox 1200 1278 1399 1334; x_wconf 91' lang='lat' dir='ltr'><strong>mundo</strong></span> <span class='ocrx_word' id='word_1_105' title='bbox 1425 1279 1526 1334; x_wconf 86' lang='lat' dir='ltr'><strong>isto</strong></span> <span class='ocrx_word' id='word_1_106' title='bbox 1549 1276 1673 1332; x_wconf 89' lang='lat' dir='ltr'><strong>facti</strong></span> <span class='ocrx_word' id='word_1_107' title='bbox 1692 1291 1898 1345; x_wconf 90' lang='lat' dir='ltr'><strong>sumus,</strong></span> 
     </span>
    </p>
   </div>
   <div class='ocr_carea' id='block_1_13' title="bbox 303 1365 1898 1440">
    <p class='ocr_par' dir='ltr' id='par_1_13' title="bbox 303 1365 1898 1440">
     <span class='ocr_line' id='line_1_13' title="bbox 303 1365 1898 1440; baseline -0.003 -16"><span class='ocrx_word' id='word_1_108' title='bbox 303 1387 412 1426; x_wconf 88' lang='lat' dir='ltr'><strong>nec</strong></span> <span class='ocrx_word' id='word_1_109' title='bbox 455 1370 686 1425; x_wconf 90' lang='lat' dir='ltr'><strong>mundus</strong></span> <span class='ocrx_word' id='word_1_110' title='bbox 723 1379 839 1425; x_wconf 90' lang='lat' dir='ltr'><strong>erat</strong></span> <span class='ocrx_word' id='word_1_111' title='bbox 879 1369 1091 1440; x_wconf 86' lang='lat' dir='ltr'><strong>quando</strong></span> <span class='ocrx_word' id='word_1_112' title='bbox 1133 1369 1287 1424; x_wconf 82' lang='lat' dir='ltr'><strong>electi</strong></span> <span class='ocrx_word' id='word_1_113' title='bbox 1329 1383 1533 1422; x_wconf 89' lang='lat' dir='ltr'><strong>smnus.</strong></span> <span class='ocrx_word' id='word_1_114' title='bbox 1574 1365 1898 1436; x_wconf 83' lang='lat' dir='ltr'><strong>Iuell&#39;abilia,</strong></span> 
     </span>
    </p>
   </div>
   <div class='ocr_carea' id='block_1_14' title="bbox 305 1461 1899 1532">
    <p class='ocr_par' dir='ltr' id='par_1_14' title="bbox 305 1461 1899 1532">
     <span class='ocr_line' id='line_1_14' title="bbox 305 1461 1899 1532; baseline -0.001 -16"><span class='ocrx_word' id='word_1_115' title='bbox 305 1464 576 1519; x_wconf 85' lang='lat' dir='ltr'><strong>mirabilia</strong></span> <span class='ocrx_word' id='word_1_116' title='bbox 595 1504 610 1528; x_wconf 94' lang='lat'><strong>,</strong></span> <span class='ocrx_word' id='word_1_117' title='bbox 643 1463 832 1518; x_wconf 81' lang='lat' dir='ltr'><strong>fratres</strong></span> <span class='ocrx_word' id='word_1_118' title='bbox 860 1463 992 1519; x_wconf 86' lang='lat' dir='ltr'><strong>mei!</strong></span> <span class='ocrx_word' id='word_1_119' title='bbox 1021 1463 1150 1532; x_wconf 85' lang='lat' dir='ltr'><strong>Quis</strong></span> <span class='ocrx_word' id='word_1_120' title='bbox 1176 1462 1277 1517; x_wconf 91' lang='lat' dir='ltr'><strong>hoc</strong></span> <span class='ocrx_word' id='word_1_121' title='bbox 1302 1463 1569 1532; x_wconf 79' lang='lat' dir='ltr'><strong>explicare</strong></span> <span class='ocrx_word' id='word_1_122' title='bbox 1597 1461 1899 1517; x_wconf 79' lang='lat' dir='ltr'><strong>suffecerit?</strong></span> 
     </span>
    </p>
   </div>
   <div class='ocr_carea' id='block_1_15' title="bbox 306 1549 1899 1624">
    <p class='ocr_par' dir='ltr' id='par_1_15' title="bbox 306 1549 1899 1624">
     <span class='ocr_line' id='line_1_15' title="bbox 306 1549 1899 1624; baseline 0.001 -18"><span class='ocrx_word' id='word_1_123' title='bbox 306 1554 431 1622; x_wconf 85' lang='lat' dir='ltr'><strong>quis</strong></span> <span class='ocrx_word' id='word_1_124' title='bbox 464 1553 655 1608; x_wconf 86' lang='lat' dir='ltr'><strong>saltem</strong></span> <span class='ocrx_word' id='word_1_125' title='bbox 695 1553 836 1622; x_wconf 89' lang='lat' dir='ltr'><strong>quod</strong></span> <span class='ocrx_word' id='word_1_126' title='bbox 878 1552 1140 1623; x_wconf 82' lang='lat' dir='ltr'><strong>explicet,</strong></span> <span class='ocrx_word' id='word_1_127' title='bbox 1183 1549 1452 1624; x_wconf 83' lang='lat' dir='ltr'><strong>cogitare?</strong></span> <span class='ocrx_word' id='word_1_128' title='bbox 1492 1551 1769 1623; x_wconf 86' lang='lat' dir='ltr'><strong>Eliguntur</strong></span> <span class='ocrx_word' id='word_1_129' title='bbox 1807 1553 1899 1622; x_wconf 88' lang='lat' dir='ltr'><strong>qui</strong></span> 
     </span>
    </p>
   </div>
   <div class='ocr_carea' id='block_1_16' title="bbox 306 1644 1901 1720">
    <p class='ocr_par' dir='ltr' id='par_1_16' title="bbox 306 1644 1901 1720">
     <span class='ocr_line' id='line_1_16' title="bbox 306 1644 1901 1720; baseline 0.001 -20"><span class='ocrx_word' id='word_1_130' title='bbox 306 1662 417 1700; x_wconf 89' lang='lat' dir='ltr'><strong>non</strong></span> <span class='ocrx_word' id='word_1_131' title='bbox 444 1655 572 1700; x_wconf 92' lang='lat' dir='ltr'><strong>sunt</strong></span> <span class='ocrx_word' id='word_1_132' title='bbox 596 1664 610 1698; x_wconf 90' lang='lat'><strong>:</strong></span> <span class='ocrx_word' id='word_1_133' title='bbox 641 1661 738 1702; x_wconf 89' lang='lat' dir='ltr'><strong>nec</strong></span> <span class='ocrx_word' id='word_1_134' title='bbox 764 1654 908 1702; x_wconf 91' lang='lat' dir='ltr'><strong>errat</strong></span> <span class='ocrx_word' id='word_1_135' title='bbox 933 1646 1024 1720; x_wconf 93' lang='lat' dir='ltr'><strong>qui</strong></span> <span class='ocrx_word' id='word_1_136' title='bbox 1051 1645 1227 1716; x_wconf 90' lang='lat' dir='ltr'><strong>eligit,</strong></span> <span class='ocrx_word' id='word_1_137' title='bbox 1261 1661 1360 1701; x_wconf 91' lang='lat' dir='ltr'><strong>nec</strong></span> <span class='ocrx_word' id='word_1_138' title='bbox 1383 1659 1516 1700; x_wconf 89' lang='lat' dir='ltr'><strong>vane</strong></span> <span class='ocrx_word' id='word_1_139' title='bbox 1543 1645 1708 1716; x_wconf 80' lang='lat' dir='ltr'><strong>eligit.</strong></span> <span class='ocrx_word' id='word_1_140' title='bbox 1740 1644 1901 1717; x_wconf 84' lang='lat' dir='ltr'><strong>Eligit</strong></span> 
     </span>
    </p>
   </div>
   <div class='ocr_carea' id='block_1_17' title="bbox 308 1735 1897 1807">
    <p class='ocr_par' dir='ltr' id='par_1_17' title="bbox 308 1735 1897 1807">
     <span class='ocr_line' id='line_1_17' title="bbox 308 1735 1897 1807; baseline -0.001 -16"><span class='ocrx_word' id='word_1_141' title='bbox 308 1749 512 1801; x_wconf 81' lang='lat' dir='ltr'><strong>tamen,</strong></span> <span class='ocrx_word' id='word_1_142' title='bbox 558 1747 611 1791; x_wconf 90' lang='lat' dir='ltr'><strong>et</strong></span> <span class='ocrx_word' id='word_1_143' title='bbox 655 1736 814 1792; x_wconf 83' lang='lat' dir='ltr'><strong>habet</strong></span> <span class='ocrx_word' id='word_1_144' title='bbox 839 1736 1070 1804; x_wconf 86' lang='lat' dir='ltr'><strong>electos,</strong></span> <span class='ocrx_word' id='word_1_145' title='bbox 1111 1751 1244 1807; x_wconf 91' lang='lat' dir='ltr'><strong>quos</strong></span> <span class='ocrx_word' id='word_1_146' title='bbox 1269 1745 1546 1792; x_wconf 90' lang='lat' dir='ltr'><strong>creaturus</strong></span> <span class='ocrx_word' id='word_1_147' title='bbox 1583 1743 1665 1792; x_wconf 89' lang='lat' dir='ltr'><strong>est</strong></span> <span class='ocrx_word' id='word_1_148' title='bbox 1695 1735 1897 1806; x_wconf 86' lang='lat' dir='ltr'><strong>eligen—</strong></span> 
     </span>
    </p>
   </div>
   <div class='ocr_carea' id='block_1_18' title="bbox 305 1827 1894 1899">
    <p class='ocr_par' dir='ltr' id='par_1_18' title="bbox 305 1827 1894 1899">
     <span class='ocr_line' id='line_1_18' title="bbox 305 1827 1894 1899; baseline 0 -19"><span class='ocrx_word' id='word_1_149' title='bbox 305 1828 406 1882; x_wconf 86' lang='lat' dir='ltr'><strong>dos</strong></span> <span class='ocrx_word' id='word_1_150' title='bbox 437 1844 449 1880; x_wconf 90' lang='lat'>:</span> <span class='ocrx_word' id='word_1_151' title='bbox 483 1827 646 1883; x_wconf 88' lang='lat' dir='ltr'><strong>habet</strong></span> <span class='ocrx_word' id='word_1_152' title='bbox 669 1835 846 1883; x_wconf 88' lang='lat' dir='ltr'><strong>autem</strong></span> <span class='ocrx_word' id='word_1_153' title='bbox 875 1827 1012 1898; x_wconf 89' lang='lat' dir='ltr'><strong>apud</strong></span> <span class='ocrx_word' id='word_1_154' title='bbox 1033 1843 1091 1884; x_wconf 90' lang='lat' dir='ltr'><strong>se</strong></span> <span class='ocrx_word' id='word_1_155' title='bbox 1116 1828 1320 1899; x_wconf 88' lang='lat' dir='ltr'><strong>ipsum,</strong></span> <span class='ocrx_word' id='word_1_156' title='bbox 1347 1843 1452 1884; x_wconf 91' lang='lat' dir='ltr'><strong>non</strong></span> <span class='ocrx_word' id='word_1_157' title='bbox 1480 1827 1752 1887; x_wconf 86' lang='lat' dir='ltr'><strong>innatura</strong></span> <span class='ocrx_word' id='word_1_158' title='bbox 1778 1841 1894 1895; x_wconf 88' lang='lat' dir='ltr'><strong>sua,</strong></span> 
     </span>
    </p>
   </div>
   <div class='ocr_carea' id='block_1_19' title="bbox 304 1918 988 1988">
    <p class='ocr_par' dir='ltr' id='par_1_19' title="bbox 304 1918 988 1988">
     <span class='ocr_line' id='line_1_19' title="bbox 304 1918 988 1988; baseline -0.001 -15"><span class='ocrx_word' id='word_1_159' title='bbox 304 1919 403 1973; x_wconf 87' lang='lat' dir='ltr'><strong>sed</strong></span> <span class='ocrx_word' id='word_1_160' title='bbox 436 1919 487 1972; x_wconf 93' lang='lat' dir='ltr'><strong>in</strong></span> <span class='ocrx_word' id='word_1_161' title='bbox 519 1918 849 1988; x_wconf 67' lang='lat' dir='ltr'><strong>prmscientia</strong></span> <span class='ocrx_word' id='word_1_162' title='bbox 873 1933 988 1974; x_wconf 91' lang='lat' dir='ltr'><strong>sua.</strong></span> 
     </span>
    </p>
   </div>
   <div class='ocr_carea' id='block_1_20' title="bbox 377 2005 1898 2083">
    <p class='ocr_par' dir='ltr' id='par_1_20' title="bbox 377 2005 1898 2083">
     <span class='ocr_line' id='line_1_20' title="bbox 377 2005 1898 2083; baseline -0.001 -16"><span class='ocrx_word' id='word_1_163' title='bbox 377 2013 434 2067; x_wconf 81' lang='lat'><strong>5.</strong></span> <span class='ocrx_word' id='word_1_164' title='bbox 477 2010 684 2066; x_wconf 84' lang='lat' dir='ltr'><strong>Fideles</strong></span> <span class='ocrx_word' id='word_1_165' title='bbox 757 2011 801 2066; x_wconf 85' lang='lat' dir='ltr'><strong>si</strong></span> <span class='ocrx_word' id='word_1_166' title='bbox 846 2027 1046 2076; x_wconf 82' lang='lat' dir='ltr'><strong>sumus,</strong></span> <span class='ocrx_word' id='word_1_167' title='bbox 1095 2009 1194 2068; x_wconf 86' lang='lat' dir='ltr'><strong>Dei</strong></span> <span class='ocrx_word' id='word_1_168' title='bbox 1264 2011 1430 2083; x_wconf 89' lang='lat' dir='ltr'><strong>gratia</strong></span> <span class='ocrx_word' id='word_1_169' title='bbox 1506 2028 1698 2067; x_wconf 83' lang='lat' dir='ltr'><strong>sumus.</strong></span> <span class='ocrx_word' id='word_1_170' title='bbox 1755 2005 1898 2082; x_wconf 82' lang='lat' dir='ltr'><strong>Ergo</strong></span> 
     </span>
    </p>
   </div>
   <div class='ocr_carea' id='block_1_21' title="bbox 303 2102 1899 2174">
    <p class='ocr_par' dir='ltr' id='par_1_21' title="bbox 303 2102 1899 2174">
     <span class='ocr_line' id='line_1_21' title="bbox 303 2102 1899 2174; baseline 0 -16"><span class='ocrx_word' id='word_1_171' title='bbox 303 2104 476 2158; x_wconf 82' lang='lat' dir='ltr'><strong>nolite</strong></span> <span class='ocrx_word' id='word_1_172' title='bbox 526 2103 708 2160; x_wconf 83' lang='lat' dir='ltr'><strong>extolli</strong></span> <span class='ocrx_word' id='word_1_173' title='bbox 743 2119 756 2155; x_wconf 86' lang='lat'><strong>:</strong></span> <span class='ocrx_word' id='word_1_174' title='bbox 791 2102 1034 2159; x_wconf 89' lang='lat' dir='ltr'><strong>homines</strong></span> <span class='ocrx_word' id='word_1_175' title='bbox 1081 2117 1297 2170; x_wconf 84' lang='lat' dir='ltr'><strong>sumus;</strong></span> <span class='ocrx_word' id='word_1_176' title='bbox 1343 2102 1464 2174; x_wconf 81' lang='lat' dir='ltr'><strong>Ipse</strong></span> <span class='ocrx_word' id='word_1_177' title='bbox 1513 2104 1630 2172; x_wconf 80' lang='lat' dir='ltr'><strong>fecit</strong></span> <span class='ocrx_word' id='word_1_178' title='bbox 1671 2120 1782 2158; x_wconf 83' lang='lat' dir='ltr'><strong>nos.</strong></span> <span class='ocrx_word' id='word_1_179' title='bbox 1830 2103 1899 2158; x_wconf 90' lang='lat' dir='ltr'><strong>Et</strong></span> 
     </span>
    </p>
   </div>
   <div class='ocr_carea' id='block_1_22' title="bbox 305 2196 1896 2271">
    <p class='ocr_par' dir='ltr' id='par_1_22' title="bbox 305 2196 1896 2271">
     <span class='ocr_line' id='line_1_22' title="bbox 305 2196 1896 2271; baseline 0.002 -21"><span class='ocrx_word' id='word_1_180' title='bbox 305 2196 497 2251; x_wconf 86' lang='lat' dir='ltr'><strong>ﬁdeles</strong></span> <span class='ocrx_word' id='word_1_181' title='bbox 541 2211 754 2260; x_wconf 88' lang='lat' dir='ltr'><strong>sumus;</strong></span> <span class='ocrx_word' id='word_1_182' title='bbox 804 2197 848 2251; x_wconf 90' lang='lat' dir='ltr'><strong>si</strong></span> <span class='ocrx_word' id='word_1_183' title='bbox 899 2203 1076 2252; x_wconf 90' lang='lat' dir='ltr'><strong>tamen</strong></span> <span class='ocrx_word' id='word_1_184' title='bbox 1119 2211 1336 2261; x_wconf 88' lang='lat' dir='ltr'><strong>sumus,</strong></span> <span class='ocrx_word' id='word_1_185' title='bbox 1377 2197 1588 2271; x_wconf 88' lang='lat' dir='ltr'><strong>quando</strong></span> <span class='ocrx_word' id='word_1_186' title='bbox 1626 2197 1724 2253; x_wconf 89' lang='lat' dir='ltr'><strong>ista</strong></span> <span class='ocrx_word' id='word_1_187' title='bbox 1765 2213 1896 2253; x_wconf 90' lang='lat' dir='ltr'><strong>con-</strong></span> 
     </span>
    </p>
   </div>
   <div class='ocr_carea' id='block_1_23' title="bbox 303 2288 1893 2359">
    <p class='ocr_par' dir='ltr' id='par_1_23' title="bbox 303 2288 1893 2359">
     <span class='ocr_line' id='line_1_23' title="bbox 303 2288 1893 2359; baseline 0.001 -16"><span class='ocrx_word' id='word_1_188' title='bbox 303 2299 384 2343; x_wconf 88' lang='lat' dir='ltr'><strong>tra</strong></span> <span class='ocrx_word' id='word_1_189' title='bbox 435 2290 663 2359; x_wconf 86' lang='lat' dir='ltr'><strong>gratiam</strong></span> <span class='ocrx_word' id='word_1_190' title='bbox 707 2289 1038 2358; x_wconf 86' lang='lat' dir='ltr'><strong>disputamus</strong></span> <span class='ocrx_word' id='word_1_191' title='bbox 1076 2306 1089 2342; x_wconf 92' lang='lat'><strong>:</strong></span> <span class='ocrx_word' id='word_1_192' title='bbox 1133 2289 1229 2346; x_wconf 90' lang='lat' dir='ltr'><strong>sed</strong></span> <span class='ocrx_word' id='word_1_193' title='bbox 1275 2305 1400 2345; x_wconf 88' lang='lat' dir='ltr'><strong>ecce</strong></span> <span class='ocrx_word' id='word_1_194' title='bbox 1448 2288 1631 2345; x_wconf 90' lang='lat' dir='ltr'><strong>ﬁdeles</strong></span> <span class='ocrx_word' id='word_1_195' title='bbox 1676 2304 1893 2356; x_wconf 84' lang='lat' dir='ltr'><strong>sumus;</strong></span> 
     </span>
    </p>
   </div>
   <div class='ocr_carea' id='block_1_24' title="bbox 303 2379 1898 2450">
    <p class='ocr_par' dir='ltr' id='par_1_24' title="bbox 303 2379 1898 2450">
     <span class='ocr_line' id='line_1_24' title="bbox 303 2379 1898 2450; baseline 0.002 -17"><span class='ocrx_word' id='word_1_196' title='bbox 303 2381 468 2435; x_wconf 84' lang='lat' dir='ltr'><strong>etiam</strong></span> <span class='ocrx_word' id='word_1_197' title='bbox 497 2380 715 2447; x_wconf 90' lang='lat' dir='ltr'><strong>ﬁdeles,</strong></span> <span class='ocrx_word' id='word_1_198' title='bbox 745 2380 905 2435; x_wconf 90' lang='lat' dir='ltr'><strong>etiam</strong></span> <span class='ocrx_word' id='word_1_199' title='bbox 927 2379 1134 2446; x_wconf 88' lang='lat' dir='ltr'><strong>justos,</strong></span> <span class='ocrx_word' id='word_1_200' title='bbox 1169 2380 1291 2450; x_wconf 90' lang='lat' dir='ltr'><strong>quia</strong></span> <span class='ocrx_word' id='word_1_201' title='bbox 1321 2380 1498 2449; x_wconf 86' lang='lat' dir='ltr'><strong>justus</strong></span> <span class='ocrx_word' id='word_1_202' title='bbox 1530 2395 1596 2434; x_wconf 78' lang='lat' dir='ltr'><strong>ex</strong></span> <span class='ocrx_word' id='word_1_203' title='bbox 1630 2379 1734 2434; x_wconf 89' lang='lat' dir='ltr'><strong>ﬁde</strong></span> <span class='ocrx_word' id='word_1_204' title='bbox 1771 2380 1898 2437; x_wconf 85' lang='lat' dir='ltr'><strong>vivit</strong></span> 
     </span>
    </p>
   </div>
   <div class='ocr_carea' id='block_1_25' title="bbox 301 2453 1896 2542">
    <p class='ocr_par' dir='ltr' id='par_1_25' title="bbox 301 2453 1896 2542">
     <span class='ocr_line' id='line_1_25' title="bbox 301 2453 1896 2542; baseline 0.003 -19"><span class='ocrx_word' id='word_1_205' title='bbox 301 2469 487 2541; x_wconf 78' lang='lat' dir='ltr'><strong>(Rom.</strong></span> <span class='ocrx_word' id='word_1_206' title='bbox 521 2486 575 2537; x_wconf 84' lang='grc' dir='ltr'>ι,</span> <span class='ocrx_word' id='word_1_207' title='bbox 608 2470 700 2542; x_wconf 78' lang='grc'><strong>17)</strong></span> <span class='ocrx_word' id='word_1_208' title='bbox 721 2512 736 2538; x_wconf 91' lang='grc'><strong><em>,</em></strong></span> <span class='ocrx_word' id='word_1_209' title='bbox 765 2469 889 2541; x_wconf 80' lang='lat' dir='ltr'><strong>Ipse</strong></span> <span class='ocrx_word' id='word_1_210' title='bbox 922 2453 1036 2541; x_wconf 78' lang='lat' dir='ltr'><strong>fecit</strong></span> <span class='ocrx_word' id='word_1_211' title='bbox 1075 2487 1164 2525; x_wconf 83' lang='lat' dir='ltr'><strong>nos</strong></span> <span class='ocrx_word' id='word_1_212' title='bbox 1183 2512 1198 2538; x_wconf 91' lang='lat'><strong>,</strong></span> <span class='ocrx_word' id='word_1_213' title='bbox 1234 2481 1281 2525; x_wconf 88' lang='lat' dir='ltr'><strong>et</strong></span> <span class='ocrx_word' id='word_1_214' title='bbox 1309 2487 1409 2524; x_wconf 88' lang='lat' dir='ltr'><strong>non</strong></span> <span class='ocrx_word' id='word_1_215' title='bbox 1435 2471 1534 2541; x_wconf 85' lang='lat' dir='ltr'><strong>ipsi</strong></span> <span class='ocrx_word' id='word_1_216' title='bbox 1565 2489 1674 2526; x_wconf 83' lang='lat' dir='ltr'><strong>nos.</strong></span> <span class='ocrx_word' id='word_1_217' title='bbox 1704 2471 1896 2540; x_wconf 81' lang='lat' dir='ltr'><strong>Quer</strong></span> 
     </span>
    </p>
   </div>
   <div class='ocr_carea' id='block_1_26' title="bbox 303 2561 1897 2633">
    <p class='ocr_par' dir='ltr' id='par_1_26' title="bbox 303 2561 1897 2633">
     <span class='ocr_line' id='line_1_26' title="bbox 303 2561 1897 2633; baseline 0.002 -19"><span class='ocrx_word' id='word_1_218' title='bbox 303 2562 433 2630; x_wconf 89' lang='lat' dir='ltr'><strong>quid</strong></span> <span class='ocrx_word' id='word_1_219' title='bbox 479 2577 582 2618; x_wconf 90' lang='lat' dir='ltr'><strong>nos</strong></span> <span class='ocrx_word' id='word_1_220' title='bbox 620 2561 843 2617; x_wconf 88' lang='lat' dir='ltr'><strong>fecerit?</strong></span> <span class='ocrx_word' id='word_1_221' title='bbox 883 2562 1125 2616; x_wconf 89' lang='lat' dir='ltr'><strong>Dicturus</strong></span> <span class='ocrx_word' id='word_1_222' title='bbox 1167 2577 1259 2628; x_wconf 90' lang='lat' dir='ltr'><strong>es,</strong></span> <span class='ocrx_word' id='word_1_223' title='bbox 1301 2561 1574 2618; x_wconf 84' lang='lat' dir='ltr'><strong>Ilomincs.</strong></span> <span class='ocrx_word' id='word_1_224' title='bbox 1615 2562 1732 2618; x_wconf 90' lang='lat' dir='ltr'><strong>Non</strong></span> <span class='ocrx_word' id='word_1_225' title='bbox 1774 2562 1897 2633; x_wconf 87' lang='lat' dir='ltr'><strong>inde</strong></span> 
     </span>
    </p>
   </div>
   <div class='ocr_carea' id='block_1_27' title="bbox 303 2653 1892 2724">
    <p class='ocr_par' dir='ltr' id='par_1_27' title="bbox 303 2653 1892 2724">
     <span class='ocr_line' id='line_1_27' title="bbox 303 2653 1892 2724; baseline 0.002 -17"><span class='ocrx_word' id='word_1_226' title='bbox 303 2653 554 2709; x_wconf 81' lang='lat' dir='ltr'><strong>Psalmus</strong></span> <span class='ocrx_word' id='word_1_227' title='bbox 591 2654 923 2724; x_wconf 82' lang='lat' dir='ltr'><strong>loquebatur,</strong></span> <span class='ocrx_word' id='word_1_228' title='bbox 968 2653 1097 2709; x_wconf 89' lang='lat' dir='ltr'><strong>illud</strong></span> <span class='ocrx_word' id='word_1_229' title='bbox 1137 2655 1334 2710; x_wconf 90' lang='lat' dir='ltr'><strong>scimus</strong></span> <span class='ocrx_word' id='word_1_230' title='bbox 1356 2695 1370 2718; x_wconf 91' lang='lat'><strong>,</strong></span> <span class='ocrx_word' id='word_1_231' title='bbox 1412 2654 1538 2709; x_wconf 90' lang='lat' dir='ltr'><strong>illud</strong></span> <span class='ocrx_word' id='word_1_232' title='bbox 1569 2664 1751 2710; x_wconf 89' lang='lat' dir='ltr'><strong>notum</strong></span> <span class='ocrx_word' id='word_1_233' title='bbox 1781 2665 1892 2722; x_wconf 87' lang='lat' dir='ltr'><strong>est,</strong></span> 
     </span>
    </p>
   </div>
   <div class='ocr_carea' id='block_1_28' title="bbox 301 2746 1894 2816">
    <p class='ocr_par' dir='ltr' id='par_1_28' title="bbox 301 2746 1894 2816">
     <span class='ocr_line' id='line_1_28' title="bbox 301 2746 1894 2816; baseline 0.003 -17"><span class='ocrx_word' id='word_1_234' title='bbox 301 2746 436 2800; x_wconf 90' lang='lat' dir='ltr'><strong>illud</strong></span> <span class='ocrx_word' id='word_1_235' title='bbox 465 2754 612 2816; x_wconf 88' lang='lat' dir='ltr'><strong>patet</strong></span> <span class='ocrx_word' id='word_1_236' title='bbox 642 2765 656 2801; x_wconf 89' lang='lat'><strong>:</strong></span> <span class='ocrx_word' id='word_1_237' title='bbox 688 2761 787 2802; x_wconf 88' lang='lat' dir='ltr'><strong>nec</strong></span> <span class='ocrx_word' id='word_1_238' title='bbox 813 2761 1022 2816; x_wconf 89' lang='lat' dir='ltr'><strong>magna,</strong></span> <span class='ocrx_word' id='word_1_239' title='bbox 1065 2755 1122 2801; x_wconf 93' lang='lat' dir='ltr'><strong>ut</strong></span> <span class='ocrx_word' id='word_1_240' title='bbox 1150 2747 1251 2802; x_wconf 90' lang='lat' dir='ltr'><strong>hoc</strong></span> <span class='ocrx_word' id='word_1_241' title='bbox 1279 2748 1614 2816; x_wconf 85' lang='lat' dir='ltr'><strong>noverimus,</strong></span> <span class='ocrx_word' id='word_1_242' title='bbox 1645 2747 1894 2809; x_wconf 84' lang='lat' dir='ltr'><strong>doctrina</strong></span> 
     </span>
    </p>
   </div>
   <div class='ocr_carea' id='block_1_29' title="bbox 301 2837 1486 2908">
    <p class='ocr_par' dir='ltr' id='par_1_29' title="bbox 301 2837 1486 2908">
     <span class='ocr_line' id='line_1_29' title="bbox 301 2837 1486 2908; baseline 0.001 -17"><span class='ocrx_word' id='word_1_243' title='bbox 301 2837 629 2908; x_wconf 83' lang='lat' dir='ltr'><strong>indigemus,</strong></span> <span class='ocrx_word' id='word_1_244' title='bbox 661 2837 780 2908; x_wconf 86' lang='lat' dir='ltr'><strong>quia</strong></span> <span class='ocrx_word' id='word_1_245' title='bbox 811 2837 1050 2893; x_wconf 90' lang='lat' dir='ltr'><strong>homines</strong></span> <span class='ocrx_word' id='word_1_246' title='bbox 1078 2837 1192 2908; x_wconf 91' lang='lat' dir='ltr'><strong>ipse</strong></span> <span class='ocrx_word' id='word_1_247' title='bbox 1220 2853 1318 2893; x_wconf 92' lang='lat' dir='ltr'><strong>nos</strong></span> <span class='ocrx_word' id='word_1_248' title='bbox 1344 2837 1486 2894; x_wconf 87' lang='lat' dir='ltr'><strong>fecit.</strong></span> 
     </span>
    </p>
   </div>
   <div class='ocr_carea' id='block_1_30' title="bbox 371 2927 1897 3001">
    <p class='ocr_par' dir='ltr' id='par_1_30' title="bbox 371 2927 1897 3001">
     <span class='ocr_line' id='line_1_30' title="bbox 371 2927 1897 3001; baseline 0.003 -19"><span class='ocrx_word' id='word_1_249' title='bbox 371 2927 603 2984; x_wconf 84' lang='lat' dir='ltr'><strong>CAPUT</strong></span> <span class='ocrx_word' id='word_1_250' title='bbox 646 2928 706 2983; x_wconf 87' lang='lat' dir='ltr'><strong>V.</strong></span> <span class='ocrx_word' id='word_1_251' title='bbox 738 2957 810 2968; x_wconf 90' lang='lat'><strong>-——</strong></span> <span class='ocrx_word' id='word_1_252' title='bbox 839 2927 947 2984; x_wconf 89' lang='lat' dir='ltr'><strong>Sed</strong></span> <span class='ocrx_word' id='word_1_253' title='bbox 984 2928 1124 2985; x_wconf 90' lang='lat' dir='ltr'><strong>unde</strong></span> <span class='ocrx_word' id='word_1_254' title='bbox 1169 2929 1508 3000; x_wconf 87' lang='lat' dir='ltr'><strong>loquebatur,</strong></span> <span class='ocrx_word' id='word_1_255' title='bbox 1558 2930 1678 2986; x_wconf 89' lang='lat' dir='ltr'><strong>vide</strong></span> <span class='ocrx_word' id='word_1_256' title='bbox 1722 2948 1735 2985; x_wconf 89' lang='lat'><strong>:</strong></span> <span class='ocrx_word' id='word_1_257' title='bbox 1775 2931 1897 3001; x_wconf 84' lang='lat' dir='ltr'><strong>Ipse</strong></span> 
     </span>
    </p>
   </div>
   <div class='ocr_carea' id='block_1_31' title="bbox 301 3018 1894 3092">
    <p class='ocr_par' dir='ltr' id='par_1_31' title="bbox 301 3018 1894 3092">
     <span class='ocr_line' id='line_1_31' title="bbox 301 3018 1894 3092; baseline 0.003 -20"><span class='ocrx_word' id='word_1_258' title='bbox 301 3021 420 3090; x_wconf 71' lang='lat' dir='ltr'><strong>fecit</strong></span> <span class='ocrx_word' id='word_1_259' title='bbox 452 3036 577 3084; x_wconf 81' lang='lat' dir='ltr'><strong>nos,</strong></span> <span class='ocrx_word' id='word_1_260' title='bbox 607 3027 654 3073; x_wconf 92' lang='lat' dir='ltr'><strong>et</strong></span> <span class='ocrx_word' id='word_1_261' title='bbox 682 3035 783 3073; x_wconf 88' lang='lat' dir='ltr'><strong>non</strong></span> <span class='ocrx_word' id='word_1_262' title='bbox 810 3018 909 3090; x_wconf 85' lang='lat' dir='ltr'><strong>ipsi</strong></span> <span class='ocrx_word' id='word_1_263' title='bbox 945 3035 1056 3073; x_wconf 87' lang='lat' dir='ltr'><strong>nos.</strong></span> <span class='ocrx_word' id='word_1_264' title='bbox 1100 3019 1235 3088; x_wconf 88' lang='lat' dir='ltr'><strong>Quid</strong></span> <span class='ocrx_word' id='word_1_265' title='bbox 1279 3035 1377 3075; x_wconf 91' lang='lat' dir='ltr'><strong>nos</strong></span> <span class='ocrx_word' id='word_1_266' title='bbox 1421 3021 1572 3085; x_wconf 87' lang='lat' dir='ltr'><strong>fecit,</strong></span> <span class='ocrx_word' id='word_1_267' title='bbox 1613 3019 1715 3076; x_wconf 89' lang='lat' dir='ltr'><strong>nisi</strong></span> <span class='ocrx_word' id='word_1_268' title='bbox 1753 3022 1894 3092; x_wconf 89' lang='lat' dir='ltr'><strong>quod</strong></span> 
     </span>
    </p>
   </div>
   <div class='ocr_carea' id='block_1_32' title="bbox 302 3110 1895 3186">
    <p class='ocr_par' dir='ltr' id='par_1_32' title="bbox 302 3110 1895 3186">
     <span class='ocr_line' id='line_1_32' title="bbox 302 3110 1895 3186; baseline 0.003 -20"><span class='ocrx_word' id='word_1_269' title='bbox 302 3110 528 3166; x_wconf 86' lang='lat' dir='ltr'><strong>sumus?</strong></span> <span class='ocrx_word' id='word_1_270' title='bbox 566 3110 702 3178; x_wconf 83' lang='lat' dir='ltr'><strong>Quid</strong></span> <span class='ocrx_word' id='word_1_271' title='bbox 741 3119 916 3167; x_wconf 87' lang='lat' dir='ltr'><strong>autem</strong></span> <span class='ocrx_word' id='word_1_272' title='bbox 955 3113 1181 3168; x_wconf 83' lang='lat' dir='ltr'><strong>sumus?</strong></span> <span class='ocrx_word' id='word_1_273' title='bbox 1216 3111 1327 3167; x_wconf 86' lang='lat' dir='ltr'><strong>Nos</strong></span> <span class='ocrx_word' id='word_1_274' title='bbox 1365 3123 1550 3167; x_wconf 86' lang='lat' dir='ltr'><strong>autem.</strong></span> <span class='ocrx_word' id='word_1_275' title='bbox 1592 3115 1730 3171; x_wconf 85' lang='lat' dir='ltr'><strong>Ecce</strong></span> <span class='ocrx_word' id='word_1_276' title='bbox 1768 3116 1895 3186; x_wconf 91' lang='lat' dir='ltr'><strong>quid</strong></span> 
     </span>
    </p>
   </div>
   <div class='ocr_carea' id='block_1_33' title="bbox 300 3203 1895 3279">
    <p class='ocr_par' dir='ltr' id='par_1_33' title="bbox 300 3203 1895 3279">
     <span class='ocr_line' id='line_1_33' title="bbox 300 3203 1895 3279; baseline 0.005 -22"><span class='ocrx_word' id='word_1_277' title='bbox 300 3218 509 3258; x_wconf 88' lang='lat' dir='ltr'><strong>sumus.</strong></span> <span class='ocrx_word' id='word_1_278' title='bbox 543 3203 722 3273; x_wconf 86' lang='lat' dir='ltr'><strong>Quid?</strong></span> <span class='ocrx_word' id='word_1_279' title='bbox 764 3205 995 3275; x_wconf 87' lang='lat' dir='ltr'><strong>Populus</strong></span> <span class='ocrx_word' id='word_1_280' title='bbox 1027 3207 1134 3277; x_wconf 81' lang='lat' dir='ltr'><strong>ejus</strong></span> <span class='ocrx_word' id='word_1_281' title='bbox 1160 3215 1206 3260; x_wconf 89' lang='lat' dir='ltr'><strong>et</strong></span> <span class='ocrx_word' id='word_1_282' title='bbox 1235 3222 1347 3261; x_wconf 87' lang='lat' dir='ltr'><strong>oves</strong></span> <span class='ocrx_word' id='word_1_283' title='bbox 1371 3223 1575 3276; x_wconf 79' lang='lat' dir='ltr'><strong>pascua:</strong></span> <span class='ocrx_word' id='word_1_284' title='bbox 1611 3208 1740 3278; x_wconf 88' lang='lat' dir='ltr'><strong>ejus.</strong></span> <span class='ocrx_word' id='word_1_285' title='bbox 1779 3207 1895 3279; x_wconf 88' lang='lat' dir='ltr'><strong>Ipse</strong></span> 
     </span>
    </p>
   </div>
   <div class='ocr_carea' id='block_1_34' title="bbox 303 3295 1943 3369">
    <p class='ocr_par' dir='ltr' id='par_1_34' title="bbox 303 3295 1943 3369">
     <span class='ocr_line' id='line_1_34' title="bbox 303 3295 1943 3369; baseline 0.007 -22"><span class='ocrx_word' id='word_1_286' title='bbox 303 3309 404 3348; x_wconf 91' lang='lat' dir='ltr'><strong>nos</strong></span> <span class='ocrx_word' id='word_1_287' title='bbox 447 3295 573 3349; x_wconf 88' lang='lat' dir='ltr'><strong>fecit</strong></span> <span class='ocrx_word' id='word_1_288' title='bbox 609 3296 859 3365; x_wconf 74' lang='lat' dir='ltr'><strong>pupulum</strong></span> <span class='ocrx_word' id='word_1_289' title='bbox 896 3310 1081 3364; x_wconf 90' lang='lat' dir='ltr'><strong>suum,</strong></span> <span class='ocrx_word' id='word_1_290' title='bbox 1119 3296 1231 3366; x_wconf 89' lang='lat' dir='ltr'><strong>ipse</strong></span> <span class='ocrx_word' id='word_1_291' title='bbox 1261 3312 1358 3351; x_wconf 90' lang='lat' dir='ltr'><strong>nos</strong></span> <span class='ocrx_word' id='word_1_292' title='bbox 1385 3298 1506 3352; x_wconf 87' lang='lat' dir='ltr'><strong>fecit</strong></span> <span class='ocrx_word' id='word_1_293' title='bbox 1534 3314 1660 3354; x_wconf 83' lang='lat' dir='ltr'><strong>oves</strong></span> <span class='ocrx_word' id='word_1_294' title='bbox 1687 3314 1895 3369; x_wconf 70' lang='lat' dir='ltr'><strong>pascua:</strong></span> <span class='ocrx_word' id='word_1_295' title='bbox 1941 3357 1943 3359; x_wconf 85' lang='lat'><strong>.</strong></span> 
     </span>
    </p>
   </div>
   <div class='ocr_carea' id='block_1_35' title="bbox 304 3385 1896 3457">
    <p class='ocr_par' dir='ltr' id='par_1_35' title="bbox 304 3385 1896 3457">
     <span class='ocr_line' id='line_1_35' title="bbox 304 3385 1896 3457; baseline 0.004 -19"><span class='ocrx_word' id='word_1_296' title='bbox 304 3402 442 3439; x_wconf 67' lang='lat' dir='ltr'><strong>sum.</strong></span> <span class='ocrx_word' id='word_1_297' title='bbox 488 3385 589 3451; x_wconf 91' lang='lat' dir='ltr'><strong>Qui</strong></span> <span class='ocrx_word' id='word_1_298' title='bbox 634 3386 777 3440; x_wconf 88' lang='lat' dir='ltr'><strong>misit</strong></span> <span class='ocrx_word' id='word_1_299' title='bbox 817 3386 1164 3457; x_wconf 84' lang='lat' dir='ltr'><strong>jugulaudam</strong></span> <span class='ocrx_word' id='word_1_300' title='bbox 1207 3402 1361 3442; x_wconf 89' lang='lat' dir='ltr'><strong>ovem</strong></span> <span class='ocrx_word' id='word_1_301' title='bbox 1411 3389 1720 3457; x_wconf 86' lang='lat' dir='ltr'><strong>innoxiam,</strong></span> <span class='ocrx_word' id='word_1_302' title='bbox 1773 3388 1896 3444; x_wconf 89' lang='lat' dir='ltr'><strong>fecit</strong></span> 
     </span>
    </p>
   </div>
   <div class='ocr_carea' id='block_1_36' title="bbox 302 3479 1895 3552">
    <p class='ocr_par' dir='ltr' id='par_1_36' title="bbox 302 3479 1895 3552">
     <span class='ocr_line' id='line_1_36' title="bbox 302 3479 1895 3552; baseline 0.004 -20"><span class='ocrx_word' id='word_1_303' title='bbox 302 3493 436 3534; x_wconf 77' lang='lat' dir='ltr'><strong>oves</strong></span> <span class='ocrx_word' id='word_1_304' title='bbox 463 3479 532 3534; x_wconf 90' lang='lat' dir='ltr'><strong>de</strong></span> <span class='ocrx_word' id='word_1_305' title='bbox 562 3479 718 3550; x_wconf 91' lang='lat' dir='ltr'><strong>lupis.</strong></span> <span class='ocrx_word' id='word_1_306' title='bbox 749 3480 872 3535; x_wconf 75' lang='lat' dir='ltr'><strong>Hazc</strong></span> <span class='ocrx_word' id='word_1_307' title='bbox 900 3490 982 3536; x_wconf 90' lang='lat' dir='ltr'><strong>est</strong></span> <span class='ocrx_word' id='word_1_308' title='bbox 1008 3480 1194 3551; x_wconf 91' lang='lat' dir='ltr'><strong>gratia.</strong></span> <span class='ocrx_word' id='word_1_309' title='bbox 1225 3481 1456 3552; x_wconf 80' lang='lat' dir='ltr'><strong>Excepta</strong></span> <span class='ocrx_word' id='word_1_310' title='bbox 1497 3483 1586 3537; x_wconf 88' lang='lat' dir='ltr'><strong>illa</strong></span> <span class='ocrx_word' id='word_1_311' title='bbox 1624 3485 1895 3538; x_wconf 90' lang='lat' dir='ltr'><strong>communi</strong></span> 
     </span>
    </p>
   </div>
   <div class='ocr_carea' id='block_1_37' title="bbox 302 3571 1895 3646">
    <p class='ocr_par' dir='ltr' id='par_1_37' title="bbox 302 3571 1895 3646">
     <span class='ocr_line' id='line_1_37' title="bbox 302 3571 1895 3646; baseline 0.006 -24"><span class='ocrx_word' id='word_1_312' title='bbox 302 3571 476 3638; x_wconf 89' lang='lat' dir='ltr'><strong>gratia</strong></span> <span class='ocrx_word' id='word_1_313' title='bbox 515 3581 756 3636; x_wconf 57' lang='lat' dir='ltr'><strong>natura),</strong></span> <span class='ocrx_word' id='word_1_314' title='bbox 795 3588 896 3642; x_wconf 90' lang='lat' dir='ltr'><strong>qua</strong></span> <span class='ocrx_word' id='word_1_315' title='bbox 935 3572 1177 3628; x_wconf 87' lang='lat' dir='ltr'><strong>homines</strong></span> <span class='ocrx_word' id='word_1_316' title='bbox 1217 3572 1335 3629; x_wconf 89' lang='lat' dir='ltr'><strong>facti</strong></span> <span class='ocrx_word' id='word_1_317' title='bbox 1375 3589 1592 3638; x_wconf 89' lang='lat' dir='ltr'><strong>sumus,</strong></span> <span class='ocrx_word' id='word_1_318' title='bbox 1625 3590 1724 3630; x_wconf 89' lang='lat' dir='ltr'><strong>nec</strong></span> <span class='ocrx_word' id='word_1_319' title='bbox 1752 3574 1895 3646; x_wconf 84' lang='lat' dir='ltr'><strong>digni</strong></span> 
     </span>
    </p>
   </div>
   <div class='ocr_carea' id='block_1_38' title="bbox 303 3662 1896 3740">
    <p class='ocr_par' dir='ltr' id='par_1_38' title="bbox 303 3662 1896 3740">
     <span class='ocr_line' id='line_1_38' title="bbox 303 3662 1896 3740; baseline 0.008 -27"><span class='ocrx_word' id='word_1_320' title='bbox 303 3662 527 3729; x_wconf 83' lang='lat' dir='ltr'><strong>luimus,</strong></span> <span class='ocrx_word' id='word_1_321' title='bbox 559 3663 680 3734; x_wconf 86' lang='lat' dir='ltr'><strong>quia</strong></span> <span class='ocrx_word' id='word_1_322' title='bbox 705 3679 813 3719; x_wconf 91' lang='lat' dir='ltr'><strong>non</strong></span> <span class='ocrx_word' id='word_1_323' title='bbox 841 3665 1033 3720; x_wconf 89' lang='lat' dir='ltr'><strong>fuimus</strong></span> <span class='ocrx_word' id='word_1_324' title='bbox 1063 3685 1076 3720; x_wconf 89' lang='lat'><strong>:</strong></span> <span class='ocrx_word' id='word_1_325' title='bbox 1107 3675 1324 3736; x_wconf 82' lang='lat' dir='ltr'><strong>excepta</strong></span> <span class='ocrx_word' id='word_1_326' title='bbox 1353 3667 1440 3722; x_wconf 91' lang='lat' dir='ltr'><strong>illa</strong></span> <span class='ocrx_word' id='word_1_327' title='bbox 1463 3668 1650 3740; x_wconf 90' lang='lat' dir='ltr'><strong>gratia,</strong></span> <span class='ocrx_word' id='word_1_328' title='bbox 1677 3668 1791 3724; x_wconf 74' lang='lat' dir='ltr'><strong>huc</strong></span> <span class='ocrx_word' id='word_1_329' title='bbox 1815 3679 1896 3726; x_wconf 90' lang='lat' dir='ltr'><strong>est</strong></span> 
     </span>
    </p>
   </div>
   <div class='ocr_carea' id='block_1_39' title="bbox 305 3753 1896 3830">
    <p class='ocr_par' dir='ltr' id='par_1_39' title="bbox 305 3753 1896 3830">
     <span class='ocr_line' id='line_1_39' title="bbox 305 3753 1896 3830; baseline 0.007 -24"><span class='ocrx_word' id='word_1_330' title='bbox 305 3753 483 3822; x_wconf 87' lang='lat' dir='ltr'><strong>major</strong></span> <span class='ocrx_word' id='word_1_331' title='bbox 525 3756 691 3824; x_wconf 88' lang='lat' dir='ltr'><strong>gratia</strong></span> <span class='ocrx_word' id='word_1_332' title='bbox 739 3772 840 3828; x_wconf 89' lang='lat' dir='ltr'><strong>qua</strong></span> <span class='ocrx_word' id='word_1_333' title='bbox 883 3756 1003 3812; x_wconf 92' lang='lat' dir='ltr'><strong>facti</strong></span> <span class='ocrx_word' id='word_1_334' title='bbox 1047 3773 1229 3813; x_wconf 91' lang='lat' dir='ltr'><strong>sumus</strong></span> <span class='ocrx_word' id='word_1_335' title='bbox 1271 3760 1489 3830; x_wconf 83' lang='lat' dir='ltr'><strong>pOpulus</strong></span> <span class='ocrx_word' id='word_1_336' title='bbox 1536 3761 1644 3830; x_wconf 81' lang='lat' dir='ltr'><strong>eius</strong></span> <span class='ocrx_word' id='word_1_337' title='bbox 1691 3773 1737 3815; x_wconf 86' lang='lat' dir='ltr'><strong>et</strong></span> <span class='ocrx_word' id='word_1_338' title='bbox 1783 3779 1896 3817; x_wconf 76' lang='lat' dir='ltr'><strong>ores</strong></span> 
     </span>
    </p>
   </div>
   <div class='ocr_carea' id='block_1_40' title="bbox 307 3847 1892 3917">
    <p class='ocr_par' dir='ltr' id='par_1_40' title="bbox 307 3847 1892 3917">
     <span class='ocr_line' id='line_1_40' title="bbox 307 3847 1892 3917; baseline 0.008 -22"><span class='ocrx_word' id='word_1_339' title='bbox 307 3861 514 3914; x_wconf 77' lang='lat' dir='ltr'><strong>pascua:</strong></span> <span class='ocrx_word' id='word_1_340' title='bbox 544 3847 668 3916; x_wconf 84' lang='lat' dir='ltr'><strong>ejus,</strong></span> <span class='ocrx_word' id='word_1_341' title='bbox 698 3863 792 3917; x_wconf 90' lang='lat' dir='ltr'><strong>per</strong></span> <span class='ocrx_word' id='word_1_342' title='bbox 817 3847 996 3903; x_wconf 75' lang='lat' dir='ltr'><strong>Iesum</strong></span> <span class='ocrx_word' id='word_1_343' title='bbox 1023 3848 1289 3904; x_wconf 81' lang='lat' dir='ltr'><strong>Christum</strong></span> <span class='ocrx_word' id='word_1_344' title='bbox 1320 3850 1601 3905; x_wconf 89' lang='lat' dir='ltr'><strong>Dominum</strong></span> <span class='ocrx_word' id='word_1_345' title='bbox 1629 3861 1892 3907; x_wconf 91' lang='lat' dir='ltr'><strong>nostrum.</strong></span> 
     </span>
    </p>
   </div>
   <div class='ocr_carea' id='block_1_41' title="bbox 378 3934 1895 4010">
    <p class='ocr_par' dir='ltr' id='par_1_41' title="bbox 378 3934 1895 4010">
     <span class='ocr_line' id='line_1_41' title="bbox 378 3934 1895 4010; baseline 0.006 -20"><span class='ocrx_word' id='word_1_346' title='bbox 378 3936 435 3990; x_wconf 88' lang='lat'><strong>6.</strong></span> <span class='ocrx_word' id='word_1_347' title='bbox 466 3934 663 3992; x_wconf 81' lang='lat' dir='ltr'><strong>Gratia.</strong></span> <span class='ocrx_word' id='word_1_348' title='bbox 700 3938 805 3993; x_wconf 90' lang='lat' dir='ltr'><strong>Sed</strong></span> <span class='ocrx_word' id='word_1_349' title='bbox 847 3939 973 3994; x_wconf 87' lang='lat' dir='ltr'><strong>dicit</strong></span> <span class='ocrx_word' id='word_1_350' title='bbox 1014 3939 1364 4010; x_wconf 81' lang='lat' dir='ltr'><strong>aliquiszPer</strong></span> <span class='ocrx_word' id='word_1_351' title='bbox 1401 3940 1581 3997; x_wconf 86' lang='lat' dir='ltr'><strong>Jesum</strong></span> <span class='ocrx_word' id='word_1_352' title='bbox 1627 3943 1895 3999; x_wconf 89' lang='lat' dir='ltr'><strong>Christum</strong></span> 
     </span>
    </p>
   </div>
   <div class='ocr_carea' id='block_1_42' title="bbox 307 4027 1896 4108">
    <p class='ocr_par' dir='ltr' id='par_1_42' title="bbox 307 4027 1896 4108">
     <span class='ocr_line' id='line_1_42' title="bbox 307 4027 1896 4108; baseline 0.007 -28"><span class='ocrx_word' id='word_1_353' title='bbox 307 4027 434 4082; x_wconf 84' lang='lat' dir='ltr'><strong>facti</strong></span> <span class='ocrx_word' id='word_1_354' title='bbox 459 4044 664 4095; x_wconf 87' lang='lat' dir='ltr'><strong>sumus,</strong></span> <span class='ocrx_word' id='word_1_355' title='bbox 691 4040 750 4085; x_wconf 92' lang='lat' dir='ltr'><strong>ut</strong></span> <span class='ocrx_word' id='word_1_356' title='bbox 775 4031 932 4086; x_wconf 90' lang='lat' dir='ltr'><strong>etiam</strong></span> <span class='ocrx_word' id='word_1_357' title='bbox 960 4031 1204 4087; x_wconf 90' lang='lat' dir='ltr'><strong>homines</strong></span> <span class='ocrx_word' id='word_1_358' title='bbox 1229 4048 1488 4090; x_wconf 89' lang='lat' dir='ltr'><strong>essemus.</strong></span> <span class='ocrx_word' id='word_1_359' title='bbox 1519 4034 1593 4089; x_wconf 90' lang='lat' dir='ltr'><strong>Ita</strong></span> <span class='ocrx_word' id='word_1_360' title='bbox 1621 4051 1766 4103; x_wconf 85' lang='lat' dir='ltr'><strong>vero,</strong></span> <span class='ocrx_word' id='word_1_361' title='bbox 1801 4052 1896 4108; x_wconf 89' lang='lat' dir='ltr'><strong>per</strong></span> 
     </span>
    </p>
   </div>
   <div class='ocr_carea' id='block_1_43' title="bbox 306 4121 1895 4200">
    <p class='ocr_par' dir='ltr' id='par_1_43' title="bbox 306 4121 1895 4200">
     <span class='ocr_line' id='line_1_43' title="bbox 306 4121 1895 4200; baseline 0.006 -25"><span class='ocrx_word' id='word_1_362' title='bbox 306 4121 491 4176; x_wconf 81' lang='lat' dir='ltr'><strong>Jesum</strong></span> <span class='ocrx_word' id='word_1_363' title='bbox 515 4121 780 4177; x_wconf 89' lang='lat' dir='ltr'><strong>Christum</strong></span> <span class='ocrx_word' id='word_1_364' title='bbox 806 4123 928 4180; x_wconf 87' lang='lat' dir='ltr'><strong>facti</strong></span> <span class='ocrx_word' id='word_1_365' title='bbox 951 4134 1075 4180; x_wconf 90' lang='lat' dir='ltr'><strong>sunt</strong></span> <span class='ocrx_word' id='word_1_366' title='bbox 1096 4135 1152 4182; x_wconf 90' lang='lat' dir='ltr'><strong>et</strong></span> <span class='ocrx_word' id='word_1_367' title='bbox 1167 4126 1379 4196; x_wconf 83' lang='lat' dir='ltr'><strong>Pagani.</strong></span> <span class='ocrx_word' id='word_1_368' title='bbox 1399 4127 1530 4182; x_wconf 89' lang='lat' dir='ltr'><strong>Nam</strong></span> <span class='ocrx_word' id='word_1_369' title='bbox 1549 4128 1764 4200; x_wconf 85' lang='lat' dir='ltr'><strong>Pagani,</strong></span> <span class='ocrx_word' id='word_1_370' title='bbox 1789 4146 1895 4185; x_wconf 91' lang='lat' dir='ltr'><strong>non</strong></span> 
     </span>
    </p>
   </div>
   <div class='ocr_carea' id='block_1_44' title="bbox 307 4213 1894 4290">
    <p class='ocr_par' dir='ltr' id='par_1_44' title="bbox 307 4213 1894 4290">
     <span class='ocr_line' id='line_1_44' title="bbox 307 4213 1894 4290; baseline 0.006 -25"><span class='ocrx_word' id='word_1_371' title='bbox 307 4223 365 4265; x_wconf 92' lang='lat' dir='ltr'><strong>ut</strong></span> <span class='ocrx_word' id='word_1_372' title='bbox 389 4223 576 4268; x_wconf 88' lang='lat' dir='ltr'><strong>essent</strong></span> <span class='ocrx_word' id='word_1_373' title='bbox 599 4213 789 4284; x_wconf 85' lang='lat' dir='ltr'><strong>Pagani</strong></span> <span class='ocrx_word' id='word_1_374' title='bbox 811 4257 825 4284; x_wconf 95' lang='lat'><strong>,</strong></span> <span class='ocrx_word' id='word_1_375' title='bbox 869 4216 963 4271; x_wconf 90' lang='lat' dir='ltr'><strong>scd</strong></span> <span class='ocrx_word' id='word_1_376' title='bbox 991 4225 1048 4271; x_wconf 91' lang='lat' dir='ltr'><strong>ut</strong></span> <span class='ocrx_word' id='word_1_377' title='bbox 1072 4227 1250 4272; x_wconf 88' lang='lat' dir='ltr'><strong>essent</strong></span> <span class='ocrx_word' id='word_1_378' title='bbox 1279 4218 1518 4274; x_wconf 90' lang='lat' dir='ltr'><strong>homines</strong></span> <span class='ocrx_word' id='word_1_379' title='bbox 1537 4261 1551 4284; x_wconf 92' lang='lat'><strong>,</strong></span> <span class='ocrx_word' id='word_1_380' title='bbox 1594 4235 1689 4290; x_wconf 90' lang='lat' dir='ltr'><strong>per</strong></span> <span class='ocrx_word' id='word_1_381' title='bbox 1715 4220 1894 4275; x_wconf 78' lang='lat' dir='ltr'><strong>Iesum</strong></span> 
     </span>
    </p>
   </div>
   <div class='ocr_carea' id='block_1_45' title="bbox 306 4304 1890 4382">
    <p class='ocr_par' dir='ltr' id='par_1_45' title="bbox 306 4304 1890 4382">
     <span class='ocr_line' id='line_1_45' title="bbox 306 4304 1890 4382; baseline 0.007 -24"><span class='ocrx_word' id='word_1_382' title='bbox 306 4304 580 4360; x_wconf 86' lang='lat' dir='ltr'><strong>Christum</strong></span> <span class='ocrx_word' id='word_1_383' title='bbox 624 4305 744 4361; x_wconf 89' lang='lat' dir='ltr'><strong>facti</strong></span> <span class='ocrx_word' id='word_1_384' title='bbox 783 4318 925 4363; x_wconf 91' lang='lat' dir='ltr'><strong>sunt.</strong></span> <span class='ocrx_word' id='word_1_385' title='bbox 965 4308 1094 4376; x_wconf 90' lang='lat' dir='ltr'><strong>Quis</strong></span> <span class='ocrx_word' id='word_1_386' title='bbox 1132 4319 1213 4366; x_wconf 86' lang='lat' dir='ltr'><strong>est</strong></span> <span class='ocrx_word' id='word_1_387' title='bbox 1255 4311 1396 4366; x_wconf 89' lang='lat' dir='ltr'><strong>enim</strong></span> <span class='ocrx_word' id='word_1_388' title='bbox 1439 4311 1593 4368; x_wconf 83' lang='lat' dir='ltr'><strong>Jesus</strong></span> <span class='ocrx_word' id='word_1_389' title='bbox 1630 4313 1890 4382; x_wconf 86' lang='lat' dir='ltr'><strong>Christus,</strong></span> 
     </span>
    </p>
   </div>
   <div class='ocr_carea' id='block_1_46' title="bbox 307 4397 1896 4478">
    <p class='ocr_par' dir='ltr' id='par_1_46' title="bbox 307 4397 1896 4478">
     <span class='ocr_line' id='line_1_46' title="bbox 307 4397 1896 4478; baseline 0.008 -29"><span class='ocrx_word' id='word_1_390' title='bbox 307 4397 410 4450; x_wconf 86' lang='lat' dir='ltr'><strong>nisi</strong></span> <span class='ocrx_word' id='word_1_391' title='bbox 454 4397 509 4450; x_wconf 89' lang='lat' dir='ltr'><strong>in</strong></span> <span class='ocrx_word' id='word_1_392' title='bbox 553 4398 800 4468; x_wconf 84' lang='lat' dir='ltr'><strong>principio</strong></span> <span class='ocrx_word' id='word_1_393' title='bbox 843 4409 947 4454; x_wconf 89' lang='lat' dir='ltr'><strong>erat</strong></span> <span class='ocrx_word' id='word_1_394' title='bbox 985 4399 1238 4466; x_wconf 84' lang='lat' dir='ltr'><strong>Verbum,</strong></span> <span class='ocrx_word' id='word_1_395' title='bbox 1283 4411 1329 4456; x_wconf 90' lang='lat' dir='ltr'><strong>et</strong></span> <span class='ocrx_word' id='word_1_396' title='bbox 1381 4402 1594 4473; x_wconf 73' lang='lat' dir='ltr'><strong>Verbum</strong></span> <span class='ocrx_word' id='word_1_397' title='bbox 1621 4417 1727 4460; x_wconf 88' lang='lat' dir='ltr'><strong>erat</strong></span> <span class='ocrx_word' id='word_1_398' title='bbox 1756 4407 1896 4478; x_wconf 86' lang='lat' dir='ltr'><strong>apud</strong></span> 
     </span>
    </p>
   </div>
   <div class='ocr_carea' id='block_1_47' title="bbox 311 4487 1895 4570">
    <p class='ocr_par' dir='ltr' id='par_1_47' title="bbox 311 4487 1895 4570">
     <span class='ocr_line' id='line_1_47' title="bbox 311 4487 1895 4570; baseline 0.008 -29"><span class='ocrx_word' id='word_1_399' title='bbox 311 4487 511 4556; x_wconf 82' lang='lat' dir='ltr'><strong>Deum,</strong></span> <span class='ocrx_word' id='word_1_400' title='bbox 552 4501 597 4544; x_wconf 93' lang='lat' dir='ltr'><strong>et</strong></span> <span class='ocrx_word' id='word_1_401' title='bbox 632 4489 772 4545; x_wconf 84' lang='lat' dir='ltr'><strong>Deus</strong></span> <span class='ocrx_word' id='word_1_402' title='bbox 813 4501 916 4546; x_wconf 89' lang='lat' dir='ltr'><strong>erat</strong></span> <span class='ocrx_word' id='word_1_403' title='bbox 963 4491 1217 4549; x_wconf 80' lang='lat' dir='ltr'><strong>Verbum?</strong></span> <span class='ocrx_word' id='word_1_404' title='bbox 1257 4495 1370 4549; x_wconf 85' lang='lat' dir='ltr'><strong>Hoc</strong></span> <span class='ocrx_word' id='word_1_405' title='bbox 1410 4507 1516 4552; x_wconf 88' lang='lat' dir='ltr'><strong>erat</strong></span> <span class='ocrx_word' id='word_1_406' title='bbox 1558 4498 1610 4551; x_wconf 88' lang='lat' dir='ltr'><strong>in</strong></span> <span class='ocrx_word' id='word_1_407' title='bbox 1648 4500 1895 4570; x_wconf 84' lang='lat' dir='ltr'><strong>principio</strong></span> 
     </span>
    </p>
   </div>
   <div class='ocr_carea' id='block_1_48' title="bbox 306 4579 1892 4662">
    <p class='ocr_par' dir='ltr' id='par_1_48' title="bbox 306 4579 1892 4662">
     <span class='ocr_line' id='line_1_48' title="bbox 306 4579 1892 4662; baseline 0.008 -30"><span class='ocrx_word' id='word_1_408' title='bbox 306 4581 452 4649; x_wconf 83' lang='lat' dir='ltr'><strong>apud</strong></span> <span class='ocrx_word' id='word_1_409' title='bbox 472 4580 655 4633; x_wconf 79' lang='lat' dir='ltr'><strong>Deum.</strong></span> <span class='ocrx_word' id='word_1_410' title='bbox 684 4579 868 4636; x_wconf 87' lang='lat' dir='ltr'><strong>Omnia</strong></span> <span class='ocrx_word' id='word_1_411' title='bbox 889 4601 976 4653; x_wconf 87' lang='lat' dir='ltr'><strong>per</strong></span> <span class='ocrx_word' id='word_1_412' title='bbox 997 4585 1161 4654; x_wconf 88' lang='lat' dir='ltr'><strong>ipsum</strong></span> <span class='ocrx_word' id='word_1_413' title='bbox 1183 4587 1318 4657; x_wconf 75' lang='lat' dir='ltr'><strong>facta</strong></span> <span class='ocrx_word' id='word_1_414' title='bbox 1343 4597 1460 4641; x_wconf 85' lang='lat' dir='ltr'><strong>sunt</strong></span> <span class='ocrx_word' id='word_1_415' title='bbox 1481 4587 1658 4660; x_wconf 80' lang='lat' dir='ltr'><strong>(Joan.</strong></span> <span class='ocrx_word' id='word_1_416' title='bbox 1688 4606 1724 4657; x_wconf 84' lang='grc' dir='ltr'>ι,</span> <span class='ocrx_word' id='word_1_417' title='bbox 1755 4590 1892 4662; x_wconf 79' lang='grc'><strong>1-5).</strong></span> 
     </span>
    </p>
   </div>
   <div class='ocr_carea' id='block_1_49' title="bbox 305 4667 1890 4751">
    <p class='ocr_par' dir='ltr' id='par_1_49' title="bbox 305 4667 1890 4751">
     <span class='ocr_line' id='line_1_49' title="bbox 305 4667 1890 4751; baseline 0.009 -28"><span class='ocrx_word' id='word_1_418' title='bbox 305 4667 382 4724; x_wconf 82' lang='lat' dir='ltr'><strong>Illi</strong></span> <span class='ocrx_word' id='word_1_419' title='bbox 415 4685 548 4742; x_wconf 89' lang='lat' dir='ltr'><strong>ergo</strong></span> <span class='ocrx_word' id='word_1_420' title='bbox 571 4669 766 4726; x_wconf 88' lang='lat' dir='ltr'><strong>debent</strong></span> <span class='ocrx_word' id='word_1_421' title='bbox 803 4681 856 4728; x_wconf 88' lang='lat' dir='ltr'><strong>et</strong></span> <span class='ocrx_word' id='word_1_422' title='bbox 881 4673 1082 4748; x_wconf 44' lang='lat' dir='ltr'><strong>Pagani.</strong></span> <span class='ocrx_word' id='word_1_423' title='bbox 1113 4677 1252 4746; x_wconf 90' lang='lat' dir='ltr'><strong>quod</strong></span> <span class='ocrx_word' id='word_1_424' title='bbox 1288 4677 1527 4734; x_wconf 85' lang='lat' dir='ltr'><strong>homines</strong></span> <span class='ocrx_word' id='word_1_425' title='bbox 1549 4682 1708 4735; x_wconf 88' lang='lat' dir='ltr'><strong>creati</strong></span> <span class='ocrx_word' id='word_1_426' title='bbox 1740 4691 1890 4751; x_wconf 90' lang='lat' dir='ltr'><strong>sunt;</strong></span> 
     </span>
    </p>
   </div>
   <div class='ocr_carea' id='block_1_50' title="bbox 305 4767 1892 4845">
    <p class='ocr_par' dir='ltr' id='par_1_50' title="bbox 305 4767 1892 4845">
     <span class='ocr_line' id='line_1_50' title="bbox 305 4767 1892 4845; baseline 0.008 -29"><span class='ocrx_word' id='word_1_427' title='bbox 305 4773 356 4817; x_wconf 85' lang='lat' dir='ltr'><strong>et</strong></span> <span class='ocrx_word' id='word_1_428' title='bbox 389 4773 540 4818; x_wconf 85' lang='lat' dir='ltr'><strong>tanto</strong></span> <span class='ocrx_word' id='word_1_429' title='bbox 569 4767 736 4836; x_wconf 86' lang='lat' dir='ltr'><strong>magis</strong></span> <span class='ocrx_word' id='word_1_430' title='bbox 765 4767 1047 4836; x_wconf 89' lang='lat' dir='ltr'><strong>puniendi,</strong></span> <span class='ocrx_word' id='word_1_431' title='bbox 1087 4770 1206 4839; x_wconf 87' lang='lat' dir='ltr'><strong>quia</strong></span> <span class='ocrx_word' id='word_1_432' title='bbox 1238 4770 1553 4827; x_wconf 89' lang='lat' dir='ltr'><strong>dimiserunt</strong></span> <span class='ocrx_word' id='word_1_433' title='bbox 1581 4790 1702 4828; x_wconf 87' lang='lat' dir='ltr'><strong>cum</strong></span> <span class='ocrx_word' id='word_1_434' title='bbox 1731 4791 1760 4828; x_wconf 91' lang='lat' dir='ltr'><strong>a</strong></span> <span class='ocrx_word' id='word_1_435' title='bbox 1787 4792 1892 4845; x_wconf 89' lang='lat' dir='ltr'><strong>quo</strong></span> 
     </span>
    </p>
   </div>
   <div class='ocr_carea' id='block_1_51' title="bbox 308 4854 1545 4930">
    <p class='ocr_par' dir='ltr' id='par_1_51' title="bbox 308 4854 1545 4930">
     <span class='ocr_line' id='line_1_51' title="bbox 308 4854 1545 4930; baseline 0.007 -23"><span class='ocrx_word' id='word_1_436' title='bbox 308 4854 432 4909; x_wconf 84' lang='lat' dir='ltr'><strong>facti</strong></span> <span class='ocrx_word' id='word_1_437' title='bbox 461 4865 607 4920; x_wconf 88' lang='lat' dir='ltr'><strong>sunt,</strong></span> <span class='ocrx_word' id='word_1_438' title='bbox 638 4866 688 4912; x_wconf 90' lang='lat' dir='ltr'><strong>et</strong></span> <span class='ocrx_word' id='word_1_439' title='bbox 713 4859 990 4913; x_wconf 89' lang='lat' dir='ltr'><strong>coluerunt</strong></span> <span class='ocrx_word' id='word_1_440' title='bbox 1015 4876 1133 4930; x_wconf 77' lang='lat' dir='ltr'><strong>qua:</strong></span> <span class='ocrx_word' id='word_1_441' title='bbox 1159 4861 1258 4930; x_wconf 84' lang='lat' dir='ltr'><strong>ipsi</strong></span> <span class='ocrx_word' id='word_1_442' title='bbox 1289 4862 1545 4918; x_wconf 89' lang='lat' dir='ltr'><strong>fecerunt.</strong></span> 
     </span>
    </p>
   </div>
   <div class='ocr_carea' id='block_1_52' title="bbox 373 4939 1889 5012">
    <p class='ocr_par' dir='ltr' id='par_1_52' title="bbox 373 4939 1889 5012">
     <span class='ocr_line' id='line_1_52' title="bbox 373 4939 1889 5012; baseline 0.008 -12"><span class='ocrx_word' id='word_1_443' title='bbox 373 4939 606 5002; x_wconf 74' lang='lat' dir='ltr'><strong>CAPUT</strong></span> <span class='ocrx_word' id='word_1_444' title='bbox 628 4946 713 5000; x_wconf 86' lang='lat' dir='ltr'><strong>VI.</strong></span> <span class='ocrx_word' id='word_1_445' title='bbox 727 4979 798 4989; x_wconf 90' lang='lat'><strong><em>—</em></strong></span> <span class='ocrx_word' id='word_1_446' title='bbox 814 4948 865 5002; x_wconf 90' lang='lat'><strong>7.</strong></span> <span class='ocrx_word' id='word_1_447' title='bbox 890 4947 1067 5003; x_wconf 77' lang='lat' dir='ltr'><strong>Gratia</strong></span> <span class='ocrx_word' id='word_1_448' title='bbox 1085 4951 1269 5006; x_wconf 84' lang='lat' dir='ltr'><strong>Christi</strong></span> <span class='ocrx_word' id='word_1_449' title='bbox 1289 4953 1596 5008; x_wconf 83' lang='lat' dir='ltr'><strong>mediatoris.</strong></span> <span class='ocrx_word' id='word_1_450' title='bbox 1620 4953 1674 5008; x_wconf 82' lang='grc' dir='ltr'><em>Μ</em></span> <span class='ocrx_word' id='word_1_451' title='bbox 1680 4957 1889 5012; x_wconf 87' lang='lat' dir='ltr'><strong>ediator.</strong></span> 
     </span>
    </p>
   </div>
   <div class='ocr_carea' id='block_1_53' title="bbox 306 5034 1892 5113">
    <p class='ocr_par' dir='ltr' id='par_1_53' title="bbox 306 5034 1892 5113">
     <span class='ocr_line' id='line_1_53' title="bbox 306 5034 1892 5113; baseline 0.008 -22"><span class='ocrx_word' id='word_1_452' title='bbox 306 5034 542 5107; x_wconf 75' lang='lat' dir='ltr'><strong>Excepta</strong></span> <span class='ocrx_word' id='word_1_453' title='bbox 570 5053 696 5109; x_wconf 86' lang='lat' dir='ltr'><strong>ergo</strong></span> <span class='ocrx_word' id='word_1_454' title='bbox 737 5039 822 5094; x_wconf 88' lang='lat' dir='ltr'><strong>illa</strong></span> <span class='ocrx_word' id='word_1_455' title='bbox 869 5042 1065 5112; x_wconf 86' lang='lat' dir='ltr'><strong>gratia,</strong></span> <span class='ocrx_word' id='word_1_456' title='bbox 1101 5059 1203 5113; x_wconf 90' lang='lat' dir='ltr'><strong>qua</strong></span> <span class='ocrx_word' id='word_1_457' title='bbox 1259 5044 1469 5100; x_wconf 92' lang='lat' dir='ltr'><strong>condita</strong></span> <span class='ocrx_word' id='word_1_458' title='bbox 1525 5056 1606 5100; x_wconf 89' lang='lat' dir='ltr'><strong>est</strong></span> <span class='ocrx_word' id='word_1_459' title='bbox 1664 5047 1892 5104; x_wconf 89' lang='lat' dir='ltr'><strong>humana</strong></span> 
     </span>
    </p>
   </div>
   <div class='ocr_carea' id='block_1_54' title="bbox 307 5131 1892 5208">
    <p class='ocr_par' dir='ltr' id='par_1_54' title="bbox 307 5131 1892 5208">
     <span class='ocr_line' id='line_1_54' title="bbox 307 5131 1892 5208; baseline 0.008 -25"><span class='ocrx_word' id='word_1_460' title='bbox 307 5138 494 5184; x_wconf 87' lang='lat' dir='ltr'><strong>natura</strong></span> <span class='ocrx_word' id='word_1_461' title='bbox 528 5131 680 5202; x_wconf 68' lang='lat' dir='ltr'><strong>(haec</strong></span> <span class='ocrx_word' id='word_1_462' title='bbox 705 5133 845 5187; x_wconf 89' lang='lat' dir='ltr'><strong>enim</strong></span> <span class='ocrx_word' id='word_1_463' title='bbox 873 5133 1188 5189; x_wconf 90' lang='lat' dir='ltr'><strong>Christianis</strong></span> <span class='ocrx_word' id='word_1_464' title='bbox 1228 5136 1558 5208; x_wconf 81' lang='lat' dir='ltr'><strong>Paganisque</strong></span> <span class='ocrx_word' id='word_1_465' title='bbox 1596 5142 1892 5196; x_wconf 92' lang='lat' dir='ltr'><strong>communis</strong></span> 
     </span>
    </p>
   </div>
   <div class='ocr_carea' id='block_1_55' title="bbox 305 5222 1894 5298">
    <p class='ocr_par' dir='ltr' id='par_1_55' title="bbox 305 5222 1894 5298">
     <span class='ocr_line' id='line_1_55' title="bbox 305 5222 1894 5298; baseline 0.006 -22"><span class='ocrx_word' id='word_1_466' title='bbox 305 5222 433 5291; x_wconf 73' lang='grc' dir='ltr'><strong>εει),</strong></span> <span class='ocrx_word' id='word_1_467' title='bbox 462 5223 577 5277; x_wconf 65' lang='lat' dir='ltr'><strong>haec</strong></span> <span class='ocrx_word' id='word_1_468' title='bbox 601 5233 684 5278; x_wconf 90' lang='lat' dir='ltr'><strong>est</strong></span> <span class='ocrx_word' id='word_1_469' title='bbox 713 5225 880 5294; x_wconf 87' lang='lat' dir='ltr'><strong>major</strong></span> <span class='ocrx_word' id='word_1_470' title='bbox 903 5227 1090 5296; x_wconf 86' lang='lat' dir='ltr'><strong>gratia,</strong></span> <span class='ocrx_word' id='word_1_471' title='bbox 1118 5242 1226 5281; x_wconf 91' lang='lat' dir='ltr'><strong>non</strong></span> <span class='ocrx_word' id='word_1_472' title='bbox 1254 5227 1393 5298; x_wconf 90' lang='lat' dir='ltr'><strong>quod</strong></span> <span class='ocrx_word' id='word_1_473' title='bbox 1422 5243 1516 5298; x_wconf 90' lang='lat' dir='ltr'><strong>per</strong></span> <span class='ocrx_word' id='word_1_474' title='bbox 1546 5230 1772 5285; x_wconf 85' lang='lat' dir='ltr'><strong>Verbum</strong></span> <span class='ocrx_word' id='word_1_475' title='bbox 1799 5231 1894 5286; x_wconf 92' lang='lat' dir='ltr'><strong>ho-</strong></span> 
     </span>
    </p>
   </div>
   <div class='ocr_carea' id='block_1_56' title="bbox 306 5315 1890 5390">
    <p class='ocr_par' dir='ltr' id='par_1_56' title="bbox 306 5315 1890 5390">
     <span class='ocr_line' id='line_1_56' title="bbox 306 5315 1890 5390; baseline 0.008 -22"><span class='ocrx_word' id='word_1_476' title='bbox 306 5315 480 5369; x_wconf 87' lang='lat' dir='ltr'><strong>mines</strong></span> <span class='ocrx_word' id='word_1_477' title='bbox 505 5316 668 5369; x_wconf 90' lang='lat' dir='ltr'><strong>creati</strong></span> <span class='ocrx_word' id='word_1_478' title='bbox 700 5331 902 5382; x_wconf 91' lang='lat' dir='ltr'><strong>sumus,</strong></span> <span class='ocrx_word' id='word_1_479' title='bbox 949 5318 1042 5374; x_wconf 86' lang='lat' dir='ltr'><strong>sed</strong></span> <span class='ocrx_word' id='word_1_480' title='bbox 1087 5319 1228 5390; x_wconf 88' lang='lat' dir='ltr'><strong>quod</strong></span> <span class='ocrx_word' id='word_1_481' title='bbox 1271 5336 1365 5390; x_wconf 91' lang='lat' dir='ltr'><strong>per</strong></span> <span class='ocrx_word' id='word_1_482' title='bbox 1406 5321 1636 5377; x_wconf 82' lang='lat' dir='ltr'><strong>Verbum</strong></span> <span class='ocrx_word' id='word_1_483' title='bbox 1679 5339 1890 5381; x_wconf 86' lang='lat' dir='ltr'><strong>carnem</strong></span> 
     </span>
    </p>
   </div>
   <div class='ocr_carea' id='block_1_57' title="bbox 308 5406 1892 5479">
    <p class='ocr_par' dir='ltr' id='par_1_57' title="bbox 308 5406 1892 5479">
     <span class='ocr_line' id='line_1_57' title="bbox 308 5406 1892 5479; baseline 0.009 -20"><span class='ocrx_word' id='word_1_484' title='bbox 308 5406 502 5461; x_wconf 86' lang='lat' dir='ltr'><strong>factum</strong></span> <span class='ocrx_word' id='word_1_485' title='bbox 531 5407 712 5463; x_wconf 88' lang='lat' dir='ltr'><strong>ﬁdeles</strong></span> <span class='ocrx_word' id='word_1_486' title='bbox 745 5409 864 5463; x_wconf 85' lang='lat' dir='ltr'><strong>facti</strong></span> <span class='ocrx_word' id='word_1_487' title='bbox 894 5423 1098 5464; x_wconf 89' lang='lat' dir='ltr'><strong>sumus.</strong></span> <span class='ocrx_word' id='word_1_488' title='bbox 1131 5410 1280 5467; x_wconf 91' lang='lat' dir='ltr'><strong>Unus</strong></span> <span class='ocrx_word' id='word_1_489' title='bbox 1307 5414 1448 5466; x_wconf 87' lang='lat' dir='ltr'><strong>enim</strong></span> <span class='ocrx_word' id='word_1_490' title='bbox 1482 5413 1641 5479; x_wconf 87' lang='lat' dir='ltr'><strong>Deus,</strong></span> <span class='ocrx_word' id='word_1_491' title='bbox 1675 5427 1728 5471; x_wconf 93' lang='lat' dir='ltr'><strong>et</strong></span> <span class='ocrx_word' id='word_1_492' title='bbox 1759 5435 1892 5474; x_wconf 89' lang='lat' dir='ltr'><strong>unus</strong></span> 
     </span>
    </p>
   </div>
   <div class='ocr_carea' id='block_1_58' title="bbox 307 5499 1891 5572">
    <p class='ocr_par' dir='ltr' id='par_1_58' title="bbox 307 5499 1891 5572">
     <span class='ocr_line' id='line_1_58' title="bbox 307 5499 1891 5572; baseline 0.007 -19"><span class='ocrx_word' id='word_1_493' title='bbox 307 5499 568 5554; x_wconf 77' lang='lat' dir='ltr'><strong>mediator</strong></span> <span class='ocrx_word' id='word_1_494' title='bbox 608 5501 701 5555; x_wconf 90' lang='lat' dir='ltr'><strong>Dei</strong></span> <span class='ocrx_word' id='word_1_495' title='bbox 733 5511 786 5556; x_wconf 90' lang='lat' dir='ltr'><strong>et</strong></span> <span class='ocrx_word' id='word_1_496' title='bbox 815 5501 1087 5558; x_wconf 91' lang='lat' dir='ltr'><strong>hominum</strong></span> <span class='ocrx_word' id='word_1_497' title='bbox 1121 5504 1280 5558; x_wconf 87' lang='lat' dir='ltr'><strong>homo</strong></span> <span class='ocrx_word' id='word_1_498' title='bbox 1310 5503 1553 5561; x_wconf 86' lang='lat' dir='ltr'><strong>Christus</strong></span> <span class='ocrx_word' id='word_1_499' title='bbox 1596 5507 1749 5563; x_wconf 89' lang='lat' dir='ltr'><strong>Jesus</strong></span> <span class='ocrx_word' id='word_1_500' title='bbox 1770 5553 1782 5572; x_wconf 94' lang='lat'><strong>,</strong></span> <span class='ocrx_word' id='word_1_501' title='bbox 1841 5513 1891 5564; x_wconf 92' lang='lat' dir='ltr'><strong>in</strong></span> 
     </span>
    </p>
   </div>
   <div class='ocr_carea' id='block_1_59' title="bbox 306 5592 1893 5661">
    <p class='ocr_par' dir='ltr' id='par_1_59' title="bbox 306 5592 1893 5661">
     <span class='ocr_line' id='line_1_59' title="bbox 306 5592 1893 5661; baseline 0.009 -17"><span class='ocrx_word' id='word_1_502' title='bbox 306 5593 566 5661; x_wconf 70' lang='lat' dir='ltr'><strong>principio</strong></span> <span class='ocrx_word' id='word_1_503' title='bbox 611 5602 726 5646; x_wconf 89' lang='lat' dir='ltr'><strong>erat</strong></span> <span class='ocrx_word' id='word_1_504' title='bbox 760 5592 1015 5650; x_wconf 88' lang='lat' dir='ltr'><strong>Vcrbmn.</strong></span> <span class='ocrx_word' id='word_1_505' title='bbox 1049 5594 1290 5650; x_wconf 85' lang='lat' dir='ltr'><strong>Nondum</strong></span> <span class='ocrx_word' id='word_1_506' title='bbox 1323 5607 1436 5651; x_wconf 86' lang='lat' dir='ltr'><strong>erat</strong></span> <span class='ocrx_word' id='word_1_507' title='bbox 1465 5597 1624 5653; x_wconf 89' lang='lat' dir='ltr'><strong>homo</strong></span> <span class='ocrx_word' id='word_1_508' title='bbox 1652 5600 1893 5660; x_wconf 82' lang='lat' dir='ltr'><strong>Christus</strong></span> 
     </span>
    </p>
   </div>
   <div class='ocr_carea' id='block_1_60' title="bbox 309 5681 1893 5768">
    <p class='ocr_par' dir='ltr' id='par_1_60' title="bbox 309 5681 1893 5768">
     <span class='ocr_line' id='line_1_60' title="bbox 309 5681 1893 5768; baseline 0.009 -33"><span class='ocrx_word' id='word_1_509' title='bbox 309 5681 477 5748; x_wconf 68' lang='lat' dir='ltr'><strong>Jesus,</strong></span> <span class='ocrx_word' id='word_1_510' title='bbox 511 5693 563 5737; x_wconf 91' lang='lat' dir='ltr'><strong>et</strong></span> <span class='ocrx_word' id='word_1_511' title='bbox 594 5685 822 5739; x_wconf 74' lang='lat' dir='ltr'><strong>Verbum</strong></span> <span class='ocrx_word' id='word_1_512' title='bbox 845 5698 956 5741; x_wconf 83' lang='lat' dir='ltr'><strong>erat</strong></span> <span class='ocrx_word' id='word_1_513' title='bbox 981 5687 1117 5756; x_wconf 90' lang='lat' dir='ltr'><strong>apud</strong></span> <span class='ocrx_word' id='word_1_514' title='bbox 1147 5687 1333 5758; x_wconf 92' lang='lat' dir='ltr'><strong>Deum,</strong></span> <span class='ocrx_word' id='word_1_515' title='bbox 1357 5698 1410 5743; x_wconf 89' lang='lat' dir='ltr'><strong>ct</strong></span> <span class='ocrx_word' id='word_1_516' title='bbox 1430 5689 1570 5744; x_wconf 85' lang='lat' dir='ltr'><strong>Deus</strong></span> <span class='ocrx_word' id='word_1_517' title='bbox 1601 5702 1714 5746; x_wconf 89' lang='lat' dir='ltr'><strong>erat</strong></span> <span class='ocrx_word' id='word_1_518' title='bbox 1739 5693 1893 5768; x_wconf 64' lang='lat' dir='ltr'><strong>Ver-</strong></span> 
     </span>
    </p>
   </div>
   <div class='ocr_carea' id='block_1_61' title="bbox 1729 242 2186 298">
    <p class='ocr_par' dir='ltr' id='par_1_61' title="bbox 1729 242 2186 298">
     <span class='ocr_line' id='line_1_61' title="bbox 1729 242 2186 298; baseline -0.007 0"><span class='ocrx_word' id='word_1_519' title='bbox 1729 243 1959 298; x_wconf 66' lang='lat' dir='ltr'><strong>SEIIMO</strong></span> <span class='ocrx_word' id='word_1_520' title='bbox 2003 242 2186 297; x_wconf 72' lang='lat' dir='ltr'><strong>XXVI.</strong></span> 
     </span>
    </p>
   </div>
   <div class='ocr_carea' id='block_1_62' title="bbox 3491 251 3592 306">
    <p class='ocr_par' dir='ltr' id='par_1_62' title="bbox 3491 251 3592 306">
     <span class='ocr_line' id='line_1_62' title="bbox 3491 251 3592 306; baseline 0 -1"><span class='ocrx_word' id='word_1_521' title='bbox 3491 251 3592 306; x_wconf 70' lang='grc'><strong>171»</strong></span> 
     </span>
    </p>
   </div>
   <div class='ocr_carea' id='block_1_63' title="bbox 2018 356 3584 430">
    <p class='ocr_par' dir='ltr' id='par_1_63' title="bbox 2018 356 3584 430">
     <span class='ocr_line' id='line_1_63' title="bbox 2018 356 3584 430; baseline 0.006 -23"><span class='ocrx_word' id='word_1_522' title='bbox 2018 356 2159 409; x_wconf 92' lang='lat' dir='ltr'><strong>bum.</strong></span> <span class='ocrx_word' id='word_1_523' title='bbox 2179 357 2194 409; x_wconf 94' lang='grc' dir='ltr'><strong>Ι</strong></span> <span class='ocrx_word' id='word_1_524' title='bbox 2200 372 2291 426; x_wconf 89' lang='lat' dir='ltr'><strong>pse</strong></span> <span class='ocrx_word' id='word_1_525' title='bbox 2305 359 2530 414; x_wconf 91' lang='lat' dir='ltr'><strong>mundus</strong></span> <span class='ocrx_word' id='word_1_526' title='bbox 2546 374 2649 414; x_wconf 91' lang='lat' dir='ltr'><strong>non</strong></span> <span class='ocrx_word' id='word_1_527' title='bbox 2667 368 2799 426; x_wconf 90' lang='lat' dir='ltr'><strong>erat,</strong></span> <span class='ocrx_word' id='word_1_528' title='bbox 2818 360 3026 430; x_wconf 87' lang='lat' dir='ltr'><strong>quando</strong></span> <span class='ocrx_word' id='word_1_529' title='bbox 3044 361 3182 416; x_wconf 88' lang='lat' dir='ltr'><strong>Deus</strong></span> <span class='ocrx_word' id='word_1_530' title='bbox 3202 372 3314 416; x_wconf 89' lang='lat' dir='ltr'><strong>crat</strong></span> <span class='ocrx_word' id='word_1_531' title='bbox 3334 362 3584 417; x_wconf 87' lang='lat' dir='ltr'><strong>Verbum.</strong></span> 
     </span>
    </p>
   </div>
   <div class='ocr_carea' id='block_1_64' title="bbox 2007 446 3584 534">
    <p class='ocr_par' dir='ltr' id='par_1_64' title="bbox 2007 446 3584 534">
     <span class='ocr_line' id='line_1_64' title="bbox 2007 446 3584 534; baseline 0.005 -35"><span class='ocrx_word' id='word_1_532' title='bbox 2007 446 2195 501; x_wconf 86' lang='lat' dir='ltr'><strong>Omnia</strong></span> <span class='ocrx_word' id='word_1_533' title='bbox 2223 463 2318 518; x_wconf 88' lang='lat' dir='ltr'><strong>per</strong></span> <span class='ocrx_word' id='word_1_534' title='bbox 2341 450 2512 519; x_wconf 89' lang='lat' dir='ltr'><strong>ipsum</strong></span> <span class='ocrx_word' id='word_1_535' title='bbox 2536 451 2669 506; x_wconf 85' lang='lat' dir='ltr'><strong>facta</strong></span> <span class='ocrx_word' id='word_1_536' title='bbox 2691 460 2831 516; x_wconf 90' lang='lat' dir='ltr'><strong>sunt,</strong></span> <span class='ocrx_word' id='word_1_537' title='bbox 2865 460 2918 506; x_wconf 91' lang='lat' dir='ltr'><strong>ct</strong></span> <span class='ocrx_word' id='word_1_538' title='bbox 2943 451 3168 506; x_wconf 91' lang='lat' dir='ltr'><strong>mundus</strong></span> <span class='ocrx_word' id='word_1_539' title='bbox 3195 467 3289 522; x_wconf 91' lang='lat' dir='ltr'><strong>per</strong></span> <span class='ocrx_word' id='word_1_540' title='bbox 3308 452 3479 534; x_wconf 87' lang='lat' dir='ltr'><strong>ipsum</strong></span> <span class='ocrx_word' id='word_1_541' title='bbox 3506 455 3584 507; x_wconf 82' lang='lat' dir='ltr'><strong>la-</strong></span> 
     </span>
    </p>
   </div>
   <div class='ocr_carea' id='block_1_65' title="bbox 2007 539 3590 612">
    <p class='ocr_par' dir='ltr' id='par_1_65' title="bbox 2007 539 3590 612">
     <span class='ocr_line' id='line_1_65' title="bbox 2007 539 3590 612; baseline 0.006 -21"><span class='ocrx_word' id='word_1_542' title='bbox 2007 545 2124 593; x_wconf 92' lang='lat' dir='ltr'><strong>ctus</strong></span> <span class='ocrx_word' id='word_1_543' title='bbox 2142 548 2242 594; x_wconf 91' lang='lat' dir='ltr'><strong>est.</strong></span> <span class='ocrx_word' id='word_1_544' title='bbox 2267 539 2408 610; x_wconf 89' lang='lat' dir='ltr'><strong>Ergo</strong></span> <span class='ocrx_word' id='word_1_545' title='bbox 2431 549 2554 596; x_wconf 92' lang='lat' dir='ltr'><strong>tunc</strong></span> <span class='ocrx_word' id='word_1_546' title='bbox 2576 542 2787 612; x_wconf 91' lang='lat' dir='ltr'><strong>quando</strong></span> <span class='ocrx_word' id='word_1_547' title='bbox 2813 558 2908 598; x_wconf 92' lang='lat' dir='ltr'><strong>nos</strong></span> <span class='ocrx_word' id='word_1_548' title='bbox 2931 543 3072 609; x_wconf 86' lang='lat' dir='ltr'><strong>fecit,</strong></span> <span class='ocrx_word' id='word_1_549' title='bbox 3098 552 3153 597; x_wconf 92' lang='lat' dir='ltr'><strong>ut</strong></span> <span class='ocrx_word' id='word_1_550' title='bbox 3172 543 3414 600; x_wconf 90' lang='lat' dir='ltr'><strong>homines</strong></span> <span class='ocrx_word' id='word_1_551' title='bbox 3442 561 3590 601; x_wconf 78' lang='lat' dir='ltr'><strong>esse-</strong></span> 
     </span>
    </p>
   </div>
   <div class='ocr_carea' id='block_1_66' title="bbox 2008 632 3588 706">
    <p class='ocr_par' dir='ltr' id='par_1_66' title="bbox 2008 632 3588 706">
     <span class='ocr_line' id='line_1_66' title="bbox 2008 632 3588 706; baseline 0.004 -22"><span class='ocrx_word' id='word_1_552' title='bbox 2008 646 2146 697; x_wconf 91' lang='lat' dir='ltr'><strong>mus,</strong></span> <span class='ocrx_word' id='word_1_553' title='bbox 2176 632 2409 687; x_wconf 88' lang='lat' dir='ltr'><strong>nondum</strong></span> <span class='ocrx_word' id='word_1_554' title='bbox 2438 643 2552 689; x_wconf 89' lang='lat' dir='ltr'><strong>erat</strong></span> <span class='ocrx_word' id='word_1_555' title='bbox 2578 633 2756 689; x_wconf 91' lang='lat' dir='ltr'><strong>homo.</strong></span> <span class='ocrx_word' id='word_1_556' title='bbox 2784 635 2944 706; x_wconf 85' lang='lat' dir='ltr'><strong>Magis</strong></span> <span class='ocrx_word' id='word_1_557' title='bbox 2966 636 2981 666; x_wconf 82' lang='grc'>¹</span> <span class='ocrx_word' id='word_1_558' title='bbox 3010 636 3162 690; x_wconf 92' lang='lat' dir='ltr'><strong>istam</strong></span> <span class='ocrx_word' id='word_1_559' title='bbox 3189 637 3410 706; x_wconf 86' lang='lat' dir='ltr'><strong>gratiam</strong></span> <span class='ocrx_word' id='word_1_560' title='bbox 3437 652 3588 691; x_wconf 85' lang='lat' dir='ltr'><strong>com-</strong></span> 
     </span>
    </p>
   </div>
   <div class='ocr_carea' id='block_1_67' title="bbox 2008 720 3586 792">
    <p class='ocr_par' dir='ltr' id='par_1_67' title="bbox 2008 720 3586 792">
     <span class='ocr_line' id='line_1_67' title="bbox 2008 720 3586 792; baseline 0.005 -19"><span class='ocrx_word' id='word_1_561' title='bbox 2008 720 2222 774; x_wconf 85' lang='lat' dir='ltr'><strong>mendat</strong></span> <span class='ocrx_word' id='word_1_562' title='bbox 2249 722 2531 791; x_wconf 87' lang='lat' dir='ltr'><strong>Apostolus</strong></span> <span class='ocrx_word' id='word_1_563' title='bbox 2563 722 2904 790; x_wconf 88' lang='lat' dir='ltr'><strong>Christianis,</strong></span> <span class='ocrx_word' id='word_1_564' title='bbox 2947 725 3033 780; x_wconf 90' lang='lat' dir='ltr'><strong>ubi</strong></span> <span class='ocrx_word' id='word_1_565' title='bbox 3072 725 3226 792; x_wconf 87' lang='lat' dir='ltr'><strong>dicit,</strong></span> <span class='ocrx_word' id='word_1_566' title='bbox 3273 726 3415 782; x_wconf 88' lang='lat' dir='ltr'><strong>Unus</strong></span> <span class='ocrx_word' id='word_1_567' title='bbox 3453 729 3586 782; x_wconf 85' lang='lat' dir='ltr'><strong>enim</strong></span> 
     </span>
    </p>
   </div>
   <div class='ocr_carea' id='block_1_68' title="bbox 2010 813 3586 886">
    <p class='ocr_par' dir='ltr' id='par_1_68' title="bbox 2010 813 3586 886">
     <span class='ocr_line' id='line_1_68' title="bbox 2010 813 3586 886; baseline 0.006 -21"><span class='ocrx_word' id='word_1_568' title='bbox 2010 813 2164 880; x_wconf 84' lang='lat' dir='ltr'><strong>Dens,</strong></span> <span class='ocrx_word' id='word_1_569' title='bbox 2189 825 2233 868; x_wconf 88' lang='lat' dir='ltr'><strong>et</strong></span> <span class='ocrx_word' id='word_1_570' title='bbox 2255 832 2384 869; x_wconf 82' lang='lat' dir='ltr'><strong>unus</strong></span> <span class='ocrx_word' id='word_1_571' title='bbox 2404 817 2650 870; x_wconf 86' lang='lat' dir='ltr'><strong>mediator</strong></span> <span class='ocrx_word' id='word_1_572' title='bbox 2670 816 2762 873; x_wconf 88' lang='lat' dir='ltr'><strong>Dei</strong></span> <span class='ocrx_word' id='word_1_573' title='bbox 2785 828 2832 871; x_wconf 89' lang='lat' dir='ltr'><strong>et</strong></span> <span class='ocrx_word' id='word_1_574' title='bbox 2856 818 3129 872; x_wconf 80' lang='lat' dir='ltr'><strong>hominum.</strong></span> <span class='ocrx_word' id='word_1_575' title='bbox 3157 819 3272 874; x_wconf 89' lang='lat' dir='ltr'><strong>Non</strong></span> <span class='ocrx_word' id='word_1_576' title='bbox 3303 823 3405 886; x_wconf 89' lang='lat' dir='ltr'><strong>ait,</strong></span> <span class='ocrx_word' id='word_1_577' title='bbox 3430 820 3586 875; x_wconf 83' lang='lat' dir='ltr'><strong>Chri-</strong></span> 
     </span>
    </p>
   </div>
   <div class='ocr_carea' id='block_1_69' title="bbox 2007 905 3584 977">
    <p class='ocr_par' dir='ltr' id='par_1_69' title="bbox 2007 905 3584 977">
     <span class='ocr_line' id='line_1_69' title="bbox 2007 905 3584 977; baseline 0.005 -19"><span class='ocrx_word' id='word_1_578' title='bbox 2007 913 2122 960; x_wconf 88' lang='lat' dir='ltr'><strong>stus</strong></span> <span class='ocrx_word' id='word_1_579' title='bbox 2147 905 2333 972; x_wconf 82' lang='lat' dir='ltr'><strong>Jesus;</strong></span> <span class='ocrx_word' id='word_1_580' title='bbox 2364 922 2430 963; x_wconf 89' lang='lat' dir='ltr'><strong>ne</strong></span> <span class='ocrx_word' id='word_1_581' title='bbox 2455 916 2510 962; x_wconf 89' lang='lat' dir='ltr'><strong>tu</strong></span> <span class='ocrx_word' id='word_1_582' title='bbox 2538 917 2751 977; x_wconf 90' lang='lat' dir='ltr'><strong>putares</strong></span> <span class='ocrx_word' id='word_1_583' title='bbox 2777 909 3066 964; x_wconf 88' lang='lat' dir='ltr'><strong>secundum</strong></span> <span class='ocrx_word' id='word_1_584' title='bbox 3091 910 3322 966; x_wconf 89' lang='lat' dir='ltr'><strong>Verbum</strong></span> <span class='ocrx_word' id='word_1_585' title='bbox 3347 911 3546 966; x_wconf 91' lang='lat' dir='ltr'><strong>dictum</strong></span> <span class='ocrx_word' id='word_1_586' title='bbox 3569 931 3584 976; x_wconf 91' lang='lat'>;</span> 
     </span>
    </p>
   </div>
   <div class='ocr_carea' id='block_1_70' title="bbox 2006 995 3586 1068">
    <p class='ocr_par' dir='ltr' id='par_1_70' title="bbox 2006 995 3586 1068">
     <span class='ocr_line' id='line_1_70' title="bbox 2006 995 3586 1068; baseline 0.004 -17"><span class='ocrx_word' id='word_1_587' title='bbox 2006 995 2100 1052; x_wconf 87' lang='lat' dir='ltr'><strong>sed</strong></span> <span class='ocrx_word' id='word_1_588' title='bbox 2137 996 2370 1065; x_wconf 89' lang='lat' dir='ltr'><strong>addidit,</strong></span> <span class='ocrx_word' id='word_1_589' title='bbox 2407 999 2555 1051; x_wconf 90' lang='lat' dir='ltr'><strong>homo</strong></span> <span class='ocrx_word' id='word_1_590' title='bbox 2584 1015 2603 1053; x_wconf 92' lang='lat'><strong><em>:</em></strong></span> <span class='ocrx_word' id='word_1_591' title='bbox 2635 997 2886 1053; x_wconf 86' lang='lat' dir='ltr'><strong>Mediator</strong></span> <span class='ocrx_word' id='word_1_592' title='bbox 2922 998 3018 1053; x_wconf 87' lang='lat' dir='ltr'><strong>Dei</strong></span> <span class='ocrx_word' id='word_1_593' title='bbox 3045 1010 3089 1054; x_wconf 90' lang='lat' dir='ltr'><strong>et</strong></span> <span class='ocrx_word' id='word_1_594' title='bbox 3118 1001 3403 1068; x_wconf 82' lang='lat' dir='ltr'><strong>hominum,</strong></span> <span class='ocrx_word' id='word_1_595' title='bbox 3435 1003 3586 1057; x_wconf 90' lang='lat' dir='ltr'><strong>homo</strong></span> 
     </span>
    </p>
   </div>
   <div class='ocr_carea' id='block_1_71' title="bbox 2006 1085 3587 1162">
    <p class='ocr_par' dir='ltr' id='par_1_71' title="bbox 2006 1085 3587 1162">
     <span class='ocr_line' id='line_1_71' title="bbox 2006 1085 3587 1162; baseline 0.005 -20"><span class='ocrx_word' id='word_1_596' title='bbox 2006 1085 2232 1142; x_wconf 85' lang='lat' dir='ltr'><strong>Christus</strong></span> <span class='ocrx_word' id='word_1_597' title='bbox 2257 1087 2406 1144; x_wconf 82' lang='lat' dir='ltr'><strong>Jesus</strong></span> <span class='ocrx_word' id='word_1_598' title='bbox 2439 1089 2478 1162; x_wconf 93' lang='grc' dir='ltr'>(Ι</span> <span class='ocrx_word' id='word_1_599' title='bbox 2500 1089 2634 1144; x_wconf 89' lang='lat' dir='ltr'><strong>Tim.</strong></span> <span class='ocrx_word' id='word_1_600' title='bbox 2664 1107 2734 1157; x_wconf 87' lang='grc' dir='ltr'>ιι,</span> <span class='ocrx_word' id='word_1_601' title='bbox 2764 1088 2840 1162; x_wconf 81' lang='lat'><strong>5).</strong></span> <span class='ocrx_word' id='word_1_602' title='bbox 2886 1091 3021 1160; x_wconf 89' lang='lat' dir='ltr'><strong>Quid</strong></span> <span class='ocrx_word' id='word_1_603' title='bbox 3042 1100 3123 1147; x_wconf 88' lang='lat' dir='ltr'><strong>est</strong></span> <span class='ocrx_word' id='word_1_604' title='bbox 3146 1093 3440 1148; x_wconf 87' lang='lat' dir='ltr'><strong>mediator?</strong></span> <span class='ocrx_word' id='word_1_605' title='bbox 3484 1095 3587 1150; x_wconf 90' lang='lat' dir='ltr'><strong>Per</strong></span> 
     </span>
    </p>
   </div>
   <div class='ocr_carea' id='block_1_72' title="bbox 2005 1181 3586 1254">
    <p class='ocr_par' dir='ltr' id='par_1_72' title="bbox 2005 1181 3586 1254">
     <span class='ocr_line' id='line_1_72' title="bbox 2005 1181 3586 1254; baseline 0.006 -20"><span class='ocrx_word' id='word_1_606' title='bbox 2005 1194 2162 1249; x_wconf 88' lang='lat' dir='ltr'><strong>quem</strong></span> <span class='ocrx_word' id='word_1_607' title='bbox 2213 1181 2675 1253; x_wconf 72' lang='lat' dir='ltr'><strong>coniungeremur,</strong></span> <span class='ocrx_word' id='word_1_608' title='bbox 2725 1198 2822 1254; x_wconf 87' lang='lat' dir='ltr'><strong>per</strong></span> <span class='ocrx_word' id='word_1_609' title='bbox 2866 1200 3026 1254; x_wconf 89' lang='lat' dir='ltr'><strong>quem</strong></span> <span class='ocrx_word' id='word_1_610' title='bbox 3074 1187 3586 1243; x_wconf 87' lang='lat' dir='ltr'><strong>reconciliaremur:</strong></span> 
     </span>
    </p>
   </div>
   <div class='ocr_carea' id='block_1_73' title="bbox 2005 1273 3587 1346">
    <p class='ocr_par' dir='ltr' id='par_1_73' title="bbox 2005 1273 3587 1346">
     <span class='ocr_line' id='line_1_73' title="bbox 2005 1273 3587 1346; baseline 0.006 -20"><span class='ocrx_word' id='word_1_611' title='bbox 2005 1273 2126 1340; x_wconf 88' lang='lat' dir='ltr'><strong>quia</strong></span> <span class='ocrx_word' id='word_1_612' title='bbox 2167 1274 2396 1343; x_wconf 83' lang='lat' dir='ltr'><strong>peccatis</strong></span> <span class='ocrx_word' id='word_1_613' title='bbox 2429 1275 2657 1345; x_wconf 85' lang='lat' dir='ltr'><strong>propriis</strong></span> <span class='ocrx_word' id='word_1_614' title='bbox 2689 1276 2914 1346; x_wconf 88' lang='lat' dir='ltr'><strong>separati</strong></span> <span class='ocrx_word' id='word_1_615' title='bbox 2949 1275 3256 1346; x_wconf 89' lang='lat' dir='ltr'><strong>jacebamus</strong></span> <span class='ocrx_word' id='word_1_616' title='bbox 3276 1320 3290 1344; x_wconf 92' lang='lat'><strong>,</strong></span> <span class='ocrx_word' id='word_1_617' title='bbox 3332 1279 3382 1333; x_wconf 91' lang='lat' dir='ltr'><strong>in</strong></span> <span class='ocrx_word' id='word_1_618' title='bbox 3413 1290 3587 1335; x_wconf 88' lang='lat' dir='ltr'><strong>morte</strong></span> 
     </span>
    </p>
   </div>
   <div class='ocr_carea' id='block_1_74' title="bbox 2005 1364 3586 1436">
    <p class='ocr_par' dir='ltr' id='par_1_74' title="bbox 2005 1364 3586 1436">
     <span class='ocr_line' id='line_1_74' title="bbox 2005 1364 3586 1436; baseline 0.004 -18"><span class='ocrx_word' id='word_1_619' title='bbox 2005 1379 2237 1430; x_wconf 86' lang='lat' dir='ltr'><strong>eramus,</strong></span> <span class='ocrx_word' id='word_1_620' title='bbox 2262 1380 2482 1434; x_wconf 90' lang='lat' dir='ltr'><strong>prorsus</strong></span> <span class='ocrx_word' id='word_1_621' title='bbox 2503 1366 2846 1436; x_wconf 89' lang='lat' dir='ltr'><strong>perieramus.</strong></span> <span class='ocrx_word' id='word_1_622' title='bbox 2869 1364 2987 1420; x_wconf 89' lang='lat' dir='ltr'><strong>Non</strong></span> <span class='ocrx_word' id='word_1_623' title='bbox 3011 1375 3125 1420; x_wconf 89' lang='lat' dir='ltr'><strong>erat</strong></span> <span class='ocrx_word' id='word_1_624' title='bbox 3143 1365 3383 1422; x_wconf 92' lang='lat' dir='ltr'><strong>Christus</strong></span> <span class='ocrx_word' id='word_1_625' title='bbox 3405 1368 3586 1433; x_wconf 92' lang='lat' dir='ltr'><strong>homo,</strong></span> 
     </span>
    </p>
   </div>
   <div class='ocr_carea' id='block_1_75' title="bbox 2005 1454 3589 1528">
    <p class='ocr_par' dir='ltr' id='par_1_75' title="bbox 2005 1454 3589 1528">
     <span class='ocr_line' id='line_1_75' title="bbox 2005 1454 3589 1528; baseline 0.006 -23"><span class='ocrx_word' id='word_1_626' title='bbox 2005 1454 2216 1523; x_wconf 88' lang='lat' dir='ltr'><strong>quando</strong></span> <span class='ocrx_word' id='word_1_627' title='bbox 2257 1465 2467 1510; x_wconf 89' lang='lat' dir='ltr'><strong>creatus</strong></span> <span class='ocrx_word' id='word_1_628' title='bbox 2514 1465 2596 1511; x_wconf 88' lang='lat' dir='ltr'><strong>est</strong></span> <span class='ocrx_word' id='word_1_629' title='bbox 2637 1455 2796 1512; x_wconf 90' lang='lat' dir='ltr'><strong>homo</strong></span> <span class='ocrx_word' id='word_1_630' title='bbox 2841 1474 2857 1509; x_wconf 76' lang='grc' dir='ltr'><strong>-ε</strong></span> <span class='ocrx_word' id='word_1_631' title='bbox 2908 1472 2976 1513; x_wconf 90' lang='lat' dir='ltr'><strong>ne</strong></span> <span class='ocrx_word' id='word_1_632' title='bbox 3020 1458 3217 1528; x_wconf 87' lang='lat' dir='ltr'><strong>periret</strong></span> <span class='ocrx_word' id='word_1_633' title='bbox 3259 1457 3451 1527; x_wconf 91' lang='lat' dir='ltr'><strong>homo,</strong></span> <span class='ocrx_word' id='word_1_634' title='bbox 3497 1461 3589 1516; x_wconf 92' lang='lat' dir='ltr'><strong>ille</strong></span> 
     </span>
    </p>
   </div>
   <div class='ocr_carea' id='block_1_76' title="bbox 2004 1544 2536 1602">
    <p class='ocr_par' dir='ltr' id='par_1_76' title="bbox 2004 1544 2536 1602">
     <span class='ocr_line' id='line_1_76' title="bbox 2004 1544 2536 1602; baseline 0.006 -3"><span class='ocrx_word' id='word_1_635' title='bbox 2004 1544 2174 1600; x_wconf 88' lang='lat' dir='ltr'><strong>factus</strong></span> <span class='ocrx_word' id='word_1_636' title='bbox 2203 1556 2284 1601; x_wconf 90' lang='lat' dir='ltr'><strong>est</strong></span> <span class='ocrx_word' id='word_1_637' title='bbox 2313 1546 2473 1602; x_wconf 89' lang='lat' dir='ltr'><strong>homo</strong></span> <span class='ocrx_word' id='word_1_638' title='bbox 2493 1550 2536 1601; x_wconf 81' lang='lat'><strong>&#39;.</strong></span> 
     </span>
    </p>
   </div>
   <div class='ocr_carea' id='block_1_77' title="bbox 2073 1637 3590 1713">
    <p class='ocr_par' dir='ltr' id='par_1_77' title="bbox 2073 1637 3590 1713">
     <span class='ocr_line' id='line_1_77' title="bbox 2073 1637 3590 1713; baseline 0.004 -21"><span class='ocrx_word' id='word_1_639' title='bbox 2073 1637 2300 1695; x_wconf 87' lang='lat' dir='ltr'><strong>CAPUT</strong></span> <span class='ocrx_word' id='word_1_640' title='bbox 2339 1639 2446 1694; x_wconf 87' lang='lat' dir='ltr'><strong>VII.</strong></span> <span class='ocrx_word' id='word_1_641' title='bbox 2469 1640 2610 1696; x_wconf 90' lang='lat'><strong>—-8.</strong></span> <span class='ocrx_word' id='word_1_642' title='bbox 2640 1637 2921 1713; x_wconf 76' lang='lat' dir='ltr'><strong>Pelagiana</strong></span> <span class='ocrx_word' id='word_1_643' title='bbox 2962 1640 3163 1698; x_wconf 66' lang='lat' dir='ltr'><strong>haeresis</strong></span> <span class='ocrx_word' id='word_1_644' title='bbox 3199 1644 3428 1698; x_wconf 76' lang='lat' dir='ltr'><strong>exoriens</strong></span> <span class='ocrx_word' id='word_1_645' title='bbox 3466 1645 3590 1698; x_wconf 82' lang='lat' dir='ltr'><strong>hor-</strong></span> 
     </span>
    </p>
   </div>
   <div class='ocr_carea' id='block_1_78' title="bbox 2003 1733 3590 1805">
    <p class='ocr_par' dir='ltr' id='par_1_78' title="bbox 2003 1733 3590 1805">
     <span class='ocr_line' id='line_1_78' title="bbox 2003 1733 3590 1805; baseline 0.005 -21"><span class='ocrx_word' id='word_1_646' title='bbox 2003 1739 2158 1800; x_wconf 68' lang='lat' dir='ltr'><strong>tetur,</strong></span> <span class='ocrx_word' id='word_1_647' title='bbox 2216 1743 2262 1786; x_wconf 92' lang='lat' dir='ltr'><strong>et</strong></span> <span class='ocrx_word' id='word_1_648' title='bbox 2326 1735 2543 1805; x_wconf 86' lang='lat' dir='ltr'><strong>gratiam</strong></span> <span class='ocrx_word' id='word_1_649' title='bbox 2603 1733 2700 1790; x_wconf 86' lang='lat' dir='ltr'><strong>Dei</strong></span> <span class='ocrx_word' id='word_1_650' title='bbox 2740 1736 2999 1790; x_wconf 87' lang='lat' dir='ltr'><strong>admittere</strong></span> <span class='ocrx_word' id='word_1_651' title='bbox 3068 1752 3121 1790; x_wconf 84' lang='lat' dir='ltr'><strong>se</strong></span> <span class='ocrx_word' id='word_1_652' title='bbox 3165 1736 3389 1791; x_wconf 85' lang='lat' dir='ltr'><strong>simulat.</strong></span> <span class='ocrx_word' id='word_1_653' title='bbox 3466 1736 3590 1792; x_wconf 61' lang='lat' dir='ltr'><strong>Ilaec</strong></span> 
     </span>
    </p>
   </div>
   <div class='ocr_carea' id='block_1_79' title="bbox 2005 1825 3592 1899">
    <p class='ocr_par' dir='ltr' id='par_1_79' title="bbox 2005 1825 3592 1899">
     <span class='ocr_line' id='line_1_79' title="bbox 2005 1825 3592 1899; baseline 0.004 -21"><span class='ocrx_word' id='word_1_654' title='bbox 2005 1825 2158 1880; x_wconf 85' lang='lat' dir='ltr'><strong>vobis</strong></span> <span class='ocrx_word' id='word_1_655' title='bbox 2195 1835 2378 1881; x_wconf 87' lang='lat' dir='ltr'><strong>contra</strong></span> <span class='ocrx_word' id='word_1_656' title='bbox 2422 1827 2682 1883; x_wconf 88' lang='lat' dir='ltr'><strong>novellam</strong></span> <span class='ocrx_word' id='word_1_657' title='bbox 2723 1828 3002 1896; x_wconf 82' lang='lat' dir='ltr'><strong>haeresim,</strong></span> <span class='ocrx_word' id='word_1_658' title='bbox 3045 1844 3166 1899; x_wconf 75' lang='lat' dir='ltr'><strong>qua:</strong></span> <span class='ocrx_word' id='word_1_659' title='bbox 3207 1837 3374 1884; x_wconf 90' lang='lat' dir='ltr'><strong>tentat</strong></span> <span class='ocrx_word' id='word_1_660' title='bbox 3410 1845 3592 1884; x_wconf 88' lang='lat' dir='ltr'><strong>assur-</strong></span> 
     </span>
    </p>
   </div>
   <div class='ocr_carea' id='block_1_80' title="bbox 2001 1919 3589 1992">
    <p class='ocr_par' dir='ltr' id='par_1_80' title="bbox 2001 1919 3589 1992">
     <span class='ocr_line' id='line_1_80' title="bbox 2001 1919 3589 1992; baseline 0.005 -22"><span class='ocrx_word' id='word_1_661' title='bbox 2001 1931 2164 1987; x_wconf 89' lang='lat' dir='ltr'><strong>gere,</strong></span> <span class='ocrx_word' id='word_1_662' title='bbox 2220 1933 2363 1990; x_wconf 79' lang='lat' dir='ltr'><strong>saepe</strong></span> <span class='ocrx_word' id='word_1_663' title='bbox 2412 1919 2683 1991; x_wconf 82' lang='lat' dir='ltr'><strong>diSputare</strong></span> <span class='ocrx_word' id='word_1_664' title='bbox 2732 1921 2969 1992; x_wconf 86' lang='lat' dir='ltr'><strong>cogimur</strong></span> <span class='ocrx_word' id='word_1_665' title='bbox 3015 1940 3028 1976; x_wconf 92' lang='lat'>:</span> <span class='ocrx_word' id='word_1_666' title='bbox 3083 1921 3207 1992; x_wconf 88' lang='lat' dir='ltr'><strong>quia</strong></span> <span class='ocrx_word' id='word_1_667' title='bbox 3257 1936 3352 1978; x_wconf 90' lang='lat' dir='ltr'><strong>vos</strong></span> <span class='ocrx_word' id='word_1_668' title='bbox 3405 1921 3589 1978; x_wconf 81' lang='lat' dir='ltr'><strong>ﬁrmos</strong></span> 
     </span>
    </p>
   </div>
   <div class='ocr_carea' id='block_1_81' title="bbox 2002 2008 3589 2082">
    <p class='ocr_par' dir='ltr' id='par_1_81' title="bbox 2002 2008 3589 2082">
     <span class='ocr_line' id='line_1_81' title="bbox 2002 2008 3589 2082; baseline 0.004 -21"><span class='ocrx_word' id='word_1_669' title='bbox 2002 2008 2245 2064; x_wconf 91' lang='lat' dir='ltr'><strong>volumus</strong></span> <span class='ocrx_word' id='word_1_670' title='bbox 2274 2024 2400 2066; x_wconf 89' lang='lat' dir='ltr'><strong>esse</strong></span> <span class='ocrx_word' id='word_1_671' title='bbox 2436 2011 2487 2065; x_wconf 93' lang='lat' dir='ltr'><strong>in</strong></span> <span class='ocrx_word' id='word_1_672' title='bbox 2523 2011 2692 2076; x_wconf 91' lang='lat' dir='ltr'><strong>bono,</strong></span> <span class='ocrx_word' id='word_1_673' title='bbox 2736 2011 2971 2082; x_wconf 86' lang='lat' dir='ltr'><strong>integros</strong></span> <span class='ocrx_word' id='word_1_674' title='bbox 2997 2020 3173 2067; x_wconf 89' lang='lat' dir='ltr'><strong>autem</strong></span> <span class='ocrx_word' id='word_1_675' title='bbox 3201 2026 3232 2066; x_wconf 91' lang='lat' dir='ltr'><strong>a</strong></span> <span class='ocrx_word' id='word_1_676' title='bbox 3261 2011 3421 2067; x_wconf 91' lang='lat' dir='ltr'><strong>malo.</strong></span> <span class='ocrx_word' id='word_1_677' title='bbox 3464 2012 3589 2068; x_wconf 60' lang='lat' dir='ltr'><strong>llaec</strong></span> 
     </span>
    </p>
   </div>
   <div class='ocr_carea' id='block_1_82' title="bbox 2002 2098 3589 2174">
    <p class='ocr_par' dir='ltr' id='par_1_82' title="bbox 2002 2098 3589 2174">
     <span class='ocr_line' id='line_1_82' title="bbox 2002 2098 3589 2174; baseline 0.004 -22"><span class='ocrx_word' id='word_1_678' title='bbox 2002 2098 2144 2153; x_wconf 90' lang='lat' dir='ltr'><strong>enim</strong></span> <span class='ocrx_word' id='word_1_679' title='bbox 2187 2109 2270 2154; x_wconf 90' lang='lat' dir='ltr'><strong>est</strong></span> <span class='ocrx_word' id='word_1_680' title='bbox 2311 2100 2596 2171; x_wconf 86' lang='lat' dir='ltr'><strong>disputatio</strong></span> <span class='ocrx_word' id='word_1_681' title='bbox 2639 2117 2826 2157; x_wconf 91' lang='lat' dir='ltr'><strong>eorum</strong></span> <span class='ocrx_word' id='word_1_682' title='bbox 2853 2144 2868 2171; x_wconf 92' lang='lat'><strong>,</strong></span> <span class='ocrx_word' id='word_1_683' title='bbox 2916 2102 3130 2173; x_wconf 89' lang='lat' dir='ltr'><strong>quando</strong></span> <span class='ocrx_word' id='word_1_684' title='bbox 3169 2102 3343 2174; x_wconf 90' lang='lat' dir='ltr'><strong>primo</strong></span> <span class='ocrx_word' id='word_1_685' title='bbox 3391 2104 3589 2159; x_wconf 84' lang='lat' dir='ltr'><strong>exoriri</strong></span> 
     </span>
    </p>
   </div>
   <div class='ocr_carea' id='block_1_83' title="bbox 2001 2193 3590 2266">
    <p class='ocr_par' dir='ltr' id='par_1_83' title="bbox 2001 2193 3590 2266">
     <span class='ocr_line' id='line_1_83' title="bbox 2001 2193 3590 2266; baseline 0.004 -22"><span class='ocrx_word' id='word_1_686' title='bbox 2001 2200 2306 2260; x_wconf 61' lang='lat' dir='ltr'><strong>ceperunt,</strong></span> <span class='ocrx_word' id='word_1_687' title='bbox 2347 2200 2398 2246; x_wconf 85' lang='lat' dir='ltr'><strong>et</strong></span> <span class='ocrx_word' id='word_1_688' title='bbox 2438 2200 2619 2247; x_wconf 88' lang='lat' dir='ltr'><strong>contra</strong></span> <span class='ocrx_word' id='word_1_689' title='bbox 2647 2196 2868 2266; x_wconf 86' lang='lat' dir='ltr'><strong>gratiam</strong></span> <span class='ocrx_word' id='word_1_690' title='bbox 2899 2193 3203 2266; x_wconf 88' lang='lat' dir='ltr'><strong>disputare,</strong></span> <span class='ocrx_word' id='word_1_691' title='bbox 3235 2195 3462 2250; x_wconf 91' lang='lat' dir='ltr'><strong>multum</strong></span> <span class='ocrx_word' id='word_1_692' title='bbox 3489 2195 3590 2250; x_wconf 89' lang='lat' dir='ltr'><strong>tri-</strong></span> 
     </span>
    </p>
   </div>
   <div class='ocr_carea' id='block_1_84' title="bbox 2001 2280 3588 2358">
    <p class='ocr_par' dir='ltr' id='par_1_84' title="bbox 2001 2280 3588 2358">
     <span class='ocr_line' id='line_1_84' title="bbox 2001 2280 3588 2358; baseline 0.004 -23"><span class='ocrx_word' id='word_1_693' title='bbox 2001 2280 2225 2337; x_wconf 89' lang='lat' dir='ltr'><strong>buentes</strong></span> <span class='ocrx_word' id='word_1_694' title='bbox 2251 2298 2355 2337; x_wconf 91' lang='lat' dir='ltr'><strong>non</strong></span> <span class='ocrx_word' id='word_1_695' title='bbox 2382 2283 2615 2338; x_wconf 89' lang='lat' dir='ltr'><strong>libertati</strong></span> <span class='ocrx_word' id='word_1_696' title='bbox 2646 2284 2876 2341; x_wconf 87' lang='lat' dir='ltr'><strong>hominis</strong></span> <span class='ocrx_word' id='word_1_697' title='bbox 2900 2328 2914 2354; x_wconf 95' lang='lat'><strong>,</strong></span> <span class='ocrx_word' id='word_1_698' title='bbox 2945 2286 3039 2342; x_wconf 90' lang='lat' dir='ltr'><strong>sed</strong></span> <span class='ocrx_word' id='word_1_699' title='bbox 3070 2287 3395 2354; x_wconf 88' lang='lat' dir='ltr'><strong>inﬁrmitati;</strong></span> <span class='ocrx_word' id='word_1_700' title='bbox 3426 2296 3477 2343; x_wconf 83' lang='lat' dir='ltr'><strong>et</strong></span> <span class='ocrx_word' id='word_1_701' title='bbox 3501 2288 3588 2358; x_wconf 86' lang='lat' dir='ltr'><strong>ja-</strong></span> 
     </span>
    </p>
   </div>
   <div class='ocr_carea' id='block_1_85' title="bbox 2001 2374 3589 2447">
    <p class='ocr_par' dir='ltr' id='par_1_85' title="bbox 2001 2374 3589 2447">
     <span class='ocr_line' id='line_1_85' title="bbox 2001 2374 3589 2447; baseline 0.005 -20"><span class='ocrx_word' id='word_1_702' title='bbox 2001 2382 2208 2430; x_wconf 89' lang='lat' dir='ltr'><strong>centem</strong></span> <span class='ocrx_word' id='word_1_703' title='bbox 2237 2374 2490 2429; x_wconf 85' lang='lat' dir='ltr'><strong>miserum</strong></span> <span class='ocrx_word' id='word_1_704' title='bbox 2519 2375 2787 2432; x_wconf 91' lang='lat' dir='ltr'><strong>hominem</strong></span> <span class='ocrx_word' id='word_1_705' title='bbox 2821 2376 2944 2433; x_wconf 91' lang='lat' dir='ltr'><strong>ideo</strong></span> <span class='ocrx_word' id='word_1_706' title='bbox 2969 2378 3306 2447; x_wconf 79' lang='lat' dir='ltr'><strong>extollentes,</strong></span> <span class='ocrx_word' id='word_1_707' title='bbox 3335 2395 3403 2434; x_wconf 91' lang='lat' dir='ltr'><strong>ne</strong></span> <span class='ocrx_word' id='word_1_708' title='bbox 3429 2395 3589 2435; x_wconf 88' lang='lat' dir='ltr'><strong>manu</strong></span> 
     </span>
    </p>
   </div>
   <div class='ocr_carea' id='block_1_86' title="bbox 2001 2463 3589 2542">
    <p class='ocr_par' dir='ltr' id='par_1_86' title="bbox 2001 2463 3589 2542">
     <span class='ocr_line' id='line_1_86' title="bbox 2001 2463 3589 2542; baseline 0.005 -25"><span class='ocrx_word' id='word_1_709' title='bbox 2001 2463 2100 2520; x_wconf 86' lang='lat' dir='ltr'><strong>sibi</strong></span> <span class='ocrx_word' id='word_1_710' title='bbox 2122 2464 2350 2535; x_wconf 88' lang='lat' dir='ltr'><strong>desuper</strong></span> <span class='ocrx_word' id='word_1_711' title='bbox 2374 2475 2619 2536; x_wconf 84' lang='lat' dir='ltr'><strong>porrecta</strong></span> <span class='ocrx_word' id='word_1_712' title='bbox 2641 2467 2812 2522; x_wconf 86' lang='lat' dir='ltr'><strong>valeat</strong></span> <span class='ocrx_word' id='word_1_713' title='bbox 2837 2484 3076 2539; x_wconf 86' lang='lat' dir='ltr'><strong>surgere.</strong></span> <span class='ocrx_word' id='word_1_714' title='bbox 3103 2469 3438 2540; x_wconf 86' lang='lat' dir='ltr'><strong>Disputantes</strong></span> <span class='ocrx_word' id='word_1_715' title='bbox 3459 2486 3589 2542; x_wconf 83' lang='lat' dir='ltr'><strong>ergo</strong></span> 
     </span>
    </p>
   </div>
   <div class='ocr_carea' id='block_1_87' title="bbox 2000 2559 3587 2628">
    <p class='ocr_par' dir='ltr' id='par_1_87' title="bbox 2000 2559 3587 2628">
     <span class='ocr_line' id='line_1_87' title="bbox 2000 2559 3587 2628; baseline 0.005 -18"><span class='ocrx_word' id='word_1_716' title='bbox 2000 2566 2186 2611; x_wconf 89' lang='lat' dir='ltr'><strong>contra</strong></span> <span class='ocrx_word' id='word_1_717' title='bbox 2225 2559 2446 2628; x_wconf 86' lang='lat' dir='ltr'><strong>gratiam</strong></span> <span class='ocrx_word' id='word_1_718' title='bbox 2490 2573 2587 2628; x_wconf 90' lang='lat' dir='ltr'><strong>pro</strong></span> <span class='ocrx_word' id='word_1_719' title='bbox 2628 2559 2795 2614; x_wconf 87' lang='lat' dir='ltr'><strong>libero</strong></span> <span class='ocrx_word' id='word_1_720' title='bbox 2823 2560 3076 2626; x_wconf 87' lang='lat' dir='ltr'><strong>arbitrio,</strong></span> <span class='ocrx_word' id='word_1_721' title='bbox 3110 2561 3345 2616; x_wconf 86' lang='lat' dir='ltr'><strong>fecerunt</strong></span> <span class='ocrx_word' id='word_1_722' title='bbox 3370 2562 3587 2618; x_wconf 89' lang='lat' dir='ltr'><strong>auribus</strong></span> 
     </span>
    </p>
   </div>
   <div class='ocr_carea' id='block_1_88' title="bbox 2001 2649 3587 2723">
    <p class='ocr_par' dir='ltr' id='par_1_88' title="bbox 2001 2649 3587 2723">
     <span class='ocr_line' id='line_1_88' title="bbox 2001 2649 3587 2723; baseline 0.006 -21"><span class='ocrx_word' id='word_1_723' title='bbox 2001 2649 2100 2720; x_wconf 89' lang='lat' dir='ltr'><strong>piis</strong></span> <span class='ocrx_word' id='word_1_724' title='bbox 2126 2658 2178 2704; x_wconf 90' lang='lat' dir='ltr'><strong>et</strong></span> <span class='ocrx_word' id='word_1_725' title='bbox 2201 2650 2477 2708; x_wconf 88' lang='lat' dir='ltr'><strong>catholicis</strong></span> <span class='ocrx_word' id='word_1_726' title='bbox 2501 2650 2872 2707; x_wconf 77' lang='lat' dir='ltr'><strong>offensionem.</strong></span> <span class='ocrx_word' id='word_1_727' title='bbox 2906 2651 3196 2723; x_wconf 67' lang='lat' dir='ltr'><strong>Coeperunt</strong></span> <span class='ocrx_word' id='word_1_728' title='bbox 3218 2653 3445 2721; x_wconf 89' lang='lat' dir='ltr'><strong>horreri,</strong></span> <span class='ocrx_word' id='word_1_729' title='bbox 3473 2670 3587 2711; x_wconf 79' lang='lat' dir='ltr'><strong>cce-</strong></span> 
     </span>
    </p>
   </div>
   <div class='ocr_carea' id='block_1_89' title="bbox 2001 2744 3585 2818">
    <p class='ocr_par' dir='ltr' id='par_1_89' title="bbox 2001 2744 3585 2818">
     <span class='ocr_line' id='line_1_89' title="bbox 2001 2744 3585 2818; baseline 0.006 -22"><span class='ocrx_word' id='word_1_730' title='bbox 2001 2750 2192 2812; x_wconf 89' lang='lat' dir='ltr'><strong>perunt</strong></span> <span class='ocrx_word' id='word_1_731' title='bbox 2219 2751 2277 2798; x_wconf 91' lang='lat' dir='ltr'><strong>ut</strong></span> <span class='ocrx_word' id='word_1_732' title='bbox 2304 2752 2446 2798; x_wconf 90' lang='lat' dir='ltr'><strong>certa</strong></span> <span class='ocrx_word' id='word_1_733' title='bbox 2479 2744 2739 2813; x_wconf 88' lang='lat' dir='ltr'><strong>pernicies</strong></span> <span class='ocrx_word' id='word_1_734' title='bbox 2765 2745 3017 2814; x_wconf 88' lang='lat' dir='ltr'><strong>devitari,</strong></span> <span class='ocrx_word' id='word_1_735' title='bbox 3057 2748 3221 2818; x_wconf 72' lang='lat' dir='ltr'><strong>cmpit</strong></span> <span class='ocrx_word' id='word_1_736' title='bbox 3249 2749 3316 2804; x_wconf 90' lang='lat' dir='ltr'><strong>de</strong></span> <span class='ocrx_word' id='word_1_737' title='bbox 3347 2749 3449 2804; x_wconf 91' lang='lat' dir='ltr'><strong>illis</strong></span> <span class='ocrx_word' id='word_1_738' title='bbox 3480 2750 3585 2805; x_wconf 87' lang='lat' dir='ltr'><strong>dici</strong></span> 
     </span>
    </p>
   </div>
   <div class='ocr_carea' id='block_1_90' title="bbox 2000 2832 3586 2911">
    <p class='ocr_par' dir='ltr' id='par_1_90' title="bbox 2000 2832 3586 2911">
     <span class='ocr_line' id='line_1_90' title="bbox 2000 2832 3586 2911; baseline 0.006 -25"><span class='ocrx_word' id='word_1_739' title='bbox 2000 2832 2142 2902; x_wconf 88' lang='lat' dir='ltr'><strong>quod</strong></span> <span class='ocrx_word' id='word_1_740' title='bbox 2167 2841 2347 2887; x_wconf 91' lang='lat' dir='ltr'><strong>contra</strong></span> <span class='ocrx_word' id='word_1_741' title='bbox 2372 2834 2592 2911; x_wconf 84' lang='lat' dir='ltr'><strong>gratiam</strong></span> <span class='ocrx_word' id='word_1_742' title='bbox 2610 2833 2972 2904; x_wconf 85' lang='lat' dir='ltr'><strong>disputarem:</strong></span> <span class='ocrx_word' id='word_1_743' title='bbox 3000 2845 3054 2892; x_wconf 90' lang='lat' dir='ltr'><strong>et</strong></span> <span class='ocrx_word' id='word_1_744' title='bbox 3070 2839 3388 2894; x_wconf 89' lang='lat' dir='ltr'><strong>invenerunt</strong></span> <span class='ocrx_word' id='word_1_745' title='bbox 3407 2839 3472 2895; x_wconf 82' lang='lat' dir='ltr'><strong>ad</strong></span> <span class='ocrx_word' id='word_1_746' title='bbox 3500 2856 3586 2895; x_wconf 92' lang='lat' dir='ltr'><strong>rc-</strong></span> 
     </span>
    </p>
   </div>
   <div class='ocr_carea' id='block_1_91' title="bbox 2000 2923 3588 2996">
    <p class='ocr_par' dir='ltr' id='par_1_91' title="bbox 2000 2923 3588 2996">
     <span class='ocr_line' id='line_1_91' title="bbox 2000 2923 3588 2996; baseline 0.006 -19"><span class='ocrx_word' id='word_1_747' title='bbox 2000 2924 2277 2979; x_wconf 89' lang='lat' dir='ltr'><strong>vclandam</strong></span> <span class='ocrx_word' id='word_1_748' title='bbox 2309 2923 2462 2979; x_wconf 88' lang='lat' dir='ltr'><strong>istam</strong></span> <span class='ocrx_word' id='word_1_749' title='bbox 2493 2925 2742 2980; x_wconf 88' lang='lat' dir='ltr'><strong>invidiam</strong></span> <span class='ocrx_word' id='word_1_750' title='bbox 2775 2927 2878 2982; x_wconf 88' lang='lat' dir='ltr'><strong>tale</strong></span> <span class='ocrx_word' id='word_1_751' title='bbox 2906 2938 3287 2985; x_wconf 90' lang='lat' dir='ltr'><strong>commentum.</strong></span> <span class='ocrx_word' id='word_1_752' title='bbox 3320 2930 3436 2986; x_wconf 84' lang='lat' dir='ltr'><strong>Non</strong></span> <span class='ocrx_word' id='word_1_753' title='bbox 3459 2974 3472 2996; x_wconf 94' lang='lat'><strong>,</strong></span> <span class='ocrx_word' id='word_1_754' title='bbox 3507 2933 3588 2986; x_wconf 89' lang='lat' dir='ltr'><strong>in-</strong></span> 
     </span>
    </p>
   </div>
   <div class='ocr_carea' id='block_1_92' title="bbox 1999 3016 3588 3092">
    <p class='ocr_par' dir='ltr' id='par_1_92' title="bbox 1999 3016 3588 3092">
     <span class='ocr_line' id='line_1_92' title="bbox 1999 3016 3588 3092; baseline 0.005 -22"><span class='ocrx_word' id='word_1_755' title='bbox 1999 3016 2148 3086; x_wconf 85' lang='lat' dir='ltr'><strong>quit,</strong></span> <span class='ocrx_word' id='word_1_756' title='bbox 2189 3023 2370 3071; x_wconf 90' lang='lat' dir='ltr'><strong>contra</strong></span> <span class='ocrx_word' id='word_1_757' title='bbox 2411 3017 2633 3087; x_wconf 89' lang='lat' dir='ltr'><strong>gratiam</strong></span> <span class='ocrx_word' id='word_1_758' title='bbox 2675 3017 2769 3073; x_wconf 81' lang='lat' dir='ltr'><strong>Dei</strong></span> <span class='ocrx_word' id='word_1_759' title='bbox 2805 3018 3038 3090; x_wconf 88' lang='lat' dir='ltr'><strong>disputo.</strong></span> <span class='ocrx_word' id='word_1_760' title='bbox 3071 3019 3223 3077; x_wconf 88' lang='lat' dir='ltr'><strong>Unde</strong></span> <span class='ocrx_word' id='word_1_761' title='bbox 3252 3023 3479 3092; x_wconf 85' lang='lat' dir='ltr'><strong>probas?</strong></span> <span class='ocrx_word' id='word_1_762' title='bbox 3510 3025 3588 3083; x_wconf 86' lang='lat' dir='ltr'><strong>Eo</strong></span> 
     </span>
    </p>
   </div>
   <div class='ocr_carea' id='block_1_93' title="bbox 2000 3108 3585 3188">
    <p class='ocr_par' dir='ltr' id='par_1_93' title="bbox 2000 3108 3585 3188">
     <span class='ocr_line' id='line_1_93' title="bbox 2000 3108 3585 3188; baseline 0.007 -27"><span class='ocrx_word' id='word_1_763' title='bbox 2000 3108 2116 3178; x_wconf 84' lang='lat' dir='ltr'><strong>ipso</strong></span> <span class='ocrx_word' id='word_1_764' title='bbox 2137 3151 2152 3175; x_wconf 90' lang='lat'><strong>,</strong></span> <span class='ocrx_word' id='word_1_765' title='bbox 2197 3109 2399 3180; x_wconf 89' lang='lat' dir='ltr'><strong>inquit,</strong></span> <span class='ocrx_word' id='word_1_766' title='bbox 2447 3125 2552 3164; x_wconf 92' lang='lat' dir='ltr'><strong>non</strong></span> <span class='ocrx_word' id='word_1_767' title='bbox 2582 3119 2766 3165; x_wconf 88' lang='lat' dir='ltr'><strong>contra</strong></span> <span class='ocrx_word' id='word_1_768' title='bbox 2795 3112 3019 3182; x_wconf 90' lang='lat' dir='ltr'><strong>gratiam</strong></span> <span class='ocrx_word' id='word_1_769' title='bbox 3052 3113 3145 3170; x_wconf 90' lang='lat' dir='ltr'><strong>Dei</strong></span> <span class='ocrx_word' id='word_1_770' title='bbox 3176 3113 3415 3186; x_wconf 89' lang='lat' dir='ltr'><strong>disputo,</strong></span> <span class='ocrx_word' id='word_1_771' title='bbox 3444 3118 3585 3188; x_wconf 86' lang='lat' dir='ltr'><strong>quod</strong></span> 
     </span>
    </p>
   </div>
   <div class='ocr_carea' id='block_1_94' title="bbox 2000 3201 3586 3277">
    <p class='ocr_par' dir='ltr' id='par_1_94' title="bbox 2000 3201 3586 3277">
     <span class='ocr_line' id='line_1_94' title="bbox 2000 3201 3586 3277; baseline 0.008 -23"><span class='ocrx_word' id='word_1_772' title='bbox 2000 3201 2223 3256; x_wconf 90' lang='lat' dir='ltr'><strong>liberum</strong></span> <span class='ocrx_word' id='word_1_773' title='bbox 2254 3201 2528 3257; x_wconf 83' lang='lat' dir='ltr'><strong>arbitrium</strong></span> <span class='ocrx_word' id='word_1_774' title='bbox 2567 3202 2816 3258; x_wconf 92' lang='lat' dir='ltr'><strong>defendo.</strong></span> <span class='ocrx_word' id='word_1_775' title='bbox 2848 3205 3038 3263; x_wconf 86' lang='lat' dir='ltr'><strong>Videte</strong></span> <span class='ocrx_word' id='word_1_776' title='bbox 3075 3222 3330 3277; x_wconf 90' lang='lat' dir='ltr'><strong>acumen,</strong></span> <span class='ocrx_word' id='word_1_777' title='bbox 3370 3211 3466 3266; x_wconf 90' lang='lat' dir='ltr'><strong>sed</strong></span> <span class='ocrx_word' id='word_1_778' title='bbox 3508 3213 3586 3266; x_wconf 90' lang='lat' dir='ltr'><strong>vi-</strong></span> 
     </span>
    </p>
   </div>
   <div class='ocr_carea' id='block_1_95' title="bbox 2001 3294 3580 3373">
    <p class='ocr_par' dir='ltr' id='par_1_95' title="bbox 2001 3294 3580 3373">
     <span class='ocr_line' id='line_1_95' title="bbox 2001 3294 3580 3373; baseline 0.006 -24"><span class='ocrx_word' id='word_1_779' title='bbox 2001 3301 2192 3349; x_wconf 91' lang='lat' dir='ltr'><strong>treum.</strong></span> <span class='ocrx_word' id='word_1_780' title='bbox 2224 3294 2385 3362; x_wconf 88' lang='lat' dir='ltr'><strong>Quasi</strong></span> <span class='ocrx_word' id='word_1_781' title='bbox 2428 3295 2568 3351; x_wconf 92' lang='lat' dir='ltr'><strong>lucet</strong></span> <span class='ocrx_word' id='word_1_782' title='bbox 2611 3297 2870 3366; x_wconf 89' lang='lat' dir='ltr'><strong>vanitate,</strong></span> <span class='ocrx_word' id='word_1_783' title='bbox 2913 3299 3008 3356; x_wconf 90' lang='lat' dir='ltr'><strong>sed</strong></span> <span class='ocrx_word' id='word_1_784' title='bbox 3048 3299 3309 3373; x_wconf 88' lang='lat' dir='ltr'><strong>frangitur</strong></span> <span class='ocrx_word' id='word_1_785' title='bbox 3337 3303 3580 3360; x_wconf 88' lang='lat' dir='ltr'><strong>veritate.</strong></span> 
     </span>
    </p>
   </div>
   <div class='ocr_carea' id='block_1_96' title="bbox 1999 3385 3584 3465">
    <p class='ocr_par' dir='ltr' id='par_1_96' title="bbox 1999 3385 3584 3465">
     <span class='ocr_line' id='line_1_96' title="bbox 1999 3385 3584 3465; baseline 0.007 -26"><span class='ocrx_word' id='word_1_786' title='bbox 1999 3385 2271 3441; x_wconf 86' lang='lat' dir='ltr'><strong>Attendite</strong></span> <span class='ocrx_word' id='word_1_787' title='bbox 2311 3400 2467 3456; x_wconf 89' lang='lat' dir='ltr'><strong>quam</strong></span> <span class='ocrx_word' id='word_1_788' title='bbox 2496 3387 2565 3442; x_wconf 92' lang='lat' dir='ltr'><strong>sit</strong></span> <span class='ocrx_word' id='word_1_789' title='bbox 2591 3389 2742 3459; x_wconf 90' lang='lat' dir='ltr'><strong>quasi</strong></span> <span class='ocrx_word' id='word_1_790' title='bbox 2773 3398 2928 3446; x_wconf 91' lang='lat' dir='ltr'><strong>acute</strong></span> <span class='ocrx_word' id='word_1_791' title='bbox 2952 3393 3304 3464; x_wconf 82' lang='lat' dir='ltr'><strong>excogitatum</strong></span> <span class='ocrx_word' id='word_1_792' title='bbox 3333 3396 3471 3465; x_wconf 93' lang='lat' dir='ltr'><strong>quod</strong></span> <span class='ocrx_word' id='word_1_793' title='bbox 3499 3397 3584 3451; x_wconf 84' lang='lat' dir='ltr'><strong>di-</strong></span> 
     </span>
    </p>
   </div>
   <div class='ocr_carea' id='block_1_97' title="bbox 2000 3477 3587 3555">
    <p class='ocr_par' dir='ltr' id='par_1_97' title="bbox 2000 3477 3587 3555">
     <span class='ocr_line' id='line_1_97' title="bbox 2000 3477 3587 3555; baseline 0.006 -22"><span class='ocrx_word' id='word_1_794' title='bbox 2000 3492 2122 3533; x_wconf 88' lang='lat' dir='ltr'><strong>cere</strong></span> <span class='ocrx_word' id='word_1_795' title='bbox 2152 3477 2452 3532; x_wconf 90' lang='lat' dir='ltr'><strong>voluerunt.</strong></span> <span class='ocrx_word' id='word_1_796' title='bbox 2484 3478 2594 3534; x_wconf 89' lang='lat' dir='ltr'><strong>lloc</strong></span> <span class='ocrx_word' id='word_1_797' title='bbox 2624 3479 2769 3550; x_wconf 89' lang='lat' dir='ltr'><strong>ipso,</strong></span> <span class='ocrx_word' id='word_1_798' title='bbox 2810 3481 3006 3552; x_wconf 86' lang='lat' dir='ltr'><strong>inquit,</strong></span> <span class='ocrx_word' id='word_1_799' title='bbox 3047 3485 3168 3555; x_wconf 90' lang='lat' dir='ltr'><strong>quia</strong></span> <span class='ocrx_word' id='word_1_800' title='bbox 3195 3485 3417 3542; x_wconf 88' lang='lat' dir='ltr'><strong>liberum</strong></span> <span class='ocrx_word' id='word_1_801' title='bbox 3445 3488 3587 3543; x_wconf 86' lang='lat' dir='ltr'><strong>arbi-</strong></span> 
     </span>
    </p>
   </div>
   <div class='ocr_carea' id='block_1_98' title="bbox 2003 3569 3585 3644">
    <p class='ocr_par' dir='ltr' id='par_1_98' title="bbox 2003 3569 3585 3644">
     <span class='ocr_line' id='line_1_98' title="bbox 2003 3569 3585 3644; baseline 0.008 -22"><span class='ocrx_word' id='word_1_802' title='bbox 2003 3569 2159 3623; x_wconf 87' lang='lat' dir='ltr'><strong>trium</strong></span> <span class='ocrx_word' id='word_1_803' title='bbox 2186 3569 2417 3624; x_wconf 88' lang='lat' dir='ltr'><strong>hominis</strong></span> <span class='ocrx_word' id='word_1_804' title='bbox 2455 3569 2711 3634; x_wconf 87' lang='lat' dir='ltr'><strong>defendo,</strong></span> <span class='ocrx_word' id='word_1_805' title='bbox 2757 3581 2814 3628; x_wconf 91' lang='lat' dir='ltr'><strong>et</strong></span> <span class='ocrx_word' id='word_1_806' title='bbox 2850 3573 2970 3628; x_wconf 90' lang='lat' dir='ltr'><strong>dico</strong></span> <span class='ocrx_word' id='word_1_807' title='bbox 3010 3576 3133 3644; x_wconf 90' lang='lat' dir='ltr'><strong>quia</strong></span> <span class='ocrx_word' id='word_1_808' title='bbox 3175 3576 3400 3633; x_wconf 90' lang='lat' dir='ltr'><strong>liberum</strong></span> <span class='ocrx_word' id='word_1_809' title='bbox 3444 3581 3585 3634; x_wconf 89' lang='lat' dir='ltr'><strong>arbi-</strong></span> 
     </span>
    </p>
   </div>
   <div class='ocr_carea' id='block_1_99' title="bbox 2002 3659 3585 3740">
    <p class='ocr_par' dir='ltr' id='par_1_99' title="bbox 2002 3659 3585 3740">
     <span class='ocr_line' id='line_1_99' title="bbox 2002 3659 3585 3740; baseline 0.008 -28"><span class='ocrx_word' id='word_1_810' title='bbox 2002 3659 2162 3712; x_wconf 93' lang='lat' dir='ltr'><strong>trium</strong></span> <span class='ocrx_word' id='word_1_811' title='bbox 2201 3659 2470 3714; x_wconf 89' lang='lat' dir='ltr'><strong>sufﬁciens</strong></span> <span class='ocrx_word' id='word_1_812' title='bbox 2497 3668 2581 3716; x_wconf 89' lang='lat' dir='ltr'><strong>est</strong></span> <span class='ocrx_word' id='word_1_813' title='bbox 2611 3669 2668 3715; x_wconf 92' lang='lat' dir='ltr'><strong>ut</strong></span> <span class='ocrx_word' id='word_1_814' title='bbox 2690 3661 2866 3731; x_wconf 87' lang='lat' dir='ltr'><strong>justus</strong></span> <span class='ocrx_word' id='word_1_815' title='bbox 2899 3664 2997 3718; x_wconf 93' lang='lat' dir='ltr'><strong>sim</strong></span> <span class='ocrx_word' id='word_1_816' title='bbox 3030 3665 3068 3731; x_wconf 86' lang='grc'><strong>³,</strong></span> <span class='ocrx_word' id='word_1_817' title='bbox 3115 3680 3219 3721; x_wconf 90' lang='lat' dir='ltr'><strong>non</strong></span> <span class='ocrx_word' id='word_1_818' title='bbox 3258 3667 3375 3724; x_wconf 90' lang='lat' dir='ltr'><strong>sine</strong></span> <span class='ocrx_word' id='word_1_819' title='bbox 3415 3672 3585 3740; x_wconf 86' lang='lat' dir='ltr'><strong>gratia</strong></span> 
     </span>
    </p>
   </div>
   <div class='ocr_carea' id='block_1_100' title="bbox 2002 3747 3586 3828">
    <p class='ocr_par' dir='ltr' id='par_1_100' title="bbox 2002 3747 3586 3828">
     <span class='ocr_line' id='line_1_100' title="bbox 2002 3747 3586 3828; baseline 0.008 -25"><span class='ocrx_word' id='word_1_820' title='bbox 2002 3747 2095 3804; x_wconf 89' lang='lat' dir='ltr'><strong>Dei</strong></span> <span class='ocrx_word' id='word_1_821' title='bbox 2133 3748 2272 3803; x_wconf 92' lang='lat' dir='ltr'><strong>dico.</strong></span> <span class='ocrx_word' id='word_1_822' title='bbox 2319 3751 2522 3805; x_wconf 68' lang='lat' dir='ltr'><strong>Erecltn</strong></span> <span class='ocrx_word' id='word_1_823' title='bbox 2560 3759 2686 3806; x_wconf 89' lang='lat' dir='ltr'><strong>sunt</strong></span> <span class='ocrx_word' id='word_1_824' title='bbox 2723 3767 2879 3808; x_wconf 90' lang='lat' dir='ltr'><strong>aures</strong></span> <span class='ocrx_word' id='word_1_825' title='bbox 2921 3754 3129 3823; x_wconf 89' lang='lat' dir='ltr'><strong>piorum</strong></span> <span class='ocrx_word' id='word_1_826' title='bbox 3164 3757 3314 3825; x_wconf 88' lang='lat' dir='ltr'><strong>:jam</strong></span> <span class='ocrx_word' id='word_1_827' title='bbox 3353 3760 3442 3828; x_wconf 89' lang='lat' dir='ltr'><strong>qui</strong></span> <span class='ocrx_word' id='word_1_828' title='bbox 3484 3761 3586 3816; x_wconf 86' lang='lat' dir='ltr'><strong>ista</strong></span> 
     </span>
    </p>
   </div>
   <div class='ocr_carea' id='block_1_101' title="bbox 2001 3839 3582 3914">
    <p class='ocr_par' dir='ltr' id='par_1_101' title="bbox 2001 3839 3582 3914">
     <span class='ocr_line' id='line_1_101' title="bbox 2001 3839 3582 3914; baseline 0.009 -22"><span class='ocrx_word' id='word_1_829' title='bbox 2001 3839 2170 3904; x_wconf 88' lang='lat' dir='ltr'><strong>audit,</strong></span> <span class='ocrx_word' id='word_1_830' title='bbox 2218 3839 2402 3910; x_wconf 90' lang='lat' dir='ltr'><strong>incipit</strong></span> <span class='ocrx_word' id='word_1_831' title='bbox 2441 3841 2718 3910; x_wconf 84' lang='lat' dir='ltr'><strong>gratulari.</strong></span> <span class='ocrx_word' id='word_1_832' title='bbox 2763 3843 2872 3898; x_wconf 92' lang='lat' dir='ltr'><strong>Deo</strong></span> <span class='ocrx_word' id='word_1_833' title='bbox 2911 3846 3128 3914; x_wconf 87' lang='lat' dir='ltr'><strong>gratias.</strong></span> <span class='ocrx_word' id='word_1_834' title='bbox 3169 3846 3284 3902; x_wconf 88' lang='lat' dir='ltr'><strong>Non</strong></span> <span class='ocrx_word' id='word_1_835' title='bbox 3329 3849 3446 3905; x_wconf 88' lang='lat' dir='ltr'><strong>sine</strong></span> <span class='ocrx_word' id='word_1_836' title='bbox 3491 3852 3582 3906; x_wconf 90' lang='lat' dir='ltr'><strong>Dei</strong></span> 
     </span>
    </p>
   </div>
   <div class='ocr_carea' id='block_1_102' title="bbox 2000 3927 3582 3999">
    <p class='ocr_par' dir='ltr' id='par_1_102' title="bbox 2000 3927 3582 3999">
     <span class='ocr_line' id='line_1_102' title="bbox 2000 3927 3582 3999; baseline 0.009 -18"><span class='ocrx_word' id='word_1_837' title='bbox 2000 3929 2165 3999; x_wconf 87' lang='lat' dir='ltr'><strong>gratia</strong></span> <span class='ocrx_word' id='word_1_838' title='bbox 2193 3927 2432 3984; x_wconf 92' lang='lat' dir='ltr'><strong>defendit</strong></span> <span class='ocrx_word' id='word_1_839' title='bbox 2459 3930 2684 3987; x_wconf 89' lang='lat' dir='ltr'><strong>liberum</strong></span> <span class='ocrx_word' id='word_1_840' title='bbox 2714 3933 3013 3989; x_wconf 90' lang='lat' dir='ltr'><strong>arbitrium.</strong></span> <span class='ocrx_word' id='word_1_841' title='bbox 3055 3935 3150 3990; x_wconf 89' lang='lat' dir='ltr'><strong>Est</strong></span> <span class='ocrx_word' id='word_1_842' title='bbox 3187 3937 3328 3993; x_wconf 86' lang='lat' dir='ltr'><strong>enim</strong></span> <span class='ocrx_word' id='word_1_843' title='bbox 3357 3939 3582 3996; x_wconf 89' lang='lat' dir='ltr'><strong>liberum</strong></span> 
     </span>
    </p>
   </div>
   <div class='ocr_carea' id='block_1_103' title="bbox 2000 4021 3584 4104">
    <p class='ocr_par' dir='ltr' id='par_1_103' title="bbox 2000 4021 3584 4104">
     <span class='ocr_line' id='line_1_103' title="bbox 2000 4021 3584 4104; baseline 0.009 -30"><span class='ocrx_word' id='word_1_844' title='bbox 2000 4021 2311 4089; x_wconf 88' lang='lat' dir='ltr'><strong>arbitrium,</strong></span> <span class='ocrx_word' id='word_1_845' title='bbox 2352 4022 2446 4076; x_wconf 87' lang='lat' dir='ltr'><strong>sed</strong></span> <span class='ocrx_word' id='word_1_846' title='bbox 2485 4022 2616 4078; x_wconf 92' lang='lat' dir='ltr'><strong>nihil</strong></span> <span class='ocrx_word' id='word_1_847' title='bbox 2660 4024 2799 4080; x_wconf 89' lang='lat' dir='ltr'><strong>valet</strong></span> <span class='ocrx_word' id='word_1_848' title='bbox 2837 4025 2953 4081; x_wconf 91' lang='lat' dir='ltr'><strong>sine</strong></span> <span class='ocrx_word' id='word_1_849' title='bbox 2994 4027 3084 4082; x_wconf 86' lang='lat' dir='ltr'><strong>Dei</strong></span> <span class='ocrx_word' id='word_1_850' title='bbox 3119 4030 3308 4098; x_wconf 88' lang='lat' dir='ltr'><strong>gratia.</strong></span> <span class='ocrx_word' id='word_1_851' title='bbox 3356 4032 3410 4087; x_wconf 91' lang='lat' dir='ltr'><strong>Si</strong></span> <span class='ocrx_word' id='word_1_852' title='bbox 3456 4049 3584 4104; x_wconf 87' lang='lat' dir='ltr'><strong>ergo</strong></span> 
     </span>
    </p>
   </div>
   <div class='ocr_carea' id='block_1_104' title="bbox 2002 4111 3630 4201">
    <p class='ocr_par' dir='ltr' id='par_1_104' title="bbox 2002 4111 3630 4201">
     <span class='ocr_line' id='line_1_104' title="bbox 2002 4111 3630 4201; baseline 0.008 -35"><span class='ocrx_word' id='word_1_853' title='bbox 2002 4111 2224 4167; x_wconf 88' lang='lat' dir='ltr'><strong>liberum</strong></span> <span class='ocrx_word' id='word_1_854' title='bbox 2269 4113 2543 4168; x_wconf 88' lang='lat' dir='ltr'><strong>arbitrium</strong></span> <span class='ocrx_word' id='word_1_855' title='bbox 2591 4128 2697 4170; x_wconf 92' lang='lat' dir='ltr'><strong>non</strong></span> <span class='ocrx_word' id='word_1_856' title='bbox 2742 4116 2858 4170; x_wconf 90' lang='lat' dir='ltr'><strong>sine</strong></span> <span class='ocrx_word' id='word_1_857' title='bbox 2906 4116 3000 4173; x_wconf 90' lang='lat' dir='ltr'><strong>Dei</strong></span> <span class='ocrx_word' id='word_1_858' title='bbox 3046 4120 3214 4188; x_wconf 87' lang='lat' dir='ltr'><strong>gratia</strong></span> <span class='ocrx_word' id='word_1_859' title='bbox 3257 4120 3580 4192; x_wconf 86' lang='lat' dir='ltr'><strong>defendunt,</strong></span> <span class='ocrx_word' id='word_1_860' title='bbox 3621 4191 3630 4201; x_wconf 32' lang='grc' dir='ltr'><em>Ι</em></span> 
     </span>
    </p>
   </div>
   <div class='ocr_carea' id='block_1_105' title="bbox 2000 4206 3581 4287">
    <p class='ocr_par' dir='ltr' id='par_1_105' title="bbox 2000 4206 3581 4287">
     <span class='ocr_line' id='line_1_105' title="bbox 2000 4206 3581 4287; baseline 0.009 -27"><span class='ocrx_word' id='word_1_861' title='bbox 2000 4206 2126 4277; x_wconf 92' lang='lat' dir='ltr'><strong>quid</strong></span> <span class='ocrx_word' id='word_1_862' title='bbox 2151 4207 2276 4261; x_wconf 89' lang='lat' dir='ltr'><strong>mali</strong></span> <span class='ocrx_word' id='word_1_863' title='bbox 2302 4207 2517 4263; x_wconf 88' lang='lat' dir='ltr'><strong>dicunt?</strong></span> <span class='ocrx_word' id='word_1_864' title='bbox 2541 4208 2760 4278; x_wconf 81' lang='lat' dir='ltr'><strong>Expone</strong></span> <span class='ocrx_word' id='word_1_865' title='bbox 2784 4225 2912 4280; x_wconf 86' lang='lat' dir='ltr'><strong>ergo</strong></span> <span class='ocrx_word' id='word_1_866' title='bbox 2937 4211 3111 4279; x_wconf 85' lang='lat' dir='ltr'><strong>nobis,</strong></span> <span class='ocrx_word' id='word_1_867' title='bbox 3135 4228 3168 4267; x_wconf 89' lang='grc' dir='ltr'>ο</span> <span class='ocrx_word' id='word_1_868' title='bbox 3188 4212 3396 4283; x_wconf 83' lang='lat' dir='ltr'><strong>doctor,</strong></span> <span class='ocrx_word' id='word_1_869' title='bbox 3423 4231 3581 4287; x_wconf 89' lang='lat' dir='ltr'><strong>quam</strong></span> 
     </span>
    </p>
   </div>
   <div class='ocr_carea' id='block_1_106' title="bbox 2002 4299 3576 4373">
    <p class='ocr_par' dir='ltr' id='par_1_106' title="bbox 2002 4299 3576 4373">
     <span class='ocr_line' id='line_1_106' title="bbox 2002 4299 3576 4373; baseline 0.007 -19"><span class='ocrx_word' id='word_1_870' title='bbox 2002 4299 2146 4355; x_wconf 89' lang='lat' dir='ltr'><strong>dicas</strong></span> <span class='ocrx_word' id='word_1_871' title='bbox 2171 4299 2567 4371; x_wconf 87' lang='lat' dir='ltr'><strong>gratiam.Cum</strong></span> <span class='ocrx_word' id='word_1_872' title='bbox 2592 4301 2733 4370; x_wconf 92' lang='lat' dir='ltr'><strong>dico,</strong></span> <span class='ocrx_word' id='word_1_873' title='bbox 2765 4303 2953 4373; x_wconf 85' lang='lat' dir='ltr'><strong>inquit,</strong></span> <span class='ocrx_word' id='word_1_874' title='bbox 2982 4304 3204 4361; x_wconf 89' lang='lat' dir='ltr'><strong>liberum</strong></span> <span class='ocrx_word' id='word_1_875' title='bbox 3233 4305 3464 4365; x_wconf 91' lang='lat' dir='ltr'><strong>hominis</strong></span> <span class='ocrx_word' id='word_1_876' title='bbox 3493 4326 3576 4365; x_wconf 69' lang='lat' dir='ltr'><strong>ar&lt;</strong></span> 
     </span>
    </p>
   </div>
   <div class='ocr_carea' id='block_1_107' title="bbox 2001 4392 3582 4464">
    <p class='ocr_par' dir='ltr' id='par_1_107' title="bbox 2001 4392 3582 4464">
     <span class='ocr_line' id='line_1_107' title="bbox 2001 4392 3582 4464; baseline 0.006 -16"><span class='ocrx_word' id='word_1_877' title='bbox 2001 4392 2244 4458; x_wconf 90' lang='lat' dir='ltr'><strong>bitrium;</strong></span> <span class='ocrx_word' id='word_1_878' title='bbox 2273 4392 2394 4448; x_wconf 88' lang='lat' dir='ltr'><strong>vide</strong></span> <span class='ocrx_word' id='word_1_879' title='bbox 2421 4393 2543 4462; x_wconf 84' lang='lat' dir='ltr'><strong>quia</strong></span> <span class='ocrx_word' id='word_1_880' title='bbox 2575 4393 2804 4450; x_wconf 89' lang='lat' dir='ltr'><strong>hominis</strong></span> <span class='ocrx_word' id='word_1_881' title='bbox 2841 4395 2981 4451; x_wconf 91' lang='lat' dir='ltr'><strong>dico.</strong></span> <span class='ocrx_word' id='word_1_882' title='bbox 3022 4397 3158 4464; x_wconf 88' lang='lat' dir='ltr'><strong>Quid</strong></span> <span class='ocrx_word' id='word_1_883' title='bbox 3204 4398 3430 4456; x_wconf 88' lang='lat' dir='ltr'><strong>deinde?</strong></span> <span class='ocrx_word' id='word_1_884' title='bbox 3472 4403 3582 4457; x_wconf 85' lang='lat' dir='ltr'><strong>llo-</strong></span> 
     </span>
    </p>
   </div>
   <div class='ocr_carea' id='block_1_108' title="bbox 2000 4484 3582 4554">
    <p class='ocr_par' dir='ltr' id='par_1_108' title="bbox 2000 4484 3582 4554">
     <span class='ocr_line' id='line_1_108' title="bbox 2000 4484 3582 4554; baseline 0.005 -16"><span class='ocrx_word' id='word_1_885' title='bbox 2000 4484 2196 4539; x_wconf 89' lang='lat' dir='ltr'><strong>minem</strong></span> <span class='ocrx_word' id='word_1_886' title='bbox 2223 4485 2343 4554; x_wconf 91' lang='lat' dir='ltr'><strong>quis</strong></span> <span class='ocrx_word' id='word_1_887' title='bbox 2367 4484 2599 4540; x_wconf 86' lang='lat' dir='ltr'><strong>creavit?</strong></span> <span class='ocrx_word' id='word_1_888' title='bbox 2626 4485 2786 4541; x_wconf 90' lang='lat' dir='ltr'><strong>Deus.</strong></span> <span class='ocrx_word' id='word_1_889' title='bbox 2816 4486 2946 4553; x_wconf 90' lang='lat' dir='ltr'><strong>Quis</strong></span> <span class='ocrx_word' id='word_1_890' title='bbox 2971 4488 3019 4542; x_wconf 90' lang='lat' dir='ltr'><strong>ei</strong></span> <span class='ocrx_word' id='word_1_891' title='bbox 3049 4489 3273 4545; x_wconf 87' lang='lat' dir='ltr'><strong>liberum</strong></span> <span class='ocrx_word' id='word_1_892' title='bbox 3301 4493 3582 4548; x_wconf 87' lang='lat' dir='ltr'><strong>arbitrium</strong></span> 
     </span>
    </p>
   </div>
   <div class='ocr_carea' id='block_1_109' title="bbox 1999 4572 3582 4649">
    <p class='ocr_par' dir='ltr' id='par_1_109' title="bbox 1999 4572 3582 4649">
     <span class='ocr_line' id='line_1_109' title="bbox 1999 4572 3582 4649; baseline 0.006 -18"><span class='ocrx_word' id='word_1_893' title='bbox 1999 4575 2177 4631; x_wconf 86' lang='lat' dir='ltr'><strong>dedit?</strong></span> <span class='ocrx_word' id='word_1_894' title='bbox 2219 4576 2378 4632; x_wconf 91' lang='lat' dir='ltr'><strong>Deus.</strong></span> <span class='ocrx_word' id='word_1_895' title='bbox 2420 4575 2475 4632; x_wconf 88' lang='lat' dir='ltr'><strong>Si</strong></span> <span class='ocrx_word' id='word_1_896' title='bbox 2513 4592 2641 4648; x_wconf 88' lang='lat' dir='ltr'><strong>ergo</strong></span> <span class='ocrx_word' id='word_1_897' title='bbox 2681 4572 2950 4635; x_wconf 89' lang='lat' dir='ltr'><strong>hominem</strong></span> <span class='ocrx_word' id='word_1_898' title='bbox 2984 4581 3124 4636; x_wconf 91' lang='lat' dir='ltr'><strong>Deus</strong></span> <span class='ocrx_word' id='word_1_899' title='bbox 3153 4585 3372 4649; x_wconf 86' lang='lat' dir='ltr'><strong>creavit,</strong></span> <span class='ocrx_word' id='word_1_900' title='bbox 3401 4595 3455 4641; x_wconf 92' lang='lat' dir='ltr'><strong>et</strong></span> <span class='ocrx_word' id='word_1_901' title='bbox 3480 4585 3582 4640; x_wconf 53' lang='lat' dir='ltr'><strong>hoc</strong></span> 
     </span>
    </p>
   </div>
   <div class='ocr_carea' id='block_1_110' title="bbox 2000 4668 3582 4746">
    <p class='ocr_par' dir='ltr' id='par_1_110' title="bbox 2000 4668 3582 4746">
     <span class='ocr_line' id='line_1_110' title="bbox 2000 4668 3582 4746; baseline 0.004 -22"><span class='ocrx_word' id='word_1_902' title='bbox 2000 4669 2127 4724; x_wconf 89' lang='lat' dir='ltr'><strong>mini</strong></span> <span class='ocrx_word' id='word_1_903' title='bbox 2149 4668 2287 4723; x_wconf 91' lang='lat' dir='ltr'><strong>Deus</strong></span> <span class='ocrx_word' id='word_1_904' title='bbox 2306 4669 2532 4724; x_wconf 89' lang='lat' dir='ltr'><strong>liberum</strong></span> <span class='ocrx_word' id='word_1_905' title='bbox 2553 4669 2767 4725; x_wconf 89' lang='lat' dir='ltr'><strong>donavit</strong></span> <span class='ocrx_word' id='word_1_906' title='bbox 2789 4671 3098 4737; x_wconf 87' lang='lat' dir='ltr'><strong>arbitrium;</strong></span> <span class='ocrx_word' id='word_1_907' title='bbox 3123 4675 3378 4745; x_wconf 88' lang='lat' dir='ltr'><strong>quidquid</strong></span> <span class='ocrx_word' id='word_1_908' title='bbox 3406 4685 3582 4746; x_wconf 67' lang='lat' dir='ltr'><strong>potcs&#39;</strong></span> 
     </span>
    </p>
   </div>
   <div class='ocr_carea' id='block_1_111' title="bbox 2000 4758 3581 4833">
    <p class='ocr_par' dir='ltr' id='par_1_111' title="bbox 2000 4758 3581 4833">
     <span class='ocr_line' id='line_1_111' title="bbox 2000 4758 3581 4833; baseline 0.008 -21"><span class='ocrx_word' id='word_1_909' title='bbox 2000 4758 2160 4814; x_wconf 92' lang='lat' dir='ltr'><strong>homo</strong></span> <span class='ocrx_word' id='word_1_910' title='bbox 2198 4759 2265 4814; x_wconf 92' lang='lat' dir='ltr'><strong>de</strong></span> <span class='ocrx_word' id='word_1_911' title='bbox 2299 4761 2466 4816; x_wconf 89' lang='lat' dir='ltr'><strong>libero</strong></span> <span class='ocrx_word' id='word_1_912' title='bbox 2505 4761 2744 4829; x_wconf 85' lang='lat' dir='ltr'><strong>arbitrio,</strong></span> <span class='ocrx_word' id='word_1_913' title='bbox 2781 4762 2933 4832; x_wconf 92' lang='lat' dir='ltr'><strong>cujus</strong></span> <span class='ocrx_word' id='word_1_914' title='bbox 2967 4765 3152 4833; x_wconf 61' lang='lat' dir='ltr'><strong>gratiae</strong></span> <span class='ocrx_word' id='word_1_915' title='bbox 3189 4766 3428 4833; x_wconf 87' lang='lat' dir='ltr'><strong>debetur,</strong></span> <span class='ocrx_word' id='word_1_916' title='bbox 3477 4769 3581 4827; x_wconf 73' lang='lat' dir='ltr'><strong>uis:</strong></span> 
     </span>
    </p>
   </div>
   <div class='ocr_carea' id='block_1_112' title="bbox 1998 4853 3580 4922">
    <p class='ocr_par' dir='ltr' id='par_1_112' title="bbox 1998 4853 3580 4922">
     <span class='ocr_line' id='line_1_112' title="bbox 1998 4853 3580 4922; baseline 0.006 -14"><span class='ocrx_word' id='word_1_917' title='bbox 1998 4858 2114 4922; x_wconf 84' lang='lat' dir='ltr'><strong>ejus</strong></span> <span class='ocrx_word' id='word_1_918' title='bbox 2151 4853 2240 4922; x_wconf 89' lang='lat' dir='ltr'><strong>qui</strong></span> <span class='ocrx_word' id='word_1_919' title='bbox 2278 4868 2400 4909; x_wconf 91' lang='lat' dir='ltr'><strong>eum</strong></span> <span class='ocrx_word' id='word_1_920' title='bbox 2440 4853 2677 4909; x_wconf 86' lang='lat' dir='ltr'><strong>condidit</strong></span> <span class='ocrx_word' id='word_1_921' title='bbox 2720 4869 2841 4910; x_wconf 90' lang='lat' dir='ltr'><strong>cum</strong></span> <span class='ocrx_word' id='word_1_922' title='bbox 2887 4856 3054 4913; x_wconf 88' lang='lat' dir='ltr'><strong>libero</strong></span> <span class='ocrx_word' id='word_1_923' title='bbox 3091 4858 3343 4916; x_wconf 87' lang='lat' dir='ltr'><strong>arbitrio?</strong></span> <span class='ocrx_word' id='word_1_924' title='bbox 3382 4860 3446 4916; x_wconf 87' lang='lat' dir='ltr'><strong>Et</strong></span> <span class='ocrx_word' id='word_1_925' title='bbox 3479 4860 3580 4918; x_wconf 91' lang='lat' dir='ltr'><strong>hoc</strong></span> 
     </span>
    </p>
   </div>
   <div class='ocr_carea' id='block_1_113' title="bbox 1997 4945 2828 5016">
    <p class='ocr_par' dir='ltr' id='par_1_113' title="bbox 1997 4945 2828 5016">
     <span class='ocr_line' id='line_1_113' title="bbox 1997 4945 2828 5016; baseline 0.005 -18"><span class='ocrx_word' id='word_1_926' title='bbox 1997 4945 2147 5015; x_wconf 90' lang='lat' dir='ltr'><strong>quasi</strong></span> <span class='ocrx_word' id='word_1_927' title='bbox 2180 4955 2332 5000; x_wconf 85' lang='lat' dir='ltr'><strong>acute</strong></span> <span class='ocrx_word' id='word_1_928' title='bbox 2359 4947 2426 5001; x_wconf 89' lang='lat' dir='ltr'><strong>ab</strong></span> <span class='ocrx_word' id='word_1_929' title='bbox 2455 4946 2582 5016; x_wconf 90' lang='lat' dir='ltr'><strong>ipsis</strong></span> <span class='ocrx_word' id='word_1_930' title='bbox 2611 4946 2828 5002; x_wconf 90' lang='lat' dir='ltr'><strong>dictum.</strong></span> 
     </span>
    </p>
   </div>
   <div class='ocr_carea' id='block_1_114' title="bbox 2068 5031 3577 5112">
    <p class='ocr_par' dir='ltr' id='par_1_114' title="bbox 2068 5031 3577 5112">
     <span class='ocr_line' id='line_1_114' title="bbox 2068 5031 3577 5112; baseline 0.006 -21"><span class='ocrx_word' id='word_1_931' title='bbox 2068 5031 2292 5092; x_wconf 80' lang='lat' dir='ltr'><strong>CAPUT</strong></span> <span class='ocrx_word' id='word_1_932' title='bbox 2327 5036 2457 5092; x_wconf 89' lang='lat' dir='ltr'><strong>Vlll.</strong></span> <span class='ocrx_word' id='word_1_933' title='bbox 2478 5067 2550 5079; x_wconf 89' lang='lat'><strong>—-</strong></span> <span class='ocrx_word' id='word_1_934' title='bbox 2568 5037 2622 5094; x_wconf 91' lang='lat'><strong>9.</strong></span> <span class='ocrx_word' id='word_1_935' title='bbox 2649 5036 2824 5093; x_wconf 86' lang='lat' dir='ltr'><strong>Gratia</strong></span> <span class='ocrx_word' id='word_1_936' title='bbox 2849 5038 3036 5096; x_wconf 80' lang='lat' dir='ltr'><strong>Citriin</strong></span> <span class='ocrx_word' id='word_1_937' title='bbox 3062 5053 3245 5112; x_wconf 65' lang='lat' dir='ltr'><strong>praeter</strong></span> <span class='ocrx_word' id='word_1_938' title='bbox 3271 5052 3508 5099; x_wconf 85' lang='lat' dir='ltr'><strong>naturam</strong></span> <span class='ocrx_word' id='word_1_939' title='bbox 3531 5055 3577 5100; x_wconf 88' lang='lat' dir='ltr'><strong>et</strong></span> 
     </span>
    </p>
   </div>
   <div class='ocr_carea' id='block_1_115' title="bbox 2000 5129 3576 5206">
    <p class='ocr_par' dir='ltr' id='par_1_115' title="bbox 2000 5129 3576 5206">
     <span class='ocr_line' id='line_1_115' title="bbox 2000 5129 3576 5206; baseline 0.006 -24"><span class='ocrx_word' id='word_1_940' title='bbox 2000 5129 2156 5198; x_wconf 85' lang='lat' dir='ltr'><strong>legem</strong></span> <span class='ocrx_word' id='word_1_941' title='bbox 2199 5129 2478 5183; x_wconf 87' lang='lat' dir='ltr'><strong>necessaria</strong></span> <span class='ocrx_word' id='word_1_942' title='bbox 2521 5130 2720 5185; x_wconf 88' lang='lat' dir='ltr'><strong>admitti</strong></span> <span class='ocrx_word' id='word_1_943' title='bbox 2767 5131 2928 5188; x_wconf 83' lang='lat' dir='ltr'><strong>debet.</strong></span> <span class='ocrx_word' id='word_1_944' title='bbox 2986 5133 3096 5190; x_wconf 71' lang='lat' dir='ltr'><strong>Lex</strong></span> <span class='ocrx_word' id='word_1_945' title='bbox 3146 5135 3214 5188; x_wconf 82' lang='lat' dir='ltr'><strong>ad</strong></span> <span class='ocrx_word' id='word_1_946' title='bbox 3265 5136 3386 5206; x_wconf 83' lang='lat' dir='ltr'><strong>quid</strong></span> <span class='ocrx_word' id='word_1_947' title='bbox 3435 5138 3576 5192; x_wconf 87' lang='lat' dir='ltr'><strong>data.</strong></span> 
     </span>
    </p>
   </div>
   <div class='ocr_carea' id='block_1_116' title="bbox 1999 5218 3578 5299">
    <p class='ocr_par' dir='ltr' id='par_1_116' title="bbox 1999 5218 3578 5299">
     <span class='ocr_line' id='line_1_116' title="bbox 1999 5218 3578 5299; baseline 0.006 -25"><span class='ocrx_word' id='word_1_948' title='bbox 1999 5218 2188 5276; x_wconf 83' lang='lat' dir='ltr'><strong>Videte</strong></span> <span class='ocrx_word' id='word_1_949' title='bbox 2215 5230 2410 5290; x_wconf 89' lang='lat' dir='ltr'><strong>tamen,</strong></span> <span class='ocrx_word' id='word_1_950' title='bbox 2441 5221 2628 5279; x_wconf 86' lang='lat' dir='ltr'><strong>fratres</strong></span> <span class='ocrx_word' id='word_1_951' title='bbox 2655 5224 2781 5292; x_wconf 92' lang='lat' dir='ltr'><strong>mei,</strong></span> <span class='ocrx_word' id='word_1_952' title='bbox 2801 5225 3070 5296; x_wconf 90' lang='lat' dir='ltr'><strong>quomodo</strong></span> <span class='ocrx_word' id='word_1_953' title='bbox 3097 5227 3241 5282; x_wconf 85' lang='lat' dir='ltr'><strong>illam</strong></span> <span class='ocrx_word' id='word_1_954' title='bbox 3271 5229 3578 5299; x_wconf 87' lang='lat' dir='ltr'><strong>generalem</strong></span> 
     </span>
    </p>
   </div>
   <div class='ocr_carea' id='block_1_117' title="bbox 2065 5398 2860 5466">
    <p class='ocr_par' dir='ltr' id='par_1_117' title="bbox 2065 5398 2860 5466">
     <span class='ocr_line' id='line_1_117' title="bbox 2065 5398 2860 5466; baseline 0.006 -22"><span class='ocrx_word' id='word_1_955' title='bbox 2065 5398 2080 5466; x_wconf 65' lang='grc' dir='ltr'><strong>ξ</strong></span> <span class='ocrx_word' id='word_1_956' title='bbox 2106 5398 2180 5466; x_wconf 70' lang='lat' dir='ltr'><strong>sie</strong></span> <span class='ocrx_word' id='word_1_957' title='bbox 2199 5406 2301 5466; x_wconf 67' lang='lat' dir='ltr'><strong>atss.</strong></span> <span class='ocrx_word' id='word_1_958' title='bbox 2327 5398 2440 5448; x_wconf 83' lang='lat' dir='ltr'><strong>Editi</strong></span> <span class='ocrx_word' id='word_1_959' title='bbox 2463 5413 2597 5459; x_wconf 82' lang='lat' dir='ltr'><strong>vero,</strong></span> <span class='ocrx_word' id='word_1_960' title='bbox 2624 5413 2860 5466; x_wconf 82' lang='lat' dir='ltr'><strong>magnam.</strong></span> 
     </span>
    </p>
   </div>
   <div class='ocr_carea' id='block_1_118' title="bbox 2062 5459 3626 5531">
    <p class='ocr_par' dir='ltr' id='par_1_118' title="bbox 2062 5459 3626 5531">
     <span class='ocr_line' id='line_1_118' title="bbox 2062 5459 3626 5531; baseline 0.006 -25"><span class='ocrx_word' id='word_1_961' title='bbox 2062 5459 2344 5531; x_wconf 49' lang='lat' dir='ltr'><strong>{mihinam</strong></span> <span class='ocrx_word' id='word_1_962' title='bbox 2367 5468 2417 5509; x_wconf 88' lang='lat' dir='ltr'><strong>et</strong></span> <span class='ocrx_word' id='word_1_963' title='bbox 2454 5468 2582 5520; x_wconf 86' lang='lat' dir='ltr'><strong>Lov.,</strong></span> <span class='ocrx_word' id='word_1_964' title='bbox 2608 5459 2799 5531; x_wconf 60' lang='lat' dir='ltr'><strong>quando</strong></span> <span class='ocrx_word' id='word_1_965' title='bbox 2820 5469 3010 5531; x_wconf 72' lang='lat' dir='ltr'><strong>creatus</strong></span> <span class='ocrx_word' id='word_1_966' title='bbox 3027 5471 3096 5531; x_wconf 74' lang='lat' dir='ltr'><strong>est</strong></span> <span class='ocrx_word' id='word_1_967' title='bbox 3119 5465 3257 5516; x_wconf 89' lang='lat' dir='ltr'><strong>homo</strong></span> <span class='ocrx_word' id='word_1_968' title='bbox 3274 5503 3286 5525; x_wconf 89' lang='lat'><strong>,</strong></span> <span class='ocrx_word' id='word_1_969' title='bbox 3313 5466 3398 5531; x_wconf 78' lang='lat' dir='ltr'><strong>sed</strong></span> <span class='ocrx_word' id='word_1_970' title='bbox 3420 5475 3583 5531; x_wconf 66' lang='lat' dir='ltr'><strong>postea</strong></span> <span class='ocrx_word' id='word_1_971' title='bbox 3621 5501 3626 5504; x_wconf 90' lang='grc'><strong>-</strong></span> 
     </span>
    </p>
   </div>
   <div class='ocr_carea' id='block_1_119' title="bbox 2001 5520 3580 5592">
    <p class='ocr_par' dir='ltr' id='par_1_119' title="bbox 2001 5520 3580 5592">
     <span class='ocr_line' id='line_1_119' title="bbox 2001 5520 3580 5592; baseline 0.007 -24"><span class='ocrx_word' id='word_1_972' title='bbox 2001 5522 2154 5592; x_wconf 79' lang='lat' dir='ltr'><strong>factus</strong></span> <span class='ocrx_word' id='word_1_973' title='bbox 2170 5520 2410 5592; x_wconf 80' lang='lat' dir='ltr'><strong>est_homo,</strong></span> <span class='ocrx_word' id='word_1_974' title='bbox 2436 5535 2500 5592; x_wconf 76' lang='lat' dir='ltr'><strong>ne</strong></span> <span class='ocrx_word' id='word_1_975' title='bbox 2510 5520 2692 5592; x_wconf 77' lang='lat' dir='ltr'><strong>periret</strong></span> <span class='ocrx_word' id='word_1_976' title='bbox 2715 5524 2850 5574; x_wconf 74' lang='lat' dir='ltr'><strong>honre</strong></span> <span class='ocrx_word' id='word_1_977' title='bbox 2867 5524 2946 5575; x_wconf 86' lang='lat' dir='ltr'><strong>ille</strong></span> <span class='ocrx_word' id='word_1_978' title='bbox 2969 5527 3051 5590; x_wconf 82' lang='lat' dir='ltr'><strong>qui</strong></span> <span class='ocrx_word' id='word_1_979' title='bbox 3063 5531 3216 5592; x_wconf 81' lang='lat' dir='ltr'><strong>factus</strong></span> <span class='ocrx_word' id='word_1_980' title='bbox 3233 5520 3302 5579; x_wconf 81' lang='lat' dir='ltr'><strong>est</strong></span> <span class='ocrx_word' id='word_1_981' title='bbox 3324 5520 3478 5578; x_wconf 69' lang='lat' dir='ltr'><strong>homo.</strong></span> <span class='ocrx_word' id='word_1_982' title='bbox 3499 5533 3580 5579; x_wconf 85' lang='lat' dir='ltr'><strong>llic</strong></span> 
     </span>
    </p>
   </div>
   <div class='ocr_carea' id='block_1_120' title="bbox 2001 5584 3453 5653">
    <p class='ocr_par' dir='ltr' id='par_1_120' title="bbox 2001 5584 3453 5653">
     <span class='ocr_line' id='line_1_120' title="bbox 2001 5584 3453 5653; baseline 0.006 -23"><span class='ocrx_word' id='word_1_983' title='bbox 2001 5595 2089 5653; x_wconf 71' lang='lat' dir='ltr'><strong>nos</strong></span> <span class='ocrx_word' id='word_1_984' title='bbox 2108 5591 2206 5653; x_wconf 83' lang='lat' dir='ltr'><strong>A_m,</strong></span> <span class='ocrx_word' id='word_1_985' title='bbox 2234 5590 2306 5630; x_wconf 86' lang='lat' dir='ltr'><strong>Er.</strong></span> <span class='ocrx_word' id='word_1_986' title='bbox 2335 5590 2384 5631; x_wconf 87' lang='lat' dir='ltr'><strong>ct</strong></span> <span class='ocrx_word' id='word_1_987' title='bbox 2407 5584 2621 5653; x_wconf 53' lang='lat' dir='ltr'><strong>[traheris</strong></span> <span class='ocrx_word' id='word_1_988' title='bbox 2639 5584 3124 5653; x_wconf 64' lang='lat' dir='ltr'><strong>notw_riiarttt_s_cril)tis</strong></span> <span class='ocrx_word' id='word_1_989' title='bbox 3146 5591 3453 5640; x_wconf 66' lang='lat' dir='ltr'><strong>mitteremus.</strong></span> 
     </span>
    </p>
   </div>
   <div class='ocr_carea' id='block_1_121' title="bbox 2067 5643 3561 5715">
    <p class='ocr_par' dir='ltr' id='par_1_121' title="bbox 2067 5643 3561 5715">
     <span class='ocr_line' id='line_1_121' title="bbox 2067 5643 3561 5715; baseline 0.009 -26"><span class='ocrx_word' id='word_1_990' title='bbox 2067 5645 2086 5674; x_wconf 78' lang='grc'>³</span> <span class='ocrx_word' id='word_1_991' title='bbox 2103 5643 2428 5715; x_wconf 62' lang='lat' dir='ltr'><strong>Plttrcs_alss.,</strong></span> <span class='ocrx_word' id='word_1_992' title='bbox 2447 5644 2594 5715; x_wconf 72' lang='lat' dir='ltr'><strong>libero</strong></span> <span class='ocrx_word' id='word_1_993' title='bbox 2616 5645 2835 5715; x_wconf 61' lang='lat' dir='ltr'><strong>arbitrio</strong></span> <span class='ocrx_word' id='word_1_994' title='bbox 2857 5643 3094 5715; x_wconf 61' lang='lat' dir='ltr'><strong>sufﬁeie&#39;tw</strong></span> <span class='ocrx_word' id='word_1_995' title='bbox 3118 5661 3186 5703; x_wconf 85' lang='lat' dir='ltr'><strong>est</strong></span> <span class='ocrx_word' id='word_1_996' title='bbox 3231 5659 3281 5703; x_wconf 83' lang='lat' dir='ltr'><strong>ut</strong></span> <span class='ocrx_word' id='word_1_997' title='bbox 3309 5661 3472 5715; x_wconf 77' lang='lat' dir='ltr'><strong>Justus</strong></span> <span class='ocrx_word' id='word_1_998' title='bbox 3496 5655 3561 5704; x_wconf 77' lang='lat' dir='ltr'><strong>stt</strong></span> 
     </span>
    </p>
   </div>
   <div class='ocr_carea' id='block_1_122' title="bbox 2003 5708 3057 5774">
    <p class='ocr_par' dir='ltr' id='par_1_122' title="bbox 2003 5708 3057 5774">
     <span class='ocr_line' id='line_1_122' title="bbox 2003 5708 3057 5774; baseline 0.01 -22"><span class='ocrx_word' id='word_1_999' title='bbox 2003 5708 2246 5757; x_wconf 78' lang='lat' dir='ltr'><strong>consentit</strong></span> <span class='ocrx_word' id='word_1_1000' title='bbox 2268 5713 2363 5767; x_wconf 56' lang='lat' dir='ltr'><strong>Eia,</strong></span> <span class='ocrx_word' id='word_1_1001' title='bbox 2389 5713 2597 5768; x_wconf 59' lang='lat' dir='ltr'><strong>excepto</strong></span> <span class='ocrx_word' id='word_1_1002' title='bbox 2619 5709 2744 5771; x_wconf 88' lang='lat' dir='ltr'><strong>quod</strong></span> <span class='ocrx_word' id='word_1_1003' title='bbox 2761 5708 2936 5774; x_wconf 55' lang='lat' dir='ltr'><strong>habet,</strong></span> <span class='ocrx_word' id='word_1_1004' title='bbox 2949 5712 3057 5763; x_wconf 88' lang='lat' dir='ltr'><strong>sim.</strong></span> 
     </span>
    </p>
   </div>
  </div>
