3994 6450
485 301 589 358 175

482 417 705 488 gratiam
739 413 1061 485 praedicent,
1090 428 1191 485 qua
1220 419 1428 468 creatus
1457 420 1539 467 est
1563 411 1744 478 homo,
1770 430 1871 485 qua
1895 413 2065 468 homi-

484 523 581 563 nes
606 520 829 563 sumus:
858 515 911 561 ct
941 506 1120 576 utique
1147 508 1348 560 etcum
1377 504 1552 575 impiis
1582 503 1825 560 homines
1861 521 2063 571 smnus,

482 598 577 653 sed
601 614 704 653 non
731 612 850 651 cum
879 597 1055 666 impiis
1079 595 1349 649 christiani
1380 609 1583 650 sumus.
1614 594 1762 650 llanc
1789 609 1916 666 ergo
1940 610 2064 666 gra-

483 695 609 747 tiam
634 706 734 762 qua
764 689 1038 745 christiani
1061 703 1265 754 sumus,
1291 687 1459 759 ipsam
1483 687 1731 742 volumus
1752 687 2060 758 praedicent,

482 785 651 853 ipsam
689 782 936 836 volumus
974 786 1301 849 agnoscant;
1341 778 1509 847 ipsam
1554 779 1829 843 volumus,
1860 776 1929 834 de
1956 794 2062 847 qua

480 874 609 928 'licit
632 871 936 942 Apostoius,
971 868 1092 923 Non
1127 870 1322 923 irritam
1358 869 1492 938 facio
1530 872 1746 939 gratiam
1769 868 1884 923 Dei.
1922 868 2061 923 Nam

478 965 525 1018 si
548 981 635 1018 uer
656 962 835 1039 Le;em
863 961 1087 1029 iustitia;
1118 977 1235 1031 ergo
1270 959 1498 1015 Christus
1529 962 1687 1031 gratis
1724 969 1952 1015 mortuus
1989 970 2062 1016 est

477 1054 670 1126 (Gatat.
694 1070 748 1121 ιι,
780 1054 896 1125 21).
932 1052 1118 1108 Videte
1144 1052 1282 1107 unde
1319 1052 1449 1108 dixit
1477 1053 1783 1122 Apostolus.
1816 1053 1891 1109 De
1919 1051 2059 1124 Lege

475 1148 603 1203 dixit
630 1166 643 1202 :
678 1147 738 1202 Si
764 1163 851 1218 per
878 1145 1061 1218 Legem
1074 1146 1279 1217 justitia
1295 1161 1317 1211 ;
1336 1163 1455 1218 ergo
1484 1145 1710 1201 Christus
1738 1147 1895 1218 gratis
1919 1163 2057 1200 mor-

474 1254 592 1297 tuus
634 1251 725 1297 est.
755 1241 886 1308 Quia
920 1256 1048 1312 ergo
1085 1256 1151 1295 cx
1187 1240 1329 1313 Lege
1366 1256 1471 1295 non
1514 1249 1629 1296 erat
1661 1240 1901 1310 justitia,
1936 1239 2058 1295 ideo

474 1342 714 1388 mortuus
743 1342 824 1388 est
852 1332 1115 1397 Christus,
1145 1340 1202 1386 ut
1243 1347 1338 1402 per
1378 1331 1537 1387 ﬁdem
1561 1331 1936 1402 justiticentur,
1965 1333 2057 1403 qui

472 1442 539 1481 ex
562 1426 705 1497 Lege
735 1441 840 1479 non
857 1425 1303 1496 justiﬁcabantur.
1329 1424 1390 1481 Si
1410 1427 1562 1490 enim,
1584 1425 1772 1496 inquit,
1791 1425 1912 1479 data
1931 1436 2057 1480 esset

473 1515 582 1571 Lex
602 1532 716 1587 qua:
738 1517 895 1587 possit
916 1516 1187 1585 vivi/icore,
1220 1516 1424 1570 omnino
1445 1532 1507 1571 ea:
1527 1516 1657 1588 Lege
1677 1527 1800 1572 esset
1810 1518 2013 1588 justitia
2030 1536 2049 1574 :

471 1607 612 1680 quod
650 1608 812 1663 etiam
854 1608 1104 1664 hesterno
1142 1607 1229 1664 die
1270 1608 1803 1664 commemoravimus
1845 1608 2051 1681 (Serm.

471 1698 600 1773 156)
625 1717 637 1753 :
660 1700 747 1755 sed
784 1701 1028 1755 conclusit
1067 1700 1337 1771 Scriptura
1377 1704 1547 1756 omnia
1593 1703 1684 1756 sub
1732 1711 1970 1773 peccato,
2002 1711 2057 1756 ut

472 1793 774 1864 promissio;
819 1793 1123 1863 promissio,
1162 1808 1268 1848 non
1316 1793 1626 1864 praedictio:
1656 1794 1746 1864 qui
1774 1795 2050 1864 promisit,

469 1887 586 1957 ipse
610 1884 735 1942 facit
760 1904 773 1941 :
796 1896 851 1940 ut
872 1887 1157 1957 promissio,
1192 1887 1379 1957 inquit,
1403 1903 1464 1941 ea:
1485 1888 1586 1956 [ide
1603 1886 1638 1940 J
1642 1904 1728 1943 esu
1748 1887 1933 1943 Christi
1954 1889 2051 1942 da-

467 1988 609 2034 retur
639 1980 971 2035 credentibus.
1006 1981 1146 2036 Ecce
1174 1980 1356 2052 quales
1384 1997 1481 2036 nos
1509 1981 1712 2036 invenit
1736 1981 1903 2051 gratia
1931 1982 2052 2039 Sal-

467 2074 668 2130 vatoris
685 2116 702 2142 ,
730 2089 864 2145 quos
892 2089 989 2130 nec
1015 2074 1124 2130 Lex
1154 2089 1313 2129 sanos
1341 2073 1513 2129 facere
1540 2075 1729 2144 potuit.
1754 2075 1930 2142 Quare
1954 2092 2051 2131 au-

465 2175 577 2221 tem
600 2164 824 2221 dabatur
845 2165 975 2231 Lex,
1005 2166 1049 2221 si
1078 2165 1373 2221 sufliciebat
1402 2165 1625 2219 natura?
1654 2166 1719 2220 Et
1749 2174 1926 2223 tamen
1954 2183 2052 2223 nec

465 2256 578 2313 Lex
597 2256 844 2314 sufﬁcere
864 2259 1056 2329 potuit,
1074 2258 1144 2312 ita
1176 2257 1381 2312 inﬁrma
1409 2266 1523 2313 erat
1542 2258 1656 2330 ipsa
1676 2268 1864 2313 natura
1890 2277 1904 2313 :
1928 2259 2051 2315 data

465 2358 551 2406 est
578 2349 720 2417 Lex,
751 2350 843 2405 scd
885 2365 991 2405 non
1031 2366 1149 2420 qua:
1189 2359 1369 2421 posset
1405 2349 1692 2407 viviﬁcare.
1721 2350 1895 2418 Quare
1923 2368 2050 2423 ergo

465 2440 588 2497 data
607 2449 689 2497 est
713 2440 862 2497 Lex?
885 2440 1023 2508 Lex,
1058 2442 1227 2512 inquit
1269 2442 1587 2512 Apostolus,
1620 2442 2050 2514 prtevaricatiouis

462 2536 628 2607 gratia
654 2536 777 2590 data
800 2544 872 2590 est
891 2535 1089 2607 (Galat.
1115 2552 1192 2604 ιιι,
1214 2536 1305 2603 2|,
1328 2536 1419 2603 22,
1447 2534 1533 2609 19)
1562 2555 1574 2591 :
1598 2537 2052 2608 praevaricationis

461 2633 630 2703 gratia
650 2632 822 2704 posita
846 2642 949 2701 est,
970 2643 1027 2688 ut
1049 2642 1100 2689 te
1120 2633 1320 2690 faceret
1342 2636 1825 2705 prmvaricatorcm.
1851 2638 2047 2704 Quare,

461 2731 519 2777 ut
547 2737 635 2778 me
655 2724 849 2778 taceret
870 2724 1372 2793 praevaricatorem?
1394 2724 1531 2792 Quia
1555 2706 1940 2783 noverat'Deus
1961 2743 2050 2783 su—

461 2817 704 2887 perbiam
749 2828 926 2872 tuam:
958 2825 1178 2872 noverat
1212 2818 1334 2889 quia
1362 2818 1616 2886 dicebas,
1662 2818 1707 2874 0
1749 2819 1793 2875 si
1843 2822 1910 2875 sit
1959 2820 2050 2891 qui

462 2910 684 2967 doceat!
713 2927 745 2966 ο
774 2913 819 2966 si
858 2913 927 2966 sit
964 2912 1055 2983 qui
1096 2913 1227 2967 mihi
1265 2914 1544 2969 ostendat!
1580 2916 1730 2981 Ecce
1767 2916 1878 2971 Lex
1920 2916 2049 2972 dicit

462 3003 588 3070 tibi,
627 3003 747 3058 Non
788 3005 1125 3075 concupisces.
1158 3005 1463 3076 Cognovisti
1508 3006 1705 3076 Legem
1743 3006 2045 3076 dicentem,

464 3094 587 3151 Non
614 3096 952 3168 concupisces.
986 3095 1231 3153 Surrexit
1253 3096 1716 3167 concupiscentia,
1745 3113 1902 3168 quam
1940 3114 2047 3154 non

462 3205 720 3257 noveras;
745 3190 917 3246 iuerat
934 3190 1098 3257 enim,
1123 3189 1216 3245 sed
1237 3189 1574 3245 nesciebatur
1599 3208 1611 3245 :
1633 3190 1842 3261 coepisti
1865 3193 2048 3246 conari

461 3282 676 3338 vincere
702 3281 842 3352 quod
873 3276 1063 3348 inerat,
1085 3289 1141 3337 et
1166 3282 1409 3353 apparuit
1437 3282 1577 3352 quod
1603 3282 1817 3339 latebat.
1846 3283 2048 3356 Super-

462 3372 551 3440 be,
582 3389 675 3443 per
693 3373 887 3445 Legem
913 3372 1084 3429 factus
1109 3388 1169 3429 es
1199 3373 1573 3445 praevaricator
1598 3375 1614 3406 ¹
1640 3390 1654 3427 :
1679 3388 1908 3446 agnosce
1928 3391 2049 3446 gra-

464 3476 613 3533 tiam,
638 3476 693 3522 et
720 3476 836 3522 esto
861 3465 1123 3523 laudator.

530 3579 758 3637 CAPUT
776 3580 1030 3637 ΙΧ.--10.
1046 3580 1447 3637 Maniclueorum
1464 3583 1668 3640 hceresis
1685 3585 1748 3640 de
1763 3587 1937 3641 veteris
1951 3586 2052 3640 Le-

460 3672 538 3743 gis
556 3682 777 3726 auctore.
794 3672 898 3727 Sed
914 3673 1130 3744 Legem,
1144 3674 1337 3745 inquis,
1356 3676 1474 3745 quis
1488 3674 1661 3732 dedit?
1671 3677 1803 3745 Quia
1816 3687 1940 3733 sunt
1952 3678 2049 3732 ho-

459 3764 635 3820 mines
651 3766 790 3830 vani,
809 3774 860 3820 et
878 3765 1027 3835 pejus
1047 3766 1212 3836 impii,
1228 3768 1318 3837 qui
1343 3768 1527 3823 dicunt
1542 3768 1736 3841 Legem
1752 3771 1819 3826 ab
1838 3772 1942 3827 alio
1954 3772 2047 3827 da-

456 3864 591 3919 tam,
610 3862 830 3927 gratiam
854 3873 981 3913 vcro
1002 3873 1097 3926 per
1117 3858 1397 3913 Dominum
1426 3868 1663 3915 nostrum
1680 3861 1865 3917 Jesum
1888 3864 2045 3918 Curi-

460 3957 635 4013 stum;
662 3949 812 4018 quasi
835 3947 1030 4018 Legem
1057 3950 1249 4003 malam
1268 3992 1283 4016 ,
1314 3952 1463 4020 quasi
1494 3950 1687 4022 Legem
1717 3969 2044 4023 perversam,

460 4040 683 4110 gratiam
708 4055 833 4095 vero
853 4051 1051 4095 rectam
1073 4060 1085 4095 :
1105 4050 1158 4096 et
1174 4042 1360 4096 volunt
1378 4044 1447 4097 ita
1467 4043 1773 4101 discernere
1799 4048 1905 4103 duo
1927 4049 2048 4104 Tes-

463 4140 718 4196 tamenta,
732 4131 956 4187 utVetus
966 4133 1362 4188 Testamentum
1375 4134 1554 4191 dicant
1568 4152 1687 4192 esse
1702 4154 1731 4193 a
1749 4141 1931 4197 nescio
1944 4159 2046 4210 quo

465 4223 701 4292 principe
714 4225 1073 4291 tenebrarum;
1087 4225 1289 4280 Novum
1302 4236 1477 4283 autem
1492 4229 1886 4287 Testamentum
1901 4252 1927 4287 a
1947 4235 2048 4289 Do-

462 4315 608 4369 mino
626 4315 894 4371 DeoPatre
913 4317 1119 4370 Domini
1142 4318 1306 4372 nostri
1323 4318 1449 4375 Jesu
1468 4319 1682 4377 Christi.
1702 4323 1877 4395 Ipsum
1904 4327 2047 4396 Apo-

462 4406 655 4460 stolum
684 4406 900 4461 Paulum
926 4407 1068 4462 audi.
1099 4408 1153 4465 Si
1177 4419 1455 4480 propterea
1476 4422 1630 4482 putas
1652 4414 1845 4487 Legem
1867 4418 2043 4474 datam

461 4498 530 4552 ab
550 4498 676 4563 alio,
698 4513 801 4553 non
829 4514 859 4551 a
888 4499 1015 4567 Deo,
1034 4500 1154 4570 quia
1175 4515 1268 4570 per
1283 4501 1426 4557 illam
1445 4503 1615 4560 factus
1641 4521 1700 4562 es
1732 4512 2045 4577 praevarica-

460 4600 577 4653 tor;
607 4590 727 4644 audi
758 4591 929 4660 ipsum
956 4592 1267 4661 Apostolum
1288 4594 1444 4665 Legis
1467 4596 1812 4654 laudatorem.
1839 4601 2039 4671 Itaque,

458 4680 653 4749 inquit,
670 4680 777 4735 Lex
794 4681 992 4749 quidem
1012 4692 1207 4747 sancta,
1227 4693 1272 4737 et
1294 4686 1589 4741 mandatum
1609 4700 1870 4746 sanctum:
1886 4694 2041 4761 adde,

459 4782 507 4826 et
515 4773 734 4843 justum;
745 4773 918 4828 adhuc
933 4773 1139 4843 adde,et
1157 4777 1358 4830 bonum.
1377 4778 1523 4844 Quod
1539 4798 1657 4852 ergo
1678 4784 1857 4837 bonum
1872 4787 2045 4851 est,in-

459 4865 593 4935 quit,
609 4864 731 4919 mihi
750 4868 937 4936 factum
958 4876 1031 4921 est
1051 4884 1185 4922 mors
1199 4870 1224 4921 ?
1242 4870 1382 4925 Absit
1395 4874 1510 4927 :sed
1534 4884 1789 4944 peccatum
1808 4889 1862 4931 ut
1876 4897 2043 4950 appa-

460 4964 566 5009 reat
583 4964 838 5025 peccatum
852 4957 868 5026 (
880 4956 1181 5025 Rom.vn,7,
1197 4960 1322 5014 deet
1337 4963 1729 5033 13).Eratenim
1746 4982 2038 5038 peccatum,

457 5045 555 5101 sed
581 5045 776 5102 latebat
791 5056 1088 5117 peccatum.
1100 5048 1326 5117 Quando
1340 5053 1536 5110 latebat
1553 5069 1826 5127 peccatum
1840 5064 1862 5115 ?
1874 5065 2043 5128 Quan-

460 5133 531 5188 do
553 5143 603 5192 te
628 5136 985 5195 adversarium
1003 5140 1240 5196 nondum
1262 5145 1576 5212 patiebatur.
1598 5148 1821 5221 Coepisti
1838 5157 2038 5221 conari,

461 5236 527 5282 et
567 5230 808 5297 apparuit
831 5232 920 5301 qui
951 5232 1181 5289 tenebat.
1210 5234 1433 5302 Quando
1452 5240 2041 5309 sequebaris,catenam

462 5335 570 5375 non
599 5320 865 5377 sentiebas
895 5340 908 5376 :
936 5327 1171 5396 quaesisti
1198 5327 1478 5400 refugium,
1509 5344 1562 5388 et
1584 5337 1829 5405 apparuit
1849 5339 2039 5395 vincu-

458 5411 606 5479 lum;
657 5412 869 5468 voluisti
911 5415 1127 5486 fugere,
1175 5429 1231 5476 et
1278 5424 1485 5494 coepisti
1534 5426 1688 5481 trahi.
1732 5429 1866 5497 Quia
1909 5447 2039 5504 ergo

457 5502 667 5574 cmpisti
718 5504 898 5574 trahi,
943 5510 1218 5568 subveniat
1264 5515 1355 5570 tibi
1407 5519 1495 5588 qui
1541 5535 1646 5575 non
1692 5533 1774 5577 est
1822 5502 2037 5595 ligatus.

454 5595 588 5663 Quis
637 5608 743 5650 non
789 5604 873 5653 es:
928 5597 1149 5670 ligatus,
1207 5606 1309 5660 nisi
1343 5608 1431 5678 qui
1464 5608 1618 5677 dixit,
1677 5611 1739 5667 Si
1781 5614 2040 5673 invmiistis

509 5767 541 5799 ιι
554 5766 788 5831 Pieriam
814 5777 915 5828 tu.
936 5786 948 5822 :
969 5773 1193 5838 Superbe,
1218 5779 1351 5839 Legis
1370 5782 1526 5840 tactus
1547 5797 1596 5836 es
1616 5789 1975 5844 prarvaricator.

1650 377 1655 382 _
1721 297 1777 354 s.
1821 296 2187 356 AUGUSTINI
2224 278 2528 360 EPISCOPI
3668 337 3767 402 ,τα

2176 415 2229 468 in
2255 433 2335 471 me
2363 430 2619 489 peccatum
2641 463 2655 488 ,
2685 421 2834 477 dicite
2854 424 2876 496 (
2888 424 3043 481 Joan.
3079 443 3169 482 vnl
3190 472 3204 496 ,
3236 428 3366 501 46)?
3390 432 3518 503 Qtns
3547 452 3654 497 non
3680 446 3764 499 αιι

2176 507 2389 577 ligatus,
2423 512 2522 566 nisi
2550 513 2638 583 qui
2665 512 2818 581 dixit,
2850 514 2986 571 Ecce
3009 521 3138 573 venit
3162 522 3393 593 princeps
3418 527 3615 596 mundi,
3637 539 3690 584 et
3708 531 3763 586 in

2174 614 2253 653 me
2270 600 2398 655 nihil
2416 602 2626 657 inueniet
2646 606 2672 659 ?
2696 605 2870 674 Quare
2899 624 2984 664 me
3009 612 3247 679 occidat,
3276 615 3410 670 nihil
3441 616 3678 680 inveniet
3700 621 3759 676 ιτ

2172 691 2294 760 quia
2321 707 2466 749 mors
2492 705 2710 764 peccato
2729 697 2874 767 juste
2901 699 3130 756 debetur
3153 704 3197 757 '.
3224 704 3400 773 Quare
3425 723 3552 779 ergo
3578 725 3757 766 more-

2116 814 2139 840 .
2172 780 2284 836 ris?
2312 781 2383 838 Ut
2421 786 2604 854 sciant,
2629 787 2829 858 inquit,
2868 807 3039 847 omnes
3078 794 3197 863 quia
3240 798 3543 853 uoluntatem
3589 801 3760 856 Patris

2170 874 2270 927 mei
2291 876 2425 947 facio
2453 875 2563 949 (Id.
2597 894 2709 947 xtv,
2735 881 2823 947 50,
2849 882 2965 955 51).
2986 882 3103 955 lpse
3127 886 3305 955 solvit,
3328 891 3419 960 qui
3442 891 3632 962 ligatus
3652 911 3756 950 non

2168 974 2250 1020 est
2273 982 2288 1018 :
2311 966 2424 1036 ipse
2447 983 2478 1023 a
2504 972 2726 1027 mortuis
2753 973 2965 1043 liberat,
2989 976 3078 1046 qui
3102 986 3185 1033 est
3210 979 3262 1032 in
3289 983 3513 1038 mortuis
3544 983 3700 1041 liber.

2239 1058 2464 1115 CAPUT
2509 1060 2577 1114 Χ.
2600 1093 2670 1101 -
2689 1064 2774 1118 11.
2812 1063 2964 1137 Legis
2998 1067 3132 1123 data
3168 1070 3552 1142 insulﬁcientia;
3578 1077 3761 1146 gratia

2167 1150 2432 1211 necessitas
2470 1152 2522 1205 in
2548 1151 2740 1209 Eliswo
2772 1157 3012 1227 ﬁgurata.
3052 1158 3159 1215 Sed
3203 1162 3317 1233 ipse
3360 1164 3506 1220 misit
3553 1175 3607 1222 et
3655 1168 3758 1225 Le»

2165 1258 2283 1313 gem
2313 1244 2353 1297 ³.
2378 1245 2481 1300 Per
2507 1262 2719 1303 servum
2746 1265 2898 1306 suum
2926 1251 3121 1324 Legem
3140 1295 3159 1321 ,
3186 1272 3282 1326 per
3319 1272 3377 1313 se
3415 1259 3587 1329 ipsum
3627 1277 3722 1332 gra

2167 1334 2314 1389 tiam.
2355 1338 2586 1393 Attende
2620 1340 2871 1397 Elisazum
2903 1343 2957 1397 in
2986 1360 3179 1416 magno
3214 1348 3429 1420 altoque
3468 1353 3749 1423 mysterio,

2165 1433 2412 1497 tanquam
2441 1430 2771 1500 prophetam,
2804 1434 3012 1503 agendo
3038 1440 3499 1507 prmnuntiantcm,
3529 1459 3634 1500 non
3658 1460 3753 1500 so—

2162 1518 2269 1573 lum
2317 1520 2599 1592 loquendo.
2656 1523 2890 1582 Mortuus
2935 1538 3052 1584 erat
3096 1530 3234 1587 ﬁlius
3278 1532 3506 1605 hospitae
3560 1536 3749 1607 ipsius.

2162 1608 2298 1677 Quid
2325 1612 2657 1683 significabat
2698 1626 2940 1674 mortuus
2976 1636 3129 1692 puer,
3159 1623 3259 1678 nisi
3292 1625 3506 1681 Adam?
3528 1627 3754 1685 Nuntia-

2164 1711 2272 1756 tum
2313 1713 2394 1758 est
2419 1703 2440 1736 ’⁵
2467 1715 2651 1761 sancto
2691 1707 3005 1779 Prophetas,
3031 1716 3236 1783 gerenti
3266 1716 3315 1771 in
3345 1718 3622 1790 prephetia
3661 1731 3751 1795 ty-

2161 1810 2284 1864 pum
2328 1795 2539 1850 Domini
2583 1800 2752 1854 nostri
2780 1799 2905 1855 Jesu
2934 1801 3174 1860 Christi:
3206 1806 3351 1863 misit
3397 1825 3494 1880 per
3532 1826 3750 1869 servum
3792 1861 3802 1881 ,

2158 1886 2405 1942 baculum
2451 1902 2641 1955 suum,
2674 1900 2729 1946 ct
2766 1893 2841 1947 ait
2883 1894 2988 1961 illi,
3030 1896 3198 1966 Vade,
3227 1901 3376 1967 vade,
3422 1920 3552 1974 pone
3593 1923 3756 1973 super

2160 1994 2371 2047 puerum
2396 1989 2663 2035 mortuum.
2694 1982 2935 2041 Perrexit
2977 1985 3097 2056 ille,
3135 1998 3380 2062 tanquam
3407 2008 3591 2051 servus
3615 1999 3752 2054 obe-

2158 2068 2329 2124 (hens.
2358 2069 2570 2126 Sciebat
2589 2072 2855 2145 Propheta
2880 2077 3008 2148 quid
3037 2078 3259 2138 fecerat.
3286 2083 3470 2141 Posuit
3497 2086 3749 2149 baculum

2157 2175 2317 2233 supra
2347 2172 2632 2230 mortuum,
2663 2182 2770 2222 non
2800 2170 3052 2226 surrexit.
3082 2170 3145 2227 Si
3169 2175 3301 2228 enim
3328 2176 3450 2231 data
3482 2188 3608 2234 esset
3640 2181 3753 2238 Lex

2157 2267 2271 2323 qua:
2296 2255 2451 2322 possit
2467 2256 2740 2325 viviﬁcare,
2770 2261 2976 2314 cumino
2995 2279 3058 2316 ea:
3078 2262 3209 2335 Lege
3234 2276 3361 2320 esset
3372 2268 3592 2337 justitia.
3624 2270 3748 2329 Non

2157 2359 2286 2415 ergo
2307 2346 2477 2416 potuit
2499 2346 2608 2402 Lex
2638 2349 2925 2406 vivificare.
2954 2351 3113 2409 Venit
3146 2355 3259 2425 ipse
3284 2358 3502 2428 grandis
3525 2361 3593 2416 ad
3622 2378 3749 2432 par-

2156 2435 2369 2502 vulum,
2398 2437 2630 2494 salvator
2665 2439 2731 2493 ad
2774 2441 3114 2511 salvandum,
3145 2446 3294 2502 vivus
3323 2448 3389 2502 ad
3426 2458 3694 2507 mortuum
3727 2470 3745 2508 :

2155 2526 2301 2582 venit
2327 2527 2461 2598 ipse.
2494 2527 2563 2583 Et
2586 2529 2712 2599 quid
2734 2530 2893 2586 fecit?
2909 2531 3169 2591 Juvenilia
3193 2538 3431 2594 membra
3455 2543 3745 2611 contraxit,

2157 2626 2404 2691 tanquam
2437 2635 2497 2676 se
2522 2620 2696 2691 ipsum
2726 2622 3070 2692 exinaniens,
3103 2637 3161 2682 ut
3188 2628 3411 2685 formam
3435 2633 3573 2687 servi
3601 2635 3749 2691 acci-

2155 2720 2306 2782 peret
2354 2711 2610 2783 (Philipp.
2644 2730 2712 2781 ιι,
2745 2714 2823 2785 7).
2849 2716 3111 2774 Juvenilia
3149 2736 3277 2791 ergo
3320 2724 3559 2779 membra
3603 2738 3746 2784 oon-

2156 2803 2335 2864 traxit.
2366 2818 2585 2874 parvum
2612 2820 2670 2861 se
2698 2821 2860 2877 parvo
2884 2812 3181 2882 c0aptavit,,
3211 2822 3267 2869 ut
3285 2814 3523 2873 efficeret
3544 2832 3747 2890 corpus

2161 2893 2476 2949 humilitatis
2502 2905 2697 2952 nostra:
2720 2898 2996 2956 conformo
3023 2905 3233 2975 corpori
3272 2905 3457 2977 gloria:
3492 2922 3602 2965 sua:
3624 2909 3745 2983 (Id.

2155 2998 2250 3048 ιιι,
2279 2984 2390 3054 21).
2425 2985 2605 3056 Itaque
2652 2988 2704 3041 in
2753 2988 2855 3043 isto
2898 2998 3023 3063 typo
3058 2991 3254 3050 Christi
3297 2998 3604 3069 prophetice
3640 3017 3748 3060 ex-

2156 3088 2344 3143 presso
2384 3077 2669 3131 suscitatus
2715 3088 2799 3133 est
2842 3092 3080 3138 mortuus
3119 3083 3219 3157 (IV
3249 3085 3378 3161 Reg.
3415 3104 3491 3157 tv,
3519 3091 3745 3165 18—37),

2156 3175 2403 3237 tanquam
2430 3168 2748 3237 justiticatus
2773 3181 2857 3227 est
2883 3173 3093 3244 impius.

2224 3278 2448 3335 CAPUT
2477 3279 2568 3334 XI.
2591 3283 2763 3339 -12.
2802 3283 2980 3340 Gratia
3006 3286 3424 3350 Christianorum.
3441 3295 3544 3352 lsla
3567 3299 3748 3369 gratia

2154 3372 2493 3440 prmdicctur,
2514 3375 2610 3428 ista
2627 3385 2708 3432 est
2732 3377 2897 3448 gratia
2909 3379 3325 3439 Christianorum
3349 3401 3445 3457 per
3469 3386 3750 3447 hominem

2152 3461 2517 3530 Mediatorem,
2536 3480 2632 3535 per
2659 3482 2870 3536 passum
2891 3479 2945 3526 et
2968 3474 3361 3543 resuscitatum,
3392 3479 3479 3547 qui
3501 3482 3751 3540 ascendit

2154 3552 2206 3606 in
2225 3553 2437 3620 emtum,
2455 3556 2804 3625 etcaptivavit
2823 3561 3179 3631 captivitatem
3199 3607 3213 3632 ,
3240 3574 3295 3620 et
3316 3566 3463 3622 dedit
3480 3568 3621 3625 dona
3641 3570 3752 3629 hoc

2153 3644 2405 3702 minibus.
2454 3646 2594 3713 lsta,
2651 3649 2901 3721 inquam,
2942 3655 3111 3725 gratia
3167 3659 3512 3729 praedicetur,
3553 3674 3750 3723 contra

2153 3736 2308 3791 istam
2330 3739 2550 3809 gratiam
2576 3741 2643 3795 ab
2666 3742 2883 3813 ingratis
2904 3761 3008 3800 non
3035 3747 3348 3818 disputetur.
3372 3753 3595 3812 Baculus
3615 3773 3753 3828 pro-

2154 3828 2401 3899 pheticus
2427 3843 2635 3888 mortuo
2666 3849 2770 3888 non
2795 3835 3033 3892 suffecit:
3057 3839 3167 3909 ipsa
3192 3852 3397 3898 mortua
3425 3855 3612 3903 natura
3630 3849 3754 3904 suf—

2155 3919 2375 3976 ﬁceret?
2406 3922 2471 3976 Et
2518 3923 2671 3978 istam
2702 3942 2803 3996 qua
2831 3928 3027 3984 conditi
3072 3946 3283 3999 sumus,
3312 3952 3608 4009 quanquam
3635 3940 3753 3999 hoc

2154 4014 2368 4069 nomine
2411 4016 2730 4084 appellatam
2772 4020 2989 4075 minime
3036 4021 3354 4093 legerimus,
3400 4037 3573 4085 tamen
3612 4033 3750 4103 quia

2152 4104 2316 4173 gratis
2357 4105 2475 4159 data
2520 4110 2885 4178 est,gratiam
2923 4111 3199 4169 fateamur.
3245 4116 3349 4172 Sed
3396 4121 3753 4181 ostendamus

2153 4194 2303 4247 vobis
2333 4196 2586 4264 majorem
2614 4213 2736 4254 esse
2757 4200 2910 4256 istam
2931 4244 2945 4269 ,
2979 4220 3080 4273 qua
3110 4205 3383 4264 christiani
3412 4228 3593 4267 sumus
3617 4231 3630 4268 :
3658 4225 3753 4272 at-

2152 4285 2370 4340 tendite.
2404 4287 2698 4358 Antequam
2725 4291 2921 4347 conditi
2951 4309 3211 4364 essemus,
3246 4300 3376 4354 nihil
3403 4301 3530 4357 boni
3560 4320 3750 4363 mere-

2151 4377 2370 4440 bamur;
2422 4387 2477 4433 et
2517 4380 2636 4435 ideo
2682 4385 2868 4453 gratia,
2919 4401 3021 4456 qua
3071 4390 3268 4446 conditi
3309 4376 3563 4463 sumus",
3611 4412 3749 4455 cun.-

2154 4465 2277 4521 boni
2322 4468 2449 4522 nihil
2498 4486 2844 4530 mererentur.
2896 4476 2948 4531 Si
2992 4494 3120 4550 ergo
3166 4497 3353 4553 magna
3403 4494 3485 4541 est
3528 4491 3736 4559 gratia.

2154 4559 2366 4627 quando
2411 4559 2541 4614 nihil
2584 4561 2708 4616 boni
2757 4566 3122 4636 merebantur;
3163 4584 3357 4641 quanta
3402 4579 3570 4647 gratia
3615 4591 3749 4650 est,

2155 4654 2365 4723 quando
2398 4664 2597 4710 tantum
2636 4658 2760 4712 mali
2784 4648 3152 4717 merebantur?
3178 4665 3274 4733 Qui
3314 4669 3547 4726 nondum
3584 4685 3742 4742 erat,

2152 4744 2289 4801 bene
2306 4762 2408 4800 non
2422 4748 2751 4817 merebatur;
2772 4760 3019 4822 peccator
3032 4765 3085 4810 et
3106 4758 3242 4813 male
3262 4762 3583 4818 merebatur.
3602 4764 3754 4821 Non-

2152 4835 2275 4891 dum
2299 4847 2412 4892 crat
2428 4840 2515 4908 qui
2539 4838 2706 4896 {actus
2721 4852 2820 4908 est,
2837 4846 3066 4901 nondum
3085 4859 3227 4915 erat;
3255 4853 3346 4907 sed
3376 4855 3751 4921 necloll‘ende-

2152 4936 2251 4983 rat.
2277 4928 2519 4983 Nondum
2539 4941 2672 4998 erat,
2704 4942 2757 4987 et
2776 4933 2943 4991 factus
2959 4946 3039 4993 est
3059 4957 3070 4992 :
3091 4938 3327 5007 offendit,
3345 4954 3400 4999 et
3427 4946 3607 5002 salvus
3632 4958 3752 5006 est.

2152 5020 2250 5088 Qui
2303 5021 2537 5077 nondum
2596 5033 2742 5092 erat,
2804 5028 2930 5083 nihil
2973 5032 3253 5101 Sperabat;
3312 5033 3478 5092 factus
3535 5048 3619 5094 est
3662 5040 3689 5072 ⁶
3726 5059 3748 5095 :

2215 5217 2232 5246 ¹
2261 5215 2374 5265 Editi
2403 5232 2414 5265 :
2441 5226 2595 5291 Quare
2617 5218 2971 5302 uildtJinveniet
2987 5224 3013 5276 ?
3041 5229 3235 5293 omisso,
3262 5245 3340 5283 me
3372 5232 3580 5297 occidat,
3605 5238 3751 5302 quod

2151 5289 2242 5346 nos
2265 5292 2327 5346 ex
2348 5285 2684 5346 manuscriptis
2706 5285 2982 5346 adiecimus.

2213 5340 2326 5407 {sic
2347 5348 2450 5389 Mss.
2472 5349 2532 5407 At
2554 5340 2692 5403 editi,
2705 5340 2842 5407 justo
2863 5347 3074 5400 debetur.

2146 5401 2236 5510 Et:
2248 5403 2403 5512 έῖξὲδῗι
2422 5404 2482 5451 ud
2520 5410 2631 5453 Lov.
2655 5401 2862 5470 additur,
2884 5417 2928 5460 et
2943 5412 3185 5477 gratiam;
3218 5417 3346 5479 quod
3369 5420 3431 5468 ab
3455 5428 3559 5471 Mss.
3584 5428 3637 5473 et
3675 5424 3753 5476 ab

2210 5526 2231 5555 ι
2252 5532 2303 5573 ιιι
2327 5534 2448 5587 mss,
2471 5526 2714 5581 nuntiatus
2733 5537 2803 5582 est

2209 5588 2499 5672 :‘Sic.l‘il:.‘e}
2523 5590 2744 5672 plerique
2773 5601 2895 5672 Atlss.
2919 5604 2975 5672 At
3007 5601 3387 5672 Lov.,_gratia_m
3422 5616 3518 5667 qua
3553 5605 3761 5672 conditi

2144 5661 2308 5700 sumus
2328 5659 2613 5724 accepimus.
2636 5659 2925 5707 ιδυδδιιιυιιδὶδ
2942 5667 3039 5721 MS.,
3058 5659 3263 5724 gratiam
3278 5659 3508 5716 minorem
3523 5659 3756 5720 uoueth

2142 5724 2250 5761 mus
2273 5725 2366 5775 qua
2388 5715 2568 5766 conditi
2582 5728 2759 5767 sumus.

2211 5775 2229 5804 θ
2254 5775 2398 5835 t-Lditi,
2422 5778 2577 5839 factus
2600 5777 2760 5842 lapsus
2792 5786 2877 5831 cst.
2913 5783 3075 5847 Abest,
3109 5785 3287 5851 lapsus,
3311 5800 3339 5839 a
3360 5793 3728 5856 manuscrqtis.
