3994 6460
32 5998 41 6091 l

300 326 389 387 i‘i‘l
1734 316 1962 378 SERMO
1999 320 2214 380 XXVII.
3494 324 3597 382 178

302 448 473 518 lapsus
496 450 680 498 mitem
704 439 1107 497 damnationem
1137 434 1506 509 exspectabat,
1552 444 1605 489 et
1645 434 1896 491 liberatus

304 551 397 597 est.
448 538 574 593 llaec
613 545 700 592 est
740 535 912 607 gratia
953 548 1046 604 per
1079 531 1259 586 Jesum
1313 529 1582 584 Christum
1614 527 1896 582 Dominum

304 643 560 686 nostrum.
589 625 713 697 Ipse
743 623 872 680 fecit
893 639 1008 688 nos,
1029 630 1082 677 et
1104 629 1388 690 antequam
1415 632 1655 674 essemus
1682 618 1900 672 omnino

304 722 415 793 ipse
446 720 571 777 fecit
593 733 726 783 nos;
753 726 806 772 et
843 715 1013 770 factos
1049 722 1105 768 et
1143 712 1322 782 lapsos
1350 710 1463 781 ipse
1490 718 1546 765 et
1568 707 1747 780 justos
1774 707 1902 763 fecit

306 827 424 875 nos,
453 819 506 865 et
528 826 638 864 non
663 807 761 877 ipsi
791 821 910 861 nos.

371 899 605 956 CAPUT
632 897 752 953 ΧΠ.
776 929 847 939 -
866 897 923 953 Si
957 911 1057 967 qua
1093 895 1252 966 igitur
1274 893 1326 947 in
1352 891 1563 948 Christo
1589 905 1725 947 nova
1752 903 1902 945 crea-

305 1002 446 1055 tura,
481 992 632 1062 lapsa
661 998 744 1045 est
763 999 939 1054 vetus,
974 988 1104 1042 facta
1131 995 1214 1040 est
1239 999 1396 1040 nova.

374 1084 467 1139 l5.
501 1078 684 1135 Massa
708 1078 1008 1150 perditionis
1026 1119 1041 1145 ,
1072 1077 1207 1132 unde
1228 1074 1369 1129 electi
1395 1089 1586 1127 sumus.
1616 1070 1811 1126 Electio
1838 1088 1903 1126 ea:

308 1172 610 1245 perditionis
652 1186 821 1225 massa
867 1165 1240 1235 investigabilis.
1275 1162 1388 1219 Una
1417 1171 1534 1217 erat
1575 1176 1748 1217 massa
1780 1176 1903 1232 pcr-

305 1264 526 1320 ditionis
554 1278 619 1318 ex
649 1261 842 1326 Adam,
873 1258 957 1314 cui
985 1256 1194 1313 nonnisi
1224 1254 1541 1326 supplicium
1567 1252 1898 1308 debebatur:

306 1356 441 1411 facta
484 1361 612 1410 sunt
654 1365 781 1407 vasa
824 1349 950 1405 inde
992 1348 1043 1402 in
1089 1345 1348 1402 honorem
1385 1360 1449 1400 ex
1488 1344 1672 1399 eadem
1704 1356 1899 1398 massa.

308 1446 476 1502 liabet
499 1445 646 1502 enim
676 1452 973 1515 potestatem
1010 1440 1197 1513 [igulus
1232 1438 1352 1503 luti,
1395 1452 1459 1491 ea:
1500 1436 1674 1490 eadem
1712 1451 1899 1489 massa.

304 1542 419 1611 Qua
449 1538 663 1594 massa?
690 1536 848 1592 Certe
869 1535 978 1604 jam
1003 1532 1269 1604 perierat,
1296 1538 1444 1585 certe
1467 1528 1577 1600 jam
1608 1527 1683 1581 illi
1714 1541 1902 1581 massze

301 1635 442 1707 iusta
465 1630 741 1688 damnatio
768 1627 1079 1683 debebatur.
1098 1622 1396 1688 Gratulare,
1421 1621 1541 1692 quia
1569 1631 1623 1674 tu
1645 1618 1858 1676 evasisti
1885 1636 1900 1673 :

308 1735 537 1781 mortem
565 1722 763 1793 quippe
802 1719 1034 1774 debitam
1069 1714 1314 1779 evasisti,
1346 1725 1400 1768 et
1443 1712 1607 1766 vitam
1649 1727 1754 1766 non
1803 1710 1902 1765 dc-

306 1817 474 1873 bitam
528 1812 800 1884 reperisti.
863 1809 1029 1864 liabet
1085 1816 1376 1879 potestatem
1427 1804 1615 1876 figulus
1667 1802 1794 1867 luti,
1841 1818 1908 1856 ea:

304 1908 484 1963 eadem
538 1921 711 1960 massa
764 1907 933 1975 facere
981 1900 1124 1954 aliud
1165 1896 1367 1968 quidem
1413 1912 1499 1949 t'as
1535 1895 1587 1947 in
1643 1894 1899 1960 honorent,

305 1999 450 2053 aliud
492 1998 549 2051 in
603 1994 982 2050 contumeliam.
1029 1988 1139 2046 Sed
1212 1988 1368 2051 dicis,
1417 1985 1499 2041 Mc
1565 2000 1730 2055 quare
1781 1982 1905 2039 fecit

306 2091 363 2145 in
388 2089 686 2152 honorem,
718 2095 773 2140 et
797 2084 959 2139 alium
987 2082 1039 2138 in
1062 2077 1473 2136 contumeliam?
1502 2075 1638 2145 Quid
1679 2091 1904 2145 resrou-

306 2197 467 2237 surus
493 2179 657 2235 sum?
678 2176 971 2233 Auditurus
990 2189 1049 2229 es
1079 2170 1452 2242 Augustinum,
1472 2167 1561 2239 qui
1587 2182 1692 2224 non
1713 2165 1906 2222 audisti

306 2273 628 2345 Apostolum
654 2271 920 2326 dicentem
939 2309 953 2334 ,
988 2266 1033 2322 ο
1063 2266 1242 2331 homo,
1272 2274 1327 2316 tu
1347 2262 1467 2333 quis
1491 2278 1543 2316 es
1566 2260 1653 2331 qui
1692 2277 1904 2331 respon-

304 2364 427 2419 deas
452 2362 567 2416 Deo
598 2361 776 2436 (Rom.
808 2376 861 2415 tx
883 2400 898 2424 ,
927 2358 1018 2420 21,
1050 2355 1185 2429 20)?
1211 2355 1326 2410 Duo
1369 2353 1568 2425 parvuli
1596 2352 1702 2406 nati
1732 2360 1856 2406 sunt
1888 2369 1902 2407 :

306 2457 353 2512 si
377 2454 624 2511 debitqu
646 2466 879 2523 quatras,
897 2448 1053 2504 ambo
1079 2456 1261 2503 tenent
1280 2461 1509 2500 massam
1537 2443 1846 2514 perditionis
1863 2444 1903 2498 ¹.

306 2549 411 2605 Sed
438 2564 541 2606 cur
570 2554 744 2602 mater
760 2545 924 2598 alium
959 2550 1131 2613 portat
1156 2540 1222 2595 ad
1252 2539 1474 2611 gratiam
1493 2578 1508 2602 ,
1536 2538 1699 2592 alium
1737 2544 1908 2592 mater

305 2640 587 2696 dormiens
608 2635 873 2692 sull’oeat?
914 2634 1157 2689 Dicturus
1182 2647 1243 2687 es
1269 2630 1396 2685 mihi
1422 2628 1549 2700 quid
1591 2628 1677 2683 ille
1713 2628 1908 2682 meruit

305 2734 396 2803 qui
426 2740 677 2803 portatur
714 2727 781 2782 ad
801 2723 1192 2797 gratiam,quid
1222 2723 1308 2777 ille
1339 2720 1533 2775 meruit
1552 2734 1710 2790 quem
1739 2727 1909 2773 mater

305 2824 631 2883 dormienda
649 2821 914 2879 sull‘ocat?
934 2818 1105 2874 Ambo
1130 2816 1263 2872 nihil
1292 2814 1414 2870 boni
1442 2819 1752 2869 meruerunt
1775 2827 1789 2864 :
1813 2810 1906 2868 sed

308 2918 453 2973 habet
479 2917 675 2988 figulus
719 2915 814 2968 luti
850 2919 1178 2983 potestatem,
1220 2923 1283 2961 ea:
1326 2906 1502 2960 cadent
1540 2920 1706 2957 massa
1743 2902 1910 2974 facere

305 3009 450 3063 aliud
476 3025 568 3062 uas
598 3008 651 3060 in
682 3006 945 3065 honorent,
969 3000 1111 3054 aliud
1136 3000 1189 3053 in
1219 2997 1594 3052 contumeliam.
1624 2994 1905 3064 Disputare

309 3105 390 3158 vis
416 3100 675 3156 mecum?
700 3098 813 3152 lmo
842 3096 1037 3149 mirare
1067 3106 1307 3155 mecum,
1332 3096 1387 3144 et
1412 3087 1647 3142 exclama
1678 3099 1905 3150 mecum,

312 3193 359 3249 0
404 3192 625 3248 altitudo
669 3186 999 3244 divitiarum!
1041 3184 1214 3239 Ambo
1254 3194 1706 3252 expavescamus,
1752 3178 1910 3234 ambo

310 3287 630 3348 clamemus,
656 3281 703 3337 Ο
724 3280 942 3336 altitudo
962 3275 1285 3333 diuitiarum!
1307 3273 1475 3330 Ambo
1499 3274 1550 3327 in
1574 3286 1768 3344 pavore
1786 3284 1911 3325 con-

309 3377 617 3441 cordemus,
645 3389 713 3429 ne
736 3376 790 3427 in
807 3384 992 3427 errore
1013 3382 1310 3439 pereamus.
1330 3364 1375 3420 0
1390 3363 1604 3418 altitudo
1619 3362 1911 3416 divitiarum

310 3470 572 3539 sapientia:
595 3477 641 3520 et
666 3465 885 3520 scientia:
915 3460 1032 3515 Dei!
1045 3477 1193 3531 quam
1206 3455 1556 3513 inscrutabilia
1583 3465 1699 3510 sunt
1719 3453 1911 3521 iudicia

312 3565 436 3634 ejus,
450 3572 497 3616 e:
519 3556 892 3629 inuestigabilcs
913 3554 1005 3608 via:
1016 3552 1153 3623 ejus!
1171 3552 1418 3606 Scrutare
1431 3546 1811 3611 inscrutabilia,
1827 3544 1909 3602 lac

310 3651 685 3722 impossibilia,
703 3660 988 3715 corrumpe
1014 3641 1452 3712 incorruptiltilia,
1473 3638 1905 3696 videinvisibilia.

375 3740 606 3797 CAPUT
637 3737 973 3794 Xlll.-—l.i.
1014 3733 1192 3789 Gratia
1231 3732 1453 3788 excludit
1493 3748 1639 3785 omne
1678 3732 1908 3787 meritum

308 3835 613 3905 procedens.
640 3861 711 3872 —
732 3827 1093 3884 1nscrutabilia
1122 3833 1246 3879 sunt
1264 3824 1465 3897 judicia
1506 3825 1615 3893 ejus
1635 3865 1649 3887 ,
1681 3823 1905 3890 audisti,

310 3924 538 3980 sufﬁciat
561 3923 654 3977 tibi
680 3939 696 3976 :
724 3931 770 3975 et
797 3917 1162 3989 investigabiles
1189 3917 1283 3970 via:
1311 3915 1441 3987 ejus.
1488 3914 1614 3981 Quis
1654 3914 1787 3968 enim
1823 3930 1907 3968 c0-

309 4018 476 4088 guoeit
511 4031 720 4070 sensum
758 4011 1003 4067 Domini?
1025 4020 1112 4065 aut
1140 4010 1252 4079 quis
1277 4006 1597 4061 consiliarius
1626 4007 1735 4077 ejus
1766 4006 1908 4075 fuit?

308 4122 396 4166 aut
421 4112 533 4182 quis
562 4109 706 4182 prior
742 4107 881 4161 dedit
920 4105 1025 4169 illi,
1070 4113 1116 4157 et
1161 4101 1461 4157 retribuetur
1485 4099 1570 4154 ei?
1603 4098 1734 4167 Quis
1762 4100 1908 4169 prior

310 4203 475 4268 dedit,
500 4217 626 4257 cum
654 4209 822 4255 totum
851 4196 1017 4269 gratis
1044 4193 1286 4265 accepit?
1313 4193 1437 4261 Quis
1461 4193 1602 4264 prior
1630 4193 1766 4247 dedit
1795 4192 1904 4256 illi,

308 4307 360 4351 et
383 4295 687 4351 retribuetur
728 4293 813 4346 ei?
845 4291 903 4346 Si
948 4289 1204 4345 Dominus
1231 4286 1525 4343 retribuere
1550 4285 1741 4351 vellet,
1773 4284 1905 4340 nihil

311 4389 413 4444 nisi
437 4402 650 4459 ptenam
679 4383 914 4440 debitam
961 4380 1313 4437 retrihuisset.
1343 4377 1484 4434 Nihil
1531 4377 1820 4442 dederunt,
1849 4385 1906 4431 ut

318 4483 398 4537 eis
419 4480 836 4536 retribueretur.
864 4476 967 4531 Pro
1001 4474 1170 4531 nihilo
1199 4472 1378 4530 salvos
1403 4472 1560 4527 faciet
1583 4472 1700 4527 illos
1726 4469 1899 4543 (Psal.

312 4585 401 4641 tv,
432 4574 512 4647 8).
542 4574 673 4640 Quis
697 4571 839 4643 prior
864 4569 1000 4624 dedit
1028 4568 1127 4631 illi,
1152 4565 1306 4638 quasi
1339 4579 1557 4620 suorum
1586 4565 1760 4634 gratia
1786 4578 1904 4618 me-

310 4667 575 4723 ritorum?
605 4666 732 4733 Quis
770 4664 909 4735 prior
934 4661 1073 4715 dedit
1091 4660 1191 4727 illi,
1219 4657 1339 4730 quis
1367 4656 1627 4733 praevenit
1652 4656 1901 4727 gratiam,

313 4775 430 4827 qua:
456 4758 626 4829 gratis
651 4756 841 4811 datur?
862 4754 918 4809 Si
944 4752 1141 4823 aliquid
1163 4751 1474 4806 meritorum
1495 4748 1766 4804 antevenit
1785 4763 1907 4819 gra-

317 4851 463 4917 tiam,
478 4851 588 4920 jam
619 4864 723 4903 non
745 4847 910 4918 gratis
935 4845 1116 4910 datur,
1145 4843 1239 4899 sed
1268 4857 1333 4897 es
1355 4841 1537 4897 debito
1567 4840 1823 4897 redditur.
1848 4841 1904 4897 Si

317 4951 494 4997 autem
524 4940 694 5010 gratis
729 4955 836 4992 non
880 4937 1054 5003 datur,
1081 4935 1250 5005 gratia
1279 4948 1445 5003 quare
1479 4931 1736 4987 vocatur?
1777 4932 1905 5000 Quis

318 5016 444 5102 ergo
473 5033 615 5103 prior
653 5029 793 5084 dedit
830 5028 943 5094 illi,
987 5037 1035 5081 et
1074 5025 1374 5081 retribuetur
1416 5026 1503 5079 ei?
1547 5025 1799 5091 Quoniam
1843 5042 1906 5081 ea:

318 5125 445 5193 ipso,
468 5134 515 5179 et
540 5140 633 5195 per
655 5124 850 5192 ipsum,
880 5130 926 5176 et
951 5122 1004 5174 in
1030 5120 1140 5190 ipso
1159 5128 1274 5173 sunt
1295 5119 1465 5173 omnia
1495 5117 1670 5183 (Rom.
1698 5136 1750 5173 XI
1770 5160 1789 5187 ,
1812 5120 1900 5186 33,

319 5215 429 5286 56).
452 5215 581 5282 Qua:
603 5214 807 5283 utique,
834 5212 934 5266 nisi
960 5211 1137 5265 omnia
1182 5210 1322 5265 bona
1363 5226 1484 5279 qua:
1521 5211 1590 5265 ab
1632 5211 1724 5265 illo
1753 5226 1906 5267 acce-

322 5306 507 5375 pimus,
530 5315 584 5360 et
610 5304 919 5375 accepimus
946 5311 1005 5356 ut
1032 5301 1155 5357 boni
1186 5300 1353 5355 simus
1381 5299 1438 5354 ’ζ’
1468 5298 1627 5355 Omne
1652 5302 1793 5357 cnim
1811 5303 1907 5357 da-

322 5405 421 5451 tum
448 5400 710 5465 optimum,
740 5406 789 5451 et
813 5412 961 5450 autne
983 5395 1171 5448 donum
1201 5394 1475 5464 perfectum
1503 5394 1769 5449 desursum
1795 5405 1866 5449 est
1882 5438 1900 5463 ,

324 5488 612 5544 descendens
635 5507 668 5543 a
692 5487 852 5541 Patre
880 5486 1141 5554 luminum,
1159 5486 1297 5556 apud
1322 5502 1465 5555 quem
1495 5502 1595 5540 non
1624 5496 1695 5539 est
1721 5486 1907 5541 immu-

327 5581 460 5636 tatio.
500 5580 633 5637 Nam
678 5588 734 5634 tu
780 5579 832 5633 in
880 5578 1031 5647 pejus
1071 5585 1306 5632 mutatus
1330 5592 1388 5632 es
1415 5577 1590 5648 :apud
1615 5594 1763 5650 quem
1805 5596 1906 5635 non

384 5717 399 5746 ¹
424 5721 470 5764 In
490 5713 608 5763 [δια-ἱ
629 5710 948 5768 mllectione,
974 5698 1134 5771 arabas
1157 5712 1280 5771 tenet
1301 5721 1463 5771 massa
1482 5706 1778 5771 perditionis.

384 5779 404 5808 ⁸
424 5779 716 5829 Fossatcnsis
739 5781 844 5833 Ms,
871 5767 1058 5833 etquod
1082 5769 1352 5834 accepimus
1374 5777 1424 5822 ut
1446 5767 1555 5822 bimi
1568 5768 1734 5823 sinms.

2007 446 2079 491 est
2110 437 2410 506 immutatio,
2439 438 2554 511 ipse
2579 440 2845 499 subvenit.
2879 439 3032 513 Apud
3059 455 3217 511 quem
3244 454 3350 496 non
3375 448 3478 506 est,
3504 456 3595 493 nec

2004 529 2244 582 momenti
2284 529 2597 587 obumbratio
2630 531 2848 603 (Jacobi
2874 548 2928 600 ι,
2971 531 3061 603 i7)
3087 549 3099 586 :
3124 545 3248 586 nam
3277 541 3331 586 tu
3358 528 3411 585 in
3443 526 3595 585 tene-

2003 618 2113 674 bris
2141 621 2311 677 noctis
2344 629 2449 677 tua:
2472 622 2643 693 iaces.
2673 624 2756 680 Ab
2795 624 2887 679 illo
2925 638 3055 694 ergo
3092 621 3310 677 omnia:
3338 636 3495 677 nemo
3521 620 3595 675 illi

2004 711 2150 781 prior
2177 711 2376 783 aliquid
2412 713 2575 779 dedit,
2605 730 2761 770 nemo
2789 714 2966 786 exigat
2991 713 3251 770 debitum.
3275 711 3450 768 Gratia
3469 712 3598 767 salvi

2004 800 2129 870 [acti
2147 803 2267 857 estis
2292 820 2384 875 per
2408 805 2580 875 ﬁdem,
2606 814 2653 859 et
2682 804 2778 860 hoc
2799 822 2897 861 non
2925 822 2987 861 ea:
3005 805 3163 874 vobis,
3190 804 3277 859 sed
3300 802 3392 858 Dei
3409 804 3597 877 donum

2005 902 2076 948 est
2105 893 2317 965 (Ep/tes.
2344 913 2401 963 il,
2427 894 2506 969 8).

2074 985 2299 1044 CAPUT
2338 988 2474 1045 XIV.
2501 990 2687 1049 -15.
2721 987 2868 1045 Nihil
2918 989 3057 1044 nobis
3088 988 3452 1062 arrogandum.
3484 987 3591 1042 Sed

2006 1088 2183 1166 movet
2232 1096 2339 1146 me,
2381 1081 2574 1152 inquis,
2613 1082 2753 1152 quod
2790 1081 2878 1137 ille
2922 1082 3078 1153 perit,
3117 1081 3205 1136 ille
3253 1080 3591 1151 baptizatur:

2006 1182 2183 1228 movet
2221 1188 2347 1243 me,
2377 1182 2555 1230 movet
2583 1184 2833 1246 tanquam
2877 1173 3167 1228 hominem.
3207 1172 3262 1228 Si
3301 1188 3484 1227 verum
3515 1172 3595 1225 vis

2005 1263 2211 1330 audire,
2257 1274 2312 1320 et
2359 1278 2446 1321 me
2483 1274 2662 1321 movet
2704 1266 2826 1337 quia
2869 1265 3032 1320 homo
3059 1280 3199 1320 sum.
3246 1264 3349 1321 Sed
3378 1264 3419 1319 si
3446 1272 3501 1319 et
3538 1270 3594 1319 tu

2007 1352 2201 1420 homo,
2248 1364 2301 1411 et
2336 1372 2436 1428 ego
2479 1357 2857 1423 homo;ambo
2902 1357 3180 1412 audiamus
3224 1355 3517 1420 dicentem,
3549 1352 3595 1408 ο

2007 1446 2189 1500 homo!
2216 1447 2406 1519 Utique
2429 1449 2475 1504 si
2506 1448 2624 1504 ideo
2648 1464 2946 1513 movemur,
2975 1449 3099 1520 quia
3123 1448 3366 1501 homines
3386 1461 3593 1512 sumus,

2007 1536 2176 1605 ipsam
2198 1546 2440 1594 naturam
2475 1539 2760 1595 humanam
2803 1539 3067 1594 infirmam
3095 1554 3157 1592 ac
3196 1538 3425 1594 debilem
3452 1537 3594 1606 Apo-

2007 1627 2175 1682 stolus
2204 1629 2509 1701 alloquitur,
2544 1630 2726 1686 dicens
2758 1649 2771 1685 :
2800 1631 2844 1685 Ο
2869 1632 3048 1696 homo,
3076 1640 3129 1683 tu
3157 1630 3268 1701 quis
3307 1646 3359 1683 es
3382 1629 3467 1699 qui
3513 1644 3589 1682 rc-

2006 1720 2257 1788 spondeas
2274 1720 2418 1775 Deo?
2440 1720 2702 1792 Nunquid
2722 1722 2842 1777 dicit
2871 1723 3162 1794 ﬁgmentum
3185 1722 3231 1776 ei
3251 1720 3336 1790 qui
3359 1738 3411 1774 se
3426 1718 3593 1789 ﬁnxit,

2009 1809 2111 1865 Cur
2134 1828 2212 1866 me.
2236 1813 2309 1866 sic
2329 1813 2491 1885 feciin
2518 1814 2690 1884 (Rom.
2712 1831 2783 1880 ιχ,
2813 1812 2904 1887 20)
2927 1814 3021 1870 ?Si
3039 1822 3221 1884 posset
3243 1813 3382 1884 loqui
3412 1827 3594 1883 pecus,

2008 1912 2064 1957 et
2092 1902 2271 1959 dicere
2297 1905 2408 1961 Deo
2428 1949 2443 1973 ,
2472 1906 2648 1975 Quare
2691 1907 2849 1963 istum
2894 1906 3165 1962 hominem
3196 1905 3364 1962 feciin
3388 1948 3403 1971 ,
3431 1915 3485 1961 et
3511 1920 3597 1962 me

2009 1994 2310 2065 pecudem?
2335 2012 2514 2052 nonne
2558 1997 2703 2067 juste
2733 2012 3079 2054 sueccnseres
3102 2005 3156 2051 et
3178 1996 3405 2058 diceres,
3431 1993 3475 2050 Ο
3502 2011 3597 2066 pe-

2007 2100 2123 2145 cus.
2143 2095 2197 2140 tu
2220 2088 2338 2158 quis
2353 2104 2411 2145 es
2432 2089 2522 2160 qui
2541 2089 2865 2159 respondeas
2885 2088 3028 2145 Deo?
3048 2088 3115 2143 Et
3141 2097 3193 2142 tu
3217 2088 3376 2142 homo
3405 2102 3483 2154 es,
3502 2085 3597 2141 sed

2013 2178 2080 2233 ad
2103 2180 2269 2235 Deum
2298 2197 2460 2253 pecus
2477 2198 2538 2239 es
2563 2191 2651 2239 :et
2668 2184 2866 2239 utinam
2884 2183 2957 2238 sis
2984 2198 3143 2253 pecus
3158 2183 3273 2252 ejus
3285 2190 3338 2236 et
3361 2182 3475 2237 ovis
3503 2196 3599 2253 pa-

2009 2285 2151 2328 scuzc
2168 2274 2283 2345 ejus
2306 2276 2320 2331 ε
2352 2277 2592 2348 Agnosce
2611 2278 2866 2334 beneﬁcia
2885 2278 3130 2348 pastoris,
3158 2289 3210 2333 et
3236 2293 3339 2333 non
3361 2276 3601 2348 sequeris

2009 2362 2163 2433 lupos
2188 2366 2406 2422 erroris.
2435 2367 2566 2438 Lupi
2593 2383 2808 2424 eramus
2838 2387 2849 2424 :
2886 2367 3097 2423 Fuimus
3123 2379 3168 2422 et
3192 2386 3282 2423 uos
3298 2377 3479 2422 natura
3504 2368 3600 2437 lilii

2009 2454 2118 2520 irae,
2137 2456 2264 2510 sicut
2288 2466 2334 2512 et
2357 2460 2523 2513 caeteri
2546 2459 2759 2530 (Ep/tes.
2792 2477 2846 2523 li,
2877 2461 2934 2529 5)
2959 2477 2973 2513 :
3006 2463 3328 2517 sedmortua
3354 2467 3436 2514 est
3459 2458 3598 2526 ovis,

2010 2553 2065 2600 et
2086 2542 2207 2601 fecit
2220 2562 2318 2602 nos
2329 2563 2476 2603 oves.
2494 2548 2623 2603 Ecce
2638 2550 2809 2622 Agnus
2829 2549 2941 2615 Dei,
2957 2549 3162 2619 eccequi
3174 2548 3305 2603 tollit
3318 2558 3599 2621 peceatum,

2013 2652 2116 2691 non
2148 2637 2307 2707 hujus
2342 2649 2435 2694 aut
2483 2639 2624 2695 illius
2647 2682 2662 2706 ,
2689 2641 2783 2695 sed
2828 2641 3005 2695 mundi
3050 2639 3227 2710 (Joan.
3257 2657 3294 2707 ι,
3316 2641 3431 2710 29).
3458 2640 3601 2695 Nihil

2011 2742 2139 2797 ergo
2164 2728 2339 2796 nobis,
2371 2729 2565 2786 fratres
2594 2731 2718 2793 mei,
2743 2746 2807 2786 ex
2838 2746 2903 2785 eo
2932 2731 3072 2800 quod
3097 2729 3300 2802 aliquid
3326 2744 3532 2794 sumus,
3553 2731 3601 2785 si

2014 2827 2190 2874 tamen
2233 2820 2285 2875 iu
2325 2812 2441 2890 ejus
2478 2821 2580 2878 fide
2623 2821 2821 2893 aliquid
2865 2836 3083 2887 sumus,
3114 2831 3603 2895 quantumcumque

2011 2924 2218 2975 sumus,
2246 2911 2378 2968 nihil
2408 2913 2560 2970 nobis
2588 2929 2933 2985 arrogemus;
2967 2930 3035 2970 ne
3065 2923 3119 2971 et
3137 2914 3277 2986 quod
3299 2916 3603 2985 accepimus

2016 3002 2343 3073 perdamus:
2385 3005 2479 3061 sed
2518 3006 2569 3061 in
2606 3021 2672 3064 eo
2691 3006 2831 3078 quod
2872 3008 3209 3078 accepimus,
3253 3008 3327 3063 illi
3375 3008 3601 3079 gloriam

2011 3092 2220 3160 demus,
2252 3096 2422 3166 ipsum
2450 3096 2791 3165 honoremus,
2820 3100 3020 3155 semina
3042 3114 3136 3155 sua
3164 3100 3277 3170 ipse
3305 3099 3597 3169 compluat.

2014 3184 2149 3250 Quid
2182 3186 2404 3243 haberet
2435 3198 2573 3243 terra
2604 3201 2815 3258 nostra,
2847 3191 2950 3246 nisi
2976 3192 3088 3262 ipse
3114 3190 3467 3248 seminasset?
3494 3191 3600 3247 Sed

2012 3275 2103 3331 dat
2131 3285 2184 3331 et
2210 3279 2457 3348 pluviam,
2489 3295 2594 3336 non
2620 3281 2820 3338 deserit
2844 3283 2986 3353 quod
3017 3284 3316 3340 seminavit.
3349 3282 3601 3340 Dominus

2010 3365 2150 3420 dabit
2184 3370 2502 3437 suavitatem,
2525 3380 2572 3426 et
2611 3380 2744 3426 terra
2785 3383 2957 3427 nostra
2997 3372 3134 3428 dabit
3191 3378 3409 3445 fructum
3451 3390 3600 3429 suum

2016 3457 2187 3530 (Psal.
2213 3476 2433 3531 Lxxxtv,
2464 3460 2576 3533 i3).
2598 3461 2852 3519 Conversi
2883 3464 2948 3519 ad
2977 3465 3279 3531 Dominum,
3312 3472 3418 3521 etc.

2463 3540 2690 3612 summ
2744 3555 2935 3612 xxvn
2980 3561 2998 3581 α
3048 3557 3145 3631 (a).

2012 3642 2093 3699 De
2144 3646 2288 3701 titulo
2327 3655 2373 3700 et
2429 3647 2682 3717 prioribus
2728 3649 2986 3704 versiculis
3025 3648 3223 3705 Psalmi
3255 3666 3357 3707 xcv
3392 3666 3411 3705 :
3450 3660 3496 3706 et
3538 3651 3601 3707 de

2084 3737 2243 3793 verbis
2264 3738 2493 3810 Apostoli
2521 3739 2589 3793 ad
2628 3741 2775 3795 Rom.
2800 3758 2884 3809 is,
2913 3742 3202 3799 llliserebor
3236 3746 3317 3800 cui
3348 3745 3597 3801 misertus

2085 3827 2253 3891 fuero,
2281 3838 2374 3882 etc.
2406 3828 2592 3883 Contra
2612 3828 2917 3901 Pelagianos
2947 3829 3045 3903 (b).

2083 3919 2307 3976 CAPUT
2365 3920 2770 3976 PRIMUMa—
2818 3923 2866 3978 Ι.
2908 3921 3104 3977 Domus
3152 3922 3265 3989 Dei,
3315 3942 3428 3993 qua:
3464 3942 3598 3981 nunc

2010 4011 2315 4080 aediﬁcatur.
2366 4011 2645 4080 Quomodo
2693 4012 2856 4083 janua
2908 4013 3192 4069 introducit
3246 4015 3298 4071 in
3341 4015 3592 4085 domum,

2011 4103 2089 4160 sic
2137 4103 2317 4158 titulus
2360 4104 2553 4159 Psa'mi
2607 4104 2894 4160 introducit
2943 4107 2995 4161 in
3049 4106 3391 4164 intellectum.
3450 4107 3596 4165 Prce-

2012 4202 2227 4250 notatur
2261 4195 2400 4249 enim
2446 4195 2523 4249 sic
2555 4212 2569 4250 :
2604 4193 2820 4261 Quando
2876 4196 3067 4251 domus
3098 4198 3443 4266 aediﬁcabatur
3485 4210 3597 4271 post

2010 4287 2367 4357 captivitatem.
2413 4287 2618 4355 Qumris
2664 4303 2784 4358 qure
2837 4286 3048 4355 domus,
3100 4289 3299 4346 indicat
3346 4291 3441 4347 tibi
3481 4292 3593 4363 jam

2011 4377 2254 4435 Psalmus
2302 4396 2316 4433 :
2362 4377 2572 4432 Caritate
2612 4378 2831 4434 Domino
2869 4382 3121 4436 canticum
3159 4400 3375 4451 novum;
3401 4396 3599 4441 cantate

2009 4467 2248 4535 Domino,
2274 4469 2436 4523 omnis
2474 4479 2626 4523 terra.
2674 4470 2813 4526 Ecce
2838 4487 2956 4542 qua:
2986 4472 3198 4529 domus.
3228 4475 3450 4543 Quando
3478 4492 3596 4533 om-

2009 4562 2093 4617 nis
2122 4571 2259 4617 terra
2279 4570 2458 4617 cantat
2480 4562 2744 4618 canticum
2767 4578 2989 4633 novum,
3018 4566 3206 4623 domus
3228 4567 3440 4625 Dei'est.
3465 4569 3598 4626 Can-

2013 4652 2175 4707 tando
2200 4651 2493 4707 :edilicatur
2510 4693 2525 4719 ,
2553 4652 2822 4710 credendo
2854 4653 3121 4725 fundatur,
3151 4659 3414 4728 sperando
3438 4660 3597 4732 erigi,-

2010 4754 2115 4811 tur,
2146 4743 2413 4816 diligendo
2450 4743 2745 4814 perﬁcitur.
2783 4746 2939 4802 Modo
2964 4763 3092 4819 ergo
3136 4750 3466 4806 :editieatur:
3499 4754 3594 4807 sed

2010 4838 2064 4894 in
2087 4837 2194 4894 fine
2221 4839 2398 4894 saeculi
2425 4837 2725 4895 dedicatur.
2753 4839 3086 4897 Concurrant
3104 4858 3231 4913 ergo
3260 4843 3463 4913 lapides
3488 4846 3593 4904 vivi

2010 4931 2076 4985 ad
2101 4931 2364 4985 canticum
2385 4946 2597 4995 novum,
2622 4942 2942 4989 concurrant
2969 4942 3022 4989 et
3041 4942 3351 5004 coaptentur
3367 4926 3418 4989 in
3447 4944 3587 4993 stru-

2009 5031 2213 5077 cturam
2255 5021 2437 5093 templi
2471 5021 2563 5077 Dei
2589 5040 2602 5078 :
2629 5035 2919 5095 agnoscant
2941 5024 3269 5082 Salvatorem
3290 5067 3309 5092 ,
3335 5028 3594 5100 recipiant

2010 5113 2387 5168 habitatorem.

2079 5202 2137 5257 2.
2202 5200 2515 5276 Captivitas,
2577 5203 2641 5259 de
2686 5222 2787 5275 qua
2842 5223 2931 5275 per
2988 5206 3244 5262 Christum
3298 5209 3589 5267 liberamur.

2009 5292 2221 5349 Dictum
2266 5302 2351 5350 est
2390 5309 2508 5364 quae
2552 5293 2778 5351 domus:
2821 5295 3102 5352 dicendurm
3144 5307 3226 5353 cst
3270 5309 3390 5370 post
3433 5318 3591 5372 quam

2011 5385 2392 5455 captivitatem.
2437 5385 2503 5439 Et
2540 5384 2643 5440 hoc
2688 5386 2779 5440 tibi
2820 5386 3019 5442 indicat
3055 5388 3333 5458 Psalmus;
3370 5409 3595 5463 sequere

2012 5476 2281 5548 paululum
2308 5494 2320 5530 :
2350 5474 2566 5532 Caritate
2588 5475 2805 5533 Domino
2843 5480 3094 5534 canticum
3132 5497 3352 5550 novum;
3395 5492 3592 5538 cantate

2077 5587 2092 5607 ‘
2119 5588 2384 5650 Castigatus
2407 5594 2483 5663 est
2507 5587 2565 5663 ad
2588 5600 2769 5663 omnes.
2781 5590 2974 5663 codices
2995 5593 3199 5654 scriptos
3213 5600 3265 5644 et
3287 5606 3494 5645 excuses
3513 5596 3594 5658 qui

2013 5652 2062 5701 in
2081 5662 2312 5721 sermone
2337 5650 2477 5721 modo
2497 5650 2802 5721 praecedenti
2816 5650 3152 5721 designantur.

2097 5712 2149 5772 a)
2175 5710 2394 5768 Alias,'de
2409 5710 2574 5760 verbis
2597 5718 2627 5757 Α
2771 5711 2805 5761 li
2821 5713 2899 5763 Ξ).

2075 5711 2147 5835 Eb)
2169 5774 2344 5823 Citatur
2366 5774 2414 5822 in
2436 5771 2559 5824 l-‘Iori
2577 5719 2866 5826 cumanae
2889 5790 2899 5827 ε

2099 5771 2147 5836 b)
2169 5774 2344 5823 nitatur
2366 5774 2414 5822 in
2436 5771 2559 5824 Flori
2577 5771 2866 5826 collectione
2889 5776 2949 5827 ad
2972 5784 3100 5830 nom.
3125 5792 3175 5828 ut
3200 5786 3251 5830 et
3268 5778 3415 5832 Galat.
3437 5794 3511 5833 vt.
