4012 6338
464 239 566 298 1⁷η

439 372 677 438 Domino,
708 374 869 431 omnis
889 382 1039 431 terra.
1082 375 1291 432 Caritate
1330 377 1583 448 Domina,
1615 380 1887 439 benedicite
1922 403 2015 441 no-

435 484 550 523 men
586 468 716 539 ejus,
757 469 878 524 bene
921 454 1148 528 nuntiate
1186 470 1249 524 de
1286 472 1367 525 die
1393 472 1447 527 in
1484 473 1617 528 diem
1645 475 1867 532 salutare
1885 480 2012 550 ejus.

434 561 744 616 Annuntiate
770 562 897 617 inter
913 571 1082 635 gentes
1120 561 1372 618 mirabilia
1403 564 1542 635 ejus,
1576 566 1633 622 in
1675 568 1903 624 omnibus
1924 587 2015 641 po-

432 653 566 723 pulis
585 652 801 725 gloriam
824 654 951 723 ejus.
982 652 1237 719 Quoniam
1272 670 1444 710 omnes
1462 656 1535 710 dii
1575 656 1799 729 gentium
1824 659 2014 715 daemo-

360 772 365 783 ι
430 744 536 799 uia.
566 744 704 799 Ecce
722 744 818 799 sub
836 759 1063 815 quorum
1091 745 1402 816 captivitate
1430 746 1630 802 latebat
1653 747 1864 804 domus.

499 837 725 893 CAPUT
762 837 826 892 ll.
856 869 928 877 —
955 837 1034 893 Ex
1055 837 1225 909 prima
1265 839 1408 896 enim
1455 841 1876 911 transgressione
1900 845 2008 914 pri-

425 928 499 985 mi
530 927 795 995 hominis,
819 929 1121 985 universum
1160 944 1329 1001 genus
1359 929 1645 984 humanum
1677 940 1857 987 natum
1886 947 2009 991 cum

423 1019 744 1089 obligatione
783 1019 1023 1091 peccati,
1071 1021 1241 1076 victor
1283 1020 1529 1077 diabolus
1567 1022 1892 1092 possidebat.
1947 1024 2005 1081 Si

419 1111 564 1168 enim
585 1110 685 1166 sub
712 1111 1021 1181 captivitate
1044 1127 1149 1175 non
1171 1118 1495 1177 teneremur,
1516 1112 1875 1184 Redemptum
1893 1130 1998 1172 non

414 1202 798 1272 indigeremus.
828 1201 988 1258 Venit
1015 1203 1081 1258 ad
1110 1202 1346 1274 captivos
1375 1218 1483 1267 non
1509 1212 1696 1276 captus
1725 1222 1738 1258 :
1764 1206 1910 1261 venit
1933 1206 2001 1263 ad

414 1291 653 1366 captivos
676 1293 1018 1358 redimendos
1057 1294 1186 1349 nihil
1225 1294 1279 1353 in
1309 1309 1369 1351 se
1391 1296 1712 1366 captivitatis
1731 1339 1747 1365 ,
1774 1297 1875 1355 hoc
1894 1308 1996 1366 est,

410 1364 706 1457 uniquitatis
736 1386 963 1454 habens,
982 1386 1081 1445 sed
1092 1400 1253 1443 carne
1275 1387 1487 1443 mortali
1510 1388 1735 1458 pretium
1758 1399 1998 1446 nostrum

406 1488 649 1549 portans.
673 1478 729 1536 Si
751 1479 891 1535 enim
918 1493 1133 1535 carnem
1156 1479 1434 1535 mortalem
1465 1493 1570 1535 non
1588 1481 1825 1548 haberet,
1856 1482 1997 1539 unde

405 1571 464 1629 in
491 1571 668 1627 Verbo
706 1571 949 1642 sanguis,
973 1585 1132 1641 quem
1172 1586 1270 1642 pro
1313 1572 1538 1641 captivis
1576 1571 1863 1628 funderet?
1899 1574 1997 1630 Ille

405 1669 585 1718 autem
614 1661 706 1733 qui
739 1661 806 1718 ad
831 1648 1188 1732 captivitatem
1215 1670 1451 1721 nostram
1480 1663 1626 1729 venit
1651 1677 1773 1745 cum
1801 1665 1992 1720 simili-

401 1752 588 1811 tudine
629 1754 806 1812 carnis
835 1753 1037 1824 peccati
1076 1751 1253 1825 (Rom.
1273 1769 1388 1821 vui,
1422 1755 1499 1826 ὃ),
1531 1771 1638 1811 non
1683 1772 1802 1812 cum
1830 1773 1991 1816 came

399 1845 604 1915 peccati
631 1845 794 1912 venit.
811 1845 1113 1903 Similitudo
1131 1847 1275 1902 enim
1293 1855 1409 1903 erat
1428 1848 1521 1905 illa
1542 1850 1718 1906 carnis
1746 1854 1946 1922 peccati
1973 1872 1987 1909 :

397 1951 524 1991 vera
553 1951 678 1991 caro
697 1979 714 2005 ,
744 1936 838 1993 sed
859 1936 1047 1993 similis
1074 1938 1251 1993 carnis
1291 1930 1529 2009 peccati;
1559 1955 1684 1995 vera
1709 1955 1866 2029 caro,
1893 1943 1986 1998 sed

396 2040 506 2097 non
534 2026 736 2095 peccati
773 2041 919 2082 caro.
963 2025 1055 2083 Ille
1079 2041 1208 2099 ergo
1245 2028 1333 2099 qui
1364 2028 1435 2083 ita
1461 2030 1641 2098 venit,
1680 2026 1799 2101 quis
1834 2032 1985 2089 erat?

393 2092 777 2181 Bene—nuntiate
795 2117 858 2172 de
884 2119 966 2173 die
984 2119 1036 2173 in
1064 2092 1219 2174 diem.
1247 2118 1389 2176 Ecce
1418 2120 1537 2191 quis
1561 2131 1694 2177 erat.
1723 2123 1798 2180 De
1818 2124 1905 2181 die
1929 2126 1982 2183 in

396 2205 540 2262 diem
571 2215 706 2273 erat,
729 2208 870 2264 Deus
902 2208 971 2264 de
996 2209 1107 2269 Deo
1131 2218 1245 2266 erat
1264 2252 1279 2279 ,
1303 2211 1481 2268 lumen
1509 2212 1578 2269 de
1600 2213 1799 2271 lumine
1827 2226 1979 2272 erat:

392 2291 492 2352 se'd
513 2295 747 2353 Verbum
790 2313 916 2354 caro
950 2298 1149 2359 factum
1195 2309 1313 2369 est,
1339 2310 1398 2357 nt
1423 2301 1687 2359 habitaret
1726 2306 1781 2361 in
1829 2308 1981 2365 nobis

397 2382 576 2460 (Joan.
606 2407 644 2458 ι,
674 2389 762 2464 14)
788 2406 803 2457 ;
832 2392 1003 2448 latens
1024 2392 1292 2465 maiestas,
1311 2409 1574 2465 apparens
1598 2396 1895 2469 infirmitas,
1921 2408 1981 2457 ut

388 2481 649 2541 moriatur
674 2482 971 2552 inﬁrmitas,
1003 2491 1058 2540 et
1086 2493 1328 2542 teneatur
1350 2487 1621 2557 majestas.

464 2573 518 2627 5.
559 2570 625 2626 In
657 2571 763 2628 Deo
807 2574 894 2646 qui
939 2576 1085 2646 cujus
1110 2576 1216 2630 vult
1252 2577 1532 2644 miseretur,
1555 2578 1697 2633 nulla
1716 2580 1972 2651 iniquitas.

388 2664 447 2723 Si
479 2681 607 2738 ergo
637 2665 918 2723 universus
941 2667 1173 2724 mundus
1202 2670 1303 2725 sub
1321 2670 1627 2745 captivitate
1662 2674 1971 2745 tenebatur,

384 2757 525 2813 bene
545 2758 743 2814 dictum
771 2768 872 2825 est,
908 2758 1185 2816 Miserebor
1220 2761 1304 2815 cui
1327 2737 1559 2817 miseitus
1597 2768 1740 2835 fuero
1759 2808 1774 2833 ,
1802 2776 1849 2821 et
1877 2769 1973 2822 mi-

384 2848 712 2905 sericordiam
736 2850 982 2923 praestabo
1008 2851 1091 2905 cui
1118 2853 1348 2915 misertus
1374 2854 1538 2924 fuero.
1563 2854 1622 2910 Si
1650 2856 1792 2911 enim
1824 2865 1970 2915 totus

372 2914 615 2995 .mundus
634 2914 1083 3014 sub-captivitate,
1106 2950 1247 2999 totus
1277 2944 1506 2999 mundus
1534 2946 1587 3000 in
1614 2957 1855 3017 peccato,
1887 2958 1970 3005 to-

383 3041 471 3087 tus
502 3032 728 3088 mundus
767 3016 1065 3104 iustissime
1097 3033 1359 3105 supplicio
1400 3016 1733 3105 destinatus,
1762 3038 1858 3095 sed
1902 3056 1968 3096 ex

379 3131 536 3195 parte
574 3138 669 3194 per
714 3123 1131 3182 misericordiam
1175 3124 1434 3182 liberatus
1457 3168 1473 3195 ,
1500 3127 1619 3198 quis
1656 3128 1797 3185 dicat
1832 3130 1962 3201 Deo,

324 3232 335 3240 ο
381 3216 560 3286 Quare
602 3216 825 3273 damnas
866 3217 1160 3274 mundum?
1186 3218 1466 3287 Quomodo
1504 3230 1783 3278 accusatur
1802 3223 1965 3294 judex

378 3308 543 3375 Deus,
583 3307 796 3380 quando
825 3308 1109 3373 damnatur
1138 3310 1369 3366 mundus
1406 3312 1569 3367 reus?
1594 3312 1737 3368 Reus
1776 3330 1873 3372 es:
1912 3317 1964 3373 si

374 3401 507 3474 quid
536 3400 730 3468 debeas
750 3401 1061 3481 consideres
1078 3444 1094 3469 ,
1127 3416 1283 3473 paena
1305 3412 1558 3472 vocatur;
1584 3420 1684 3461 nec
1706 3410 1825 3462 cum
1852 3424 1881 3462 a
1911 3419 1964 3466 te

377 3494 616 3562 debitum
660 3493 923 3565 exigitur,
959 3502 1178 3550 exactor
1212 3493 1355 3565 juste
1389 3496 1818 3567 reprehenditur.
1850 3499 1960 3556 Re-

377 3586 741 3662 prehendatur
765 3595 1002 3653 exactor,
1032 3587 1078 3642 si
1113 3585 1406 3643 indebitum
1435 3589 1599 3660 exigit
1628 3605 1643 3644 :
1673 3604 1795 3646 cum
1832 3607 1961 3648 vero

375 3678 614 3735 debitum
636 3679 816 3750 exigit,
844 3679 963 3750 quis
988 3677 1344 3751 reprehendat
1371 3689 1702 3753 exactorem,
1717 3685 1959 3754 quamvis

374 3777 650 3841 exspectet
666 3769 976 3828 donatorem
993 3770 1025 3823 ?.

446 3859 675 3925 CAPUT
731 3858 823 3915 ill.
846 3890 919 3900 —
943 3859 1038 3915 Cui
1071 3860 1178 3922 vult
1213 3860 1511 3928 miseretur,
1564 3870 1611 3917 et
1656 3877 1804 3933 quem
1852 3864 1958 3919 vult

374 3949 608 4011 obdurat.
650 3947 794 4017 Dicis
833 3949 1001 4020 itaque
1038 3949 1162 4003 mihi
1192 3965 1211 4003 :
1243 3948 1376 4015 Quid
1412 3950 1578 4005 adhuc
1605 3954 1958 4023 conqueritur?

374 4056 495 4099 nam
518 4039 766 4094 voluntati
790 4040 901 4110 ejus
933 4040 1043 4110 quis
1071 4038 1296 4094 resistit?
1322 4036 1367 4093 Ο
1396 4038 1565 4106 homo,
1588 4050 1641 4094 tu
1658 4044 1771 4113 quis
1795 4060 1845 4098 es
1870 4047 1956 4115 qui

372 4131 681 4205 respondeas
706 4129 856 4187 Deo?
879 4129 1013 4199 Quis
1036 4130 1109 4192 sit
1153 4130 1276 4198 ille,
1307 4132 1522 4187 attende
1550 4151 1562 4187 :
1595 4134 1713 4203 quis
1749 4135 1823 4190 sis
1863 4145 1952 4202 tu,

373 4224 609 4288 attende.
634 4224 728 4279 [lle
752 4223 895 4279 Deus
924 4231 1026 4289 est,
1055 4233 1111 4278 tu
1140 4222 1320 4278 homo.
1347 4223 1449 4280 Sed
1473 4224 1734 4295 justitiam
1756 4228 1844 4283 tibi
1877 4230 1955 4285 lo-

371 4284 462 4388 qui
492 4315 689 4381 videris
734 4324 787 4372 tu
806 4323 907 4385 ,οι
943 4284 1061 4372 fons
1104 4314 1194 4372 ille
1217 4315 1437 4386 justitiam
1473 4284 1710 4374 siccatus
1748 4321 1869 4375 est?
1896 4322 1952 4379 Si

368 4408 567 4479 justum
593 4406 848 4478 loqueris,
866 4406 1006 4464 unde
1030 4406 1163 4463 tibi?
1193 4408 1299 4462 Aut
1323 4407 1576 4478 injustum
1616 4411 1872 4481 loqueris,
1899 4425 1953 4469 et

371 4491 539 4549 debes
565 4500 741 4549 tacere
770 4509 784 4547 :
810 4499 903 4558 aut
925 4491 1124 4562 justum
1151 4490 1413 4565 loqueris,
1437 4501 1494 4549 et
1518 4509 1623 4549 non
1656 4494 1821 4552 habes
1849 4498 1950 4555 nisi

367 4584 438 4645 de
467 4584 611 4641 fonte
647 4583 867 4655 iustitiae
898 4602 911 4639 :
939 4583 1059 4643 fons
1092 4594 1270 4640 autem
1291 4585 1511 4655 justitize
1551 4588 1670 4659 quis
1707 4597 1821 4657 est,
1846 4590 1949 4647 nisi

366 4673 542 4731 Deus?
563 4673 798 4730 Primum
828 4688 955 4745 ergo
983 4674 1385 4747 fundamentum
1422 4675 1547 4732 fidei
1575 4694 1712 4749 pone
1742 4698 1755 4735 :
1781 4681 1948 4736 Num-

362 4768 487 4838 quid
508 4766 743 4838 iniquitas
763 4767 904 4839 apud
932 4766 1097 4831 Deum
1126 4766 1298 4841 (Rom.
1327 4785 1407 4839 is,
1434 4769 1655 4845 14-20)?
1681 4773 1870 4837 Latere
1894 4784 1949 4839 te

362 4858 585 4928 azqnitas
604 4846 799 4928 patest,
829 4872 953 4916 esse
977 4858 1049 4914 ibi
1076 4857 1325 4930 iniquitas
1350 4875 1455 4916 non
1481 4871 1673 4931 potest.

432 4950 487 5004 4.
533 4949 636 5004 Cur
679 4948 822 5015 Deus
873 4952 1018 5023 cujus
1062 4952 1169 5006 vult
1219 4953 1480 5010 miseretur
1500 4996 1521 5025 ,
1565 4973 1746 5027 capere
1794 4958 1943 5019 homo

359 5056 463 5099 non
493 5050 669 5111 potest.
703 5041 994 5113 Exspectas
1038 5058 1070 5097 a
1100 5057 1187 5103 me
1231 5042 1459 5102 fortasse
1506 5056 1564 5103 ut
1609 5048 1781 5105 dicam
1812 5051 1904 5108 tibi
1924 5093 1947 5123 ,_

357 5148 525 5204 quare
552 5135 634 5188 cui
657 5133 762 5195 vult
781 5135 1065 5205 miseretur,
1087 5146 1135 5192 et
1161 5153 1306 5208 quem
1334 5140 1435 5205 vult
1461 5140 1711 5212 obdurat?
1739 5142 1942 5213 Exspe‘

357 5234 471 5282 ctas
501 5240 530 5278 a
561 5240 668 5290 me,
699 5225 897 5283 homo?
926 5227 983 5283 Si
1010 5236 1064 5284 et
1089 5235 1145 5284 tu
1175 5228 1335 5286 homo
1360 5242 1414 5287 et
1442 5246 1541 5304 ego
1565 5232 1755 5301 homo,
1782 5237 1941 5292 ambo

356 5316 633 5379 audiamus
662 5317 680 5348 ¹
700 5358 716 5385 ,
745 5315 791 5371 0
827 5318 996 5385 homo,
1020 5327 1074 5374 tu
1112 5321 1224 5391 quis
1246 5337 1298 5377 es
1326 5323 1412 5394 qui
1450 5325 1756 5394 respondeas
1792 5324 1942 5383 Deo?

353 5405 545 5467 Melior
589 5414 672 5463 est
717 5407 859 5463 enim
890 5408 1060 5465 fidelis
1090 5411 1384 5482 ignorantia
1410 5454 1426 5480 ,
1453 5429 1611 5485 quam
1654 5419 1936 5475 temeraria

352 5499 595 5559 scientia.
642 5499 785 5555 Deus
823 5501 953 5555 mihi
988 5500 1152 5571 dicit,
1182 5517 1278 5574 per
1327 5506 1637 5575 Apostolum
1691 5506 1936 5576 Christus

353 5590 610 5662 loquitur,
645 5590 691 5646 0
731 5592 879 5647 homo
902 5634 918 5661 ,
940 5600 995 5647 tu
1028 5597 1139 5665 quis
1158 5611 1215 5652 es
1229 5597 1316 5667 qui
1358 5598 1662 5669 respondeas
1694 5598 1802 5658 Deo
1823 5602 1848 5657 ?
1866 5600 1937 5659 Et

414 5704 433 5745 ι
457 5710 561 5765 διδ.
588 5702 810 5777 plerique
828 5711 880 5758 et
900 5703 1080 5774 Florus,
1103 5705 1387 5759 audivimus.

1670 269 1725 326 S.
1767 270 2131 331 AUGUSTINI
2172 276 2476 339 EPISCOPI

3606 320 3707 377 i‘FO

2113 763 2215 820 est,
2245 756 2448 827 inquis,
2490 763 2582 833 qui
2614 765 2774 824 homo
2819 771 3089 835 hominem
3107 756 3386 845 vexcedat?
3412 792 3551 864 Ergo
3593 756 3698 859 non

2111 844 2426 914 quibusdam
2466 857 2752 924 exprobrat
2790 862 3114 939 Apostolus,
3140 884 3194 930 et
3217 876 3381 948 dicit,
3566 844 3698 944 enim

2110 936 2296 1036 dicitis,
2339 940 2452 1014 Ego
2489 944 2684 1016 Pauli,
2713 969 2804 1024 ego
2842 954 3028 1028 Apollo
3047 1004 3063 1031 ,
3098 936 3276 1022 nonne
3312 936 3537 1031 homines

2110 1026 2157 1095 (l
2182 1027 2303 1134 C'or.
2332 1048 2409 1100 Ill,
2459 1035 2561 1107 4)?-
2587 1037 2723 1107 Quid
2759 1058 2855 1102 eos
2890 1026 3067 1108 facere
3095 1056 3305 1114 volebat
3324 1026 3561 1134 ,vquib'us
3580 1026 3693 1125 ex:

2105 1119 2393 1189 probrabat
2413 1127 2556 1196 quod
2598 1132 2840 1192 homines
2880 1143 3071 1197 erant?
3098 1144 3271 1204 Homo
3297 1119 3356 1206 es
3428 1119 3686 1217 ad

2105 1211 2359 1278 pertines.
2393 1217 2608 1277 Per-line
2627 1223 2694 1278 ad
2728 1225 2912 1285 Filium
2946 1231 3195 1293 hominis.

2172 1301 2399 1363 CAPUT
2440 1309 2698 1371 lV.—5.
2744 1318 3009 1384 Quomodo
3062 1327 3144 1383 hic
3187 1335 3357 1389 omnia
3392 1349 3512 1394 nota
3551 1346 3690 1413 facta

2100 1404 2219 1450 sunt
2270 1399 2548 1470 Apostolis.
2598 1407 2665 1462 Et
2702 1411 2840 1469 forte
2880 1415 3010 1473 dicit
3066 1421 3158 1477 tibi
3188 1441 3203 1479 :
3228 1425 3351 1483 lam
3383 1447 3485 1487 non
3522 1399 3687 1492 dicam

2099 1501 2185 1540 vos
2210 1505 2376 1546 servos
2397 1533 2412 1559 ,
2443 1496 2533 1549 sed
2569 1501 2796 1571 amicas;
2820 1509 3057 1575 quoniam
3099 1529 3213 1584 quia
3247 1521 3420 1576 audivi
3455 1542 3487 1578 a
3533 1526 3687 1586 Patre

2098 1595 2228 1686 meo,
2253 1590 2372 1638 nota
2397 1586 2533 1643 vobis
2558 1594 2659 1660 feci
2673 1593 2849 1667 (Joan.
2881 1615 2974 1667 xv,
3012 1604 3125 1677 15).
3152 1607 3257 1666 Sed
3279 1611 3552 1686 discipulis
3582 1620 3685 1678 hoc

2096 1667 2252 1737 dixit,
2287 1673 2390 1730 illis
2426 1679 2731 1751 Apostolis,
2761 1686 2865 1743 illis
2916 1689 3018 1748 hoc
3057 1667 3189 1754 dixit
3219 1719 3234 1757 :

2094 1765 2415 1833 contristari,
2446 1771 2562 1840 quia
2584 1776 2822 1835 nondum
2840 1783 2973 1839 tales
2998 1802 3203 1845 sumus.
3232 1793 3300 1849 Et
3320 1804 3495 1854 tamen
3518 1803 3678 1861 etiam

2093 1852 2223 1923 ipsis
2251 1860 2522 1937 quomodo
2557 1863 2658 1923 hoc
2691 1867 2823 1924 dixit
2847 1866 3083 1937 ,'0mnia
3110 1863 3226 1951 quae
3258 1852 3495 1945 audiviva—

2093 1961 2202 2000 meo
2218 1988 2233 2011 ,
2264 1960 2383 2004 nota
2403 1954 2538 2008 vobis
2556 1956 2687 2027 feci?
2710 1960 2843 2017 Puto
2867 1968 2990 2035 quia
3018 1965 3070 2024 in
3108 1985 3202 2041 spe
3226 1973 3359 2032 dixit
3378 1978 3477 2036 hoc
3495 2023 3511 2049 ,
3536 2001 3670 2040 non-

2091 2033 2219 2090 dum
2263 2038 2313 2092 in
2348 2056 2442 2096 re:
2472 2055 2600 2113 puto
2639 2051 2782 2118 quod
2824 2033 3057 2113 facturus
3092 2071 3237 2129 erat,
3270 2082 3374 2123 non
3396 2071 3536 2139 quod
3562 2073 3674 2144 jam

2086 2125 2302 2182 fecerat.
2337 2129 2400 2185 Et
2428 2134 2567 2190 unde
2592 2139 2879 2208 probatur,
2906 2160 3025 2201 cum
3064 2149 3155 2207 ille
3181 2125 3340 2223 dicat,
3368 2125 3507 2215 Nota
3535 2125 3672 2222 vobis

2086 2218 2222 2289 feci;
2271 2237 2377 2276 non
2418 2224 2591 2293 dicat,
2622 2229 2756 2286 Nota
2781 2235 2931 2291 vobis
2971 2238 3206 2299 faciam?
3254 2218 3385 2316 Quia
3424 2253 3673 2314 dicuntur

2083 2310 2327 2380 quiedam
2356 2314 2406 2369 in
2440 2316 2733 2390 Scripturis
2755 2324 2822 2381 de
2845 2333 3136 2402 prieterito,
3165 2310 3671 2416 qute'intelligantur

2084 2401 2152 2457 de
2184 2402 2377 2462 futuro.
2411 2408 2689 2477 Quomodo
2716 2415 2964 2476 dicuntur
3004 2423 3072 2481 de
3097 2401 3367 2497 praeterito
3388 2477 3403 2500 ,
3432 2401 3552 2493 etim
3582 2441 3666 2495 in—

2083 2494 2386 2567 telligantur
2422 2501 2488 2556 de
2513 2502 2733 2561 futuro?
2770 2508 2822 2563 F
2822 2512 3053 2584 oderunt,
3082 2494 3283 2591 inquit,
3313 2494 3489 2584 manus
3527 2550 3667 2590 meas

2078 2592 2125 2637 et
2148 2587 2329 2656 pedes,
2353 2589 2793 2653 dinumeraverunt
2837 2605 3005 2659 omnia
3048 2624 3161 2663 ossa
3181 2629 3290 2667 mea
3333 2615 3508 2687 (Psal.
3551 2640 3659 2690 xxi,

2079 2673 2147 2730 17
2168 2686 2215 2731 et
2233 2679 2342 2751 13).
2361 2680 2605 2741 Nondum
2625 2689 2815 2747 factum
2837 2703 2971 2760 erat,
2994 2707 3047 2753 et
3075 2710 3320 2773 tanquam
3339 2673 3664 2772 ‘factumaii:

2075 2772 2415 2829 nuntiabatur
2450 2779 2592 2848 quod
2629 2780 2862 2840 futurum
2906 2797 3039 2845 erat.
3085 2772 3268 2851 Salvos
3304 2817 3394 2857 nos
3431 2807 3549 2876 fecit
3573 2828 3663 2877 per

2075 2859 2326 2917 lavacrum
2354 2873 2741 2938 regenerationis
2789 2876 2916 2947 (Tit.
2959 2896 3035 2949 ιιι,
3064 2883 3145 2954 5).
3186 2888 3308 2945 Alio
3340 2859 3515 2949 autem
3542 2859 3661 2955 ltico

2073 2952 2186 3022 ipse
2212 2955 2338 3012 dicit
2370 2976 2382 3011 :
2408 2960 2514 3031 Spe
2533 2963 2662 3020 salvi
2681 2965 2804 3035 facti
2828 2987 3000 3027 sumus
3039 2992 3059 3029 :
3092 2952 3208 3048 spes
3241 2993 3409 3039 autem
3437 3004 3550 3058 qua:
3580 2994 3657 3046 vi-

2071 3046 2234 3114 detur,
2273 3068 2371 3106 non
2390 3064 2461 3109 est
2500 3073 2634 3126 spes.
2665 3059 2773 3131 Spe
2812 3065 2940 3120 salvi
2976 3070 3101 3141 facti
3117 3090 3323 3143 sumus,
3354 3083 3560 3138 nonnisi
3588 3087 3657 3141 de

2070 3145 2338 3211 praeterito
2374 3146 2601 3205 dicimus
2630 3169 2643 3206 :
2673 3162 2728 3209 et
2751 3157 3001 3225 quoniam
3033 3177 3128 3234 spe
3147 3168 3277 3223 salvi
3304 3170 3427 3227 facti
3448 3189 3651 3242 sumus,

2068 3234 2302 3289 nondum
2334 3253 2410 3303 re,
2443 3240 2617 3297 adhuc
2647 3245 2883 3303 futurum
2916 3258 2999 3306 est
3025 3256 3165 3324 quod
3192 3272 3487 3329 Speremus.
3520 3267 3652 3323 Nam
3676 3338 3701 3361 ‘

2071 3323 2174 3361 iam
2203 3327 2441 3361 ιγῖιιηηιηο
2474 3341 2523 3361 Α.
2548 3341 2786 3361 unum..-“
2818 3357 2828 3361 Α
2862 3342 2952 3361 -_a
3111 3346 3125 3361 ι
3460 3356 3474 3361 -

2064 3323 2174 3395 jam
2203 3327 2444 3385 videmus
2473 3341 2527 3388 et
2548 3341 2788 3393 tenemus
2816 3357 2829 3393 :
2860 3342 2954 3398 sed
2983 3346 3219 3403 nondum
3246 3367 3352 3420 res,
3383 3356 3475 3411 sed
3505 3375 3649 3428 spes.

2069 3416 2221 3482 Quod
2257 3420 2389 3473 enim
2428 3423 2560 3479 videt
2591 3429 2722 3496 quis,
2756 3430 2951 3502 inquit,
2984 3439 3109 3507 quid
3143 3416 3352 3511 sperati
3387 3447 3450 3503 Si
3485 3416 3650 3506 autem

2063 3508 2200 3577 quod
2222 3527 2321 3566 non
2357 3512 2579 3570 videmus
2621 3535 2916 3593 speramus,
2942 3544 3031 3596 per
3067 3532 3359 3600 patientiam
3393 3553 3651 3613 exspecta-

2064 3618 2174 3658 mus
2195 3602 2369 3675 (Rom.
2400 3623 2513 3677 νιιι,
2537 3609 2628 3679 2i,
2656 3612 2775 3685 25).
2810 3615 2877 3672 Et
2903 3628 3076 3677 tamen
3118 3627 3246 3681 salvi
3279 3628 3400 3686 facti
3428 3602 3610 3691 sumus
3631 3680 3645 3705 ,

2062 3701 2117 3749 et
2144 3703 2319 3751 tamen
2357 3699 2532 3757 adhuc
2576 3703 2802 3762 salutem
2850 3724 3129 3781 speramus
3167 3727 3222 3773 et
3249 3734 3643 3796 exspectamus,

2062 3784 2297 3840 nondum
2352 3798 2617 3851 tenemus.
2670 3795 2760 3853 Sic
2807 3808 2862 3854 et
2908 3801 3161 3862 Dominus
3218 3808 3492 3883 discipulis
3533 3819 3642 3885 ait,

2063 3873 2248 3930 Omnia
2271 3894 2385 3949 qua
2402 3883 2576 3936 audivi
2599 3901 2631 3938 a
2658 3885 2811 3943 Patre
2848 3908 2974 3958 meo,
3001 3906 3123 3950 nota
3169 3900 3304 3955 vobis
3322 3906 3437 3974 feci.
3459 3906 3510 3961 Si
3541 3908 3644 3965 hoc

2053 3963 2168 4034 jam
2200 3964 2399 4023 factum
2438 3979 2570 4037 erat,
2601 3990 2765 4045 quare
2808 3979 2915 4033 alio
2950 3983 3072 4040 loco
3100 3986 3230 4043 dicit
3270 3963 3374 4047 illis
3404 4012 3417 4048 :
3464 3997 3645 4054 Adhuc

2058 4057 2218 4111 multa
2242 4058 2398 4115 habeo
2435 4063 2573 4118 vobis
2599 4066 2913 4134 dicere;sed
2951 4091 3054 4130 non
3075 4082 3277 4147 potestis
3313 4084 3405 4139 illa
3442 4100 3644 4157 portare

2057 4150 2205 4202 modo
2235 4149 2412 4224 (Joan.
2435 4170 2548 4220 xw,
2575 4158 2715 4231 12)?
2738 4161 2916 4231 Certe,
2943 4166 3127 4224 Omnia
3149 4190 3263 4242 qua:
3279 4149 3452 4234 audiui
3473 4199 3504 4235 a
3534 4181 3642 4238 Pa-

2057 4249 2130 4295 tre
2153 4259 2289 4310 meo,
2315 4255 2433 4299 nota
2472 4249 2606 4311 vobis
2632 4254 2768 4327 feci:
2792 4255 2885 4310 sed
2919 4273 3036 4314 cum
3077 4262 3231 4331 dicit,
3272 4266 3393 4323 Non
3436 4276 3640 4342 potestis

2054 4331 2145 4386 illa
2166 4345 2365 4403 portare
2401 4340 2571 4407 modo,
2594 4352 2649 4398 et
2676 4344 2824 4412 dicit,
2846 4347 3020 4405 Habeo
3043 4355 3177 4411 vobis
3203 4358 3399 4428 dicere;
3422 4331 3598 4421 differt
3621 4410 3635 4432 ,

2055 4438 2159 4477 non
2186 4424 2374 4481 aufert.
2407 4428 2630 4501 Propter
2659 4447 2856 4492 certam
2880 4455 3007 4511 ergo
3028 4458 3176 4515 spem
3198 4489 3212 4513 ,
3241 4451 3363 4520 quia
3379 4424 3508 4509 vsine
3532 4456 3635 4509 du.

2053 4511 2145 4570 bio.
2178 4516 2378 4574 sciebat
2422 4520 2474 4576 id
2512 4538 2572 4579 se
2608 4524 2774 4591 fuisse
2820 4511 3110 4603 facturum,
3138 4511 3275 4608 apud
3320 4542 3465 4599 illum
3515 4556 3633 4603 tan-

2051 4618 2207 4672 quam
2252 4605 2449 4666 t‘actum
2497 4619 2947 4693 computabatur:
2984 4634 3036 4680 et
3075 4605 3195 4689 ideo
3234 4631 3463 4702 dicebat,
3494 4637 3635 4695 Nota

2050 4696 2185 4752 vobis
2211 4700 2328 4768 feci.

2119 4787 2349 4879 CAPUT
2391 4795 2456 4851 γ.
2491 4829 2562 4838 -
2588 4800 2641 4855 6.
2670 4801 2912 4873 £quitas
2935 4807 3031 4864 Dei
3055 4814 3201 4879 cuius
3226 4817 3330 4871 vult
3356 4820 3634 4878 miserentis

2048 4878 2283 4935 credatur
2307 4900 2468 4955 nunc,
2493 4887 2652 4945 donec
2698 4903 2870 4962 postea
2913 4898 3156 4956 videatur.
3193 4904 3413 4977 Signum
3439 4914 3627 4969 crucis.

2051 4969 2306 5036 Quamdiu
2338 4992 2466 5048 ergo
2498 4995 2671 5039 sumus
2697 4985 2750 5038 in
2774 4976 3010 5058 corpore,
3049 4997 3428 5066 peregrinamur
3453 5019 3484 5055 a
3513 5002 3627 5058 Do-

2047 5066 2185 5120 mino
2226 5082 2245 5120 :
2286 5086 2376 5140 per
2404 5070 2559 5140 ﬁdem
2591 5077 2728 5130 enim
2773 5080 3089 5138 ambulamus
3110 5126 3126 5153 ,
3171 5098 3216 5141 et
3250 5106 3350 5144 non
3387 5108 3476 5160 per
3512 5112 3629 5165 spe-

2045 5157 2171 5212 ciem
2200 5159 2283 5229 (11
2308 5160 2425 5219 Cor.
2456 5179 2510 5230 v,
2545 5165 2578 5221 6
2602 5177 2649 5221 et
2677 5169 2755 5241 7).
2786 5169 3049 5238 Quantum
3076 5177 3227 5234 nobis
3249 5157 3442 5249 datur,
3468 5157 3629 5240 fidem

2045 5253 2354 5316 teneamus,
2386 5261 2440 5308 et
2464 5253 2532 5310 de
2551 5255 2755 5326 justitia
2784 5261 2878 5328 Dei
2910 5279 3016 5318 non
3044 5264 3368 5326 dubitemus.
3422 5274 3626 5345 Iniqui-

2045 5344 2205 5394 tatem
2234 5341 2375 5410 apud
2397 5343 2550 5402 illum
2570 5362 2688 5404 esse
2715 5351 2935 5409 omnino
2961 5371 3067 5410 non
3097 5359 3377 5431 credamus
3397 5405 3412 5430 ,
3460 5380 3529 5420 ne
3570 5366 3622 5421 in

2040 5434 2288 5501 magnam
2329 5437 2634 5508 voraginem
2689 5441 2972 5514 impietatis
3019 5451 3315 5516 veniamus.
3387 5455 3453 5510 Et
3501 5472 3622 5512 cum

2040 5521 2277 5592 perlecta
2328 5524 2433 5583 fide
2481 5532 2847 5602 tenuerimus,
2905 5539 3104 5595 nullam
3148 5544 3289 5614 apud
3335 5560 3457 5615 eum
3503 5563 3625 5603 esse

2040 5614 2407 5687 iniquitatem;
2452 5630 2508 5678 et
2534 5624 2577 5679 si
2612 5625 2753 5682 illam
2782 5630 2944 5690 modo
2968 5648 3075 5689 non
3106 5636 3350 5693 videmus
3369 5679 3386 5703 ,
3434 5614 3484 5693 id
3514 5650 3616 5707 est,

2040 5710 2345 5789 aequitatem
2389 5729 2508 5784 qua:
2556 5728 2637 5774 est
2688 5722 2826 5803 apud
2873 5724 3043 5796 ipsum
3090 5744 3101 5778 :
3150 5728 3363 5786 finiatur
3404 5733 3521 5802 via,
3567 5743 3619 5799 ct
