4012 6338
316 332 416 390 181

316 451 598 508 veniamus
653 443 720 499 ad
771 439 1040 513 patriam;
1095 449 1204 489 non
1250 436 1428 502 potest
1466 425 1633 481 videri
1670 433 1906 492 tempore

318 544 484 608 ﬁdei,
543 537 805 594 videbitur
863 542 1102 600 tempore
1148 523 1363 596 speciei.
1426 520 1576 576 Nunc
1626 515 1768 571 enim
1812 527 1909 583 per

319 636 485 692 ﬁdem
517 630 886 692 ambulamus,
924 633 1050 678 tunc
1082 633 1179 690 per
1203 616 1460 687 speciem.
1504 610 1640 679 Quid
1671 615 1784 670 est,
1815 621 1910 675 per

322 722 606 797 speciem?
653 717 924 791 Speciosus
953 714 1120 784 forma
1147 724 1252 782 pra:
1282 705 1402 778 [iliis
1433 703 1694 756 hominum
1735 695 1906 770 (Psal.

323 787 475 883 x-uv,
505 814 589 884 5).
631 787 764 880 Quia
789 809 843 862 in
881 802 1130 876 principio
1171 807 1280 854 erat
1318 794 1563 858 Verbum,
1613 802 1659 846 et
1698 787 1912 844 Verbum

323 915 436 963 erat
461 879 603 975 apud
629 879 790 956 Deum
810 939 824 962 ,
866 905 912 951 et
943 899 1080 947 Deus
1127 899 1232 945 erat
1264 885 1482 942 Verbum
1511 880 1703 955 (Joan.
1742 895 1780 944 ι,
1824 879 1910 947 1).

330 1000 436 1066 Qui
459 968 627 1066 diligit
656 1009 764 1058 me,
793 987 1002 1059 inquit,
1033 981 1276 1038 mandata
1302 993 1413 1032 mea
1438 973 1698 1036 custodit;
1745 978 1792 1024 et
1831 968 1915 1035 qui

327 1063 502 1161 diligit
530 1063 640 1150 me,
670 1082 910 1152 diligetur
935 1093 967 1130 a
995 1075 1152 1129 Patre
1177 1087 1285 1127 meo
1307 1111 1322 1137 ,
1353 1076 1400 1122 et
1425 1082 1514 1138 ego
1543 1063 1752 1134 diligam
1779 1075 1912 1114 eum.

330 1182 404 1238 Et
429 1152 556 1251 quid
580 1177 653 1232 illi
678 1171 868 1229 dabis?
899 1169 963 1224 Et
989 1165 1249 1222 ostendam
1272 1177 1350 1216 me
1369 1161 1536 1229 ipsum
1561 1155 1638 1210 illi
1665 1152 1774 1225 (td.
1798 1167 1914 1215 xiv,

325 1242 460 1345 9η]
481 1272 607 1326 ιιςεο
635 1269 736 1324 erit
761 1263 1002 1336 species,
1044 1256 1255 1330 quando
1297 1253 1454 1326 faciet
1482 1247 1626 1321 quod
1651 1245 1819 1311 dixit,
1851 1242 1919 1296 Et

327 1335 599 1423 ostendam
637 1376 718 1414 me
744 1335 907 1429 ipsum
950 1354 1046 1408 illi.
1099 1350 1175 1406 lbi
1219 1346 1523 1418 aequitatem
1549 1339 1647 1396 Dei
1687 1335 1918 1400 videbis,

330 1458 409 1516 ibi
443 1456 562 1510 sine
590 1427 778 1508 codice
816 1449 868 1502 in
895 1444 1070 1501 Verbo
1111 1443 1275 1511 leges.
1322 1438 1461 1508 Ergo
1485 1447 1607 1489 cum
1632 1427 1923 1486 viderimus

331 1564 460 1605 eum
504 1545 661 1601 sicuti
709 1551 823 1607 est,
873 1539 984 1609 jam
1029 1534 1254 1592 transiet
1295 1525 1650 1601 peregrinatio
1697 1529 1920 1577 nostra:

334 1648 530 1712 postea
584 1649 714 1690 vero
762 1629 1110 1702 gaudebimus
1159 1622 1352 1694 gaudio
1397 1617 1745 1688 Angelorum.
1798 1611 1926 1666 Ilaec

336 1702 484 1786 enim
531 1728 656 1793 via,
711 1723 838 1794 quid
889 1720 1017 1776 est?
1067 1716 1225 1772 Fides
1273 1718 1356 1769 est
1383 1712 1422 1765 ⁸.
1487 1710 1714 1778 Propter
1765 1702 1924 1759 ﬁdem

343 1832 495 1878 tuam
546 1819 716 1875 factus
761 1823 846 1870 est
888 1810 1144 1868 deformis
1188 1805 1431 1863 Christus
1455 1844 1470 1868 ,
1523 1806 1705 1856 manet
1749 1803 1927 1850 autem

339 1914 629 1985 speciosus
655 1908 915 1964 Christus.
971 1901 1241 1973 Speciosus
1270 1901 1433 1969 forma
1475 1907 1581 1965 prta
1615 1887 1736 1960 ﬁliis
1761 1886 1928 1940 homi-

343 2023 471 2060 num
498 2001 768 2058 videbitur
796 2005 918 2068 post
946 1989 1447 2064 peregrinationem.

418 2095 648 2153 CAPUT
674 2093 764 2150 v1.
797 2066 868 2133 L—
911 2087 1067 2144 Modo
1107 2093 1284 2139 autem
1327 2078 1432 2134 ﬁde
1473 2073 1646 2147 qualis
1678 2066 1932 2126 videtur?

348 2191 423 2246 Et
459 2189 680 2244 vidimus
703 2201 852 2250 eum,
901 2189 1076 2235 etnon
1115 2174 1324 2230 habebat
1356 2169 1570 2241 speciem
1595 2179 1752 2235 neque
1783 2161 1932 2216 deco-

342 2300 453 2338 rem
501 2298 520 2336 :
567 2279 656 2335 sed
698 2279 864 2332 vultus
904 2274 1013 2345 ejus
1059 2271 1317 2341 abjectus,
1366 2273 1414 2325 et
1465 2258 1707 2331 deformis
1752 2253 1933 2328 positio

346 2378 494 2447 ejus,
533 2373 638 2426 hoc
660 2378 743 2426 est
768 2367 942 2422 virtus
967 2363 1082 2433 ejus
1110 2379 1123 2415 :
1156 2359 1418 2428 despectus
1444 2361 1490 2407 et
1519 2349 1761 2422 deformis
1792 2345 1932 2416 posi-

342 2435 416 2521 tio
444 2467 554 2538 ejus
581 2465 628 2528 ',
666 2462 814 2513 homo
840 2459 894 2511 in
921 2455 1074 2525 plaga
1099 2449 1293 2523 positus
1312 2488 1327 2512 ,
1361 2455 1408 2500 et
1431 2444 1598 2500 sciens
1627 2440 1761 2510 ferre
1787 2435 1935 2505 inﬁr—

344 2529 550 2612 initdtes
583 2552 733 2624 (lsai.
758 2565 870 2614 Lm,
900 2547 956 2613 2,
979 2545 1056 2618 5).
1082 2539 1398 2598 Deformitas
1418 2532 1617 2592 Christi
1643 2540 1694 2586 te
1721 2529 1934 2584 format.

344 2649 451 2706 Ille
501 2646 648 2703 enim
700 2643 744 2699 si
797 2639 1052 2697 deformis
1097 2649 1220 2690 esse
1263 2631 1555 2696 noluisset,
1607 2635 1664 2681 tu
1712 2624 1935 2678 formam

347 2756 514 2812 quam
565 2733 842 2808 perdidisti
885 2745 990 2785 non
1035 2726 1354 2796 recepisses.
1406 2718 1676 2776 Pendcbat
1713 2727 1842 2783 ergo
1885 2711 1938 2765 in

344 2802 516 2892 cruce
559 2802 816 2886 deformis
863 2843 876 2879 :
928 2822 1021 2878 sed
1069 2817 1380 2875 deformitas
1419 2812 1559 2868 illius
1603 2802 1944 2879 pulchritudo

350 2935 540 2982 nostra
586 2930 722 2978 erat.
781 2919 839 2973 In
884 2916 984 2970 hac
1025 2927 1151 2981 ergo
1191 2909 1298 2963 vita
1343 2903 1638 2960 deformem
1671 2896 1941 2952 Christum

350 3029 657 3075 teneamus.
691 3011 827 3080 Quid
853 3017 968 3072 est,
994 3003 1289 3061 deformem
1318 2993 1622 3054 Christum?
1655 2990 1795 3044 Absit
1821 2986 1944 3042 mihi

348 3109 604 3182 gloriari,
633 3106 731 3158 nisi
758 3104 810 3156 in
836 3115 980 3154 cruce
1007 3093 1213 3150 Domini
1251 3089 1408 3145 nostri
1440 3085 1474 3140 Ι
1479 3101 1566 3141 esu
1604 3081 1822 3145 Christi,
1857 3093 1948 3148 per

348 3168 502 3272 quem
555 3168 678 3250 mihi
736 3190 954 3245 mundus
1014 3183 1287 3253 crucifixus
1349 3187 1460 3244 est,
1520 3183 1565 3230 et
1615 3187 1704 3244 ego
1758 3168 1946 3223 mundo

359 3260 567 3362 lGalat.
599 3303 671 3340 vi.
700 3284 812 3356 14).
865 3281 988 3336 Haec
1033 3285 1115 3332 est
1157 3271 1473 3329 deformitas
1514 3264 1730 3322 Christi.
1780 3260 1946 3316 Num-

355 3380 491 3453 quid
523 3378 634 3434 dixi
665 3391 752 3431 me
781 3369 978 3442 aliquid
1008 3368 1148 3423 scire
1177 3365 1230 3420 in
1255 3361 1406 3418 vobis
1426 3401 1442 3425 ,
1467 3357 1570 3413 nisi
1605 3351 1784 3410 viam?
1821 3350 1948 3406 Hine

352 3484 444 3528 est
483 3472 570 3524 via
600 3511 614 3534 ,
663 3441 882 3522 credere
923 3462 973 3516 in
1018 3455 1351 3515 cruciﬁxum.
1395 3449 1562 3520 Hujus
1599 3441 1950 3502 deformitatis

357 3565 578 3634 signum
628 3559 682 3613 in
737 3556 910 3611 fronte
961 3558 1235 3623 portamus
1283 3561 1298 3599 :
1347 3543 1416 3598 de
1467 3541 1568 3596 ista
1615 3533 1951 3592 deformitate

357 3653 565 3710 Christi
598 3665 705 3705 non
735 3647 1135 3703 erubescamus.
1183 3637 1332 3692 Hanc
1364 3633 1502 3687 viam
1545 3639 1853 3690 teneamus,
1895 3630 1952 3678 et

361 3748 434 3801 ad
494 3743 729 3814 speciem
791 3734 1187 3809 perveniemus.
1252 3727 1387 3782 Cum
1433 3718 1834 3795 pervenerimus
1882 3713 1951 3768 ad

363 3810 640 3907 speciem,
686 3829 990 3902 arquitatent
1035 3823 1129 3880 Dei
1181 3819 1482 3875 videbimus
1531 3831 1544 3866 :
1597 3821 1650 3866 et
1693 3810 1804 3880 jam
1844 3820 1950 3861 non

363 3897 473 3985 erit
505 3927 577 3982 ibi
617 3897 832 3988 atcue,
862 3920 1037 3988 Quare
1073 3915 1197 3970 huic
1222 3908 1500 3972 subvenit,
1551 3914 1604 3960 et
1638 3902 1762 3956 huic
1800 3897 1951 3954 non?

365 4034 538 4091 quare
565 4018 666 4071 iste
692 4013 950 4069 adductus
975 4019 1058 4064 est
1083 4021 1110 4060 a
1142 4000 1528 4076 gubernatione
1552 3995 1668 4061 Dei,
1700 4000 1762 4048 ut
1788 3989 1955 4060 bapti-

368 4121 622 4176 zaretur;
669 4109 757 4163 ille
782 4116 958 4160 autem
990 4116 1110 4157 eum
1138 4099 1275 4154 bene
1300 4091 1712 4150 catechumenus
1738 4083 1949 4149 vixerit,

370 4205 550 4261 subita
597 4202 749 4256 ruina
798 4204 1038 4253 mortuus
1083 4202 1200 4258 est,
1260 4197 1314 4244 et
1363 4186 1430 4242 ad
1477 4183 1804 4253 Baptismum
1847 4190 1954 4231 non

373 4293 663 4368 pervenit?
705 4291 794 4346 ille
840 4296 1019 4343 autem
1073 4297 1195 4339 cum
1244 4279 1503 4336 scelerate
1553 4270 1782 4335 vixerit,
1833 4281 1953 4322 cum

374 4386 707 4450 luxuriosus,
737 4395 857 4436 cum
885 4375 1158 4439 moechus,
1188 4385 1308 4428 cum
1338 4367 1580 4425 scenicos
1600 4405 1615 4430 ,
1646 4377 1766 4418 cum
1795 4373 1957 4414 vena-

376 4489 494 4546 tor,
533 4472 808 4546 :rgrotavit
832 4513 847 4538 ,
881 4468 1177 4539 baptizatus
1206 4471 1320 4531 est,
1361 4457 1639 4521 discessit,
1672 4458 1955 4523 peccatum

373 4573 432 4626 in
474 4583 542 4625 eo
583 4539 883 4622 convictum
922 4569 1038 4627 est,
1083 4565 1359 4629 peccatum
1388 4552 1441 4605 in
1473 4564 1540 4605 eo
1571 4547 1804 4602 deletum
1837 4539 1956 4597 est?

371 4662 570 4727 Quaere
610 4655 842 4721 merita;
879 4667 987 4707 non
1029 4647 1300 4712 invenies,
1331 4643 1432 4698 nisi
1462 4652 1675 4712 poenam
1719 4654 1734 4690 :
1779 4645 1958 4704 qurere

368 4723 642 4823 gratiam;
690 4747 736 4802 0
763 4742 978 4800 altitudo
1005 4735 1329 4794 divitiarum!
1374 4733 1565 4788 Petrus
1588 4735 1778 4798 negat,
1823 4723 1960 4777 latro

373 4843 580 4907 credit,
612 4839 658 4893 0
687 4835 902 4892 altitudo
932 4827 1264 4887 divitiarum!

445 4936 500 4988 7.
532 4931 742 4986 Judicia
767 4927 863 4981 Dei
890 4927 944 4980 in
972 4921 1208 4995 mysterio
1235 4917 1430 4990 gratiis,
1464 4929 1568 4967 non
1593 4911 1787 4966 ratione
1813 4921 1963 4961 scru-

376 5026 564 5090 tanda,
600 5022 690 5078 sed
729 5018 1063 5076 admiratione
1106 5009 1470 5084 prosequenda.
1519 5007 1630 5060 Hoc
1671 5017 1768 5057 nos
1805 5007 1960 5069 putas

374 5117 704 5192 perscrutari
747 5127 940 5186 posse,
971 5107 1111 5180 quod
1162 5103 1446 5176 Apostolus
1485 5099 1670 5153 beatus
1721 5090 1962 5161 expavit?

376 5181 456 5268 lit,
487 5225 609 5266 cum
662 5181 862 5261 tantam
907 5197 1316 5273 profunditatem
1355 5201 1406 5248 et
1431 5187 1762 5244 altitudinem
1796 5181 1963 5250 inspi-

377 5305 526 5360 ciens
565 5271 1031 5357 contremisceret,
1063 5285 1406 5349 exclamavit,
1434 5279 1479 5335 Ο
1515 5275 1726 5333 altitudo
1767 5271 1964 5326 divitia-

378 5413 494 5452 rum
531 5393 796 5464 sapientite
833 5397 880 5444 et
908 5385 1130 5441 scientia:
1160 5379 1286 5435 Dei!

447 5551 464 5583 ι
480 5558 580 5598 Am.
594 5554 669 5598 Er.
689 5552 743 5596 et
756 5551 860 5594 Mss.
881 5556 894 5592 :
915 5549 1029 5591 meo
1047 5535 1174 5588 enim
1196 5532 1245 5584 in
1374 5526 1494 5598 Quid
1513 5531 1583 5598 est
1599 5487 1962 5598 fidegest.

448 5585 1192 5673 ,ιῖῦὸᾷἳόἱνδῖὲέίίὶιξὶἐώᾰξο
1222 5585 1466 5673 γιξὼειξῇῐι
1508 5590 1614 5673 aliis
1639 5586 1783 5673 editis
1825 5585 1966 5673 e't'lin

384 5643 1345 5733 mau't'iit’é‘ipﬁ'i-éﬁeﬁiﬁiteé'ésfvii-pe
1373 5643 1477 5718 ejus
1491 5651 1788 5733 Indespectu's
1816 5651 1861 5694 et
1886 5643 1968 5714 de-

387 5707 878 5796 pelli-tibicina.-
891 5707 1246 5796 fului-{ium
1269 5707 1451 5780 Florus,
1487 5713 1564 5766 hic
1599 5707 1667 5764 est
1689 5707 1842 5760 vultus
1864 5707 1968 5770 ejus

423 5785 635 5857 asperius
652 5798 696 5845 et
712 5785 940 5855 (ἱεΪοηὼ
962 5785 1130 5852 positio
1149 5797 1269 5842 eius.

1641 300 1872 359 SERMO
1910 295 2147 353 XXVIII.

3489 281 3594 339 l8‘2

2083 412 2310 471 CAPUT
2340 411 2449 469 vn.
2497 406 2636 480 Quid
2673 370 2818 467 eius
2860 406 3067 464 dixerat
3103 411 3267 471 ante,
3313 408 3373 458 ut
3407 400 3473 457 ad
3501 417 3598 457 ex-

2012 507 2380 563 clamationem
2425 504 2560 558 hanc
2587 501 2828 560 veniret?
2856 500 2988 556 Rem
3017 496 3252 562 dixerat,
3295 494 3386 550 ubi
3417 493 3462 549 si
3490 507 3597 547 non

2013 597 2262 655 credatur
2299 597 2441 659 Deo,
2491 594 2614 666 quia
2645 608 2754 648 non
2791 599 2874 648 est
2914 588 3162 659 iniquitas
3203 585 3343 657 apud
3389 583 3596 651 Deum,

2015 689 2195 759 iniqua
2236 686 2557 758 judicabitur
2607 686 2646 737 ⁸.
2693 683 2951 740 Gentibus
2976 679 3216 744 dicebat,
3246 676 3489 732 ﬁdelibus
3517 673 3600 730 di-

2015 785 2171 840 cebat
2197 782 2264 838 de
2301 781 2502 838 iudicis
2532 797 2546 836 :
2577 779 2722 836 Sicut
2760 795 2876 843 vos,
2915 775 3123 847 inquit,
3174 789 3275 827 non
3322 769 3601 825 credidistis

2017 874 2161 943 Deo,
2214 891 2348 929 nunc
2385 881 2550 926 autem
2597 869 2990 927 misericordium
3030 864 3282 921 consecuti
3320 863 3438 919 estis
3478 859 3602 915 illo-

2017 983 2132 1023 rum
2173 963 2524 1021 incredulitate
2566 977 2584 1016 :
2623 962 2695 1016 sic
2738 968 2783 1014 et
2813 957 3011 1014 hi'non
3058 955 3376 1012 crediderunt
3421 952 3475 1005 in
3517 967 3602 1005 ve-

2020 1066 2176 1112 stram
2219 1054 2647 1118 misericordiam,
2694 1058 2747 1104 ut
2783 1057 2830 1103 et
2861 1048 2957 1119 ipsi
3006 1044 3397 1100 iiiiseiicordiam
3425 1057 3602 1095 conse-

2020 1156 2258 1218 quantur.
2291 1144 2545 1200 Conclusit
2572 1143 2706 1197 enim
2742 1156 2912 1195 omnes
2942 1137 3083 1194 Deus
3125 1137 3178 1191 in
3225 1133 3604 1197 incredulitate,
3642 1151 3646 1156 τ

2021 1248 2077 1293 ut
2120 1237 2344 1292 omnium
2390 1235 2702 1290 misereatur.
2755 1231 2940 1303 (Rom.
2995 1245 3087 1295 xi,
3141 1227 3249 1295 50,
3304 1223 3608 1295 etc.)l-linc

2024 1339 2208 1401 postea
2246 1327 2440 1383 Paulus
2469 1325 2620 1381 dixit.
2666 1323 2735 1379 Et
2759 1339 2878 1394 quae
2924 1321 3025 1377 ista
3069 1303 3205 1374 ratio
3232 1325 3314 1372 est
3343 1314 3609 1386 aequitatis

2029 1429 2084 1477 et
2125 1419 2345 1491 justitiai
2375 1418 2504 1480 Dei,
2553 1413 2871 1471 concludere
2898 1425 3086 1468 omnes
3117 1409 3170 1464 in
3217 1405 3606 1468 incredulitate,

2027 1521 2087 1568 ut
2123 1511 2359 1566 omnium
2404 1506 2757 1564 misereatur?
2807 1502 3013 1573 Quaeris
3061 1509 3116 1556 tu
3158 1499 3457 1562 rationem,
3508 1511 3608 1566 ego

2028 1615 2324 1673 expavesco
2349 1598 2702 1656 altitudinem.
2750 1594 2794 1650 0
2823 1592 3038 1650 altitudo
3078 1591 3369 1645 divitiarum
3405 1587 3610 1658 sapien-

2031 1697 2115 1752 tite
2150 1705 2198 1751 et
2233 1692 2455 1749 scientiae
2481 1690 2616 1746 Dei!
2661 1689 2743 1744 Tit
2784 1685 3134 1751 ratiocinare,
3178 1696 3278 1753 ego
3303 1680 3504 1744 mirer;
3556 1685 3612 1732 tu

2031 1789 2240 1858 disputa
2262 1827 2276 1852 ,
2307 1800 2409 1856 ego
2432 1782 2645 1839 credam
2670 1797 2685 1844 ;
2715 1778 3046 1836 altitudinem
3077 1774 3266 1839 video,
3300 1771 3365 1828 ad
3396 1769 3613 1841 profun-

2035 1879 2161 1938 dum
2207 1892 2315 1933 non
2362 1873 2634 1944 pervenio.
2687 1872 2732 1926 0
2775 1868 2988 1925 altitudo
3017 1866 3305 1920 divitiarum
3352 1861 3612 1932 sapientiai

2031 1981 2078 2028 et
2103 1972 2327 2027 scientiae
2353 1968 2450 2023 Dei
2472 1967 2491 2021 !
2543 1981 2692 2036 quam
2721 1961 3066 2018 inscrutabilia
3092 1966 3210 2014 sunt
3249 1955 3447 2030 judicia
3478 1952 3610 2022 ejus,

2033 2073 2080 2118 et
2117 2059 2483 2131 investigabiles
2519 2057 2614 2112 viae
2657 2054 2810 2122 eius!
2856 2053 3018 2108 Forte
3057 2048 3396 2119 expositurus
3438 2051 3522 2100 est
3544 2042 3614 2096 "l

2037 2153 2160 2220 Quis
2188 2152 2322 2206 enim
2351 2148 2581 2221 cognovit
2609 2161 2808 2202 sensum
2839 2141 3044 2197 Domini
3066 2140 3132 2193 ³2
3179 2145 3264 2191 aut
3301 2135 3412 2206 quis
3451 2133 3616 2188 consi-

2036 2246 2212 2301 liarius
2241 2244 2352 2314 ejus
2395 2240 2537 2310 fuit?
2574 2246 2662 2291 aut
2703 2236 2814 2307 quis
2843 2235 2982 2306 prior
3024 2230 3162 2286 dedit
3213 2229 3324 2295 illi,
3375 2234 3423 2280 et
3471 2225 3618 2279 retri-

2036 2336 2212 2392 buetur
2254 2333 2344 2388 ei?
2389 2331 2640 2398 Quoniam
2688 2344 2752 2382 ea:
2800 2327 2946 2397 ipso,
2996 2331 3042 2378 et
3096 2338 3184 2392 per
3223 2321 3424 2392 ipsum,
3476 2325 3521 2372 et
3564 2317 3619 2371 in

2036 2429 2146 2500 ipso
2191 2434 2310 2482 sunt
2363 2424 2563 2487 omnia;
2616 2421 2716 2491 ipsi
2775 2418 2939 2490 gloria
2982 2417 3034 2470 in
3087 2413 3272 2470 stecula
3318 2410 3619 2467 saeculorum

2039 2521 2151 2593 (Id.
2183 2516 2405 2588 55-56).
2441 2513 2740 2586 Requievit,
2770 2511 2893 2581 quia
2920 2507 3119 2564 invenit
3141 2501 3617 2560 admirationem‘:

2041 2627 2198 2670 nemo
2233 2618 2436 2682 quierat
2477 2623 2508 2662 a
2540 2621 2625 2661 me
2659 2603 2985 2660 occultorum
3017 2600 3298 2654 rationem.
3332 2595 3422 2650 Ille
3451 2593 3622 2660 dicit,

2040 2702 2401 2760 Inscrutabilia
2428 2710 2545 2755 sunt
2576 2698 2776 2769 judicia
2806 2696 2947 2765 ejus;
2976 2704 3032 2748 et
3062 2702 3114 2746 tu
3141 2689 3365 2746 serutari
3390 2687 3620 2746 venisti?

2043 2799 2136 2856 Ille
2163 2798 2330 2864 dicit,
2367 2791 2747 2864 Inres‘gabiles
2775 2797 2890 2844 sunt
2917 2787 3012 2842 vite
3049 2785 3199 2854 ejus;
3237 2791 3291 2838 et
3318 2788 3376 2835 tu
3402 2780 3621 2834 investi-

2042 2906 2170 2964 gare
2212 2888 2449 2946 venisti?
2499 2885 2554 2941 Si
2602 2880 2964 2938 inscrutabilia
3017 2876 3244 2933 scrutari
3291 2871 3522 2938 venisti,
3570 2879 3624 2925 et

2045 2963 2428 3053 investigabilia
2454 2976 2772 3045 investigare
2795 2970 3018 3035 venisti;
3041 2968 3221 3032 crede,
3246 2967 3354 3037 jam
3378 2963 3637 3036 peristi'.-

2046 3075 2176 3130 Tale
2212 3081 2296 3128 est
2323 3069 2463 3126 velle
2490 3065 2714 3123 scrutari
2742 3059 3108 3119 inscrutabilia
3148 3066 3204 3114 et
3244 3053 3627 3126 investigabilia

2047 3165 2402 3236 investigare,
2450 3159 2606 3231 quale
2635 3165 2717 3214 est
2743 3155 2879 3211 velle
2916 3150 3199 3208 invisibilia
3226 3148 3405 3225 videre
3448 3153 3502 3202 et
3539 3146 3624 3198 in-

2049 3259 2282 3316 effabilia
2311 3256 2432 3311 fari.
2465 3255 2607 3324 Ergo
2635 3249 2927 3306 aediﬁcetur
2953 3245 3144 3301 domus
3175 3259 3188 3297 :
3219 3255 3340 3298 cum
3365 3251 3628 3310 pervene-

2049 3353 2120 3408 rit
2147 3350 2213 3405 ad
2243 3346 2664 3409 dedicationem,
2708 3349 2833 3396 tunc
2867 3339 3091 3392 fortasse
3134 3332 3368 3388 inveniet
3405 3330 3627 3387 istorum

2050 3443 2379 3500 occultorum
2405 3435 2793 3510 apertissimam
2820 3431 3104 3486 rationem.

2525 3565 2751 3641 $ERMO
2787 3558 3005 3618 XXVIII
3028 3563 3043 3584 ⁶
3064 3559 3158 3629 (a).

2053 3665 2132 3721 De
2159 3662 2402 3720 versiculo
2438 3661 2473 3716 5
2513 3657 2706 3712 Psalmi
2730 3649 2838 3722 Civ,
2881 3653 3117 3708 Laetetur
3153 3665 3248 3705 cor
3279 3647 3632 3718 quierantium

2635 3748 2920 3803 Dominum
2953 3743 3051 3816 (b).

2129 3872 2180 3925 I.
2225 3866 2525 3922 Laztandum
2573 3861 2723 3917 corde
2767 3863 2820 3914 in
2861 3857 2992 3913 Deo.
3056 3856 3135 3911 Ex
3193 3853 3438 3910 omnibus
3493 3852 3632 3908 divi-

2056 3962 2140 4017 nis
2168 3957 2392 4029 eloquiis
2435 3955 2558 4010 hinc
2585 3953 2762 4025 potius
2807 3949 3092 4020 adjuvante
3121 3945 3346 4001 Domino
3401 3943 3638 3999 dissera-

2056 4070 2213 4119 mus,
2254 4051 2396 4122 quod
2425 4049 2670 4104 ultimum
2711 4043 3053 4100 audivimus:
3095 4039 3314 4094 Laztetur
3364 4054 3452 4092 cor
3501 4051 3643 4107 qua:-

2057 4147 2276 4204 rentium
2305 4141 2598 4196 Dominum.
2649 4137 2958 4208 Opportune
2991 4147 3218 4202 namque
3248 4130 3409 4186 etiam
3437 4129 3642 4185 ventri-

2059 4240 2159 4296 bus
2191 4234 2359 4308 jejuni
2387 4247 2588 4288 sumus.
2621 4228 2910 4284 Lretabitur
2955 4239 3048 4280 cor
3084 4232 3354 4289 nostrum,
3404 4222 3450 4276 si
3495 4235 3646 4275 men-

2061 4329 2203 4384 tibus
2244 4324 2560 4381 csuriamus.
2593 4321 2725 4377 Cum
2773 4318 2946 4388 aliqua
2985 4315 3168 4370 suavia
3209 4320 3548 4384 apponuntur
3593 4312 3646 4365 in

2063 4419 2233 4490 epulis
2263 4415 2480 4478 nostris,
2511 4414 2757 4468 laitantur
2785 4408 2962 4464 fauces
2989 4405 3341 4478 qurercntium
3387 4403 3564 4459 cibum
3592 4402 3646 4456 σε

2061 4528 2182 4570 cum
2233 4509 2380 4566 varie
2435 4506 2669 4562 colorata
2711 4501 3010 4571 blandeque
3052 4498 3264 4568 depicta
3310 4503 3650 4566 apponuntur

2126 4669 2143 4701 ι
2168 4667 2240 4716 sic
2260 4672 2366 4714 MSS.
2389 4661 2506 4711 Editi
2521 4671 2660 4719 vero,
2684 4654 2910 4720 iniquitas
2923 4653 3246 4720 judicabitur.

2124 4731 2146 4761 ²
2169 4715 2241 4777 Sic
2261 4734 2366 4776 Mss.
2393 4731 2448 4773 At
2469 4723 2606 4782 editi,
2627 4715 2931 4784 expositurus
2949 4730 3000 4784 es
3017 4715 3042 4766 ?

2127 4793 2148 4855 ξ
2171 4790 2393 4850 Plerique
2413 4794 2549 4855 Mss,
2560 4778 2766 4855 mentem
2785 4778 2994 4851 ‘Domini.

2127 4853 2149 4884 ι
2171 4833 2568 4911 ὀιιξέξὶῖὲιιαίεύίι
2587 4882 2600 4906 ,
2628 4841 2741 4908 quia
2778 4841 2950 4893 invenit
2965 4876 2978 4902 ,
3016 4837 3130 4902 quia
3164 4837 3340 4888 invenit
3373 4833 3654 4886 admiratio-

2063 4927 2172 4966 nent
2178 4952 2189 4965 .

2129 4963 2150 5011 ε
2177 4963 2274 5025 itm.
2300 4980 2373 5022 Er.
2401 4976 2452 5020 et
2471 4977 2579 5020 Mss.
2601 4981 2614 5018 ι
2641 4966 2805 5026 crede,
2825 4978 2938 5015 nam
2960 4963 3142 5028 peristi.

2131 5041 2241 5087 6sic
2281 5020 2556 5106 legendum
2585 5044 2645 5106 ex
2685 5020 2969 5102 auctoritate
3360 5020 3654 5085 [Opportune

2066 5085 2270 5164 namque
2280 5085 2431 5164 etiam
2453 5091 2689 5164 vetui-ibus
2703 5090 2998 5164 jejmtamus.
3026 5085 3276 5164 Laetabitur
3299 5095 3382 5133 cor
3417 5090 3650 5155 nostrum,

2065 5162 2111 5215 si
2128 5143 2360 5212 me'ntibus
2370 5143 2662 5208 esuriamus.
2687 5143 2850 5216 ieiuni
2866 5163 3044 5208 sumus,
3065 5159 3176 5216 eum
3198 5143 3361 5209 aliqua
3387 5145 3554 5215 suavia
3571 5159 3656 5216 ap-

2068 5205 2550 5289 ibiiiiiu'r'ihepuus
2583 5205 2774 5276 nostris,
2799 5205 3218 5272 lwtantitr'fauccs
3241 5205 3557 5271 (tumentium
3588 5205 3653 5256 ci-

2069 5287 2218 5347 bum]

2132 5370 2151 5387 ¹
2174 5365 2414 5415 Sermonis
2434 5362 2495 5412 28
2518 5358 2799 5422 exemplum
2817 5355 2942 5405 aliud
2959 5354 3126 5422 purius
3142 5350 3358 5402 absoluta
3372 5353 3473 5422 jam
3498 5359 3682 5404 nostra,

2069 5431 2158 5480 hac
2174 5429 2385 5478 editione
2407 5415 2696 5485 accepimus;
2710 5415 2997 5485 perhumano
3013 5415 3181 5466 codice
3197 5422 3290 5475 est,
3309 5415 3443 5476 cujus
3459 5415 3662 5464 auctori-

2069 5500 2171 5543 tate
2197 5491 2296 5540 loci
2321 5482 2926 5552 plurima'emendavimus.

2155 5576 2206 5637 (ι)
2232 5573 2370 5632 Alias,
2393 5573 2422 5621 7
2449 5570 2686 5620 editorum
2710 5579 2776 5637 ex
2797 5562 3056 5637 Carthasim
3079 5569 3184 5632 Mss.

2159 5618 2206 5700 ἰή
2230 5618 2370 5685 qui'c’
2393 5618 2668 5700 sermonem
2684 5635 2835 5700 _notat
2865 5624 3100 5697 tfossidius
3115 5624 3170 5695 in
3205 5618 3412 5700 lndiculo
3431 5654 3446 5678 ,
3471 5618 3631 5700 δίψης)
3649 5653 3662 5672 ,

2072 5679 2153 5750 his
2170 5679 2362 5749 v'erhis:
2395 5679 2526 5743 uilior
2545 5692 2781 5754 jejuuitun
2803 5686 3220 5749 Quinqttagesimm
3242 5682 3305 5731 de
3329 5695 3475 5732 versu
3501 5679 3675 5732 t‘sahni

2073 5780 2165 5826 etv,
2191 5765 2387 5811 Lattctur
2410 5769 2548 5834 cor,»
2582 5762 2676 5803 etc.
