3994 6454
436 325 540 384 {83

428 442 731 515 aspectibus
765 440 960 496 nostris
983 481 998 508 ,
1046 439 1292 495 tutantur
1330 433 1468 491 oculi
1511 433 1862 506 qumreutium
1907 432 2004 487 ali-

367 562 374 574 ·
426 534 554 605 quid
580 533 762 590 videre
795 532 1114 588 luminosum
1146 548 1159 583 :
1191 529 1437 583 laetantur
1465 541 1620 582 aures
1647 527 2002 597 quaerentium

323 605 326 607 Δ
427 635 644 681 cantum
674 644 688 682 :
734 626 942 679 lmtatur
988 621 1212 677 olfactus
1249 619 1598 690 quterentium
1627 618 1845 686 odorem
1878 632 2002 689 gra-

424 726 560 771 tum.
601 715 742 786 ΕιἙο
762 757 778 783 ,
815 713 1033 768 Laetetur
1061 728 1148 766 cor
1175 710 1502 782 qumentium
1526 709 1820 762 Dominum.

494 805 549 860 2.
599 805 738 860 Deus
784 804 922 858 cordi
968 802 1058 857 lux
1105 811 1151 856 et
1180 801 1305 856 odor
1351 811 1399 854 et
1449 800 1605 855 cibus.
1661 798 1813 854 Cibus
1863 815 2002 853 men-

422 894 490 952 tis
542 896 771 966 reficiens
832 909 921 947 nec
973 892 1227 962 deﬁciens.
1299 891 1491 946 Procul
1547 889 1710 946 dubio
1769 889 1996 960 singula,

420 1001 541 1059 qua:
584 985 902 1041 exhibentur
943 983 1167 1039 diversis
1209 982 1452 1038 sensibus
1491 981 1713 1048 nostris,
1762 980 2000 1050 singulos

420 1089 610 1132 sensus
660 1073 946 1129 delectant.
1012 1072 1195 1144 Neque
1241 1073 1385 1128 enim
1429 1071 1512 1128 vel
1559 1085 1722 1128 sonus
1771 1071 1999 1126 delectat

354 1161 372 1247 ,ι’
418 1174 729 1237 aspectum,
775 1165 860 1220 vel
904 1165 1053 1220 color
1093 1164 1356 1220 auditum.
1396 1162 1558 1219 Cordi
1598 1172 1775 1218 autem
1813 1171 1997 1218 nostro

415 1257 674 1313 Dominus
712 1265 767 1311 et
799 1257 891 1319 lux
932 1264 1051 1324 est,
1097 1265 1153 1312 et
1195 1271 1300 1312 vox
1343 1257 1494 1321 est‘,
1539 1264 1592 1310 et
1618 1254 1750 1310 odor
1777 1261 1900 1322 est,
1942 1261 1998 1308 et

416 1348 569 1404 cibus
598 1356 680 1404 est
712 1365 723 1401 :
755 1357 810 1403 et
837 1347 960 1402 ideo
993 1348 1172 1402 omnia
1199 1355 1300 1414 est,
1346 1347 1469 1417 quia
1496 1346 1627 1400 nihil
1655 1345 1844 1400 borum
1871 1352 1990 1411 est;

415 1449 469 1495 et
501 1439 622 1494 ideo
649 1437 890 1508 nihilest
916 1438 1132 1505 horum,
1163 1439 1281 1508 quia
1310 1437 1498 1491 horum
1524 1435 1761 1491 omnium
1785 1445 1996 1490 creator

413 1537 519 1585 est.
564 1529 663 1584 Est
688 1529 869 1583 lumen
895 1528 1040 1583 cordi
1071 1535 1280 1594 nostr-0,
1307 1513 1392 1581 cui
1416 1525 1640 1580 dicimus
1670 1543 1684 1579 :
1714 1523 1781 1579 In
1806 1525 1996 1580 lumine

412 1631 500 1674 tuo
543 1619 815 1673 videbimus
865 1617 1034 1672 lumen
1084 1617 1262 1688 (Psal.
1313 1632 1480 1683 xxxv,
1512 1616 1635 1689 10).
1692 1617 1789 1671 Est
1829 1631 1994 1672 sonus

412 1709 566 1766 cordi
595 1718 777 1765 nostro
814 1709 896 1764 cui
932 1708 1158 1763 dicimus
1185 1725 1199 1761 :
1230 1708 1439 1762 Auditui
1466 1724 1575 1762 ntro
1603 1707 1995 1763 dabisexsulta-
2023 1751 2026 1753 λ
2099 1716 2114 1766 ῑ

416 1803 604 1857 tionem
627 1810 673 1856 et
697 1800 921 1855 lwtitiam
945 1796 1115 1872 (Psal.
1140 1814 1191 1867 ι,
1212 1798 1321 1870 10).
1345 1798 1439 1853 Est
1458 1798 1592 1854 odor
1609 1799 1756 1854 cordi
1784 1807 1988 1867 nostro,

416 1889 488 1946 d’e
519 1905 624 1961 quo
649 1888 841 1944 dicitur
873 1906 886 1942 :
918 1887 1104 1943 Christi
1135 1889 1291 1942 bonus
1320 1887 1446 1942 odor
1486 1903 1660 1943 sumus
1690 1887 1760 1962 (ιι
1784 1888 1910 1947 Cor.
1929 1905 1986 1954 ιι,

412 1981 532 2054 15).
558 1983 622 2039 Si
638 1991 814 2038 autem
842 1981 1027 2038 cibum
1045 1981 1318 2051 quaeritis,
1357 1981 1488 2051 quia
1505 1980 1757 2050 jejunatis
1789 1998 1803 2032 :
1845 1980 1990 2034 Beati

408 2076 500 2147 qui
527 2076 751 2131 esuriant
781 2083 827 2130 et
853 2074 1028 2130 sitiunt
1050 2073 1306 2144 justitiam
1334 2071 1546 2145 (Matth.
1578 2087 1631 2140 v,
1663 2072 1740 2144 6).
1771 2072 1845 2127 De
1874 2073 1989 2142 ipso

407 2177 589 2228 autem
619 2168 841 2224 Domino
883 2166 1010 2224 Jesu
1033 2165 1250 2223 Christo
1291 2165 1490 2222 dictum
1529 2172 1613 2221 est
1657 2167 1780 2236 quia
1825 2169 1988 2238 factus

408 2267 486 2316 est
531 2260 671 2314 nobis
711 2259 913 2330 justitia
961 2266 1010 2313 et
1045 2259 1292 2330 sapientia
1331 2257 1391 2330 (l-
1422 2258 1542 2313 Cor.
1579 2274 1627 2324 ι,
1663 2257 1786 2330 '50).
1849 2258 1988 2313 Ecce

407 2351 581 2422 epulas
623 2359 935 2422 prazparatae
980 2359 1145 2406 sunt:
1189 2350 1392 2421 justitia
1414 2349 1660 2406 Christus
1706 2358 1821 2416 est,
1855 2365 1984 2405 nus-

407 2457 572 2514 quam
599 2441 768 2508 deest,
797 2457 903 2497 non
929 2457 960 2497 a
987 2441 1171 2512 coquis
1199 2448 1525 2510 praeparatur
1548 2440 1699 2496 nobis
1720 2443 1762 2506 ²,
1794 2456 1889 2496 nec
1917 2441 1985 2497 de

403 2532 782 2588 transmarinis
808 2532 1046 2602 partibus
1072 2532 1218 2586 velut
1255 2545 1414 2602 poma
1453 2531 1728 2602 peregrina
1766 2547 1797 2586 a
1823 2547 1984 2600 nego-

404 2624 688 2682 tiatoribus
725 2631 1036 2694 apportatur
1061 2622 1083 2654 ³
1108 2639 1122 2676 :
1155 2622 1306 2678 cibus
1329 2629 1413 2678 est
1441 2637 1601 2693 quem
1625 2624 1785 2677 sentit
1809 2623 1983 2679 omnis

403 2715 498 2786 qui
524 2729 681 2770 sanas
708 2712 888 2770 fauces
918 2712 1119 2781 habet,
1159 2713 1427 2769 interioris
1453 2713 1683 2772 hominis
1707 2714 1855 2769 cibus
1878 2723 1979 2768 εει.

402 2804 476 2861 Sc
501 2805 673 2876 ipsum
702 2803 1084 2860 commendans
1107 2804 1216 2858 ait:
1246 2803 1359 2874 Ego
1387 2804 1670 2873 sunlpanis
1697 2804 1833 2858 vivus
1856 2844 1871 2868 ,
1897 2804 1981 2868 qui

405 2895 471 2949 de
498 2896 622 2950 caelo
654 2895 888 2949 descendi
918 2894 1099 2964 (Joan.
1131 2909 1203 2960 vt,
1231 2892 1346 2965 5-1).
1375 2892 1538 2950 Cibus
1562 2903 1645 2948 est
1665 2894 1755 2963 qui
1789 2895 1979 2963 reficit,

400 3003 506 3044 nec
532 2987 710 3042 deficit
738 3005 752 3041 :
778 2987 928 3042 cibus
952 2994 1035 3041 est
1057 2985 1146 3056 qui
1173 2985 1474 3050 insumitur,
1502 2994 1557 3040 et
1580 3000 1684 3040 non
1709 2987 1980 3040 consumi-

400 3088 493 3135 tur
516 3096 531 3134 :
559 3079 708 3134 cibus
732 3087 816 3134 est
839 3078 930 3148 qui
953 3077 1252 3134 esurientes
1275 3076 1451 3143 satiat,
1481 3084 1536 3132 et
1555 3077 1756 3147 integer
1779 3086 1978 3132 manet.

400 3174 536 3231 Cum
565 3171 690 3228 hinc
715 3171 784 3228 ad
814 3187 1027 3228 mensas
1051 3178 1256 3226 vestras
1301 3169 1673 3236 discesseritis,
1704 3169 1836 3224 nihil
1875 3170 1982 3226 tale

397 3263 810 3322 manducabitis.
835 3262 968 3330 Quia
993 3277 1130 3333 ergo
1147 3261 1213 3316 ad
1260 3261 1398 3316 istas
1413 3261 1596 3330 epulas
1634 3261 1978 3329 convenistis,

398 3356 549 3413 bene
587 3355 854 3412 comedite
897 3374 911 3411 :
953 3354 1049 3412 sed
1090 3369 1210 3410 cum
1257 3354 1512 3419 abieritis,
1559 3354 1695 3409 bene
1734 3353 1976 3424 digerite.

396 3448 548 3504 Bene
583 3447 728 3503 enim
768 3447 1053 3503 manducat
1077 3453 1132 3502 et
1169 3445 1308 3501 male
1335 3445 1547 3517 digerit,
1575 3446 1663 3514 qui
1689 3445 1834 3500 audit
1858 3460 1978 3501 ver-

383 3539 527 3596 :bum
549 3539 644 3595 Dei
673 3547 729 3595 et
752 3554 856 3594 non
887 3538 1011 3594 facit
1035 3555 1050 3592 :
1074 3552 1179 3592 non
1200 3538 1342 3594 enim
1367 3537 1512 3592 ducit
1531 3538 1713 3593 utilem
1736 3553 1972 3606 succum,

395 3630 494 3687 sed
520 3630 741 3686 crudum
766 3637 942 3686 ructat
966 3629 1317 3700 indigestione
1342 3629 1628 3683 faStidium.
1665 3675 1668 3678 .

467 3721 524 3776 5.
572 3719 688 3775 Lua:
743 3720 1006 3775 oculorum
1050 3720 1226 3784 cibus,
1296 3719 1464 3789 plures
1509 3720 1693 3790 absque
1748 3721 1828 3774 sui
1875 3721 1973 3773 mi-

393 3812 600 3866 nutione
643 3813 822 3882 pascit.
894 3811 1002 3866 Nec
1060 3812 1325 3867 miremini
1372 3811 1514 3882 quod
1578 3811 1739 3866 corda
1793 3821 1974 3868 nostra

393 3905 475 3961 sic
501 3905 802 3974 epulantur,
836 3912 898 3960 ut
931 3909 995 3961 et'
1028 3906 1141 3977 ipsa
1169 3906 1491 3972 reficiantur,
1522 3915 1705 3963 etnon
1735 3909 1975 3964 minuant

390 3997 537 4052 unde
580 3996 908 4051 reficiantur.
955 3996 1334 4067 Corporalibus
1378 4000 1547 4054 oculis
1585 4000 1784 4055 n05tris
1831 4001 1972 4056 Deus

391 4089 554 4144 talem
581 4088 757 4143 cibum
782 4087 948 4143 dedit.
972 4087 1104 4141 Nam
1132 4089 1222 4142 lux
1247 4089 1347 4142 ista
1376 4089 1525 4144 cibus
1548 4099 1628 4144 est
1658 4090 1968 4156 oculorum;

389 4177 494 4234 bac
529 4178 727 4232 lumina
759 4187 939 4233 nostra
986 4187 1293 4248 pascuntur,
1335 4188 1389 4232 et
1431 4179 1475 4233 si
1513 4180 1632 4249 quis
1676 4180 1870 4234 diutius
1917 4185 1968 4236 in

390 4267 627 4324 tenebris
668 4267 867 4332 fuerit,
909 4275 1159 4338 tanquam
1196 4267 1482 4337 jejunando
1518 4268 1792 4324 deﬁciunt.
1834 4270 1968 4327 Per-

391 4361 646 4418 diderunt
670 4363 810 4416 enim
843 4361 1088 4418 homines
1128 4361 1312 4417 oculos
1354 4360 1586 4417 sedendo
1626 4363 1677 4417 in
1711 4365 1963 4432 tenebris,

389 4469 493 4512 nec
533 4453 730 4525 aliquid
777 4454 931 4509 irruit
987 4454 1191 4522 oculis,
1241 4469 1341 4510 nec
1383 4455 1640 4528 quiSpiam
1683 4459 1963 4526 percussit,

387 4561 491 4602 nec
519 4545 711 4600 humor
751 4545 954 4600 alienus
980 4544 1209 4611 influxit,
1240 4561 1340 4600 nec
1381 4545 1576 4615 pulvis,
1615 4562 1716 4603 nec
1742 4548 1918 4603 fumus
1949 4568 1963 4604 :

387 4637 700 4708 producitur
747 4637 908 4691 homo
953 4645 1072 4706 post
1103 4635 1368 4701 tenebras,
1413 4645 1467 4691 et
1509 4653 1614 4691 non
1641 4638 1786 4693 videt
1824 4639 1965 4708 quod

389 4728 640 4784 videbat:
669 4727 806 4782 oculi
847 4727 964 4797 ejus
1000 4727 1137 4782 fame
1172 4729 1364 4782 mortui
1391 4737 1549 4795 sunt;
1581 4729 1759 4783 cibum
1786 4744 1958 4794 suum,

384 4819 491 4875 hoc
516 4827 616 4886 est,
651 4819 820 4874 lucem
846 4834 951 4874 non
978 4818 1236 4873 sumendo
1262 4818 1587 4874 defecerunt.
1615 4818 1806 4876 Videte
1834 4835 1963 4890 ergo

385 4909 528 4981 quod
559 4910 834 4980 proposui,
865 4910 1036 4980 qualis
1064 4911 1132 4963 sit
1157 4909 1305 4964 cibus
1334 4910 1607 4964 oculorum
1636 4918 1958 4967 nostrorum.

381 5001 488 5056 Ista
519 5001 608 5056 lux
631 5001 843 5056 videtur
883 5000 952 5055 ab
980 5000 1246 5068 omnibus,
1283 5002 1448 5070 pascit
1473 5002 1709 5056 omnium
1745 5004 1956 5070 oculos;

383 5098 442 5149 et
477 5101 726 5163 aspectus
750 5093 978 5147 videntis
1021 5092 1276 5158 reficitur,
1307 5101 1360 5147 et
1401 5093 1490 5147 lux
1534 5095 1735 5164 integra
1783 5111 1960 5164 perse-

382 5191 554 5240 verat.
587 5183 653 5238 Si.
669 5183 773 5238 duo
797 5183 1038 5249 videant,
1065 5192 1214 5237 tanta.
1236 5195 1544 5253 permanet;
1593 5186 1637 5240 si
1678 5186 1852 5256 plures
1876 5188 1957 5242 vi-

383 5274 568 5342 deant,
592 5273 779 5329 cadem
805 5283 1082 5342 permanet
1107 5293 1120 5328 :
1146 5275 1294 5330 dives
1320 5276 1510 5342 videat,
1539 5293 1739 5348 pauper
1763 5280 1955 5350 videat,

415 5430 844 5542 dzrsigslqgendum
869 5445 930 5482 ex
954 5434 1236 5484 auctoritate
1258 5436 1435 5486 codicis
1457 5445 1544 5488 cst.
1575 5438 1640 5498 [et
1660 5435 1748 5489 lux
1780 5445 1872 5500 est,
1913 5445 1958 5490 et

383 5494 842 5624 Odeftzs‘lggetiduin
867 5567 929 5603 ex
945 5557 1226 5624 auctoritate
1243 5560 1418 5624 codicis
1434 5569 1523 5612 cst.
1541 5560 1793 5624 [nusquam
1808 5562 1954 5624 deest,

381 5629 470 5683 nec
496 5618 558 5683 de
579 5621 909 5683 trgummrints
934 5617 1161 5678 partibus,
1191 5623 1310 5683 etc.)

378 5681 479 5794 mn"
497 5680 593 5786 sic1
619 5676 881 5740 legendum
934 5676 994 5729 ex
1048 5676 1330 5733 auctoritate
1380 5684 1557 5735 codicis
1611 5692 1700 5736 cst.
1751 5685 1955 5752 [appor-

482 5755 552 5793 ur.

1667 316 1724 374 S.
1768 315 2137 375 AUCUSTINI
2169 316 2472 383 EPISCUPI

3597 349 3711 406 184-

2113 439 2330 530 mqualis
2355 449 2437 496 est
2460 443 2726 501 omnibus.
2757 446 2943 506 Nulius
2990 453 3044 507 in
3081 468 3144 510 ea
3169 454 3366 514 limites
3391 459 3535 530 figit,
3582 463 3694 518 im-

2115 525 2297 595 pletur
2334 533 2582 600 pauperis
2626 534 2824 606 inopia,
2851 549 3004 597 vacat
3038 543 3216 601 divitis
3253 525 3493 605 avaritia.
3520 525 3699 616 Num-

2114 618 2240 686 quid
2286 621 2430 676 enim
2469 624 2558 694 qui
2603 625 2721 695 plus
2764 627 2960 699 habet,
2997 633 3118 703 plus
3158 636 3322 705 videt,
3349 651 3442 695 aut
3483 644 3695 713 prolato

2107 724 2607 805 auroiprzeoccupat
2631 735 2939 792 pauperem,
2963 735 3018 782 et
3040 729 3172 784 emit
3193 732 3291 786 sibi
3321 736 3461 803 quod
3487 737 3694 805 videat,

2109 810 2167 856 ut
2208 804 2298 860 ille
2342 822 2447 862 non
2490 808 2726 868 habeat?
2773 813 2830 883 Si
2870 832 3000 889 ergo
3040 822 3161 877 talis
3204 824 3354 881 cibus
3397 838 3477 882 est
3517 831 3691 886 oculis

2104 897 2320 962 nostris,
2359 901 2486 970 quid
2513 912 2595 958 est
2623 905 2736 975 ipse
2763 907 2904 965 Deus
2928 914 3192 970 mentibus
3225 920 3422 974 nostris
3448 920 3472 973 ?
3711 971 3715 976 .

2173 985 2227 1040 4.
2253 986 2422 1081 Sanus
2446 1001 2493 1046 et
2515 993 2791 1053 intellectus
2817 1002 2951 1056 vocis
2992 1005 3061 1057 ad
3089 1004 3258 1076 plures
3285 1013 3391 1064 sine
3417 1015 3693 1081 partitione

2104 1080 2340 1174 peruenit.
2356 1082 2421 1137 Et
2435 1085 2640 1140 aurium
2656 1090 2868 1159 quidam
2880 1093 3029 1150 cibus
3041 1111 3204 1153 sonus
3220 1111 3378 1166 est,et
3389 1080 3502 1172 ipse
3518 1109 3698 1174 qualis

2102 1169 2314 1269 est
2328 1171 2410 1230 his
2425 1178 2564 1232 enim
2578 1183 2820 1239 sensibus
2834 1188 3100 1257 corporis’
3125 1194 3317 1248 mentis
3333 1196 3382 1249 in
3395 1169 3611 1269 tellig-ibi
3619 1201 3688 1256 lia

2099 1261 2459 1332 conjiciamus.
2491 1268 2628 1326 Ecce
2646 1271 2831 1343 loquor
2844 1274 3098 1334 Charitati
3114 1289 3302 1338 vestra:
3333 1303 3346 1338 :
3374 1261 3565 1342 adsunt
3592 1307 3691 1345 au-

2098 1368 2207 1420 res,
2233 1356 2424 1413 adsunt
2464 1370 2689 1419 mentes.
2717 1365 2832 1422 Duo
2872 1370 3114 1439 quaedam
3153 1377 3610 1442 nominavi,aurcs
3630 1395 3690 1439 ct

2097 1457 2340 1517 mentes;
2367 1461 2422 1508 et
2443 1454 2585 1512 ineo
2611 1459 2750 1528 quod
2767 1461 2973 1534 loquor,
2991 1465 3098 1522 duo
3109 1471 3346 1539 quaedam
3369 1484 3494 1528 sunt
3519 1492 3684 1534 sonus

2097 1545 2151 1592 et
2169 1539 2465 1638 intellectus
2496 1565 2510 1600 :
2541 1549 2697 1604 simul
2750 1551 3010 1623 feruntur,
3045 1561 3202 1615 simul
3242 1564 3309 1618 ad
3336 1581 3520 1622 aurem
3553 1586 3682 1638 per-

2095 1629 2347 1698 veniunt;
2376 1648 2538 1691 sonus
2563 1653 2803 1698 remanet
2828 1644 2883 1700 in
2899 1661 3045 1711 aure,
3075 1650 3371 1709 intellectus
3393 1629 3669 1714 descendit

2093 1901 2244 1969 quasi
2268 1917 2484 1974 corpus,
2508 1907 2807 1969 intellectus
2828 1921 3075 1987 estquasi
3113 1924 3344 1980 animus.
3367 1927 3474 1983 Sed
3503 1947 3671 1988 sonus

2091 2004 2214 2093 mox
2243 2003 2299 2048 ut
2327 2009 2503 2052 aerem
2531 2006 2867 2071 percusserit,
2894 2021 3182 2081 auremque
3223 2017 3470 2087 tetigerit,
3503 2029 3677 2078 trans-

2091 2091 2165 2150 it,
2217 2101 2316 2141 nec
2358 2101 2668 2161 revocatur,
2726 2113 2824 2152 nec
2859 2099 3035 2157 adhuc
3061 2113 3234 2160 sonat.
3271 2107 3346 2164 Ita
3395 2110 3537 2166 enim
3567 2114 3671 2169 sibi

2089 2175 2313 2245 syllaba:
2334 2183 2624 2251 praeeundo
2647 2195 2702 2242 et
2719 2191 2992 2259 sequendo
3020 2197 3330 2266 succedunt,
3361 2211 3417 2256 ut
3435 2205 3674 2260 secunda

2089 2279 2196 2320 non
2246 2279 2421 2335 sonet,
2478 2273 2578 2328 nisi
2631 2276 2797 2344 prima
2836 2283 3126 2340 transierit.
3177 2287 3548 2349 Verumtamen
3592 2297 3674 2352 sic

2087 2357 2353 2424 quomodo
2378 2362 2640 2431 quoddam
2669 2369 3026 2427 transitorium
3092 2391 3342 2448 magnum
3369 2381 3528 2439 habet
3561 2387 3670 2440 nti-

2086 2447 2350 2503 raculum.
2376 2451 2509 2508 Ecce
2530 2455 2670 2510 enim
2693 2459 2735 2511 si
2753 2459 2902 2516 vobis
2921 2447 3276 2524 esurientibus
3297 2487 3482 2540 panem
3496 2489 3666 2544 appo-

2085 2551 2295 2606 aerem,
2323 2556 2427 2596 non
2456 2547 2756 2613 perveniret
2773 2550 2840 2604 ad
2877 2552 3111 2625 singulos
3139 2573 3153 2620 ;
3207 2569 3371 2616 totum
3393 2563 3664 2624 dividere-

2087 2631 2154 2686 tis
2180 2633 2328 2690 vobis
2353 2635 2492 2705 quod
2513 2640 2846 2708 .posuissem,
2869 2654 2924 2701 et
2963 2659 3158 2717 quanto
3185 2653 3362 2720 plures
3405 2659 3595 2714 essetis
3619 2662 3670 2727 ⁸,

2087 2731 2234 2780 tanto
2261 2727 2438 2821 minus
2467 2730 2752 2789 haberetis.
2770 2736 2924 2792 Modo
2942 2750 3117 2796 autem
3157 2759 3458 2804 sermonem
3481 2753 3673 2821 profc-

2085 2828 2169 2882 ro,
2197 2817 2353 2872 verba
2384 2819 2520 2875 inter
2549 2835 2713 2880 voset
2736 2827 2964 2895 syllabas
2987 2845 3089 2886 non
3115 2833 3365 2905 diriditis,
3389 2817 3665 2900 nec—seca-

2085 2905 2153 3005 tis
2195 2923 2494 3005 sermonem
2543 2930 2737 2984 meum,
2774 2928 2830 2974 ut
2857 2921 2991 2978 alius
3047 2926 3194 2982 tollat
3226 2930 3378 2987 istam
3429 2947 3670 3005 partem,

2084 2997 2221 3052 alius
2250 2999 2413 3066 illam,
2443 3011 2498 3058 et
2517 3006 2595 3060 sic
2634 3007 2930 3066 minutatim
2960 3021 3015 3069 et
3052 3019 3402 3085 particulatim
3434 2997 3510 3080 ad
3553 2997 3670 3084 sin:-

2082 3088 2234 3156 gulos
2252 3104 2490 3163 quosque
2511 3097 2652 3166 quod
2698 3098 2818 3155 dico
2845 3107 3119 3172 perveniat
3150 3126 3162 3162 :
3191 3111 3285 3166 sed
3311 3121 3478 3168 totum
3508 3119 3666 3174 audit.

2082 3193 2258 3247 unus,
2286 3191 2451 3238 totum
2478 3187 2698 3242 audiunt
2722 3189 2847 3261 duo,
2894 3203 3058 3250 totum
3097 3199 3317 3257 audiunt
3360 3205 3556 3275 plures,
3607 3220 3674 3266 et

2087 3281 2349 3343 quotquot
2379 3279 2625 3334 venerint
2671 3291 2838 3338 totum
2865 3287 3123 3356 audiunt;
3161 3301 3214 3347 et
3239 3296 3485 3352 omnibus
3507 3302 3665 3354 suffi-

2081 3361 2173 3453 cit,
2204 3375 2254 3419 et
2281 3367 2501 3439 singulis
2538 3371 2800 3444 integrum
2829 3387 2912 3432 est
2941 3397 2954 3433 :
2987 3393 3322 3453 prarparatur
3346 3388 3410 3443 ad
3435 3391 3665 3450 audien-

2079 3450 2205 3508 dum
2234 3457 2378 3513 auris
2404 3469 2511 3526 tua,
2543 3477 2642 3518 nec
2669 3479 2786 3520 eam
2813 3465 3020 3524 fraudat
3068 3450 3239 3528 vicina
3265 3479 3411 3534 auris
3455 3481 3655 3539 aliena.

2080 3541 2136 3598 Si
2163 3543 2266 3600 hoc
2294 3546 2354 3602 fit
2375 3548 2443 3604 de
2469 3552 2632 3608 verbo
2656 3567 2900 3624 sonante,
2941 3561 3066 3631 quid
3092 3563 3147 3618 fit
3178 3565 3246 3622 de
3277 3569 3450 3625 Verbo
3477 3576 3662 3630 omni-

2078 3640 2336 3707 potente?
2389 3642 2666 3709 Quomodo
2710 3651 2851 3706 enim
2901 3669 3004 3709 vox
3056 3656 3154 3712 ista
3207 3671 3386 3717 nostra
3436 3668 3668 3726 auribus

2077 3729 2315 3784 omnium
2337 3732 2661 3792 audientium
2681 3740 2904 3812 singulis
2936 3753 3043 3801 tota
3064 3757 3145 3803 est
3160 3760 3214 3805 et
3240 3755 3378 3823 apud
3411 3757 3656 3828 singulos

2077 3827 2185 3917 ιοιξι
2211 3833 2325 3888 est;
2354 3839 2452 3879 nec
2481 3835 2560 3881 Ι.οι
2582 3839 2705 3884 sunt
2731 3847 2864 3889 mea:
2889 3851 3048 3893 VOCCS
3090 3851 3220 3910 (11101
3248 3855 3439 3902 vestra:
3467 3865 3654 3917 aures,

2076 3909 2170 3964 sed
2201 3927 2303 4005 una
2343 3929 2442 3970 vox
2485 3918 2679 3975 multas
2729 3937 2888 3980 aures
2918 3909 3124 3998 implet,
3162 3948 3268 3988 non
3311 3935 3496 4005 divisa,
3548 3909 3662 3999 sed.

2021 4059 2036 4064 _
2074 4001 2322 4058 omnibus
2334 4012 2442 4060 tota
2464 4022 2476 4058 :
2505 4007 2582 4062 sic
2596 4010 2823 4081 cogitate
2844 4014 3077 4072 Verbum
3104 4020 3196 4076 Dei
3220 4033 3388 4080 totum
3408 4028 3458 4083 in
3476 4001 3654 4101 ululis,

2074 4099 2240 4195 totum
2263 4095 2314 4149 in
2341 4097 2514 4195 terr-is,
2540 4107 2703 4195 totum
2725 4105 2777 4159 in
2801 4106 3036 4180 Angelis,
3060 4121 3224 4171 totum
3251 4120 3389 4189 apud
3413 4095 3654 4195 Patrem,

2073 4191 2240 4240 totum
2267 4187 2406 4256 apud
2439 4189 2728 4261 Virginem,
2773 4205 2941 4254 totum
2973 4201 3024 4256 in
3053 4187 3366 4278 aeternitate,
3401 4187 3655 4275 totumiu

2071 4290 2251 4379 carne,
2279 4287 2443 4379 totum
2459 4282 2525 4337 ad
2547 4283 2766 4354 inferos,
2781 4305 2902 4347 cum
2921 4295 3176 4366 visitaret,
3205 4309 3374 4358 totum
3403 4307 3456 4362 in
3492 4324 3657 4379 para-

2070 4367 2207 4435 diso,
2229 4385 2335 4439 quo
2362 4372 2625 4432 latr-onem
2652 4385 2940 4440 transtulit.
2974 4389 3098 4446 Hmc
3126 4393 3232 4448 dixi
3253 4395 3320 4452 de
3348 4367 3500 4456 sono.

2139 4459 2192 4515 5.
2210 4459 2297 4560 ADe
2321 4463 2593 4523 intellectu.
2638 4470 2793 4539 Quid,
2827 4476 2873 4530 si
2915 4477 2984 4534 de
3011 4479 3280 4541 intellectu
3333 4489 3528 4560 aliquid
3549 4491 3642 4549 di-

2067 4553 2232 4644 cam?
2263 4567 2461 4626 quanto
2511 4563 2796 4621 minusest
2837 4584 2994 4638 quam
3052 4574 3281 4633 Verbum
3340 4553 3479 4638 Dei?
3504 4585 3652 4644 Ecce

2066 4642 2207 4699 enim
2218 4661 2412 4739 sonum
2443 4651 2687 4723 profero;
2719 4658 2811 4712 sed
2830 4675 2951 4716 cum
2974 4668 3270 4735 protulero,
3295 4671 3405 4739 jam
3429 4691 3544 4732 non
3559 4642 3655 4736 re;

2065 4747 2198 4790 voco
2216 4735 2264 4837 ³.,
2287 4738 2383 4794 sed
2403 4741 2447 4795 si
2476 4744 2594 4798 volo
2621 4746 2812 4815 audiri,
2849 4751 3074 4810 alterum
3102 4735 3558 4837 sonum—profero,
3583 4735 3648 4828 et

2065 4839 2186 4878 cum
2230 4831 2343 4896 ipse
2370 4831 2656 4898 transierit,
2687 4838 2897 4904 prolem
2940 4845 3184 4913 alterum,
3230 4831 3336 4908 aut-
3370 4831 3650 4920 silentium

2065 4925 2460 5015 consequetur:
2494 4920 2814 4981 intellectum
2871 4946 3009 4987 vero
3034 4945 3088 4990 et
3132 4939 3353 5005 profero
3389 4945 3454 5001 ad
3484 4956 3556 5015 te,
3583 4960 3648 5008 et

2065 5010 2221 5108 teneo
2413 5024 2500 5108 me
2525 5027 2538 5075 ;
2571 5021 2627 5066 et
2655 5015 2858 5073 invenis
2886 5023 3028 5090 quod
3068 5028 3285 5095 audisti,
3313 5043 3368 5088 et
3389 5052 3498 5091 non

2063 5095 2133 5150 do
2159 5097 2297 5166 quod
2320 5098 2447 5155 dixi.
2473 5101 2660 5160 Videte
2679 5121 2836 5177 quam
2866 5128 2988 5168 vera
3011 5116 3144 5183 sint,
3187 5130 3241 5176 et
3277 5124 3472 5180 laetetur
3616 5132 3649 5166 δ

2062 5189 2390 5257 φιιετεηιὶιιηι
2420 5189 2714 5251 Dominum.
2746 5199 3004 5260 Dominus
3050 5209 3191 5264 enim
3240 5213 3353 5282 ipsa
3377 5218 3648 5292 principa.

2126 5388 2146 5478 ξ
2164 5389 2621 5478 ἓῗξίξῗξξὲἔῖἳάίῖῗ
2644 5401 3079 5478 Ῡὲίξξὲίέΐτξέθίίίθέιβ
3093 5413 3358 5478 .corporeis-

2164 5450 3434 5536 itaessepemeuséemaémaestum
3451 5477 3649 5534 αευίαε-

2062 5498 2191 5590 τηειρΒ

2127 5575 2147 5600 ³
2199 5575 2208 5581 ,
2227 5586 2239 5600 ι
2446 5582 2448 5584 τ
2807 5587 2816 5596 ι
2898 5575 2924 5576 '7
2953 5575 2970 5590 ³
3039 5592 3048 5602 ο
3082 5593 3092 5603 ι

2061 5575 3120 5714 ἐῖἓᾙτὲἓᾶἓηᾳὲὠοιδ
3140 5601 3230 5646 cst.
3257 5597 3387 5659 [ecce
3414 5612 3645 5656 enim»

2062 5693 2146 5804 w;
2170 5697 2362 5807 ιὲιίὲἱιω
2387 5700 2436 5750 in
2466 5693 2628 5756 codice
2646 5693 2776 5757 esti":
2805 5693 3102 5778 iiiiéié’buw
3136 5720 3277 5772 verba
3300 5719 3411 5785 sint,
3432 5728 3647 5780 tuetur

2149 5792 2163 5816 ,
2215 5792 2217 5796 .
2275 5794 2284 5806 .
