4012 6338
276 272 378 326 185

273 383 337 436 iis
359 382 556 436 veritas
575 388 674 434 cst.
704 379 1004 436 intellectus
1035 396 1162 452 ergo
1189 397 1407 437 manens
1433 382 1484 437 in
1511 383 1670 438 corde
1719 398 1838 437 meo

268 481 464 540 migrat
480 470 543 524 ad
564 479 732 533 tuum,
757 486 853 524 nec
878 470 1072 524 deserit
1099 487 1292 524 memn.
1325 473 1695 528 Verumtamen
1717 489 1834 527 cum

269 561 571 615 intellectus
602 562 740 615 inest
763 561 905 615 cordi
937 577 1075 627 meo,
1097 570 1151 615 et
1177 564 1296 616 volo
1315 572 1370 616 ut
1391 563 1514 619 insit
1533 567 1686 618 etiam
1712 581 1832 620 cor-

268 653 322 709 di
353 664 464 720 tuo,
491 669 673 724 qua-ro
693 669 792 724 qua
818 652 882 708 ad
917 663 965 708 te
985 662 1217 708 transeat
1240 656 1388 724 quasi
1423 656 1719 711 vehiculum
1750 672 1835 712 so-

264 759 393 799 num
414 762 429 807 ;
454 754 506 798 et
523 758 736 798 assumo
755 759 962 809 sonum,
979 755 1029 798 et
1049 745 1194 813 quasi
1215 746 1426 814 impono
1443 748 1763 801 intellectum
1789 749 1829 814 ⁸,

265 844 318 889 ει
339 832 576 903 profero,
609 842 662 887 et
687 834 938 903 produco,
963 842 1015 887 et
1042 834 1205 888 doceo
1226 844 1277 888 et
1302 849 1404 888 non
1428 837 1629 888 amitto.
1657 836 1710 890 Si
1743 852 1836 905 po-

268 926 374 978 tuit
391 924 493 978 hoc
513 923 687 978 facere
717 923 1012 979 intellectus
1041 939 1188 978 meus
1205 923 1270 978 de
1293 940 1421 979 voce
1446 941 1581 990 mea,
1611 941 1715 978 non
1739 943 1832 994 po-

267 1018 373 1072 tuit
395 1017 629 1070 Verbum
660 1017 751 1069 Dei
775 1017 840 1070 de
880 1031 1039 1070 carne
1066 1031 1157 1069 sua
1181 1016 1246 1068 ’ἲ
1273 1015 1406 1070 Ecce
1436 1017 1573 1069 enim
1603 1016 1830 1070 Verbum

261 1109 359 1163 Dei
388 1109 530 1162 Deus
571 1106 710 1176 apud
743 1107 928 1172 Deum,
956 1107 1207 1175 sapientia
1241 1107 1328 1160 Dei
1378 1122 1595 1160 manens
1625 1108 1831 1160 incont-

263 1200 594 1253 mutabiliter
624 1199 760 1266 apud
783 1199 1010 1262 Patrem,
1041 1209 1094 1251 ut
1121 1196 1427 1267 procederet
1471 1198 1534 1251 ad
1567 1214 1684 1262 nos,
1711 1214 1829 1252 ear-

263 1305 386 1343 nem
411 1289 562 1356 quasi
585 1304 771 1343 sonum
820 1288 1079 1356 quaesivit,
1130 1289 1280 1356 eique
1309 1303 1365 1342 se
1409 1289 1644 1351 inseruit,
1677 1297 1730 1342 et
1762 1287 1828 1342 ad

261 1398 357 1433 nos
391 1380 675 1448 processit,
708 1389 760 1433 et
785 1394 811 1431 a
839 1379 990 1432 Patre
1012 1394 1114 1432 non
1156 1379 1392 1433 recessit.
1419 1379 1713 1448 lntelligite,
1742 1394 1829 1432 sa.

262 1483 368 1539 pne
397 1471 502 1524 hoc
523 1470 660 1539 quod
690 1471 926 1532 audistis,
961 1482 1210 1540 quantum
1230 1473 1295 1526 sit
1322 1481 1374 1526 et
1403 1474 1554 1541 quale
1579 1474 1824 1542 cogitate,

260 1571 311 1615 et
338 1562 406 1615 de
433 1563 545 1614 Deo
583 1561 784 1631 majora
833 1563 1044 1618 sentite.
1073 1562 1246 1616 Vincit
1275 1563 1359 1616 ille
1383 1579 1592 1618 onmem
1631 1565 1824 1630 lucem,

259 1652 424 1704 vincit
453 1666 668 1705 omnem
696 1667 905 1714 sonum,
935 1653 1096 1706 vincit
1114 1668 1324 1706 omnem
1347 1654 1694 1708 intellectum.
1724 1655 1826 1709 De-

262 1743 581 1797 siderandus
601 1753 702 1810 est,
722 1753 777 1796 et
803 1744 864 1797 ad
887 1760 1004 1800 eum
1028 1745 1282 1801 eharitate
1314 1745 1616 1800 inhiandum
1644 1755 1742 1811 est,
1771 1755 1828 1802 ut

261 1837 460 1888 letatur
483 1851 572 1889 cor
589 1836 912 1906 quazrentium
941 1835 1230 1889 Dominum.

759 1967 986 2023 SERMO
1021 1967 1214 2023 XXIX‘
1245 1969 1340 2041 (a).

271 2075 350 2130 De
375 2079 570 2134 versui
601 2076 797 2132 Psalmi
821 2094 978 2142 cxvii,
1005 2064 1340 2136 Conﬁtemini
1399 2056 1637 2150 Domino,
1691 2101 1824 2155 quo-

805 2172 944 2226 niam
971 2173 1139 2227 bonus
1167 2183 1266 2228 est.

265 2303 483 2358 Habitus
511 2304 832 2377 Carthagine,
864 2307 914 2360 in
940 2307 1144 2362 basilica
1187 2309 1450 2376 Restituto,
1477 2311 1557 2366 die
1581 2309 1825 2368 Penteco-

826 2408 924 2452 stes
949 2400 999 2452 in
1036 2399 1229 2469 Vigiliis
1250 2402 1290 2454 ³.

329 2508 560 2564 CAPUT
611 2509 977 2564 PRIMUM.—
1017 2513 1067 2568 1.
1112 2511 1283 2567 Bonus
1324 2531 1356 2566 a
1399 2531 1452 2568 se
1485 2517 1621 2572 solus
1671 2519 1826 2588 Deus,

263 2616 293 2650 a
319 2615 417 2666 quo
447 2610 632 2652 uetera
671 2601 818 2652 bona.
865 2601 1130 2655 Admonihi
1169 2618 1371 2671 sumus,
1399 2613 1452 2659 ct
1492 2606 1692 2676 Spiritu
1736 2609 1829 2665 Dei

266 2701 590 2760 prmeeptum
624 2701 702 2746 est
730 2691 903 2758 nobis,
929 2700 984 2747 ut
1033 2695 1376 2750 conﬁteamur
1403 2697 1663 2763 Domino:
1695 2709 1830 2756 etea

267 2796 422 2833 causa
450 2780 592 2834 dicta
623 2789 704 2835 est
747 2783 1030 2837 conﬁtendi
1087 2784 1322 2849 Domino,
1372 2789 1617 2857 quoniam
1664 2790 1831 2846 bonus

266 2879 366 2922 est.
421 2870 659 2924 Breviter
683 2870 893 2936 dicitur,
940 2872 1077 2940 quod
1103 2874 1505 2942 profundissimc
1553 2880 1830 2949 cogitatur.

265 2958 606 3026 Conﬁtemini,
636 2961 820 3030 inquit,
847 2961 1079 3016 Domino.
1104 2963 1170 3017 Et
1189 2975 1430 3034 tanquam
1449 2983 1827 3037 qurereremus,

266 3048 475 3114 Quare?
507 3065 818 3119 responsum
849 3062 949 3117 εει,
983 3052 1235 3117 Quoniam
1258 3055 1415 3110 bonus
1441 3072 1532 3111 est.
1563 3060 1696 3126 Quid
1717 3062 1831 3130 plus

265 3140 481 3207 quzeris,
516 3150 604 3193 aut
632 3141 677 3194 si
703 3141 842 3196 aliud
864 3144 1076 3212 quan-is,
1106 3161 1261 3214 quam
1292 3147 1530 3202 bonum?
1555 3151 1720 3208 Tanta
1751 3155 1828 3210 vis

265 3237 346 3280 est
365 3229 512 3294 boni,
545 3239 602 3283 ut
632 3231 821 3285 bonum
851 3243 1087 3302 qumrant
1111 3243 1163 3288 et
1191 3237 1334 3290 tnali.
1353 3237 1456 3292 Sed
1475 3240 1576 3294 alia
1597 3258 1716 3310 qua:
1743 3243 1828 3297 di-

264 3329 457 3371 cuntur
479 3319 640 3383 bona,
678 3322 745 3375 ab
772 3322 948 3391 aliquo
975 3323 1114 3378 bono
1143 3325 1337 3380 habent
1380 3337 1436 3382 ut
1489 3329 1594 3384 sint
1638 3333 1772 3387 bona
1808 3354 1822 3390 :

263 3410 310 3460 si
335 3416 514 3462 autem
536 3411 822 3478 qumrimus
846 3415 1019 3466 omnia
1051 3415 1184 3469 b0na
1223 3431 1250 3468 a
1280 3432 1384 3486 quo
1411 3418 1606 3475 habent.
1639 3433 1697 3477 ut
1725 3424 1830 3479 sint

263 3499 445 3565 bona;
492 3502 784 3556 recolamus
829 3505 968 3573 quod
1021 3506 1216 3562 dictum
1256 3517 1375 3575 est,
1420 3510 1488 3565 Et
1536 3516 1651 3582 fecit
1695 3516 1830 3573 Deus

265 3592 456 3654 omnia,
485 3600 531 3644 et
561 3608 670 3644 ecce
696 3593 823 3644 bona
848 3595 1026 3665 valde(
1055 3595 1178 3650 Gen.
1206 3615 1243 3661 ι.
1284 3601 1344 3654 5i
1376 3602 1412 3664 ).
1440 3604 1646 3658 Nullum
1675 3607 1830 3675 igitur

266 3689 408 3734 esset
435 3681 651 3746 bonum,
673 3683 768 3736 nisi
793 3685 981 3738 factum
1011 3698 1152 3742 esset
1171 3705 1199 3743 a
1233 3691 1390 3746 bono.
1417 3693 1483 3748 Et
1511 3711 1542 3750 a
1571 3699 1706 3765 quali
1737 3700 1830 3753 bo-

265 3785 334 3822 no
354 3769 378 3820 ?
402 3768 555 3835 Quod
576 3773 746 3826 nullus
775 3773 913 3827 fecit.
951 3775 1158 3832 Nullum
1192 3795 1318 3851 ergo
1341 3782 1532 3838 bonum
1553 3797 1712 3854 esset,
1743 3791 1828 3844 ni-

265 3859 306 3910 si
334 3874 364 3910 a
387 3858 530 3912 bono
552 3859 740 3913 factum
771 3874 932 3928 esset,
965 3864 1104 3933 quod
1148 3868 1337 3923 laetum
1374 3884 1591 3928 nonest.
1625 3877 1824 3934 Bonum

263 3949 484 4015 coelum,
516 3949 612 4003 sed
657 3952 847 4005 factum
891 3953 1083 4008 bonum
1119 3976 1133 4010 :
1165 3958 1284 4012 boni
1313 3961 1518 4030 Angeli,
1569 3966 1661 4020 sed
1706 3967 1824 4023 lacti

263 4041 391 4094 boni
423 4060 434 4094 :
464 4043 601 4096 bona
652 4044 844 4111 sidera,
877 4047 954 4100 sol
983 4057 1036 4101 et
1069 4048 1209 4113 luna,
1261 4051 1539 4110 alternatio
1573 4061 1743 4113 noctis
1772 4070 1826 4116 et

264 4131 393 4198 diei,
431 4142 726 4203 temporum
767 4137 928 4204 vices,
973 4139 1233 4196 volumina
1277 4147 1610 4215 saeculorum,
1641 4167 1826 4209 cursus

259 4238 547 4289 annorum,
565 4228 800 4295 germina
828 4228 1106 4284 herbarum
1128 4242 1179 4286 et
1197 4235 1463 4301 arborum,
1488 4249 1686 4296 natura:
1705 4245 1821 4298 ani-

259 4315 502 4378 malium,
533 4325 582 4369 et
601 4317 737 4369 inter
767 4318 877 4372 hinc
897 4320 1074 4375 omnia
1095 4333 1330 4379 creatura
1349 4327 1605 4384 laudatrix
1629 4332 1820 4402 homo;

260 4403 440 4455 omnia
461 4403 619 4465 bona,
649 4405 738 4458 sed
758 4406 889 4460 facta
918 4407 1082 4473 bona;
1115 4420 1166 4464 ει
1185 4427 1212 4464 a
1239 4413 1347 4468 Deo
1364 4415 1519 4483 bona,
1551 4436 1655 4474 non
1679 4437 1707 4474 a
1743 4438 1820 4478 se.

265 4489 367 4556 Qui
428 4491 552 4546 fecit
593 4491 726 4562 haec,
769 4510 926 4565 super
950 4499 1124 4552 omnia
1151 4511 1231 4554 εει
1259 4503 1429 4560 bonus
1458 4525 1471 4562 :
1499 4511 1617 4577 quia
1649 4514 1823 4570 nullus

260 4595 381 4635 eum
410 4583 536 4637 fecit
573 4583 763 4651 bonus,
795 4587 886 4642 sed
913 4604 942 4642 a
967 4604 1024 4644 se
1055 4590 1168 4659 ipso
1193 4593 1361 4649 bonus
1387 4607 1486 4652 est.
1515 4600 1620 4656 Nec
1646 4612 1819 4662 tamen

259 4670 358 4724 sibi
390 4672 514 4738 soli,
542 4673 701 4730 sedet
720 4677 872 4731 nobis
892 4678 1061 4735 bonus
1084 4690 1184 4738 est.
1231 4682 1546 4756 Conﬁtemini
1565 4708 1690 4765 ergo
1713 4696 1822 4752 Do-

259 4763 416 4830 mino,
441 4766 679 4837 quom'am
707 4768 864 4823 bonus
891 4781 983 4825 est.

320 4893 1119 4980 1.533).:eseeeaseeeeﬁew
1141 4907 1315 4960 codicis
1335 4918 1424 4961 cst-
1447 4911 1629 4980 [φιωνο
1647 4931 1742 4980 qua
1756 4921 1823 4971 aa

259 4959 304 5004 te
321 4960 536 5005 transeat
551 4960 687 5021 quasi
709 4959 976 5014 vehiculum
996 4979 1162 5016 sonum
1177 4982 1198 5030 ;
1219 4959 1624 5036 assumpto‘
1639 4959 1823 5033 £37133}

259 5015 792 5083 mmmam]
1461 5057 1474 5064 α

673 5035 792 5070 um.t
1461 5057 1474 5064 ν

753 5077 821 5160 es
837 5087 1121 5160 auctoritate
1143 5090 1317 5142 codicis
1349 5101 1436 5160 (si:
1463 5095 1531 5156 [si
1565 5101 1820 5160 potuit'ltoc

258 5136 417 5199 {licere
434 5136 696 5214 inte'llectus
717 5157 847 5195 meus
869 5146 928 5196 de
950 5161 1056 5197 voce
1075 5136 1340 5203 milia;
1352 5136 1644 5269 Eidifet'éz];

260 5259 272 5269 _
319 5199 348 5269 ξ
356 5205 428 5249 De
450 5199 557 5250 loco
577 5202 755 5269 dieque
778 5206 926 5269 habiti
962 5213 1198 5262 sermonis
1227 5215 1342 5262 nihil
1365 5217 1412 5264 in
1433 5224 1562 5269 prius
1585 5233 1614 5269 e

319 5199 755 5278 :EWUie-que
778 5206 926 5278 habiti
962 5199 1198 5278 sermonis
1218 5199 1739 5278 _ﬁ_iiiiiiii'iiiiiis"éditis.
1767 5232 1820 5276 At.

257 5259 1022 5354 “inmagiclaisz‘gtsgiptio
1043 5259 1342 5333 qtneaddita—
1353 5259 1526 5350 lii-crest

255 5320 652 5402 ﬁngimteglgas
669 5320 824 5402 ipsum
853 5320 1126 5402 sermqqém
1161 5320 1427 5402 έξέὲζῖηόἦ
1545 5320 1818 5397 id

255 5380 786 5462 ξηίὲίίξπέἒίὲμτθέἓηξέιξπ
802 5422 818 5446 ν
849 5401 950 5462 0.??-
965 5393 1078 5462 JO:
1118 5380 1525 5462 δθὶῑῖιῖιῗᾶἱρῗῦ
1541 5380 1817 5462 fissa“:

255 5439 366 5522 ξιξ
396 5449 515 5522 Item
549 5447 611 5496 de
648 5439 816 5498 eodeni
845 5439 921 5501 die
959 5439 1325 5522 (ﬁeriteeo‘stgs—l
1360 5439 1818 5520 lie"

312 5644 386 5707 (α)
401 5645 542 5709 Alias,
563 5650 627 5698 de
658 5652 862 5705 Diversis
874 5655 928 5705 5.,

1677 270 1902 328 SERMO
1940 274 2126 331 XXIX.

3399 299 3501 355 iSG

2015 385 2238 445 CAPUT
2274 390 2338 446 Il.
2363 396 2498 449 —2.
2522 397 2775 470 Confessio
2795 404 3005 474 duplex,
3033 407 3292 466 laudantis
3318 424 3364 466 et
3389 431 3496 483 pce-

1942 479 2159 535 nitentis.
2204 483 2476 543 Confessio
2515 500 2606 546 aut
2655 494 2916 552 laudantis
2952 510 3052 563 est,
3097 510 3185 556 aut
3226 479 3490 572 pmniten-

1943 572 2026 627 tis.
2053 574 2188 630 Sunt
2213 581 2352 634 enim
2387 598 2567 651 parum
2595 589 2806 658 eruditi,
2834 595 2921 662 qui
2946 610 3066 651 cum
3082 600 3344 656 audierint
3369 619 3497 660 con-

1938 660 2216 720 fessionem
2234 669 2283 722 in
2311 670 2612 741 Scriptnris,
2639 686 2882 749 tanquam
2903 685 3006 739 nisi
3026 698 3354 754 peccatorum
3376 710 3495 750 esse

1940 766 2042 806 noo
2074 758 2253 824 possit,
2285 763 2532 819 continuo
2555 768 2777 823 tundunt
2807 782 3015 839 pectora
3041 791 3056 841 ;
3087 779 3230 833 velut
3249 781 3356 850 jam
3378 800 3496 838 mo-

1937 854 2160 897 neautur
2204 849 2441 904 conﬁteri
2484 864 2715 923 peccata.
2747 857 2851 913 Sed
2895 872 2952 916 ut
3000 869 3205 922 noverit
3251 849 3492 928 Charitas

1936 941 2130 998 vestra,
2157 952 2258 990 non
2285 941 2348 992 ad
2372 942 2480 994 sola
2513 955 2726 1012 peccata
2776 952 3036 1017 pertinere
3079 959 3482 1029 confessionem,

1935 1023 2207 1079 audiamus
2237 1027 2404 1094 illum,
2435 1032 2500 1087 de
2528 1051 2630 1102 quo
2655 1037 2895 1094 dubitare
2918 1058 3018 1096 non
3045 1061 3318 1112 possumus
3344 1055 3482 1121 quod

1935 1112 2134 1167 nullum
2167 1119 2380 1173 omnino
2425 1122 2650 1178 habebat
2697 1139 2984 1198 peccatum,
3023 1137 3402 1195 evelamantein
3430 1153 3484 1198 et

1935 1199 2213 1272 dicentem,
2255 1205 2505 1276 Conﬁteor
2533 1214 2639 1280 tibi,
2676 1215 2842 1284 Pater,
2875 1219 3087 1277 Domine
3110 1228 3218 1279 ειειὶ
3255 1239 3296 1280 et
3321 1240 3486 1286 territt.

1934 1292 2062 1358 Quis
2103 1293 2203 1350 hoc
2246 1297 2412 1352 dixit?
2439 1301 2538 1366 Qui
2555 1316 2817 1374 peccatum
2846 1326 2943 1362 non
2972 1313 3108 1381 fecit,
3148 1333 3235 1369 nec
3263 1319 3486 1378 inventus

1933 1391 2002 1474 est
2027 1384 2170 1440 dolus
2188 1387 2239 1441 in
2259 1405 2345 1444 ore
2369 1393 2478 1462 ejus
2508 1396 2524 1465 (
2549 1395 2568 1447 l
2594 1393 2730 1450 Petr.
2755 1415 2815 1466 tt,
2845 1400 2914 1455 22
2941 1403 2958 1472 )
2990 1421 3002 1456 :
3035 1407 3121 1474 qui
3149 1410 3294 1463 solus
3319 1415 3487 1468 veris.

1931 1473 2063 1528 sime
2089 1474 2263 1532 dicere
2286 1482 2485 1548 potuit,
2504 1481 2634 1538 Ecce
2653 1493 2779 1540 venit
2805 1492 3032 1561 princeps
3055 1473 3246 1562 mundi,
3269 1509 3315 1552 et
3333 1502 3384 1554 in
3408 1520 3486 1557 me

1931 1564 2058 1618 nihil
2097 1567 2305 1623 inveniet
2327 1573 2344 1641 (
2364 1571 2516 1628 Joan.
2567 1593 2671 1644 xiv,
2726 1581 2794 1636 50
2889 1584 2950 1637 Ει
2979 1595 3150 1642 tamen
3178 1595 3486 1650 conlitetur.

1931 1655 2031 1710 Sed
2054 1658 2469 1732 eonfessoriste,
2502 1667 2738 1724 laudator
2765 1682 2865 1739 est,
2896 1690 3000 1729 non
3027 1690 3288 1746 peccator.
3322 1686 3482 1740 Deni-

1929 1765 2031 1818 que
2077 1752 2198 1806 andi
2239 1755 2360 1823 quid
2388 1759 2728 1828 confiteatur,
2757 1765 2876 1818 audi
2902 1767 3082 1823 laudes
3107 1788 3118 1823 :
3143 1781 3197 1825 et
3237 1774 3348 1828 laus
3378 1778 3492 1846 ipsa

1929 1846 2069 1900 salus
2094 1857 2176 1902 est
2201 1861 2396 1906 nostra.
2428 1855 2560 1921 Quid
2585 1859 2722 1914 enim
2741 1862 3020 1918 conﬁtetur
3037 1866 3140 1920 Deo
3159 1867 3297 1922 Patri
3325 1868 3494 1924 Filius

1929 1933 2044 1989 sine
2069 1948 2282 2006 peccato
2307 1940 2330 1994 ‘t
2356 1941 2606 2013 Conﬁteor
2625 1949 2728 2016 tibi,
2751 1951 2934 2022 inquit,
2970 1953 3142 2021 Pater,
3170 1955 3382 2011 Domine
3401 1975 3492 2012 cte-

1929 2026 1966 2080 li
1981 2037 2024 2081 et
2050 2039 2212 2099 terrce,
2239 2035 2356 2100 quia
2383 2038 2682 2095 abscondisti
2706 2043 2811 2097 Iuvc
2829 2062 2859 2096 a
2879 2047 3179 2115 sapientibus
3201 2059 3248 2102 et
3272 2050 3490 2118 pruden-

1931 2118 2078 2184 tibus,
2109 2115 2155 2175 ει
2201 2127 2425 2182 revelasti
2473 2147 2532 2184 ea
2573 2135 2791 2200 parvulis
2815 2135 3034 2206 (Matth.
3066 2155 3140 2204 ιι,
3168 2141 3237 2194 25
3332 2142 3494 2198 Istam

1929 2207 2136 2266 laudem
2161 2217 2547 2275 commendavit
2575 2222 2748 2278 Patris
2767 2227 2805 2292 ³,
2833 2228 2953 2296 quia
2991 2207 3271 2284 abscondit
3310 2231 3423 2286 hme
3453 2246 3485 2286 a

1930 2301 2256 2371 sapientibus
2295 2316 2343 2362 et
2380 2311 2748 2380 prudentibus,
2791 2316 2840 2370 id
2871 2326 2971 2384 est,
3002 2320 3239 2388 superbis
3265 2330 3490 2377 etarro-
3536 2354 3543 2362 -

1930 2393 2204 2461 gantibus;
2231 2407 2284 2452 et
2310 2402 2560 2456 revelavit
2587 2419 2646 2458 ea
2677 2408 2923 2476 parvulis,
2966 2409 3014 2463 id
3042 2419 3145 2474 εει,
3180 2411 3400 2466 inﬁrmis
3429 2421 3485 2468 et

1931 2483 2232 2542 humilibus.

2003 2577 2224 2634 CAPUT
2262 2581 2344 2636 lll.
2367 2614 2438 2623 —
2457 2587 2510 2640 5.
2540 2586 2795 2660 Confessio
2843 2603 3158 2662 peccatorum
3179 2595 3247 2648 ad
3273 2597 3485 2650 salutem

1932 2671 2231 2724 necessaria.
2279 2672 2382 2728 Sed
2429 2677 2566 2744 quod
2597 2693 2776 2732 verum
2816 2690 2915 2749 est,
2941 2695 3021 2736 est
3066 2685 3222 2738 etiam
3259 2685 3484 2740 salubris

1932 2757 2194 2814 confessio
2208 2773 2564 2831 peccatorum.
2592 2767 2742 2824 Unde
2772 2771 3063 2826 audivimus
3089 2775 3138 2826 in
3172 2774 3376 2828 Psalmo
3396 2777 3485 2844 qui

1933 2847 2102 2915 primo
2132 2849 2297 2904 lectus
2326 2861 2426 2918 est,
2459 2853 2618 2922 Pone,
2643 2855 2875 2924 Domine,
2894 2861 3166 2915 custodiant
3194 2863 3267 2915 ori
3289 2881 3415 2928 meo,
3440 2874 3486 2918 et

1933 2939 2111 2992 ostium
2131 2943 2442 2998 continentia:
2457 2946 2642 2999 circum
2671 2949 2802 3001 labia
2822 2966 2949 3014 mea,
2981 2963 3032 3004 ut
3053 2969 3151 3005 non
3171 2954 3382 3007 declines
3402 2971 3487 3008 cor

1935 3045 2093 3081 meum
2115 3031 2165 3084 in
2189 3033 2329 3086 verba
2355 3038 2598 3106 inaligna,
2619 3039 2684 3090 ad
2704 3043 3047 3094 excusandum
3075 3045 3412 3099 excusationes
3430 3047 3481 3099 in

1934 3125 2145 3189 peccatis
2168 3123 2334 3192 (Psal.
2357 3143 2475 3192 CXL,
2499 3131 2531 3183 5
2552 3140 2594 3182 et
2614 3131 2693 3198 4).
2718 3132 2878 3202 Rogat
2911 3134 3095 3200 Deum,
3124 3144 3176 3189 ut
3196 3136 3485 3191 custodiam

1933 3211 2022 3265 det
2045 3213 2120 3266 ori
2147 3230 2242 3268 suo
2276 3234 2289 3270 :
2321 3227 2372 3270 et
2397 3218 2545 3287 cujus
2571 3220 2649 3274 rei
2694 3223 2986 3276 custodiam
3013 3226 3232 3294 exponit
3255 3235 3307 3280 et
3334 3227 3480 3280 dicit.

1933 3300 2063 3354 Sunt
2087 3304 2225 3357 enim
2276 3305 2516 3362 homines
2566 3311 2652 3378 qui
2702 3312 2850 3366 valde
2881 3313 3178 3380 abundant;
3232 3318 3318 3386 qui
3363 3333 3482 3373 eum

1932 3394 2188 3460 coeperint
2209 3398 2461 3462 accusari,
2485 3408 2702 3453 currunt
2724 3417 2781 3455 se
2802 3418 3075 3458 excusare.
3107 3405 3368 3462 Excusare
3387 3425 3486 3462 au-

1933 3490 2036 3536 tem
2063 3493 2141 3536 est
2192 3499 2376 3539 causas
2404 3503 2660 3557 qurerere,
2712 3501 2764 3544 et
2815 3494 3142 3549 causationes
3192 3495 3482 3564 innectere,

1931 3590 2092 3642 quare
2118 3575 2181 3629 ad
2208 3592 2265 3630 se
2296 3593 2397 3631 non
2425 3580 2663 3634 videatur
2717 3584 2982 3650 pertinere
3019 3597 3305 3653 peceatum.
3339 3589 3487 3643 Alius

1929 3663 2073 3728 dicit,
2102 3665 2350 3721 Diabolus
2377 3669 2500 3721 mihi
2532 3669 2685 3723 fecit:
2715 3672 2848 3724 alius
2889 3673 3032 3739 dicit,
3083 3675 3308 3730 Fortuna
3355 3678 3483 3732 mihi

1931 3752 2050 3806 fecit
2082 3771 2096 3806 :
2127 3755 2280 3821 alius,
2305 3757 2433 3812 Fato
2458 3761 2758 3828 compulsus
2780 3776 2893 3815 sum
2927 3781 2939 3814 :
2971 3780 3124 3819 nemo
3149 3767 3212 3819 ad
3240 3782 3315 3821 sc.
3353 3766 3483 3822 Cum

1930 3843 2008 3896 vis
2054 3859 2170 3898 esse
2199 3857 2474 3901 excusatur
2526 3857 2662 3914 tvus,
2695 3851 2976 3920 triumphat
3009 3854 3074 3908 de
3117 3864 3166 3909 te
3213 3866 3486 3911 accusator

1931 3940 2069 3988 tuus.
2102 3935 2188 3988 Vis
2209 3951 2332 4006 ergo
2359 3938 2528 3993 facere
2565 3941 2701 4008 quod
2724 3941 2896 3995 doleat
2926 3953 2978 3997 et
3003 3956 3175 4013 gemat
3213 3957 3483 4001 accusator

1931 4031 2069 4088 tuus,
2093 4026 2144 4080 id
2174 4038 2254 4080 est
2282 4028 2516 4084 diabolus
2540 4031 2562 4083 ?
2594 4031 2697 4085 Fac
2717 4033 2855 4102 quod
2886 4035 3096 4102 audisti,
3131 4036 3208 4090 fac
3233 4037 3371 4106 quod
3400 4038 3480 4092 di-

1928 4115 2130 4180 dicisti;
2161 4120 2318 4174 etdie
2367 4122 2472 4175 Deo
2517 4131 2624 4187 tuo,
2655 4124 2760 4194 Ego
2802 4127 2926 4194 dixi,
2969 4125 3199 4189 Domine,
3253 4131 3484 4184 miserere

1929 4210 2024 4263 mei
2046 4227 2064 4275 ;
2093 4227 2214 4264 sana
2231 4213 2447 4266 animam
2469 4231 2643 4279 meam,
2671 4217 2904 4284 quoniam
2941 4220 3138 4286 peccavi
3182 4221 3305 4290 tibi(
3336 4220 3479 4275 Psal.

1928 4314 2010 4363 XL,
2043 4300 2075 4354 5
2102 4299 2142 4370 ).
2172 4300 2300 4370 Ego,
2326 4303 2510 4371 inquit,
2535 4320 2622 4372 ego
2649 4306 2754 4358 dixi
2786 4323 2803 4359 :
2832 4323 2934 4360 non
2955 4309 3217 4374 diabolus,
3239 4326 3342 4364 non
3371 4312 3479 4365 for-

1929 4395 2070 4451 tuna,
2095 4405 2196 4443 non
2222 4390 2400 4444 fatum.
2427 4391 2534 4462 Ego
2558 4394 2664 4447 dixi
2696 4411 2714 4448 :
2743 4411 2843 4449 non
2875 4413 3183 4462 meexeuso,
3216 4401 3304 4455 sed
3336 4419 3484 4457 accu-

1925 4491 2006 4532 so.
2052 4479 2159 4548 Ego
2195 4479 2320 4544 dixi,
2366 4479 2595 4545 Domine,
2639 4485 2868 4539 miserere
2917 4489 3055 4552 mei;
3100 4507 3222 4542 sana
3263 4495 3485 4546 animant

1926 4587 2108 4626 meam.
2140 4572 2287 4627 Unde
2313 4573 2451 4627 enim
2471 4577 2719 4642 mgrotat?
2749 4577 2994 4642 Quoniam
3016 4584 3211 4649 peccavi
3239 4583 3342 4635 tibi.

1997 4663 2050 4716 4.
2079 4661 2298 4731 Utraque
2336 4667 2596 4734 confessio,
2633 4667 2794 4720 laudis
2818 4677 2864 4722 et
2907 4673 3115 4740 peccati,
3160 4673 3320 4726 debita
3354 4675 3474 4727 Deo.
3548 4725 3557 4743 ί

1927 4751 2240 4818 Con/itcmini
2288 4767 2413 4821 ergo
2441 4751 2676 4822 Domino,
2725 4758 2955 4825 quoniam
2981 4760 3134 4814 bonus
3177 4773 3264 4814 cst.
3289 4762 3339 4816 Si
3365 4765 3476 4816 lan-

1924 4839 2050 4895 dare
2078 4841 2178 4904 vis,
2209 4841 2331 4910 quid
2362 4843 2598 4896 securius
2620 4844 2818 4910 laudas,
2849 4862 3001 4915 quam
3034 4850 3260 4902 bOnuni?
3285 4852 3337 4904 Si
3365 4853 3478 4905 lan-

1923 4930 2050 4985 dare
2096 4931 2194 4996 vis,
2247 4932 2292 4986 si
2311 4931 2695 4988 confessionem
2726 4936 2892 4991 laudis
2917 4937 3108 4993 habere
3138 4941 3233 5002 vis,
3254 4943 3374 5010 quid
3397 4960 3479 4998 se-

1927 5022 2106 5076 curius
2134 5023 2334 5088 laudas,
2365 5039 2521 5094 quam
2547 5025 2781 5080 bonum?
2804 5029 2858 5083 Si
2884 5040 3093 5098 peccata
3125 5040 3208 5084 tua
3240 5033 3479 5088 conﬁteri

1924 5113 2022 5177 vis,
2053 5114 2136 5168 cui
2165 5114 2326 5169 tutius
2349 5131 2505 5184 quam
2554 5115 2736 5170 bono?
2759 5118 2988 5185 Homini,
3019 5121 3264 5188 quoniam
3309 5125 3480 5179 malus

1922 5215 2021 5269 est,
2051 5206 2338 5272 conﬁteris,
2364 5216 2416 5261 et
2440 5208 2741 5264 damnaris:
2765 5211 2890 5276 Deo,
2918 5213 3162 5280 quoniam
3184 5216 3350 5270 bonus
3369 5229 3469 5285 est,

1923 5297 2221 5361 conﬁteris,
2248 5306 2302 5352 et
2322 5301 2580 5369 purgaris.
2603 5300 2658 5356 Si
2687 5302 3065 5358 confessionem
3087 5306 3269 5360 'laudis
3300 5318 3473 5362 atten-

1921 5386 2034 5454 das,
2063 5388 2310 5458 quidquid
2326 5391 2540 5460 copiose
2561 5392 2865 5446 laudaturus
2898 5408 2984 5456 es,
3015 5394 3150 5448 circa
3181 5395 3280 5450 hoc
3310 5413 3471 5452 oceu-

1921 5486 2036 5546 pata
2067 5486 2146 5532 est
2167 5479 2383 5533 intentio
2431 5488 2538 5545 tua,
2584 5490 2639 5534 ut
2657 5481 2900 5535 ostendas
2947 5483 3138 5537 bonum
3162 5501 3280 5539 esse
3329 5487 3471 5554 quod

1918 5569 2114 5623 laudas.
2144 5569 2283 5623 Bona
2314 5570 2453 5624 enim
2495 5581 2633 5626 recte
2659 5571 2949 5637 laudantur,
2979 5574 3110 5628 sient
3156 5576 3289 5628 mala
3333 5585 3480 5632 recte

1987 5680 2001 5710 ¹
2027 5681 2095 5729 sic
2113 5682 2445 5732 Gecmanensis
2467 5689 2542 5730 his.
2570 5689 2623 5731 Λι
2646 5682 2778 5740 editi,
2800 5683 3142 5735 continendam].
3160 5684 3305 5736 Patri.
