4012 6338
478 334 582 390 187

475 452 866 517 vituperantur.
902 439 1246 499 Brevitertibi
1266 439 1402 495 dicta
1445 449 1526 495 est
1557 439 1670 496 laus
1706 441 1915 496 Domini
1963 441 2055 496 Dei

477 541 586 604 tui,
609 537 784 593 Bonus
805 547 898 593 est.

547 630 772 688 CAPUT
812 628 974 683 lV.-——
998 626 1052 683 Si
1078 637 1132 682 et
1159 635 1213 681 tu
1243 625 1413 681 bonus
1433 641 1515 694 es,
1537 625 1698 680 lauda
1714 624 1856 680 unde
1880 638 1938 680 es
1965 623 2061 678 bo-

477 740 583 780 nus
610 742 622 777 :
655 723 699 779 si
731 722 898 776 malus
927 736 1006 787 es,
1041 719 1196 774 lauda
1224 718 1364 774 unde
1385 719 1457 775 sis
1479 720 1670 774 bonus.
1700 718 1755 774 Si
1785 719 1925 773 enim
1956 717 2057 772 bo-

478 831 581 872 nus
609 831 686 880 es,
721 813 788 869 ab
816 814 908 868 illo
935 813 1108 868 bonus
1137 827 1195 868 es
1226 829 1239 865 :
1273 812 1316 866 si
1335 811 1504 866 malus
1525 826 1602 877 es,
1633 826 1663 865 a
1691 819 1742 866 te
1764 810 1935 864 malus
1967 824 2045 864 es.

479 909 626 981 Fuge
653 916 724 972 te,
753 915 807 961 et
838 906 957 960 veni
984 905 1051 960 ad
1082 905 1230 960 illum
1257 903 1345 974 qui
1377 901 1501 958 fecit
1528 911 1578 958 te
1603 921 1614 956 :
1646 902 1768 972 quia
1811 899 2060 971 fugiendo

479 1008 553 1063 te,
602 996 841 1067 sequeris
885 1005 970 1062 te;
999 1004 1054 1051 et
1103 993 1375 1066 sequendo
1431 1003 1503 1059 te,
1546 993 1721 1048 lueres
1768 992 1822 1047 in
1867 1007 1933 1046 eo
1971 991 2061 1060 qui

479 1088 602 1144 fecit
630 1096 702 1142 te.
1791 1078 1794 1082 ’

549 1183 603 1236 5.
633 1179 798 1234 Homo
832 1179 997 1233 malus
1037 1179 1141 1232 vult
1180 1177 1310 1232 bona
1351 1177 1520 1232 omnia
1557 1183 1735 1244 prceter
1768 1191 1821 1230 se
1866 1175 2057 1246 ipsum.

479 1266 687 1341 Quanta
716 1272 852 1326 bona
901 1270 1119 1341 qumris,
1150 1269 1311 1324 homo
1360 1265 1708 1323 male?Certc
1758 1265 1933 1320 malus
1950 1281 2008 1320 es
2039 1281 2051 1318 :

477 1365 565 1420 die
600 1364 728 1419 mihi
780 1361 906 1433 quid
954 1361 1106 1426 velis,
1139 1359 1241 1415 nisi
1295 1359 1490 1415 bonum
1516 1357 1542 1411 ?
1591 1357 1800 1428 Equum
1843 1356 2058 1426 quaeris,

478 1458 692 1512 nonnisi
713 1457 945 1522 bonum;
971 1454 1190 1510 fundum
1216 1454 1431 1525 quaeris,
1454 1452 1663 1509 nonnisi
1691 1452 1890 1507 bonum
1915 1470 1929 1517 ;
1969 1450 2065 1506 do-

481 1565 628 1607 mum
653 1551 869 1621 qumris,
903 1549 1112 1604 nonnisi
1160 1548 1386 1616 bonam;
1416 1562 1637 1602 uxorem
1677 1545 1894 1616 quaeris,
1925 1559 2063 1600 non-

485 1635 589 1690 nisi
617 1635 846 1700 bonam;
893 1633 1125 1688 tunicam
1152 1632 1364 1686 nonnisi
1414 1631 1632 1696 bonam,
1663 1629 1886 1699 caligam
1917 1643 2060 1682 non-

478 1727 582 1781 nisi
601 1726 795 1782 bonam
826 1743 840 1780 :
878 1718 1107 1779 animam
1137 1723 1307 1779 solam
1338 1723 1555 1778 malam.
1578 1722 1766 1777 Nonne
1804 1721 1899 1776 tibi
1930 1721 2046 1790 ipse

481 1832 542 1872 es
565 1817 877 1883 contrarius,
908 1817 997 1888 qui
1049 1816 1186 1871 bona
1241 1815 1457 1887 quaeris,
1486 1831 1606 1870 eum
1636 1815 1709 1870 sis
1757 1815 1977 1870 malus?
2005 1813 2063 1869 Si

480 1907 622 1962 bona
652 1909 867 1978 quarris,
900 1907 1046 1977 prius
1068 1916 1186 1963 esto
1228 1907 1341 1976 ipse
1380 1906 1520 1976 quod
1546 1906 1759 1976 quzeris.
1792 1905 1848 1960 Si
1884 1913 2062 1960 autem

486 1999 661 2053 malus
686 1999 853 2054 multa
872 1999 1008 2054 bona
1027 1998 1293 2063 invenisti,
1314 1998 1440 2069 quid
1468 1997 1561 2053 tibi
1588 1997 1822 2068 prodest,
1854 1996 1976 2066 quia
2009 2005 2063 2050 tu

481 2089 704 2159 peristi?
728 2090 919 2145 Amate
949 2089 1118 2144 bonas
1180 2088 1384 2144 animas
1432 2098 1674 2144 vestras:
1711 2087 1834 2143 odio
1874 2086 2064 2142 habete

477 2181 646 2236 malas
683 2181 886 2236 animas
911 2188 1137 2236 vestras.
1167 2179 1273 2235 Sed
1319 2179 1547 2234 amando
1602 2179 1751 2233 illum
1780 2193 1809 2231 a
1830 2193 1935 2248 quo
1982 2185 2066 2232 est

479 2287 641 2328 omne
665 2273 887 2340 bonum,
921 2273 1045 2328 boni
1066 2272 1237 2329 eritis.
1262 2271 1397 2328 Odia
1425 2271 1683 2327 habentes
1704 2270 1838 2324 mala
1863 2277 2060 2334 vestra,

479 2364 622 2422 bona
643 2364 820 2435 eligite
840 2365 880 2417 ¹.

550 2455 778 2512 CAPUT
817 2455 1041 2511 V.—6.
1094 2454 1367 2510 Peccatum
1414 2453 1722 2525 puniendum
1755 2459 1844 2505 aut
1883 2468 1915 2506 a
1957 2450 2064 2504 Deo

479 2557 572 2602 aut
601 2547 664 2602 ab
692 2548 893 2603 homine
917 2549 1201 2620 paenitente.
1219 2547 1356 2616 Quid
1399 2555 1500 2614 est,
1547 2545 1670 2603 odio
1700 2545 1899 2600 habere
1927 2543 2065 2599 mala

481 2639 608 2695 tua?
645 2639 961 2696 Pmnitendo
999 2640 1238 2696 conﬁteri
1283 2647 1502 2710 peccata
1547 2647 1652 2693 tua.
1700 2636 1884 2692 Omnis
1923 2637 2064 2692 enim

477 2735 765 2804 ptenitens,
798 2743 853 2791 et
875 2745 1090 2805 peccata
1118 2748 1211 2788 sua
1237 2731 1545 2804 paenitendo
1574 2730 1852 2798 conﬁtens,
1885 2730 2068 2785 irasci-

477 2834 568 2881 tur
605 2825 736 2892 sibi;
781 2834 836 2880 et
869 2824 1100 2897 quodam
1139 2824 1299 2879 modo
1325 2823 1633 2894 paenitendo
1665 2823 1898 2878 vindieat
1926 2823 1977 2876 in
2008 2836 2068 2876 se

480 2916 623 2987 quod
651 2915 893 2986 displicet
913 2916 1032 2970 sibi.
1053 2915 1194 2970 Deus
1217 2915 1359 2970 enim
1389 2914 1500 2969 odit
1519 2925 1812 2984 peceatum.
1845 2914 1901 2970 Si
1930 2923 1984 2969 et
2011 2922 2068 2970 tu

484 3005 664 3061 oderis
689 3006 742 3060 in
768 3013 820 3060 te
851 3005 992 3076 quod
1027 3013 1081 3060 et
1107 3006 1248 3061 Deus
1272 3005 1402 3070 odit,
1434 3005 1643 3060 interim
1683 3005 1854 3076 aliqua
1882 3005 2068 3060 volun-

484 3103 596 3150 tate
625 3095 962 3166 eonjungeris
984 3095 1114 3163 Deo,
1146 3095 1272 3151 dum
1303 3095 1403 3150 hoc
1432 3095 1484 3149 in
1515 3104 1568 3150 te
1596 3095 1752 3150 odisti
1779 3095 1918 3165 quod
1957 3096 2069 3150 odit

484 3194 540 3241 et
565 3186 726 3241 Deus.
758 3185 897 3242 δωνί
926 3188 979 3241 ἱιι
1021 3195 1090 3253 te,
1125 3195 1183 3242 ut
1219 3187 1359 3242 Deus
1390 3187 1680 3253 intercedat
1722 3187 1837 3252 tibi,
1879 3196 1932 3242 et
1962 3205 2066 3242 non

481 3273 700 3331 damnet
731 3284 800 3331 te.
837 3276 1117 3332 Peccatum
1146 3277 1287 3332 enim
1315 3277 1432 3332 sine
1470 3277 1799 3333 dubitatione
1839 3279 2067 3350 punien-

483 3366 611 3422 dum
637 3375 720 3423 est
740 3385 753 3420 :
779 3368 881 3423 hoc
895 3368 1120 3424 debetur
1143 3378 1380 3441 peccato,
1404 3370 1627 3440 punitio,
1650 3369 1938 3426 damnatio.
1963 3372 2068 3427 Pu-

481 3459 736 3514 niendum
760 3469 843 3515 est
865 3470 1160 3531 peccatum,
1187 3470 1278 3516 aut
1302 3476 1331 3515 a
1357 3470 1426 3528 te,
1457 3470 1547 3516 aut
1571 3461 1637 3517 ab
1662 3461 1798 3532 ipso.
1827 3461 1882 3518 Si
1919 3464 2069 3532 puni-

481 3561 573 3607 tur
595 3566 625 3606 a
649 3559 724 3620 te,
749 3560 875 3608 tunc
896 3552 1142 3623 punietur
1164 3552 1278 3608 sine
1300 3560 1356 3608 te
1380 3569 1393 3606 :
1417 3552 1461 3607 si
1483 3567 1615 3608 vero
1643 3568 1673 3606 a
1701 3563 1751 3608 te
1780 3569 1884 3611 non
1915 3554 2069 3623 puni-

481 3650 590 3706 tur,
621 3649 796 3698 tecum
825 3643 1058 3713 punitur.
1080 3643 1398 3714 Conﬁtemini
1422 3659 1548 3712 ergo
1569 3643 1808 3712 Domino,
1831 3646 2069 3718 quoniam

481 3731 642 3790 bonus
670 3741 763 3788 est.
794 3733 1026 3788 Laudate
1055 3741 1306 3804 quantum
1337 3735 1580 3806 potestis,
1612 3744 1784 3790 amate
1811 3746 2066 3806 quantum

483 3825 708 3894 potestis
735 3843 747 3879 :
771 3825 1023 3882 effundite
1059 3841 1239 3882 coram
1281 3827 1372 3882 illo
1398 3826 1558 3883 corda
1584 3838 1780 3894 vestra,
1813 3830 1954 3885 Deus
1983 3829 2067 3886 ad~

482 3914 626 3988 jutor
645 3924 828 3972 noster
851 3916 1021 3988 (Psal.
1051 3934 1184 3986 an,
1203 3917 1289 3990 9);
1318 3919 1556 3988 quoniam
1580 3919 1738 3974 bonus
1757 3929 1848 3976 est.

981 4030 1208 4085 διεπιΜο
1245 4029 1395 4086 xxx
1417 4035 1434 4054 ο
1469 4030 1567 4102 (a).

485 4119 564 4192 De
590 4119 750 4174 verbis
773 4119 968 4175 Psalmi
994 4135 1178 4187 cxvnr,
1207 4121 1437 4177 Gressus
1463 4137 1613 4178 meos
1633 4122 1824 4193 dirige,
1869 4132 1972 4178 etc.
2000 4124 2068 4178 Et

547 4209 800 4280 Apostoli,
842 4209 994 4264 Rom.
1036 4227 1130 4277 vn,
1163 4210 1269 4266 Lex
1299 4212 1584 4281 spiritualis
1623 4222 1726 4280 est,
1764 4229 1863 4284 ego
1890 4223 2066 4270 autem

558 4302 812 4366 carnalis,
835 4311 940 4357 etc.
963 4301 1148 4357 Contra
1173 4300 1478 4374 Pelagianos
1499 4306 1519 4335 ‘
1555 4304 1648 4373 (b).

558 4393 784 4450 CAPUT
821 4393 1104 4451 PRIMUM.
1133 4396 1272 4450 ——l.
1302 4395 1590 4464 Iniquitatis
1614 4397 1667 4450 iu
1695 4397 1812 4451 hom
1833 4412 1944 4451 nem
1972 4398 2068 4451 do-

488 4485 710 4540 minatus
746 4495 862 4539 ante
905 4487 1140 4557 gratiam.
1197 4487 1322 4542 Sine
1368 4487 1562 4554 dubio,
1617 4487 1826 4553 fratres,
1855 4505 2068 4559 gravem

485 4574 772 4644 quamdam
819 4577 1078 4630 sarcinam
1125 4586 1180 4632 et
1223 4592 1382 4648 grave
1429 4577 1612 4648 jugum
1657 4579 1944 4648 iniquitatis
1987 4579 2069 4633 vi-

488 4675 605 4720 tare
634 4665 921 4735 (cupiebat,
975 4667 1065 4736 qui
1093 4667 1202 4723 Deo
1243 4667 1483 4722 dicebat:
1515 4668 1724 4724 Gressus
1749 4685 1884 4723 meos
1907 4669 2069 4740 dirige

482 4756 759 4812 secundum
785 4757 986 4812 verbum
1019 4768 1178 4824 tuum,
1208 4768 1254 4814 et
1283 4776 1384 4814 non
1421 4760 1701 4814 dominetur
1743 4763 1867 4816 mihi
1909 4765 2070 4819 omnis

482 4847 722 4916 iniquitas
772 4847 940 4920 (Psal.
987 4865 1170 4917 cxvm,
1203 4851 1349 4922 155).
1379 4851 1662 4906 Videamus
1696 4868 1824 4924 ergo
1858 4856 2070 4924 quando

484 4937 517 4992 b
527 4939 691 4993 omini
708 4939 1012 4995 dominetur
1028 4941 1277 5011 iniquitas
1293 4958 1308 5007 ;
1331 4952 1388 4997 ut
1407 4943 1758 5014 intelligamus
1774 4947 1896 5016 quid
1915 4962 2071 5001 oran-

489 5041 596 5092 tem
617 5031 962 5096 audierimus,
991 5033 1192 5103 etquid
1221 5035 1592 5104 respondendo
1621 5036 1781 5091 etiam
1827 5055 1924 5094 nos
1968 5040 2069 5109 ipsi

486 5122 836 5177 oraverimus.
864 5121 1063 5178 Omnes
1082 5123 1225 5178 enim
1245 5123 1312 5178 ad
1337 5135 1573 5179 sanctum
1597 5127 1886 5196 Psalmum,
1905 5145 2070 5201 quan-

549 5212 566 5279 ξ
593 5217 722 5273 Lov.,
739 5211 858 5279 boni
875 5212 1068 5279 eligite;
1098 5214 1500 5264 dissentientibus
1515 5215 1620 5266 aliis
1639 5215 1790 5279 libris.

546 5274 569 5304 ²
593 5281 641 5338 tu
665 5275 830 5324 codice
846 5274 1046 5338 estfhie
1057 5289 1219 5326 sermo
1243 5285 1562 5338 praenotatur:
1586 5278 1784 5331 Habitus
1799 5280 1849 5330 in
1874 5281 2072 5334 basilica

489 5335 794 5396 Trtcttarum,
820 5336 900 5388 die
915 5336 1172 5388 dominica.

552 5400 854 5462 '_Castigatus
877 5407 954 5450 est
975 5399 1035 5448 ad
1058 5407 1161 5450 tres
1183 5401 1264 5448 bn.
1286 5399 1346 5448 ad
1368 5406 1574 5462 quatuor
1595 5401 1656 5451 cl.
1677 5403 1736 5452 ad
1759 5416 1803 5452 a.
1825 5412 1913 5455 cst.
1933 5407 2010 5456 cb.
2036 5405 2070 5456 ι.

587 5414 710 5448 casu
745 5414 854 5450 atus
877 5414 954 5450 εει.
975 5414 1035 5448 ao
1058 5414 1161 5450 tres
1183 5414 1264 5448 nn.
1286 5414 1346 5448 au
1368 5414 1574 5462 quatuor
1595 5414 1656 5451 Cl.
1677 5414 1736 5452 aa
1759 5416 1802 5452 a.

484 5458 517 5508 ﬂ
547 5458 692 5532 _i's.__g.
799 5476 864 5509 m.
885 5475 958 5532 pr.
976 5475 1066 5532 rm.
1089 5463 1168 5512 vd.
1189 5468 1242 5511 et
1262 5462 1318 5532 ad
1345 5468 1442 5532 Am.
1469 5469 1665 5532 Erntjar.
1692 5471 1802 5532 pov.

545 5527 597 5588 in
619 5523 701 5572 Ms.
723 5523 1006 5588 exemplari
1023 5531 1113 5574 est.
1133 5531 1444 5588 prwuotatur,
1467 5523 1661 5576 Habitus
1684 5525 1734 5577 in
1759 5526 1956 5579 basilicd
1979 5529 2074 5580 Tri-

483 5581 691 5634 cilarum
711 5585 792 5635 die
815 5581 1081 5636 Dominica.

567 5646 618 5711 (ι)
644 5646 783 5707 Alias,
806 5647 870 5696 de
893 5648 1058 5711 verbis
1081 5646 1283 5711 Apostoli
1313 5646 1384 5697 12.

454 5763 467 5777 _
484 5774 510 5817 Γ
546 5707 926 5772 (ωιιζιιοθι-ριιιιιι
948 5709 1013 5760 de
1043 5707 1134 5761 hoc
1163 5723 1392 5761 sermone
1416 5713 1638 5774 reperies
1656 5712 1778 5775 apud
1811 5712 1995 5764 Florum
2018 5716 2074 5766 ad

507 5782 610 5817 .om.
637 5785 697 5817 vr.

507 5782 610 5820 2011!.
637 5785 697 5820 γι.

1692 329 1748 384 S.
1792 325 2158 384 AUGUSTINI
2197 325 2499 383 EPISCOPI

3658 338 3757 394 188

2173 449 2284 495 tum
2333 440 2579 506 arbitror,
2627 439 2818 494 devoto
2859 449 2912 495 et
2952 443 3122 497 veraci
3171 443 3331 500 corde
3363 447 3759 520 respondimus,

2101 591 2105 594 ν
2168 543 2385 588 orantes
2412 542 2466 588 et
2490 533 2729 588 dicentes
2762 534 2984 589 Domino
3017 536 3125 590 Deo
3147 546 3348 602 nostro,
3383 536 3598 594 Gressus
3628 558 3760 598 meos

2169 625 2329 696 dirige
2354 626 2628 680 secundum
2655 626 2856 680 verbum
2897 636 3058 693 tuum,
3101 637 3147 682 et
3173 646 3274 682 non
3311 630 3595 685 dominetur
3633 635 3760 688 mihi

2169 717 2330 771 omnis
2353 716 2610 785 iniquitas.
2639 716 2720 771 Ab
2756 715 2913 786 hujus
2940 718 3185 787 pessima:
3205 719 3432 775 domina:
3459 721 3759 792 dominatu,

2167 809 2402 879 pretioso
2427 807 2684 878 sanguine
2728 809 2989 879 redempti
3028 825 3230 866 sumus.
3261 811 3330 866 Et
3354 813 3478 884 quid
3509 816 3764 885 proderat

2168 899 2364 970 Legem
2395 900 2665 970 accepisse
2687 899 2959 970 iubentem
2989 917 3050 956 ac
3093 905 3406 971 minantem,
3449 915 3504 960 et
3530 922 3635 961 non
3665 908 3762 962 ad-

2163 992 2458 1061 juvantem,
2497 1001 2550 1046 ut
2590 993 2688 1046 sub
2727 993 2814 1047 illa
2845 1008 3084 1050 essemus
3110 994 3190 1051 rei
3218 1004 3342 1052 ante
3365 997 3586 1067 gratiam
3628 1000 3762 1054 Dei?

2171 1082 2384 1137 Frustra
2402 1083 2512 1138 Lex
2536 1084 2788 1151 minatur,
2810 1085 3021 1155 quando
3043 1086 3290 1156 iniquitas
3305 1088 3627 1143 dominatur.
3648 1089 3760 1144 Lex

2169 1174 2310 1229 enim
2330 1188 2433 1229 non
2453 1184 2533 1229 est
2549 1176 2858 1245 corporalis,
2881 1191 2985 1230 non
3008 1187 3090 1231 est
3110 1179 3340 1233 carnalis
3361 1179 3486 1234 :sed
3506 1182 3758 1250 quoniam

2169 1265 2312 1321 Deus
2338 1266 2554 1336 spiritus
2575 1275 2658 1321 est
2684 1267 2774 1337 qui
2815 1266 3008 1337 Legem
3037 1267 3200 1334 dedit,
3233 1270 3414 1339 procul
3459 1270 3620 1326 dubio
3649 1272 3759 1327 Lex

2171 1355 2460 1426 spiritualis
2484 1365 2587 1412 est.
2623 1355 2728 1412 Sed
2754 1357 2876 1428 quid
2905 1359 2979 1412 ait
3023 1359 3339 1428 Apostolus?
3384 1360 3585 1416 Scimus
3627 1364 3760 1417 enim

2167 1449 2288 1517 quia
2310 1445 2415 1502 Lex
2435 1449 2716 1518 spiritualis
2737 1459 2842 1514 est;
2869 1465 2960 1521 ego
2988 1461 3156 1504 autem
3179 1453 3397 1507 comatis
3415 1471 3529 1508 sum
3552 1470 3762 1508 venum-

2168 1539 2317 1592 datus
2345 1539 2436 1593 sub
2465 1550 2689 1609 peccato.
2720 1540 2840 1595 Noli
2878 1556 3004 1612 ergo
3031 1542 3231 1608 mirari,
3259 1558 3292 1597 ο
3312 1543 3632 1600 venumdate
3661 1546 3761 1600 sub

2153 1634 2407 1703 peccato,
2436 1633 2480 1687 si
2508 1633 2599 1688 tibi
2630 1633 2934 1689 dominetur
2971 1636 3055 1691 cui
3099 1650 3159 1691 es
3201 1637 3572 1692 venumdatus.
3617 1638 3760 1693 Audi

2168 1725 2469 1794 apostolum
2498 1724 2791 1780 Joannem:
2823 1724 3092 1781 Peccatum
3115 1729 3352 1798 iniquitas
3373 1739 3445 1783 est
3463 1728 3506 1800 (1
3526 1730 3681 1784 Joan.
3700 1747 3759 1797 v,

2169 1815 2279 1886 17).
2306 1813 2502 1870 Contra
2535 1817 2693 1870 talem
2735 1831 2863 1888 ergo
2903 1818 3172 1872 dominam
3219 1820 3526 1875 invocamus
3573 1820 3760 1876 Domi-

2169 1922 2318 1972 num,
2351 1907 2437 1962 cui
2468 1907 2711 1972 dicimus,
2745 1906 2956 1963 Gressus
2988 1926 3121 1962 meos
3144 1910 3303 1980 dirige
3328 1910 3605 1964 secundum
3640 1927 3757 1964 ver-

2167 1997 2284 2052 bum
2305 2007 2464 2062 tuum,
2492 2009 2538 2052 et
2563 2015 2662 2053 non
2687 1999 2968 2053 dominetur
2987 2000 3111 2053 mihi
3136 2001 3296 2056 omnis
3319 2001 3577 2072 iniquitas.

2238 2088 2462 2145 CAPUT
2527 2089 2591 2144 Il.
2631 2120 2704 2130 —
2753 2090 2809 2144 2.
2864 2091 3137 2162 Captivitas
3179 2092 3395 2146 hominis
3435 2109 3498 2146 ea:
3533 2101 3759 2163 peccato.

2167 2180 2532 2237 Venumdatus
2555 2183 2768 2249 clamat,
2811 2183 3116 2253 redemptor
3147 2183 3414 2239 exaudiat.
3446 2184 3562 2255 Ipse
3597 2185 3762 2241 homo

2167 2288 2228 2329 se
2255 2274 2490 2330 vendidit
2509 2290 2604 2345 per
2631 2275 2854 2330 liberum
2881 2275 3157 2330 arbitrium
3187 2276 3286 2330 sub
3316 2276 3627 2332 dominante
3652 2277 3762 2332 ini-

2167 2365 2388 2434 quitate,
2436 2374 2491 2420 et
2527 2367 2732 2436 accepit
2758 2367 2982 2437 pretium
3012 2367 3252 2437 exiguam
3283 2368 3350 2424 de
3378 2370 3568 2427 arbore
3596 2371 3761 2426 vetita

2167 2455 2516 2526 voluptatem.
2551 2456 2668 2527 ipse
2697 2473 2822 2528 ergo
2851 2457 3062 2523 clamat,
3094 2457 3284 2514 Itinera
3302 2475 3418 2515 mea
3436 2459 3622 2530 dirige,
3640 2477 3763 2531 quas

2168 2559 2269 2618 ego
2288 2548 2503 2604 distorsi
2526 2568 2540 2604 :
2565 2548 2776 2604 Gressus
2801 2567 2936 2605 meos
2975 2550 3155 2622 dirige,
3207 2566 3341 2621 quos
3384 2553 3496 2623 ipse
3522 2568 3642 2608 meo
3670 2570 3762 2607 ar-

2168 2639 2328 2695 bitrio
2354 2638 2635 2710 depravavi
2658 2659 2670 2694 :
2695 2641 2856 2712 dirige
2879 2642 3154 2696 secundum
3187 2643 3390 2696 verbum
3420 2653 3582 2698 tuum.
3623 2643 3761 2712 Quid

2170 2736 2273 2796 est,
2304 2729 2464 2799 dirige
2488 2729 2760 2784 secundum
2784 2731 2983 2785 verbum
3010 2733 3187 2787 tuum?
3209 2732 3280 2788 Ut
3312 2733 3442 2788 recti
3477 2735 3584 2789 sint
3607 2749 3762 2804 gres—

2171 2831 2262 2873 sus
2283 2819 2407 2884 mei,
2441 2820 2563 2890 quia
2602 2829 2804 2876 rectum
2836 2831 2917 2876 est
2947 2823 3164 2878 verbum
3196 2831 3364 2878 tuum.
3404 2823 3537 2895 Ego,
3568 2825 3759 2896 inquit,

2171 2909 2428 2966 distortus
2467 2925 2583 2965 sum
2626 2911 2724 2966 sub
2766 2913 3004 2981 pondere
3052 2913 3364 2983 iniquitatis,
3403 2914 3496 2970 sed
3539 2916 3761 2972 verbum

2173 3010 2320 3057 tuum
2352 3012 2435 3059 est
2473 3004 2653 3075 regula
2684 3004 3068 3062 veritatiszme
3096 3021 3222 3076 ergo
3258 3020 3288 3060 a
3327 3021 3414 3061 me
3454 3007 3760 3075 distortum,

2172 3095 2381 3163 corrige
2421 3102 2667 3164 tauquam
2699 3093 2765 3148 ad
2793 3096 3049 3165 regulam,
3079 3095 3182 3151 hoc
3204 3106 3305 3161 est,
3331 3096 3396 3150 ad
3421 3097 3637 3152 verbum
3673 3113 3765 3154 re-

2171 3191 2314 3238 etum
2339 3185 2377 3236 ί.
2410 3183 2573 3254 Ergo,
2623 3184 2837 3239 Gressus
2877 3201 3012 3248 meos
3049 3185 3210 3257 dirige
3255 3188 3530 3241 secundum
3558 3188 3766 3243 verbum

2173 3286 2334 3340 tuum,
2356 3285 2402 3330 et
2424 3293 2487 3330 ne
2512 3276 2800 3332 dominetur
2820 3278 2943 3332 milii
2959 3277 3119 3332 omnis
3134 3279 3390 3344 iniquitas.
3410 3278 3633 3335 Vendidi
3651 3296 3760 3348 me,

2171 3366 2376 3423 redime
2403 3383 2490 3422 me
2511 3387 2524 3422 :
2552 3367 2764 3423 vendidi
2792 3385 2880 3425 me
2904 3369 3122 3424 arbitrio
3144 3384 3283 3436 meo,
3311 3369 3514 3426 redime
3537 3387 3622 3426 me
3638 3385 3767 3425 san-

2171 3456 2331 3526 guine
2358 3465 2469 3512 tuo.
2502 3458 2558 3512 in
2580 3457 2856 3514 venditore
2875 3459 3439 3529 erubescatsuperbia,
3468 3461 3521 3514 in
3550 3461 3763 3516 redem-

2171 3554 2323 3618 ptore
2342 3547 2598 3618 glorietur
2617 3548 2806 3618 gratia.
2835 3549 2972 3604 Deus
2995 3550 3136 3604 enim
3157 3550 3400 3619 superbis
3425 3551 3644 3617 resiSIit,
3665 3552 3767 3606 hu-

2172 3637 2387 3693 milibus
2415 3649 2595 3693 autcm
2621 3639 2712 3694 dat
2738 3640 2960 3711 gratiam
2991 3640 3192 3710 (Jacobi
3217 3658 3285 3707 IV,
3321 3640 3400 3714 6).

2245 3729 2298 3784 3.
2341 3730 2673 3786 Adversarius
2701 3731 2880 3802 gratia:
2899 3735 3150 3803 refutatur
3175 3735 3514 3801 experimento
3545 3733 3766 3804 propria:

2168 3817 2574 3892 'uﬁrmitatis.—
2593 3823 2700 3878 Lex
2724 3824 2854 3878 enim
2878 3824 3156 3894 spiritualis
3185 3833 3290 3889 est;
3320 3841 3410 3894 ego
3444 3835 3610 3879 autem
3642 3841 3764 3879 car-

2170 3915 2303 3969 nalis
2328 3932 2462 3982 sum,
2493 3916 2824 3970 venumdatus
2852 3917 2942 3970 sub
2967 3925 3188 3986 peccato.
3221 3917 3368 3983 Quod
3407 3919 3539 3971 enim
3579 3935 3765 3990 aperor

2171 4007 2501 4077 ignoromon
2540 4008 2672 4061 enim
2708 4008 2846 4077 quod
2878 4007 2992 4062 volo
3029 4025 3144 4079 ago.
3177 4007 3298 4063 Non
3320 4009 3454 4079 quod
3483 4010 3594 4063 volo
3635 4026 3756 4080 ago,

2172 4099 2398 4153 carnalis
2425 4099 2581 4154 dicit:
2608 4115 2712 4154 non
2742 4100 2959 4169 Legem,
2992 4101 3086 4155 sed
3122 4115 3181 4156 se
3219 4109 3451 4155 accusat.
3492 4101 3621 4156 Nam
3651 4101 3765 4156 Lex

2173 4188 2466 4258 spiritualis
2487 4204 2592 4244 non
2622 4189 2779 4244 habet
2798 4189 3006 4259 culpam
3031 4207 3044 4244 :
3068 4191 3297 4246 carnalis
3312 4191 3660 4247 venumdatus
3681 4193 3770 4246 in—

2172 4281 2338 4335 currit
2369 4282 2418 4335 in
2445 4283 2676 4352 culpam.
2718 4282 2832 4337 Non
2877 4283 2984 4354 agit
3013 4283 3151 4353 quod
3178 4285 3321 4340 vult:
3349 4300 3466 4340 cum
3501 4285 3614 4340 vult
3654 4301 3764 4340 non

2172 4381 2364 4442 potest,
2402 4373 2525 4444 quia
2549 4374 2760 4444 quando
2789 4385 2998 4444 poterat
3025 4377 3210 4431 noluit.
3243 4377 3342 4432 Per
3375 4378 3570 4432 malum
3599 4378 3761 4444 velle,

2173 4462 2401 4532 perdidit
2427 4465 2622 4520 bonum
2657 4481 2846 4536 posse;
2871 4475 2923 4521 et
2944 4467 3184 4537 captivus
3206 4467 3316 4539 jam
3341 4468 3590 4539 loquitur,
3609 4478 3663 4525 et
3677 4469 3767 4526 di-

2172 4556 2522 4626 citcaptivus,
2555 4557 2673 4612 Non
2703 4559 2839 4630 quod
2862 4561 2974 4614 volo
2995 4577 3110 4630 ago.
3145 4560 3265 4615 Non
3291 4563 3423 4615 enim
3456 4563 3590 4632 quod
3621 4566 3762 4631 volo,

2175 4651 2306 4722 facio
2334 4651 2517 4705 bonum
2537 4651 2660 4706 :sed
2678 4653 2813 4723 quod
2843 4653 2927 4706 odi
2967 4654 3176 4719 malum,
3209 4656 3303 4708 hoc
3339 4671 3434 4726 ago
3462 4655 3634 4726 (Rom.
3667 4672 3763 4723 vn,

2174 4744 2260 4811 Μ,
2291 4744 2402 4815 15).
2431 4745 2548 4798 Νοη
2570 4746 2704 4816 quod
2725 4745 2857 4800 volo.
2888 4747 2952 4800 Et
2977 4756 3162 4802 contra
3193 4747 3375 4816 homo,
3409 4749 3499 4804 Vis
3523 4765 3764 4819 prorsus.

2174 4834 2294 4889 Non
2320 4836 2452 4905 quod
2478 4836 2588 4890 volo
2617 4854 2731 4906 ago.
2754 4837 2980 4892 Omnino
3000 4838 3140 4908 quod
3170 4838 3270 4904 vis,
3313 4840 3442 4909 agis.
3476 4839 3594 4894 Non
3619 4841 3764 4909 quod

2171 4927 2284 4981 volo
2309 4943 2406 4997 ago
2425 4942 2443 4980 :
2462 4927 2622 4981 crede
2653 4927 2800 4994 mihi,
2835 4927 3017 4994 frater,
3051 4945 3151 4982 non
3191 4929 3327 4999 quod
3365 4931 3473 4984 volo
3503 4947 3615 5002 ago.
3646 4930 3691 4986 Ο
3721 4933 3772 4987 si

2172 5017 2350 5080 velles,
2380 5032 2599 5087 ageres:
2627 5017 2745 5087 quia
2776 5033 2881 5072 non
2912 5018 3011 5084 vis,
3054 5034 3159 5074 non
3204 5019 3318 5089 agis
3364 5021 3581 5075 bonum.
3636 5021 3770 5077 Non

2173 5108 2306 5176 quod
2334 5109 2444 5162 volo
2473 5126 2602 5180 ago:
2627 5109 2784 5164 crede
2826 5109 2977 5177 mihi,
3010 5111 3132 5166 novi
3174 5112 3299 5182 quid
3329 5112 3381 5167 in
3426 5129 3512 5168 me
3541 5125 3769 5184 agatur;

2175 5217 2274 5253 non
2299 5200 2435 5268 quod
2461 5201 2571 5255 volo
2592 5218 2707 5273 ago.
2735 5201 3106 5258 Contradictor
3119 5205 3322 5274 gratim,
3342 5219 3447 5260 non
3475 5220 3534 5260 es
3563 5206 3773 5262 arbiter

2175 5293 2546 5350 conscientias:
2577 5310 2676 5366 ego
2695 5311 2781 5351 me
2815 5297 2935 5351 novi
2973 5312 3076 5351 non
3107 5296 3244 5367 quod
3273 5298 3392 5352 volo
3418 5313 3595 5368 agere,
3628 5308 3680 5354 et
3708 5309 3772 5356 tu

2177 5383 2326 5448 dicis,
2354 5383 2507 5451 Quod
2536 5385 2616 5441 vis
2645 5387 2787 5458 agis?
2830 5388 2995 5443 Nemo
3040 5387 3141 5444 scit
3183 5387 3306 5459 quid
3353 5398 3537 5459 agatur
3568 5391 3619 5443 in
3661 5390 3773 5446 bo-

2179 5478 2341 5543 mine,
2375 5479 2472 5533 nisi
2504 5480 2720 5550 Spiritus
2765 5480 2994 5536 hominis
3039 5481 3128 5551 qui
3173 5483 3225 5536 in
3268 5481 3385 5552 ipso
3432 5491 3513 5536 est
3554 5480 3766 5554 (lCor.

2181 5587 2235 5636 ιι,
2271 5570 2380 5641 ιι).

2185 5702 2416 5814 1“;qu
2441 5702 2506 5753 ad
2543 5702 2730 5755 verbum
2764 5708 2934 5768 tuum;
2971 5707 3372 5761 dissentientibus
3407 5707 3549 5760 editis
3582 5707 3687 5760 aliis
3711 5719 3771 5763 ct
