4012 6338
232 313 327 370 189

294 424 523 481 CAPUT
563 421 648 477 III.
692 450 761 459 —
792 420 843 472 4.
889 416 1047 469 Lucta
1088 416 1252 467 carnis
1288 420 1333 466 et
1383 411 1608 480 spiritus.
1640 409 1708 464 Et
1748 418 1801 463 tu

227 522 387 576 homo
414 532 506 580 es;
539 514 583 569 si
609 528 714 567 non
745 510 824 564 vis
850 494 1069 563 credere
1093 505 1243 569 mihi,
1276 504 1488 558 intende
1516 503 1627 556 tibi.
1658 501 1803 556 Itane

226 624 278 669 tu
305 613 379 666 ita
406 608 545 663 vivis
570 607 621 660 in
651 605 749 658 hoc
774 598 1105 669 corruptibili
1130 610 1375 666 corpore,
1394 594 1533 663 quod
1558 598 1804 663 aggravat

224 703 455 757 animam
492 698 645 769 (Sap.
688 709 767 758 Ix,
810 691 922 762 15),
952 698 1009 745 ιιι
1034 702 1158 744 caro
1198 702 1302 741 non
1342 686 1677 753 concupiscat
1704 682 1801 736 ad-

223 802 413 848 versus
442 790 689 859 spiritum
737 793 903 847 tuum,
944 791 997 836 et
1034 780 1249 849 spiritus
1292 776 1545 831 adversus
1587 788 1800 829 carnem

225 884 402 938 tuam?
429 882 536 935 lsta
567 880 678 934 rixa
705 892 809 931 non
839 883 921 930 est
947 875 999 927 in
1022 873 1104 926 te?
1143 871 1290 927 Nulla
1318 878 1401 924 est
1426 867 1803 937 concupiscen-

224 978 289 1031 tia
313 973 515 1035 carnis,
540 986 659 1041 qua:
685 969 894 1024 resistat
922 965 1024 1034 legi
1051 961 1277 1018 utentis?
1303 961 1355 1015 Si
1384 959 1511 1013 nihil
1540 958 1590 1012 in
1633 968 1683 1012 te
1719 958 1797 1010 al-

223 1066 318 1121 teri
340 1063 568 1127 resistit,
587 1060 706 1114 vide
723 1068 890 1113 totum
918 1056 1005 1110 ubi
1027 1056 1112 1109 sit.
1138 1054 1191 1109 Si
1219 1053 1435 1121 spiritus
1452 1060 1569 1104 tuus
1593 1064 1621 1101 a
1641 1062 1802 1103 carne

220 1164 405 1212 contra
433 1151 842 1220 concupiscente
863 1160 966 1200 non
986 1144 1246 1207 dissentit,
1265 1142 1385 1196 vide
1411 1156 1475 1195 ne
1500 1141 1634 1193 forte
1655 1137 1798 1191 carni

220 1262 373 1301 mens
403 1254 517 1299 tota
542 1240 869 1297 consentiat:
891 1236 1008 1291 vide
1038 1252 1104 1290 ne
1133 1234 1267 1288 forte
1293 1233 1412 1288 ideo
1441 1246 1543 1285 non
1579 1231 1648 1284 sit
1685 1229 1801 1283 bel-

220 1342 347 1401 him,
376 1338 503 1408 quia
526 1351 625 1406 pax
647 1346 895 1405 perversa
921 1338 1021 1384 est.
1052 1327 1209 1381 Forte
1238 1327 1289 1380 in
1320 1335 1486 1380 totum
1506 1323 1651 1377 carni
1672 1337 1801 1376 con-

220 1430 406 1493 sentis,
433 1437 491 1483 et
516 1427 656 1481 nulla
684 1426 797 1478 rixa
823 1429 922 1476 est.
954 1421 1121 1488 Quam
1145 1433 1293 1488 spem
1320 1416 1483 1471 habes
1509 1414 1649 1484 quod
1680 1428 1803 1483 pos-

219 1521 291 1575 sis
318 1517 614 1588 aliquando
640 1516 873 1575 vincere,
917 1512 1007 1581 qui
1034 1509 1265 1564 nondum
1293 1506 1496 1575 cmpisti
1529 1502 1800 1573 pugnare?

218 1613 271 1668 Si
298 1620 482 1665 autem
512 1604 897 1663 condelectaris
920 1603 1018 1672 legi
1046 1600 1139 1655 Dei
1180 1598 1468 1653 secundum
1497 1596 1801 1649 interiorem

221 1701 517 1763 hominem,
547 1697 694 1751 vides
723 1705 895 1748 autem
926 1693 1079 1746 aliam
1108 1691 1276 1759 legem
1310 1690 1360 1742 in
1404 1687 1656 1741 membris
1700 1685 1801 1738 tuis

219 1800 609 1863 repugnantem
640 1788 742 1856 legi
773 1784 962 1840 mentis
992 1792 1093 1837 tua:
1134 1782 1310 1849 (Rom.
1348 1794 1438 1843 vn,
1478 1778 1569 1844 2‘2,
1600 1777 1723 1846 35);
1755 1776 1803 1829 si

220 1886 318 1937 hac
342 1877 752 1940 condelectaris,
785 1876 883 1929 hac
906 1873 1105 1944 ligaris,
1134 1872 1268 1925 libcr
1294 1884 1353 1925 es
1375 1869 1425 1922 in
1453 1876 1648 1931 mente,
1684 1881 1799 1920 ser-

220 1992 316 2029 vus
344 1977 399 2029 in
427 1988 625 2028 carne:
649 1973 693 2024 si
715 1970 823 2039 jam
846 1968 916 2022 ita
941 1973 1045 2032 est,
1084 1974 1387 2034 compatere
1410 1961 1580 2030 potius
1601 1958 1799 2013 homini

220 2069 440 2131 dicenti,
473 2066 594 2118 Non
624 2062 755 2133 quod
784 2061 894 2114 volo
920 2074 1034 2129 ago.
1066 2057 1147 2111 Tn
1178 2058 1318 2110 enim
1348 2070 1452 2108 non
1481 2053 1560 2108 vis
1586 2063 1645 2106 ut
1672 2066 1805 2106 con-

221 2156 552 2227 cupiscentia
584 2154 670 2207 illa
700 2167 817 2221 qua:
846 2150 1043 2204 resistit
1071 2146 1233 2200 menti
1266 2153 1403 2206 ,tuie,
1449 2147 1665 2196 omnino
1696 2157 1799 2196 non

221 2252 288 2303 sit
309 2251 361 2303 in
389 2247 475 2301 te?
504 2247 623 2301 Mali
650 2247 757 2298 voti
788 2244 945 2296 homo
980 2256 1057 2302 es,
1080 2240 1123 2293 si
1152 2238 1239 2292 tali
1266 2236 1568 2291 adversario
1594 2250 1696 2288 non
1724 2234 1803 2288 vis

222 2358 426 2399 carere.
454 2341 589 2410 Ego,
623 2339 791 2391 lateor
816 2337 927 2402 tibi,
956 2332 1206 2404 quidquid
1246 2330 1298 2384 in
1330 2345 1415 2383 me
1452 2328 1673 2383 rebellat
1708 2327 1804 2381 ad-

223 2450 409 2488 versus
436 2439 672 2485 mentem
703 2442 893 2489 meam,
921 2435 973 2479 ct
1002 2425 1166 2492 litigat
1208 2435 1412 2475 mecum
1453 2418 1803 2473 delectatione

223 2523 515 2586 contraria,
546 2518 798 2590 quidquid
828 2517 929 2571 tale
956 2515 1009 2568 in
1034 2529 1120 2567 tne
1140 2521 1237 2574 est,
1268 2510 1485 2564 omnino
1506 2508 1804 2563 interﬁcere

222 2618 362 2669 volo.
398 2614 465 2667 Et
494 2613 540 2665 si
568 2612 616 2666 ei
636 2610 769 2665 forte
794 2608 1074 2676 adjuvante
1102 2604 1345 2669 Domino,
1377 2616 1480 2654 non
1507 2596 1807 2661 consentio;-

226 2707 350 2760 nolo
373 2704 575 2757 habere
603 2716 724 2756 cum
746 2714 850 2769 quo
877 2697 1090 2766 litigem.
1132 2694 1297 2748 Multo
1329 2701 1411 2747 est
1437 2691 1564 2745 mihi
1595 2689 1803 2759 Optabi-

225 2798 345 2859 lius,
375 2795 649 2848 inimicum
670 2807 773 2845 non
798 2790 1011 2853 habere,
1035 2801 1191 2855 quam
1209 2786 1438 2838 vincere.
1468 2782 1648 2850 Neque
1664 2781 1803 2834 cnim

226 2889 353 2945 tilud
378 2889 557 2957 ipsum
584 2884 723 2954 quod
755 2897 880 2938 caro
907 2879 1231 2948 concupiscit
1260 2876 1512 2930 adversus
1541 2873 1803 2941 spiritum,

225 2996 331 3035 non
357 2989 441 3033 ρδι
472 2992 683 3031 meum:
713 2983 802 3027 aut
839 2987 963 3026 VCI'O
992 2987 1056 3025 ex
1087 2968 1349 3023 contraria
1379 2975 1560 3019 natura
1590 2978 1806 3031 compa-

225 3085 339 3129 ειυς
360 3071 522 3127 sum?
552 3072 617 3124 Et
642 3067 765 3122 illntl
796 3080 967 3120 meum
996 3073 1103 3128 est,
1132 3070 1185 3115 et
1218 3059 1355 3130 quod
1378 3059 1424 3113 ei
1454 3073 1557 3111 non
1580 3071 1805 3110 consen-

230 3169 321 3231 tio,
353 3180 537 3219 meum
565 3171 664 3216 est.
690 3158 822 3213 Pars
848 3158 1170 3225 aliquantum
1213 3152 1396 3215 libera,
1446 3148 1640 3203 resistit
1678 3146 1807 3201 reli-

230 3258 365 3327 quiis
385 3253 678 3309 servitutis.
706 3248 897 3305 Totum
919 3261 1102 3301 sanum
1124 3244 1194 3299 sit
1218 3243 1359 3305 volo,
1383 3242 1503 3310 quia
1531 3249 1800 3293 totussum

228 3364 346 3417 ego.
397 3346 533 3400 Nolo
562 3356 617 3396 ut
643 3358 671 3395 a
703 3357 787 3395 me
815 3354 939 3394 caro
967 3353 1104 3401 mea,
1149 3344 1392 3402 tanquam
1440 3339 1712 3394 extranea,
1755 3329 1807 3382 in

230 3451 491 3495 :cternum
524 3443 822 3504 separetur,
852 3431 945 3485 sed
984 3438 1041 3483 ut
1084 3442 1290 3482 mecum
1335 3433 1441 3478 tota
1472 3431 1707 3476 sanetur.
1751 3420 1809 3475 Si

231 3531 331 3584 hoc
358 3541 414 3583 tu
438 3544 544 3582 non
575 3526 711 3589 vis‘,
743 3524 922 3577 nescio
951 3519 1075 3589 quid
1120 3519 1185 3572 de
1224 3532 1383 3571 carne
1419 3514 1645 3568 sentias:
1670 3510 1811 3565 arbi—

234 3634 347 3678 tror
388 3632 441 3676 te
480 3629 668 3689 putare
697 3615 877 3670 nescio
903 3613 1027 3683 quid
1059 3612 1195 3665 unde
1223 3609 1347 3674 sit',
1387 3607 1535 3677 quasi
1564 3606 1632 3659 de
1655 3611 1811 3674 gente

233 3713 522 3769 contraria.
554 3710 764 3763 Falsum
805 3716 904 3770 est,
954 3704 1257 3757 lnercticum
1298 3710 1399 3765 est,
1444 3698 1811 3768 blasphemum

235 3814 345 3860 est:
371 3802 572 3857 mentis
599 3808 655 3854 et
681 3794 855 3853 carnis
898 3809 1032 3849 unus
1067 3801 1150 3848 est
1192 3792 1401 3846 artifex.
1447 3789 1567 3859 ipse
1602 3788 1812 3858 quando

237 3896 507 3950 hominem
526 3891 740 3955 creavit,
764 3899 1043 3957 utrumque
1060 3884 1201 3949 fecit,
1220 3892 1498 3951 utrumque
1518 3881 1810 3950 conjunxit:

235 4003 449 4043 carnem
477 3986 671 4039 anima:
698 3981 954 4047 subdidit,
983 3979 1214 4033 animam
1240 3978 1361 4031 sibi.
1392 3975 1447 4030 Si
1486 3989 1699 4043 semper
1722 3975 1811 4029 illa

234 4088 400 4135 staret
431 4078 531 4132 sub
562 4075 786 4130 Domino
828 4088 946 4138 suo,
979 4086 1191 4140 semper
1217 4080 1272 4124 et
1299 4070 1397 4123 ista
1423 4068 1665 4123 obedirct
1711 4066 1811 4121 do-

235 4174 393 4227 mina:
419 4186 552 4225 sum.
582 4168 699 4222 Noli
728 4182 855 4236 ergo
882 4166 1057 4219 mirari
1090 4165 1131 4217 si
1155 4179 1213 4218 ea
1236 4179 1355 4233 qua:
1382 4162 1617 4217 deseruit
1651 4176 1814 4231 supe-

234 4263 453 4325 riorem,
484 4274 669 4329 pinnas
689 4258 884 4327 patitur
909 4271 1001 4325 per
1032 4253 1351 4309 inferiorem.
1377 4252 1505 4307 Caro
1534 4254 1664 4305 enim
1688 4268 1811 4305 con-

236 4354 445 4423 cupiscit
466 4351 703 4403 adversus
727 4348 980 4419 spiritum,
1012 4346 1215 4416 spiritus
1241 4355 1407 4398 autem
1436 4344 1671 4397 adversus
1696 4360 1811 4397 car-

236 4463 364 4499 nem.
396 4443 523 4497 Haec
549 4443 700 4507 enim,
728 4440 914 4508 inquit,
936 4438 1142 4490 invicem
1173 4436 1521 4501 adversantur,
1549 4446 1603 4489 ut
1628 4453 1728 4489 non
1756 4452 1815 4490 ea

234 4554 344 4607 qua:
384 4536 541 4589 vultis
569 4534 765 4605 faciatis
810 4530 1003 4603 (Galat.
1047 4546 1097 4594 v,
1141 4530 1252 4598 17).
1300 4528 1425 4582 Inde
1462 4536 1517 4582 et
1545 4528 1664 4591 iste,
1695 4527 1815 4581 Non

236 4629 367 4695 quod
395 4626 508 4680 uolo
540 4642 655 4696 ago.
686 4622 1034 4692 Conzupiscit
1061 4618 1202 4675 enim
1252 4636 1376 4674 caro
1424 4618 1677 4674 adversus
1708 4619 1816 4688 spi-

237 4722 419 4785 ritum,
477 4728 533 4773 ct
583 4718 706 4771 nolo
752 4716 1091 4784 concupiscat
1129 4730 1140 4765 :
1186 4728 1285 4781 pro
1328 4726 1517 4780 magno
1559 4712 1728 4765 habeo
1770 4711 1815 4764 si

237 4828 337 4865 non
362 4810 716 4872 consentiam,
747 4817 871 4876 opto
914 4815 1091 4859 tamen
1135 4812 1191 4861 ut
1217 4818 1447 4857 caream.
1494 4802 1650 4872 Ergo,
1696 4800 1816 4854 Non

236 4904 367 4973 quod
388 4903 501 4956 volo
528 4918 645 4972 ago.
672 4900 804 4953 Volo
831 4899 971 4953 enim
996 4906 1050 4951 ut
1076 4912 1179 4951 non
1206 4895 1544 4964 concupiscat
1563 4911 1687 4949 caro
1717 4895 1812 4948 ad-

239 5008 424 5047 versus
451 4993 717 5062 Spiritum,
750 4998 805 5047 et
833 5005 937 5044 non
982 5003 1230 5058 possunt:
1262 4987 1362 5040 hoc
1400 4996 1480 5040 est
1519 4986 1656 5055 quod
1684 4986 1811 5051 dixi,

240 5083 357 5137 Non
387 5083 525 5153 quod
555 5086 662 5135 volo
683 5097 797 5152 ago.

303 5176 532 5232 CAPUT
572 5173 657 5229 1V.
680 5173 814 5229 —-5.
849 5172 1064 5226 Natura:
1092 5170 1252 5240 falsus
1278 5168 1511 5239 defensor
1527 5166 1715 5221 medico
1740 5169 1820 5221 in-

239 5280 427 5338 gratus.
448 5267 583 5335 Quid
605 5264 838 5320 tnihihie
855 5263 1228 5319 calumniaris?
1249 5261 1358 5331 Ego
1379 5260 1517 5324 dico,
1550 5259 1667 5314 Non
1684 5261 1819 5330 quod

240 5362 347 5416 colo
372 5377 506 5431 ago:
535 5370 587 5415 et
615 5369 669 5413 tu
710 5358 863 5422 dicis,
908 5354 1059 5422 Quod
1114 5354 1193 5408 vis
1232 5353 1362 5423 agis.
1397 5352 1535 5418 Quid
1569 5352 1693 5405 mihi
1725 5369 1817 5406 ea-

240 5451 541 5506 lnmniaris?
573 5451 784 5520 Ingrato
815 5447 1042 5513 medico,
1062 5445 1185 5516 quid
1203 5443 1542 5499 calumniaris
1570 5443 1819 5497 inﬁrmo?

302 5609 315 5638 ¹
339 5610 406 5657 sic
428 5615 533 5656 Mss.
557 5607 675 5654 mliti
704 5617 840 5661 vero,
865 5602 910 5653 Si
927 5601 1014 5651 ltoc
1039 5606 1185 5650 totum
1202 5611 1292 5647 non
1312 5597 1395 5648 vis.

274 5672 319 5735 _’
344 5678 405 5720 tta
427 5670 663 5721 meliores
687 5674 791 5717 Mss.
822 5658 871 5715 At
898 5664 1039 5725 editi,
1076 5668 1118 5712 te
1149 5668 1317 5724 putare
1351 5659 1474 5724 quod
1506 5672 1663 5711 nostra
1696 5658 1820 5709 unde

243 5738 314 5781 Sil.

1625 294 1853 351 SERMO
1890 295 2055 350 XXX.

3380 305 3482 360 190

1911 407 2035 462 Sine
2066 416 2121 462 ut
2149 408 2409 464 medicum
2437 425 2639 481 rogem.
2670 412 2878 467 Redime
2913 430 2991 468 me
3027 431 3057 467 a
3093 415 3357 471 calumniis
3386 418 3477 471 Ιιο-

1908 499 2119 565 minum,
2149 508 2194 552 et
2221 500 2478 554 custodibo
2520 503 2675 573 legent
2715 514 2853 557 tuam
2901 504 3067 576 (Psal.
3112 522 3289 572 cxvm,
3332 508 3481 577 154).

1908 587 2229 643 Custodibo‘
2262 606 2355 660 per
2400 592 2815 663 redemptionem
2849 605 3013 661 tuam,
3047 612 3150 651 non
3196 613 3289 667 per
3326 607 3479 667 pote-

1908 691 2096 736 statem
2148 699 2338 737 meam.
2380 684 2503 739 Ideo
2543 687 2673 740 mihi
2717 689 3017 752 sanitatem,
3059 706 3214 760 quam
3246 691 3476 744 nomium

1909 770 2099 837 habeo,
2132 789 2236 826 non
2281 788 2505 844 arrogo;
2548 776 2670 843 quia
2702 777 2960 831 medicum
3002 794 3152 847 rogo.
3186 780 3263 833 Tu
3302 787 3477 833 autem

1907 873 2107 917 natura:
2133 864 2408 929 defensor;
2440 866 2578 935 quod
2603 866 2799 921 utinam
2831 883 2997 933 esses,
3028 883 3129 922 non
3161 869 3311 938 quasi
3337 884 3479 922 sana:

1907 956 2271 1011 defensionem
2296 956 2478 1010 falsam
2508 958 2804 1020 adhiberes,
2839 958 2931 1013 sed
2957 975 3052 1028 pro
3077 960 3309 1013 nondum
3351 975 3478 1014 sana

1906 1047 2165 1100 medicum
2198 1062 2445 1116 rogares:
2474 1063 2613 1101 nunc
2640 1063 2765 1103 vero
2794 1056 2849 1102 tu
2872 1058 3069 1102 naturae
3094 1049 3363 1116 defensor,
3393 1051 3477 1103 vel

1906 1138 2078 1205 potius
2103 1148 2451 1208 oppugnatur,
2478 1139 2601 1193 dnm
2641 1140 2789 1209 quasi
2827 1140 2894 1194 de
2920 1150 3104 1195 natura
3132 1156 3258 1195 sana
3296 1142 3479 1196 laudas

1905 1229 2230 1296 Creatorem,
2262 1231 2501 1286 excludis
2519 1247 2548 1284 a
2579 1232 2823 1301 languida
2841 1231 3188 1286 Salvatorcm.
3208 1233 3307 1299 Qui
3329 1248 3479 1287 crea-

1904 1308 1996 1387 vit,
2019 1332 2198 1389 sanat;
2230 1334 2469 1379 ruentem
2501 1339 2594 1393 per
2620 1339 2678 1378 se
2704 1324 2892 1394 ipsam,
2926 1325 3066 1378 levat
3087 1340 3179 1393 per
3200 1339 3257 1378 se
3282 1324 3478 1393 ipsum.

1905 1412 2021 1481 ipsa
2062 1413 2196 1467 ﬁdes
2233 1422 2333 1476 est,
2364 1415 2474 1482 ipsa
2502 1413 2716 1475 veritas,
2749 1414 2849 1467 hoc
2891 1422 2972 1467 est
3014 1412 3479 1467 christianre-lidei

1907 1503 2326 1558 fundamentum.
2376 1504 2521 1558 Unus
2567 1512 2619 1557 et
2664 1518 2829 1557 unus:
2856 1519 2991 1556 unus
3017 1504 3174 1556 homo
3201 1518 3296 1572 per
3322 1518 3480 1571 quem

1906 1594 2076 1660 ruina,
2095 1596 2230 1649 alius
2249 1597 2406 1649 homo
2424 1611 2517 1665 per
2533 1610 2689 1665 quem
2711 1604 2999 1659 structura;
3024 1610 3120 1665 per
3144 1596 3287 1649 illum
3304 1595 3477 1657 ruina,

1906 1684 2003 1751 per
2020 1683 2161 1737 hunc
2186 1693 2467 1738 structura.
2497 1685 2700 1739 Cecidit
2722 1686 2810 1754 qui
2840 1700 2943 1738 non
2973 1685 3184 1747 mansit,
3214 1684 3368 1753 erigit
3389 1684 3479 1753 qui

1905 1789 2009 1827 non
2029 1774 2235 1828 cecidit.
2268 1775 2390 1828 Ruit
2418 1775 2502 1830 ille
2528 1776 2648 1845 quia
2675 1774 2873 1829 dimisit
2909 1784 3228 1841 manentem,
3259 1788 3482 1829 manens

1905 1865 1994 1919 ille
2022 1865 2295 1919 descendit
2317 1866 2382 1919 ad
2407 1866 2693 1935 jacentem.

1975 1956 2029 2009 6.
2058 1954 2123 2008 In
2161 1957 2297 2009 lucta
2335 1958 2501 2010 carnis
2539 1966 2584 2009 et
2633 1956 2839 2025 spiritus
2886 1956 3006 2026 quid
3067 1954 3371 2026 faciendum.
3421 1953 3479 2008 Si

1904 2061 2031 2115 ergo
2073 2048 2397 2115 concupiscit
2434 2062 2560 2101 caro
2596 2047 2852 2101 adversus
2893 2047 3135 2115 spiritum
3158 2087 3172 2111 ,
3203 2054 3261 2101 ut
3292 2046 3342 2098 in
3377 2045 3482 2098 hoc

1906 2136 2021 2205 ipso
2050 2152 2152 2190 non
2179 2136 2318 2206 quod
2345 2139 2423 2190 vis
2452 2152 2577 2206 agas
2595 2179 2611 2202 ,
2635 2138 2757 2206 quia
2792 2137 2872 2191 vis
2901 2145 2958 2191 ut
2986 2153 3090 2190 non
3119 2136 3479 2205 concupiscat,

1905 2237 1959 2281 et
1984 2244 2087 2280 non
2120 2237 2309 2296 potes;
2357 2238 2476 2281 tene
2504 2229 2692 2282 saltem
2722 2228 2772 2281 in
2801 2228 2966 2297 gratia
2998 2227 3205 2281 Domini
3244 2226 3479 2281 volunta-

1909 2327 2034 2386 tem,
2063 2327 2116 2373 et
2138 2320 2189 2372 in
2221 2320 2335 2389 ejus
2354 2319 2615 2389 adjutorio
2640 2306 2919 2389 persevera
2949 2338 2960 2372 :
2991 2319 3077 2373 die
3102 2319 3152 2373 ei
3180 2319 3320 2389 quod
3349 2334 3476 2373 can-

1906 2410 2025 2464 tasti
2051 2453 2065 2476 ,
2099 2410 2309 2464 Gressus
2340 2426 2472 2463 meos
2500 2412 2660 2480 dirige
2691 2411 2962 2464 secundant
2997 2411 3197 2463 verbum
3236 2420 3406 2473 tuum,
3436 2419 3482 2463 et

1907 2519 1969 2555 ne
1999 2504 2278 2555 dominetur
2306 2504 2428 2555 mihi
2454 2504 2613 2555 omnis
2642 2504 2898 2572 iniquitas.
2934 2502 3071 2567 Quid
3102 2510 3213 2566 est,
3236 2518 3297 2555 ne
3316 2502 3481 2555 domi-

1908 2603 2052 2646 netur
2073 2593 2194 2645 mihi
2224 2594 2385 2645 onmis
2407 2593 2641 2660 iniquitas
2658 2594 2683 2645 ?

1978 2682 2200 2737 CAPUT
2235 2682 2531 2735 V.—Audi
2563 2683 2871 2751 Apostolum
2892 2700 2916 2747 p:
2951 2681 3071 2735 Non
3112 2688 3279 2751 regnet
3308 2697 3483 2751 pecca-

1909 2780 2011 2825 tum
2039 2772 2091 2824 in
2130 2781 2289 2824 vestro
2330 2772 2532 2824 mortali
2557 2787 2781 2841 corpore.
2806 2771 2939 2839 Quid
2985 2780 3087 2836 est,
3114 2770 3234 2823 Non
3274 2773 3483 2840 regnet?

1909 2860 1988 2913 Ad
2017 2861 2342 2914 obediendum
2367 2861 2627 2915 desideriis
2660 2862 2787 2927 eius.
2810 2861 2926 2915 Non
2958 2861 3111 2923 dixit,
3141 2860 3259 2915 Noli
3288 2860 3485 2914 habere

1909 2951 2167 3005 d.-sideria
2208 2952 2365 3005 mala.
2395 2952 2672 3018 Quomodo
2697 2953 2838 3007 enim
2870 2952 2921 3005 in
2947 2952 3045 3006 hac
3066 2967 3224 3005 carne
3250 2952 3481 3018 mortali,

1912 3043 1997 3097 ubi
2038 3058 2161 3097 caro
2195 3044 2521 3111 concupiscit
2560 3044 2813 3098 adversus
2855 3044 3130 3112 Spiritum,
3174 3050 3229 3096 et
3268 3043 3485 3110 Spiritus

1911 3132 2162 3187 adversus
2190 3148 2435 3199 carnem,
2484 3149 2589 3187 non
2629 3133 2799 3187 habeo
2834 3132 3094 3187 desideria
3137 3132 3310 3185 mala?
3352 3132 3484 3185 Illud

1912 3240 2039 3293 ergo
2070 3224 2168 3287 lac,
2198 3223 2317 3277 Non
2340 3234 2507 3295 regnet
2528 3235 2783 3293 peccatum
2806 3226 2857 3277 in
2881 3234 3039 3277 vestro
3058 3223 3262 3275 mortali
3280 3238 3488 3292 corpore

1912 3315 1978 3367 ad
1998 3303 2325 3367 obediendmn
2351 3316 2609 3369 desideriis
2635 3317 2762 3385 ejus.
2791 3316 2904 3370 Etsi
2931 3324 3053 3368 sunt
3077 3314 3361 3379 desideria,
3382 3329 3487 3367 non

1912 3406 1990 3460 eis
2014 3405 2319 3471 obcdiatnr,
2350 3422 2415 3460 ne
2446 3406 2693 3475 iniquitas
2716 3407 3035 3461 dominetur.
3069 3405 3179 3459 Nec
3218 3406 3488 3459 exltibeatis

1913 3496 2133 3549 membra
2181 3507 2341 3550 vestra
2370 3514 2511 3549 arma
2552 3498 2825 3564 iniquitatis
2864 3508 3062 3567 peccato
3090 3496 3481 3565 (Rom.vt,i‘2).

1913 3586 2029 3641 Non
2061 3586 2188 3640 fiant
2224 3587 2459 3642 membra
2501 3597 2588 3641 tua
2630 3602 2778 3641 arma
2815 3588 3134 3656 iniquitatis,
3182 3597 3233 3641 et
3261 3603 3363 3641 non
3394 3586 3490 3641 do-

1914 3678 2144 3732 minetur
2173 3678 2263 3732 libi
2293 3679 2464 3732 omnis
2502 3678 2769 3746 iniquitas.
2798 3678 2901 3733 Sed
2929 3678 3086 3731 etiam
3120 3678 3217 3730 hoe
3238 3719 3251 3741 ,
3283 3688 3339 3730 ut
3384 3693 3489 3730 non

1918 3768 2043 3821 liant
2076 3768 2311 3822 membra
2341 3777 2427 3820 tua
2461 3784 2605 3821 arma
2652 3769 2958 3837 iniquitatis,
3002 3768 3255 3836 numquid
3302 3777 3355 3820 tu
3397 3767 3489 3820 tibi

1915 3858 2115 3911 viribus
2143 3859 2242 3911 tuis
2268 3868 2488 3926 praestas
2516 3858 2539 3910 Υ
2564 3858 2674 3911 lloc
2700 3859 2889 3927 ipsum,
2916 3860 3146 3927 inquam,
3181 3858 3281 3912 hoc
3320 3858 3491 3927 ipsum

1915 3945 2056 4014 quod
2085 3961 2187 3999 non
2220 3946 2344 3999 [iant
2378 3947 2614 4000 membra
2646 3957 2732 4001 tua
2771 3963 2915 4000 artna
2954 3947 3241 4015 iniquitatis
3263 3989 3276 4011 ,
3309 3956 3362 4000 tu
3393 3947 3491 4000 tibi

1918 4048 2136 4108 prtestas
2165 4039 2366 4093 viribus
2384 4036 2663 4092 tuis?Cutn
2690 4040 2829 4092 enim
2852 4055 2956 4093 non
2981 4039 3111 4092 liunt
3135 4040 3373 4093 membra
3406 4048 3493 4092 tua

1916 4145 2061 4183 arma
2083 4130 2391 4199 iniquitatis,
2411 4139 2491 4184 est
2515 4130 2725 4199 quidem
2750 4131 2992 4200 iniquitas
3016 4132 3066 4184 in
3097 4131 3345 4184 membris
3369 4131 3492 4197 tuis,

1919 4219 1971 4274 in
2010 4220 2285 4274 desideriis
2326 4220 2556 4285 illicitis,
2593 4221 2687 4273 sed
2720 4237 2823 4274 non
2866 4229 3068 4291 regnat.
3096 4220 3373 4287 Quomodo
3412 4236 3498 4275 re-

1917 4321 2061 4383 gnat,
2085 4313 2172 4381 qui
2198 4328 2342 4366 arma
2371 4329 2475 4366 non
2506 4312 2700 4367 habet?
2730 4313 2859 4367 Pars
2890 4321 2996 4378 tua,
3026 4328 3149 4366 caro
3171 4324 3275 4378 tua,
3299 4329 3497 4367 concu-

1919 4403 2172 4471 piscentia
2217 4404 2394 4458 carnis
2438 4413 2543 4457 tuae
2586 4404 2838 4473 languore
2886 4405 3105 4458 rebellat
3142 4404 3396 4458 adversus
3424 4413 3495 4458 te.

1919 4496 2165 4564 Languor
2190 4496 2287 4549 iste
2317 4503 2570 4566 tyrannus
2599 4506 2680 4550 est
2711 4513 2723 4549 :
2756 4497 2799 4550 si
2834 4497 2910 4549 vis
2939 4504 2988 4550 te
3016 4496 3222 4566 tyranni
3260 4511 3379 4550 esse
3414 4496 3495 4549 vi-

1922 4598 2144 4654 ctorem,
2176 4587 2447 4643 Christum
2476 4590 2656 4642 invoca
2681 4590 3075 4659 imperatorem.

1992 4682 2041 4750 7_.
2085 4679 2273 4735 Gratia:
2300 4681 2613 4734 adversarius
2654 4681 2745 4734 sub
2766 4682 2896 4752 jugo
2932 4690 3001 4735 est
3032 4682 3325 4752 iniquitatis.
3365 4679 3498 4733 Nam

1921 4775 2030 4829 scio
2056 4773 2181 4844 quid
2211 4774 2337 4827 mihi
2369 4788 2488 4828 eras
2522 4760 2778 4838 dicturus,
2812 4773 2893 4827 vel
2920 4772 3045 4843 quid
3074 4772 3211 4841 apud
3241 4782 3292 4826 te
3320 4771 3492 4839 ipsum

1924 4865 2082 4921 modo
2119 4866 2285 4919 dicas.
2315 4865 2563 4933 Quisquis
2593 4865 2710 4918 talis
2743 4865 2825 4918 hic
2853 4880 2945 4931 es,
2974 4872 3027 4918 ct
3061 4862 3210 4917 audis
3237 4877 3320 4914 me
3340 4902 3355 4926 ,
3388 4861 3501 4915 scio

1922 4956 2046 5025 quid
2074 4957 2165 5011 tibi
2211 4956 2352 5011 intus
2390 4955 2637 5024 loquatur
2678 4954 2946 5023 iniquitas.
2993 4953 3178 5007 Adhuc
3214 4950 3355 5005 enim
3400 4951 3501 5007 sub

1918 5048 2043 5117 jugo
2071 5061 2129 5101 es
2156 5045 2469 5115 iniquitatis,
2497 5045 2706 5114 quando
2735 5061 2840 5099 non
2871 5043 3114 5114 agnoscis
3140 5042 3366 5111 pretium
3393 5042 3499 5096 Re-

1923 5139 2236 5208 demptoris.
2257 5137 2377 5192 Seio
2394 5137 2518 5206 quid
2541 5137 2633 5190 tibi
2657 5136 2819 5191 dicas.
2850 5136 2986 5190 Ecce
3009 5134 3336 5203 concupiscit
3376 5147 3501 5186 caro

1924 5245 2041 5287 mea
2082 5228 2338 5283 adversus
2390 5229 2634 5297 spiritum
2683 5241 2890 5291 meum,
2936 5223 3261 5292 concupiscit
3295 5222 3501 5277 adulte-

1925 5320 2060 5374 rium
2088 5336 2100 5384 ;
2131 5317 2224 5373 sed
2251 5333 2356 5373 non
2394 5318 2690 5381 consentio,
2724 5332 2828 5370 non
2860 5330 3057 5381 annuo,
3084 5331 3188 5369 non
3227 5314 3456 5369 decerno
3486 5330 3500 5366 :

1926 5428 2029 5466 non
2058 5412 2227 5465 solum
2257 5426 2363 5464 non
2389 5424 2508 5478 ago,
2532 5408 2626 5462 sed
2650 5424 2747 5462 nec
2774 5422 2929 5476 agerc
2947 5406 3224 5461 consentio
3248 5423 3261 5471 ;
3290 5420 3392 5457 non
3420 5419 3502 5457 so-

1926 5502 2032 5555 lum
2082 5501 2205 5553 loris
2245 5514 2339 5571 per
2383 5514 2597 5553 carnem
2636 5513 2737 5550 non
2782 5504 3059 5565 perpetro,
3106 5495 3199 5550 sed
3249 5511 3347 5549 nec
3393 5495 3502 5563 ipsa

1993 5661 2117 5706 ‘Er.
2161 5658 2303 5717 Lugd.
2362 5664 2479 5703 Ven.
2537 5661 2680 5717 I.(t\'.,
2733 5653 2905 5717 1ιὶιχιξι
2945 5651 3065 5699 infra
3114 5650 3302 5717 ferunt,
3358 5654 3505 5699 Cttle-

1929 5719 2079 5781 diam,
2102 5711 2306 5781 rectius;
2331 5725 2563 5781 [.rafterea
2596 5724 2614 5761 κ
2631 5716 2791 5776 ulgata
2814 5714 2978 5771 habet,
3003 5711 3285 5762 custodiam.
3354 5719 3408 5759 Μ.
