4012 6338
537 261 629 318 l9!
967 218 970 225 ’
1765 253 1822 311 s.
1864 251 2226 313 annosum
2263 253 2566 312 EPISCOPI

534 388 712 435 meme
765 393 961 450 sequor
1004 376 1375 435 rebellantem.
1418 372 1707 430 Consentio
1749 371 2106 444 repugnanti,

530 470 664 526 cedo
696 472 949 527 luctanti?
971 471 1087 526 Non
1105 469 1243 524 facio
1265 471 1303 525 ³,.
1333 467 1476 523 Ecce
1507 481 1615 523 non
1650 465 1956 524 dominatur
1976 463 2109 520 mihi

529 563 702 618 omnis
723 563 987 633 iniquitas.
1011 561 1084 616 Ita
1109 569 1209 626 est,
1231 573 1416 614 verum
1435 566 1540 614 est.

602 652 827 707 CAPUT
856 650 1233 707 Vl.—-Gratias
1261 663 1379 721 age,
1410 649 1455 704 si
1471 648 1542 704 ita
1563 656 1666 712 est,
1691 647 1742 704 ei
1763 647 1851 719 qui
1887 645 1982 702 tibi
2007 644 2108 701 do-

535 743 681 798 navit
724 753 781 797 ut
822 743 892 797 ita
930 743 1016 796 sit.
1048 741 1163 796 Noli
1212 739 1309 796 tibi
1352 740 1453 795 hoc
1488 753 1768 810 arrogare,
1802 752 1870 792 ne
1917 734 2109 807 perdas

532 836 672 906 quod
699 835 968 905 accepisti,
997 845 1051 891 et
1077 835 1297 904 incipias
1323 833 1520 888 frustra
1546 847 1753 903 rogare.
1784 830 1901 887 Non
1929 830 2103 895 times,

532 926 668 980 Dcus
687 925 910 995 superbis
935 926 1141 993 resistit,
1169 924 1439 980 humilibus
1457 933 1625 979 autem
1639 922 1727 977 dat
1751 921 1971 994 gratiam
1998 919 2109 994 (Ja-

526 1017 636 1072 cobi
664 1034 734 1082 1V,
768 1018 866 1089 6)?
1822 1033 1826 1038 ’

598 1108 654 1165 8.
679 1108 866 1165 Gratia:
910 1109 1105 1165 hostem
1144 1108 1350 1163 revincit
1399 1106 1641 1162 Ecclesia:
1677 1104 1920 1177 precatio.
1960 1103 2110 1175 Ergo

526 1208 588 1254 tu
616 1200 707 1254 tibi
740 1208 980 1270 praestas,
1004 1210 1061 1254 ut
1086 1215 1191 1257 non
1220 1199 1525 1255 dominetur
1556 1196 1651 1252 tibi
1690 1195 1868 1252 omnis
1904 1194 2106 1265 iniqui-

526 1294 647 1349 tas?
671 1292 727 1349 Si
756 1308 881 1349 vera
906 1304 990 1349 est
1014 1302 1099 1348 tua
1124 1293 1224 1347 ista
1251 1290 1593 1363 praesumptio
1613 1330 1628 1356 ,
1659 1303 1794 1343 vana
1815 1295 1898 1343 est
1925 1295 2106 1342 nostra

523 1383 729 1450 oratio,
761 1383 851 1438 ubi
873 1383 1094 1438 dicimus
1141 1383 1277 1448 Deo,
1319 1379 1443 1435 Non
1477 1379 1761 1433 dominetur
1789 1377 1911 1454 mihi
1940 1375 2105 1432 omnis

523 1474 780 1544 iniquitas.
809 1473 1046 1529 Cantasti
1072 1472 1236 1528 verba
1258 1472 1355 1526 ista
1384 1469 1564 1535 hodie,
1581 1484 1647 1523 an
1673 1468 1818 1524 non?
1844 1467 1940 1522 Hie
1957 1480 2100 1534 eras,

523 1566 736 1638 quando
757 1581 943 1622 omnes
968 1565 1297 1632 dicebamus,
1330 1562 1542 1618 Gressus
1569 1578 1706 1617 meos
1734 1560 1896 1631 dirige
1919 1575 2104 1613 secun-

505 1659 646 1713 ‘dum
671 1658 871 1713 verbum
899 1666 1060 1724 tuum,
1089 1667 1134 1712 et
1161 1673 1224 1712 ne
1256 1656 1539 1709 dominetur
1567 1653 1691 1707 mihi
1717 1652 1880 1707 omnis
1911 1649 2105 1721 iniqui-

525 1761 602 1806 tas
627 1752 653 1805 ?
678 1751 775 1806 llic
801 1764 943 1817 eras,
975 1748 1199 1805 cantasti
1221 1748 1381 1803 verba
1406 1747 1527 1812 ista,
1557 1755 1682 1816 puto
1709 1754 1761 1800 te
1790 1758 1894 1799 non
1932 1756 2098 1813 nega—

520 1848 722 1897 turum.
740 1839 881 1910 Ergo
903 1839 1126 1895 cantasti
1155 1840 1207 1893 in
1233 1837 1428 1909 populo
1457 1836 1582 1904 Dei,
1601 1843 1657 1891 et
1683 1833 1882 1905 rogasti
1911 1833 2101 1900 Deum,

521 1931 726 1998 dicens,
750 1930 963 1986 Gressus
990 1945 1125 1984 meos
1152 1929 1313 2001 dirige
1337 1927 1617 1983 secundum
1636 1925 1840 1993 verbum
1864 1933 2026 1991 tuum,
2057 1930 2104 1978 et

520 2039 587 2078 ne
611 2022 897 2077 dominetur
918 2022 1043 2075 mihi
1071 2021 1233 2076 omnis
1271 2020 1526 2091 iniquitas.
1551 2016 1607 2075 Si
1634 2017 1729 2073 tibi
1752 2016 1856 2073 hoc
1879 2023 2103 2086 pratsta-

521 2112 642 2182 bas,
668 2127 831 2185 quare
856 2127 1062 2170 mecum
1093 2112 1356 2183 rogabas?
1379 2111 1561 2168 Teneo
1578 2119 1882 2182 precantem
1902 2150 1918 2176 ,
1946 2118 2104 2165 teneo

517 2202 879 2272 invocantem,
906 2203 1166 2259 convinco
1189 2201 1518 2258 laborantem
1544 2219 1556 2255 :
1580 2200 1736 2257 simul
1762 2214 1891 2270 ergo
1915 2198 2101 2254 audia-

517 2309 640 2351 mus
665 2293 949 2361 dicentem,
988 2276 1256 2349 Venite.ad
1274 2310 1374 2360 nte,
1404 2309 1574 2349 omnes
1598 2292 1683 2362 qui
1713 2291 1971 2346 laboratis.
1995 2291 2105 2345 Au-

518 2384 729 2441 diamus
754 2395 812 2442 et
834 2386 1127 2442 veniamus.
1149 2384 1287 2452 Quid
1318 2393 1402 2441 est
1420 2426 1435 2450 ,
1460 2383 1788 2440 Veniamus?
1821 2381 2103 2439 Credendo

517 2477 858 2548 proﬁciamus
880 2519 897 2546 ,
941 2478 1138 2548 gratias
1185 2476 1391 2548 agendo
1431 2475 1745 2533 accedamus
1775 2477 1817 2542 ²,
1856 2489 2104 2545 perseve-

514 2568 688 2626 rando
713 2569 1104 2640 perveniamus.
1134 2568 1421 2625 Veniamus
1445 2567 1511 2622 ad
1535 2582 1659 2623 eum
1687 2566 1779 2638 qui
1814 2566 1960 2633 dicit,
2002 2564 2101 2621 Ve-

521 2659 627 2715 nite
650 2659 719 2713 ad
740 2675 839 2727 me,
860 2675 1034 2715 omnes
1059 2659 1146 2731 qui
1167 2658 1426 2714 laboratis.
1461 2657 1530 2713 Et
1557 2666 1612 2712 ιιι
1641 2657 1851 2713 laboras
1874 2698 1891 2723 ,
1921 2665 1977 2713 et
1999 2671 2100 2728 ego

515 2749 702 2806 labem
726 2768 740 2805 :
767 2750 915 2806 illum
934 2751 1234 2817 audiamus,
1257 2749 1323 2804 ad
1350 2749 1500 2805 illum
1523 2749 1817 2814 veniamus,
1847 2749 1985 2804 inter
2001 2763 2099 2805 nos

515 2855 683 2912 quare
707 2840 1010 2912 litigamus?
1037 2841 1209 2897 Ambo
1234 2840 1531 2908 audiamus,
1555 2840 1677 2912 quia
1701 2841 1860 2896 ambo
1886 2840 2099 2896 labora-

516 2945 638 2987 mus
664 2946 680 2984 :
710 2945 876 3003 quare
900 2932 1038 2987 inter
1061 2945 1160 2987 nos
1188 2930 1492 3001 litigamus?
1518 2945 1585 2985 an
1610 2939 1667 2985 ut
1717 2929 1983 2985 medicum
2002 2945 2099 2985 vo-

515 3031 729 3080 cantem
777 3038 883 3079 non
912 3022 1225 3079 audiamus?
1263 3022 1307 3079 0
1348 3021 1534 3078 infelix
1579 3020 1892 3077 inﬁrmitas!
1935 3021 1999 3076 ad
2036 3035 2098 3077 se

513 3124 670 3171 vocat
707 3112 979 3182 medicus,
1037 3122 1093 3171 et
1133 3114 1314 3170 litibus
1355 3121 1645 3184 occupatur
1682 3122 1933 3185 aegrotus.
1963 3112 2097 3170 Vide

513 3204 642 3277 quid
669 3203 814 3261 dicat
839 3204 1079 3262 vocando
1107 3222 1122 3259 :
1163 3204 1335 3261 Venite
1356 3205 1425 3259 ad
1445 3221 1541 3274 me,
1575 3221 1747 3260 omnes
1775 3205 1861 3276 qui
1888 3205 2093 3261 labora-

511 3294 597 3349 tis.
628 3292 729 3350 Ubi
755 3294 1033 3363 laboratis,
1078 3295 1181 3351 nisi
1218 3295 1318 3351 sub
1351 3296 1575 3352 sarcinis
1601 3304 1962 3366 peccatorum,
1993 3296 2094 3352 nisi

509 3385 613 3442 sub
633 3385 762 3457 jugo
784 3385 938 3441 malm
963 3386 1191 3442 dominae
1216 3386 1543 3458 iniquitatis?
1569 3385 1741 3441 Venite
1754 3401 1883 3458 ergo
1906 3387 1974 3440 ad
1994 3405 2091 3456 me,

510 3471 685 3532 amnes
711 3478 798 3548 qui
819 3476 1058 3533 laboratis
1085 3489 1131 3533 et
1147 3480 1341 3534 onerati
1363 3481 1501 3547 estis,
1531 3488 1578 3534 et
1602 3496 1693 3551 ego
1729 3496 1814 3535 vos
1845 3482 2090 3549 reﬁciam.

509 3567 625 3640 Ego
650 3570 741 3641 qui
767 3568 890 3637 feci,
918 3570 1165 3641 reficiant.
1194 3569 1327 3642 Ego,
1355 3571 1542 3641 inquit,
1572 3586 1659 3626 vos
1682 3572 1907 3640 reﬁciam
1933 3573 2093 3643 :quia

508 3658 627 3715 sine
650 3675 737 3716 me
756 3660 887 3716 nihil
915 3661 1136 3731 potestis
1160 3660 1333 3717 facere
1359 3660 1537 3733 (Joan.
1563 3677 1651 3727 xv,
1679 3660 1759 3733 5).

580 3752 806 3809 CAPUT
857 3753 970 3807 VII.
1000 3784 1073 3795 —
1109 3754 1165 3810 9.
1209 3753 1440 3810 Christus
1486 3756 1724 3827 magister
1772 3756 2088 3812 humilitatis.

507 3845 788 3915 Quomodo
808 3861 904 3902 vos
926 3847 1198 3907 reﬁciam?
1222 3848 1405 3904 Tollite
1417 3850 1603 3921 jugum
1623 3866 1788 3904 meum
1808 3866 1960 3919 super
1981 3866 2088 3919 ros,

505 3947 555 3994 et
580 3940 755 3995 discite
779 3958 812 3995 a
838 3958 936 3996 me.
958 3942 1097 4011 Quid
1124 3942 1380 3998 discimus
1418 3958 1448 3997 a
1476 3951 1527 3999 te
1548 3943 1572 3997 ?
1591 3942 1845 3998 Novimus
1875 3951 1947 4008 te,
1978 3942 2089 3999 Do-

506 4028 672 4095 mine,
699 4030 753 4086 in
791 4031 1049 4102 principio
1088 4032 1341 4098 Verbum,
1374 4032 1607 4088 Verbum
1635 4032 1821 4100 Deum,
1852 4032 2087 4088 Verbum

507 4119 649 4192 apud
674 4121 840 4177 Deum
872 4140 886 4177 :
914 4123 1092 4177 omnia
1119 4137 1216 4192 per
1245 4131 1296 4178 te
1328 4121 1465 4177 facta
1495 4122 1759 4185 novimus,
1790 4137 1907 4192 qurc
1934 4121 2087 4179 vide-

507 4225 651 4277 mus,
677 4220 732 4267 et
771 4227 891 4282 quae
917 4227 1024 4267 non
1061 4212 1320 4268 videmus.
1348 4211 1482 4280 Quid
1511 4212 1765 4268 discimus
1798 4227 1829 4268 a
1857 4223 1907 4269 te
1926 4214 1950 4268 ?
1969 4214 2087 4270 Non

504 4301 649 4357 enim
676 4302 835 4357 alium
863 4303 1117 4359 mundum
1146 4303 1390 4374 discipuli
1420 4304 1516 4369 tui,
1547 4312 1794 4376 tanquam
1838 4304 2087 4375 discipuli

503 4393 722 4451 artiﬁcis
741 4403 796 4451 et
820 4395 1173 4462 fabricatoris,
1200 4396 1462 4452 condituri
1485 4411 1686 4453 sumus.
1715 4396 1892 4454 Unum
1923 4414 2085 4454 mun-

504 4485 633 4543 dum
676 4488 981 4557 condidisti,
1010 4489 1205 4544 cadum
1231 4498 1284 4544 et
1318 4498 1514 4546 terram
1554 4488 1726 4546 fecisti
1757 4510 1770 4547 :
1803 4501 2085 4563 utrumque

503 4577 618 4633 suis
655 4578 917 4635 creaturis
956 4580 1391 4652 ornamentisque
1432 4581 1730 4638 illustrasti.
1768 4583 1906 4651 Quid
1955 4600 1983 4637 a
2031 4594 2084 4640 te

502 4668 796 4725 discimus?
823 4669 1034 4739 Discite,
1075 4673 1265 4744 inquit,
1294 4690 1326 4727 a
1348 4690 1443 4729 me.
1471 4674 1604 4730 Cum
1645 4690 1820 4731 essem
1852 4677 1904 4731 in
1931 4678 2081 4748 prin-

499 4762 641 4834 cipio
668 4763 808 4819 Deus
830 4766 968 4837 apud
1001 4766 1166 4822 Deum
1186 4808 1201 4833 ,
1223 4767 1398 4822 creavi
1425 4782 1553 4835 vos;
1584 4768 1684 4825 hoc
1709 4771 1838 4826 nolo
1865 4771 2082 4830 discatis

497 4865 532 4907 a
556 4869 644 4911 me
671 4872 686 4909 :
718 4855 813 4911 sed
854 4856 1025 4912 factus
1070 4872 1186 4913 sum
1228 4858 1368 4928 quod
1395 4857 1516 4925 feci,
1564 4874 1635 4915 ne
1682 4860 1879 4931 periret
1921 4880 2082 4935 quem

496 4943 621 5001 feci.
643 4944 797 5003 Unde
838 4964 954 5004 sum
999 4948 1167 5005 factus
1211 4951 1353 5020 quod
1398 4951 1535 5008 Ieci?
1585 4952 1921 5026 Semelipsum
1968 4959 2082 5015 exi-

498 5036 689 5091 nanivit
715 5077 732 5104 ,
787 5042 1004 5110 formam
1050 5041 1181 5094 servi
1242 5043 1544 5111 accipiens;
1590 5045 1644 5099 in
1699 5047 2079 5106 similitudinem

498 5123 758 5181 hominum
807 5130 1008 5200 factus,
1061 5138 1108 5185 et
1152 5131 1327 5186 habitu
1364 5132 1590 5188 inventus
1631 5145 1685 5189 ut
1732 5136 1927 5204 homo;
1977 5140 2077 5194 hu-

498 5215 708 5271 miliavit
762 5221 1099 5293 semetipsum.
1145 5222 1260 5279 Hoc
1298 5223 1487 5281 discite
1527 5240 1559 5280 a
1601 5242 1688 5284 me
1711 5270 1725 5296 ,
1776 5229 2077 5289 Humiliavit

497 5307 641 5364 enim
685 5313 1023 5382 semetipsum,
1049 5315 1239 5386 inquit.
1271 5316 1464 5373 Discite
1494 5335 1527 5373 a
1564 5337 1644 5375 me
1674 5324 1912 5393 quoniam
1942 5327 2076 5383 mitis

495 5416 611 5458 sum
636 5410 683 5457 et
721 5402 924 5459 humilis
964 5407 1113 5461 corde
1142 5407 1365 5480 (Matth.
1393 5426 1467 5479 x1,
1492 5410 1581 5478 28,
1607 5412 1724 5483 29).
1763 5414 1877 5470 Νοη
1906 5417 2071 5483 enim,

558 5510 890 5587 {Fossatensis
909 5519 1013 5575 Ms.,
1049 5516 1149 5587 sed
1163 5529 1254 5587 nec
1283 5517 1391 5587 ipsa
1409 5526 1566 5587 mente
1607 5534 1794 5587 sequor.
1816 5525 2075 5579 Rcbclhotti

494 5583 589 5652 non
610 5580 873 5652 consentio,
890 5580 1173 5652 repugnanti
1189 5592 1281 5630 non
1303 5580 1439 5642 cedo,
1463 5580 1766 5636 luctantium:
1785 5588 2071 5652 [twco.1;cce

491 5645 587 5697 non
604 5634 891 5697 dominatur,
919 5634 1014 5689 etc;

556 5696 579 5729 ³
600 5704 702 5749 Ant.
722 5704 797 5750 Er.
817 5696 1115 5767 ct'plerique
1138 5711 1266 5767 Mss,
1290 5703 1597 5770 accipiamus.

3695 264 3795 325 192

2221 369 2412 441 inquit,
2444 370 2547 428 hoc
2577 384 2674 428 vos
2716 372 2904 443 doceo,
2927 376 3079 446 quasi
3105 375 3156 430 in
3196 374 3363 430 forma
3392 374 3485 432 Dci
3515 375 3794 448 aliquando

2216 462 2470 531 fuissetis,
2499 480 2604 520 non
2643 467 2882 537 rapinam
2916 468 3233 525 arbitrantes
3273 484 3393 526 esse
3429 484 3524 525 vos
3564 471 3790 541 aequales

2216 555 2347 611 Deo.
2381 557 2459 612 llli
2488 558 2576 614 uni
2603 559 2873 630 proprium
2903 569 3039 629 erat,
3067 561 3141 617 illi
3164 562 3347 632 rapina
3383 578 3490 618 non
3528 572 3676 627 erat,
3707 563 3791 620 cui

2218 653 2406 701 natura
2427 646 2599 702 inerat
2620 649 2659 701 ί.
2689 649 2745 703 In
2774 648 2946 704 Patris
2968 651 3271 721 atqualitate
3299 661 3455 707 natus
3477 660 3560 707 est
3595 651 3665 708 de
3690 652 3789 708 Pa-

2215 742 2317 790 tre.
2341 735 2479 804 Quid
2504 747 2679 794 tamen
2721 739 2849 794 fecit
2878 750 3093 811 propter
3120 742 3204 798 te?
3235 742 3577 820 semetipsum
3612 745 3788 799 exina-

2212 824 2355 892 nivit,
2378 826 2593 896 formam
2614 829 2745 883 servi
2763 830 3011 901 accipiens
3025 846 3045 897 ;
3063 833 3118 886 in
3134 832 3513 888 similitudinem
3528 834 3785 890 hominum

2212 919 2397 988 factus,
2434 927 2480 972 et
2507 919 2682 974 habitu
2721 921 2948 978 inventus
2985 932 3041 977 ut
3073 924 3223 979 homo
3252 923 3526 996 (Philipp.
3552 941 3620 991 ιι,
3648 925 3788 999 6-8).

2212 1008 2352 1065 Ecce
2378 1019 2598 1082 propter
2624 1022 2676 1068 te
2698 1013 2842 1070 Deus
2872 1013 3044 1070 factus
3066 1025 3149 1071 est
3174 1017 3335 1073 homo
3359 1058 3375 1084 ,
3404 1027 3460 1075 et
3485 1034 3590 1077 non
3624 1028 3674 1075 te
3714 1020 3790 1076 vis

2211 1116 2521 1173 agnoscere,
2549 1120 2672 1161 cum
2699 1107 2775 1163 sis
2805 1107 2966 1164 homo
2990 1107 3014 1163 ?
3034 1109 3172 1165 Ecce
3195 1118 3414 1180 pr0pter
3435 1119 3486 1166 te
3511 1109 3682 1167 factus
3706 1120 3790 1167 est

2210 1191 2373 1249 homo
2410 1195 2528 1251 sine
2566 1205 2822 1267 peccato,
2866 1208 2924 1255 et
2966 1214 3074 1256 non
3114 1200 3196 1256 vis
3243 1210 3293 1257 te
3341 1216 3631 1272 agnoscere
3668 1217 3790 1260 cum

2209 1284 2468 1354 peccato?
2494 1295 2553 1342 ut
2578 1287 2763 1345 venias
2797 1289 2865 1345 ad
2905 1290 3056 1346 illum
3088 1291 3179 1362 qui
3218 1292 3314 1359 ait,
3355 1290 3531 1347 Venite
3567 1293 3637 1348 ad
3668 1309 3789 1364 nte,

2210 1390 2382 1430 omnes
2408 1377 2495 1448 qui
2522 1377 2766 1436 laboratis
2791 1389 2839 1435 et
2866 1382 3060 1437 onerati
3088 1382 3224 1447 estis,
3247 1392 3295 1437 et
3320 1399 3411 1455 ego
3436 1400 3521 1438 vos
3545 1384 3791 1453 reﬁciant.

2280 1466 2504 1525 CAPUT
2530 1469 2660 1526 VIII.
2675 1471 2837 1528 -10.
2856 1471 3052 1544 Iugum
3073 1472 3258 1529 Christi
3278 1475 3413 1529 unde
3435 1491 3603 1530 suave.
3634 1474 3792 1531 Pela-

2208 1556 2348 1628 gian.
2376 1563 2760 1630 argumentatio.
2780 1592 2852 1603 —
2872 1562 3053 1619 Tollite
3079 1564 3268 1637 jugum
3308 1582 3472 1620 meum
3506 1583 3659 1639 super
3682 1584 3788 1624 vos.

2208 1646 2401 1704 Tulisti
2432 1648 2533 1705 hoc
2561 1650 2785 1722 iugum?
2808 1648 3032 1715 Tulisti?
3068 1653 3247 1711 Sentis
3291 1664 3342 1712 te
3384 1656 3579 1713 habere
3616 1672 3793 1715 sesso-

2208 1738 2362 1794 rem?
2390 1739 2575 1797 Tulisti
2605 1740 2706 1798 hoc
2718 1742 2904 1815 jugum
2922 1745 2945 1799 ?
2966 1745 3127 1813 Dicis,
3151 1745 3293 1801 Tuli.
3316 1747 3495 1803 Sentis
3525 1755 3576 1803 te
3596 1747 3794 1805 habere

2209 1832 2512 1888 sessorem?
2536 1831 2714 1889 Sentis
2740 1842 2792 1891 te
2816 1833 3016 1892 habere
3036 1837 3335 1893 rectorem?
3359 1836 3566 1908 Sentio,
3591 1839 3789 1909 inquis.

2208 1919 2290 1977 illi
2339 1937 2468 1994 ergo
2508 1923 2594 1981 die
2613 1965 2629 1993 ,
2662 1924 2876 1982 Gressus
2901 1943 3037 1983 meos
3077 1928 3239 2000 dirige
3277 1930 3553 1986 secundum
3587 1932 3793 1987 verbum

2207 2021 2370 2070 tuum.
2402 2015 2561 2088 [tegit
2589 2025 2641 2074 te
2665 2018 2765 2075 sub
2783 2019 2912 2092 jugo
2947 2036 3066 2088 suo,
3094 2029 3151 2077 et
3190 2022 3290 2078 sub
3322 2025 3529 2079 sarcina
3566 2040 3683 2081 sua.
3727 2025 3795 2083 Ut

2206 2107 2350 2163 enim
2388 2110 2597 2165 sarcina
2637 2110 2754 2182 ejus
2787 2113 2861 2168 sit
2904 2113 2995 2169 tibi
3026 2114 3160 2170 levis
3187 2124 3241 2171 et
3255 2115 3439 2187 jugum
3465 2117 3581 2188 ejus
3608 2132 3793 2182 suave,

2206 2197 2297 2255 ille
2318 2200 2412 2255 tibi
2449 2216 2686 2259 amorem
2716 2204 3013 2276 inspiravit.
3055 2207 3292 2275 Amanti,
3335 2224 3498 2265 suave
3536 2218 3653 2276 est;
3684 2226 3795 2267 non

2205 2292 2428 2362 amanti,
2455 2293 2649 2350 durum
2673 2306 2777 2351 est.
2807 2298 3043 2366 Amanti,
3070 2313 3233 2354 suave
3260 2308 3342 2354 est
3372 2317 3386 2354 :
3416 2300 3669 2357 Dominus
3694 2301 3787 2359 de.

2205 2380 2283 2437 dit
2308 2384 2619 2441 suavitatem
2642 2384 2812 2458 (Psal.
2840 2403 3062 2455 Lustv,
3093 2388 3203 2460 15).
3232 2389 3314 2445 An
3345 2388 3483 2446 forte
3523 2392 3645 2461 quia
3693 2392 3785 2447 vel

2205 2474 2418 2544 venisti,
2446 2476 2691 2544 audiens,
2729 2476 2902 2533 Venite
2938 2480 3007 2533 ad
3027 2496 3137 2546 me,
3164 2480 3266 2536 hoc
3303 2481 3474 2551 ipsum
3517 2482 3609 2537 tibi
3637 2497 3795 2538 arro-

2203 2581 2332 2638 gare
2372 2567 2625 2637 intendis,
2652 2571 2776 2642 quia
2794 2572 3028 2628 venisti?
3057 2573 3215 2641 Ecce,
3240 2574 3447 2645 inquis,
3477 2576 3597 2631 veni
3636 2575 3705 2631 ad
3736 2577 3797 2632 il-

2203 2658 2312 2716 lum
2352 2660 2573 2716 arbitrio
2605 2676 2727 2718 meo
2749 2704 2769 2730 ,
2795 2663 3070 2720 voluntate
3115 2680 3255 2720 mea.
3282 2665 3415 2732 Quia
3452 2666 3591 2733 veni,
3623 2669 3795 2724 reiicit

2206 2764 2332 2806 me:
2360 2752 2481 2821 quia
2506 2752 2648 2821 veni,
2670 2752 2856 2824 iugum
2881 2770 3037 2810 suum
3065 2755 3286 2826 imponit
3316 2756 3444 2811 mihi
3471 2772 3669 2825 suave;
3702 2759 3796 2829 qui

2202 2840 2295 2897 dat
2337 2857 2577 2899 amorem
2605 2886 2620 2911 ,
2666 2846 2930 2902 sarcinam
2971 2861 3121 2903 suam
3177 2848 3346 2903 levem
3392 2849 3618 2920 imponit
3656 2850 3796 2906 mihi

2201 2935 2401 2990 amanti
2429 2944 2485 2992 et
2507 2936 2746 3008 diligenti
2775 2957 2788 2993 :
2816 2940 2933 2995 haec
2959 2941 3138 2995 omnia
3168 2940 3295 2996 fecit
3316 2943 3371 2998 in
3400 2958 3519 3010 me;
3548 2943 3641 2999 sed
3666 2945 3795 3011 quia

2201 3026 2321 3080 veni
2345 3025 2412 3081 ad
2440 3043 2583 3082 eum.
2607 3027 2748 3099 Ergo
2783 3028 2886 3086 hoc
2921 3032 3084 3101 sapis,
3113 3032 3236 3102 quia
3262 3019 3474 3100 venisti,
3494 3043 3548 3089 tu
3570 3035 3665 3090 tibi
3690 3038 3796 3093 hoc

2201 3116 2531 3187 prmslitisli?
2571 3118 2709 3187 Quid
2757 3121 2899 3176 enim
2959 3121 3125 3178 habes
3187 3123 3331 3194 quod
3383 3140 3488 3182 non
3535 3128 3795 3197 accepisti

2202 3206 2246 3281 (I
2270 3208 2387 3264 Cor.
2411 3225 2481 3278 Iv,
2508 3212 2562 3283 7)
2577 3213 2602 3266 ?
2616 3213 2892 3280 Quomodo
2908 3215 3130 3271 venisti?
3144 3214 3423 3273 Credendo
3445 3219 3633 3275 venisti
3654 3238 3667 3275 :
3692 3221 3794 3283 sed

2201 3302 2437 3358 nondum
2465 3306 2772 3374 pervenisti.
2796 3307 2985 3363 Adhuc
3003 3309 3055 3363 in
3079 3309 3159 3364 via
3187 3325 3389 3378 sumus,
3407 3313 3670 3381 venimus,
3690 3315 3794 3371 sed

2199 3393 2434 3450 nondum
2452 3398 2811 3466 pervenimus.
2833 3399 3028 3456 Servite
3041 3400 3256 3457 Domino
3275 3403 3327 3457 in
3345 3406 3540 3473 timore,
3559 3416 3605 3460 et
3617 3407 3796 3463 exsul-

2198 3492 2301 3540 tate
2325 3486 2372 3541 ei
2392 3502 2508 3542 cum
2540 3497 2786 3555 tremore;
2826 3507 2890 3546 ne
2921 3492 3122 3560 quando
3153 3494 3402 3549 irascatur
3440 3496 3710 3563 Dominus,
3746 3508 3794 3555 et

2198 3577 2412 3646 pereatis
2427 3578 2489 3633 de
2511 3579 2745 3651 viajusta
2769 3580 2948 3652 (Psal.
2978 3599 3035 3649 tl,
3064 3584 3125 3641 11
3144 3595 3195 3639 et
3221 3585 3332 3656 i3).
3359 3586 3536 3653 Time,
3565 3604 3634 3644 ne
3658 3604 3793 3646 cum

2197 3668 2292 3724 tibi
2311 3684 2531 3742 arrogas
2550 3673 2671 3743 quia
2697 3674 2908 3729 inventa
2937 3685 3073 3729 esta
3111 3685 3164 3731 te
3189 3676 3272 3731 via
3293 3677 3457 3746 jusla,
3492 3679 3603 3748 ipsa
3633 3694 3795 3734 arro-

2197 3760 2375 3829 gantia
2400 3776 2589 3831 pereas
2607 3763 2676 3819 de
2699 3764 2781 3818 via
2801 3764 2963 3835 justa.
2992 3766 3123 3837 Ego,
3152 3767 3341 3838 inquit,
3374 3770 3515 3835 veni,
3554 3770 3790 3827 arbitrio

2195 3866 2318 3907 meo
2351 3853 2493 3919 veni,
2525 3855 2797 3911 voluntate
2822 3871 2945 3912 mea
2979 3858 3122 3912 veni.
3161 3858 3298 3926 Quid
3333 3861 3626 3930 turgescis?
3653 3864 3790 3931 quid

2195 3944 2486 4001 tumescis?
2511 3946 2604 4002 Vis
2641 3963 2802 4005 nosse
2836 3949 2963 4020 quia
2992 3951 3167 4007 ethoc
3198 3954 3486 4022 prmstitum
3529 3965 3612 4009 est
3643 3957 3792 4012 tibi?

2195 4034 2373 4106 Ipsum
2391 4037 2514 4091 audi
2552 4049 2829 4095 vocantem
2861 4058 2875 4095 :
2906 4040 3072 4096 Nemo
3102 4044 3230 4097 venit
3266 4045 3333 4098 ad
3358 4062 3454 4112 nte,
3479 4047 3571 4100 nisi
3601 4045 3787 4115 Pater,

2192 4128 2281 4199 qui
2301 4145 2378 4183 nte
2405 4130 2561 4196 misit,
2592 4132 2801 4186 traxerit
2823 4149 2935 4188 eum
2958 4133 3137 4206 (Joan.
3169 4152 3242 4203 vt,
3270 4135 3397 4208 44).
3428 4138 3683 4196 Conversi
3718 4141 3793 4197 ad

2192 4218 2493 4290 Dominum,
2515 4230 2619 4278 etc.

2649 4312 2879 4370 SERMO
2917 4315 3088 4371 XXXI
3128 4321 3147 4342 ·
3186 4316 3293 4391 (α).

2191 4422 2273 4480 De
2313 4426 2472 4481 verbis
2512 4425 2713 4482 Psalnti
2737 4443 2895 4496 cxxv,
2927 4430 2981 4497 5,
3011 4430 3067 4499 6,
3096 4431 3196 4500 Qui
3220 4433 3484 4489 seminam
3514 4434 3565 4490 in
3595 4435 3785 4509 lact-y.

2853 4520 2976 4588 mis,
3005 4530 3101 4576 etc.

2296 4627 2521 4685 CAPUT
2558 4627 2840 4687 PRIMUM.
2882 4662 2957 4673 ——
3001 4634 3054 4688 1.
3108 4632 3374 4691 Sentittare
3429 4637 3482 4692 in
3534 4638 3819 4711 lacrymis.

2188 4723 2412 4776 omnium
2442 4732 2515 4778 est
2548 4721 2964 4781 Christianorum.
2988 4726 3232 4783 Psalmus
3256 4730 3345 4800 qui
3381 4740 3626 4787 cantatur
3664 4733 3781 4790 Do-

2189 4811 2356 4879 mino,
2384 4813 2595 4869 videtur
2633 4815 2827 4870 sanctis
2868 4818 3189 4888 martyribus
3225 4822 3514 4877 convenire
3545 4837 3560 4875 :
3592 4823 3687 4878 sed
3730 4825 3780 4879 si

2186 4896 2430 4960 membra
2448 4905 2646 4960 Christi
2672 4921 2876 4975 sumus,
2895 4909 3033 4964 sicut
3050 4925 3168 4965 esse
3184 4910 3459 4979 debemus,
3487 4913 3552 4968 ad
3582 4929 3784 4971 omnes

2186 5012 2287 5053 nos
2312 4998 2577 5068 pertinere
2606 4999 2980 5071 intelligamus.
3015 5003 3115 5069 Qui
3142 5006 3394 5059 seminant
3420 5008 3474 5060 in
3505 5006 3775 5080 lacrytnis,

2184 5089 2237 5144 in
2269 5090 2455 5161 gaudio
2479 5099 2679 5145 metant.
2716 5090 2907 5148 Euntes
2930 5092 3069 5149 ibant
3096 5104 3143 5150 et
3164 5096 3382 5167 ﬂebant,
3415 5099 3662 5154 mittentes
3684 5118 3776 5155 sc-

2183 5182 2324 5236 mina
2366 5199 2500 5237 sua:
2528 5184 2774 5240 venientes
2819 5196 2987 5241 autem
3023 5189 3218 5244 venient
3243 5208 3357 5244 cum
3402 5193 3771 5261 exsultatione,

2184 5283 2441 5345 portantes
2479 5276 2767 5347 manipulos
2797 5294 2915 5332 suos
2941 5280 2984 5333 '.
3014 5279 3133 5349 Quo
3171 5292 3359 5338 euntes
3380 5324 3395 5348 ,
3426 5291 3481 5338 ct
3507 5283 3645 5340 unde
3671 5302 3775 5340 ve-

2246 5404 2265 5436 ί
2286 5402 2475 5467 Aliquot
2494 5411 2626 5467 Mss,
2640 5405 2722 5457 cui
2742 5413 2915 5458 natura
2928 5414 3050 5460 erat.

2180 5465 2514 5578 mtszﬁrique
2532 5465 2660 5529 Mss,
2685 5467 2869 5520 venient
2885 5469 2936 5521 in
2956 5469 3287 5537 exsultatione,
3312 5474 3525 5527 tollentes
3545 5490 3775 5541 manipu-

2178 5592 2261 5699 ΕΓ·
2276 5590 2547 5699 lSjltstilggtus
2561 5598 2637 5641 est
2650 5592 2708 5641 ad
2729 5599 2931 5656 quatuor
2953 5595 3030 5645 cl).
3047 5596 3105 5645 ad
3122 5596 3243 5647 duos
3263 5611 3341 5662 gr.
3358 5598 3416 5649 ad
3439 5598 3488 5648 d.
3506 5612 3571 5647 m.
3598 5609 3647 5651 et
3667 5609 3765 5651 Am

2239 5684 2251 5698 ο
2337 5666 2375 5699 1⁵.
2420 5686 2434 5699 ο
2484 5666 2512 5699 ’.

2239 5684 2251 5698 .
2276 5659 2375 5701 Par.
2403 5659 2512 5701 l.0\'.

2238 5714 2311 5775 (α)
2333 5712 2466 5773 Alias,
2483 5714 2546 5764 dc
2569 5716 2836 5767 Sanctis
