4012 6338
268 288 381 351 193

268 408 530 463 nientes?
555 405 694 476 Quid
737 408 1063 464 seminantes
1095 407 1147 463 in
1170 406 1459 480 lacrymis?
1484 421 1602 477 quae
1626 414 1750 460 sunt
1776 419 1861 459 se-

269 502 418 554 mina
439 501 571 569 ?qui
599 499 894 568 manipuli?
922 499 1123 554 Euntes
1163 500 1214 553 in
1254 509 1503 565 mortem,
1531 498 1805 552 venientes
1829 511 1860 551 a

268 603 467 649 morte.
500 593 703 648 Etintes
745 592 1043 657 nascendo,
1078 592 1354 648 venientes
1384 589 1728 660 resurgendo.
1756 587 1857 644 Se-

268 686 545 741 minantes
568 688 732 754 opera
754 683 892 738 bona
913 725 927 748 ,
956 691 1217 738 metentes
1245 681 1543 736 mercedem
1579 690 1855 735 aeternam.

265 777 489 833 Semina
526 792 656 847 ergo
698 785 825 832 sunt
863 784 1063 841 nostra,
1092 773 1347 846 quidquid
1390 774 1513 829 boni
1552 772 1853 839 fecerimus,

264 869 530 941 manipuli
582 870 774 933 nostri,
816 868 958 938 quod
1004 868 1055 924 in
1114 866 1218 922 line
1262 866 1599 937 recipiemus.
1633 864 1688 921 Si
1730 878 1857 935 ergo

262 960 407 1016 bona
428 969 555 1015 sunt
578 960 802 1023 semina,
835 960 970 1014 bona
993 974 1187 1028 opera;
1229 973 1394 1028 quare
1430 973 1551 1013 cum
1579 956 1852 1027 lacrymis,

263 1052 391 1107 dum
422 1052 644 1109 hilarem
671 1052 910 1108 datorem
936 1052 1121 1124 diligat
1149 1051 1286 1107 Deus
1308 1051 1327 1125 (
1346 1051 1386 1105 ll
1415 1051 1530 1105 Cor.
1559 1066 1633 1118 rx,
1665 1047 1761 1123 7)?

328 1145 389 1199 2.
432 1143 726 1215 Martyrum
753 1144 923 1214 passio
956 1152 1001 1196 et
1037 1158 1224 1199 merces
1252 1144 1305 1197 in
1348 1142 1557 1197 Psalmo
1588 1141 1851 1211 prwdicta.

261 1236 361 1292 llic
417 1236 652 1307 primum
703 1236 877 1291 videte
901 1277 916 1301 ,
948 1235 1279 1302 charissimi,
1315 1235 1581 1306 quomodo
1624 1234 1854 1289 maxime

257 1327 325 1382 ad
355 1327 548 1383 beatos
573 1336 835 1395 martyres
861 1326 1019 1381 verba
1042 1326 1141 1380 ista
1176 1327 1498 1396 pertineant.
1531 1324 1670 1380 Nulli
1709 1325 1852 1379 enim

261 1426 468 1474 tantum
491 1416 887 1487 impenderunt,
920 1432 1081 1487 quam
1112 1417 1186 1470 illi
1209 1416 1299 1487 qui
1325 1432 1384 1471 se
1410 1417 1553 1486 ipsos
1574 1415 1850 1486 impende-

256 1518 423 1561 runt:
454 1508 595 1561 sicut
637 1506 770 1561 dicit
806 1507 1079 1576 apostolus
1119 1506 1337 1575 Paulus,
1361 1506 1428 1560 Et
1457 1506 1563 1577 ipse
1589 1504 1853 1577 impendar

258 1617 351 1671 pro
371 1601 643 1654 animabus
679 1601 854 1654 vestris
885 1598 993 1670 (Id.
1017 1615 1111 1666 xu,
1138 1600 1249 1671 15).
1291 1598 1667 1669 lmpenderunt
1706 1598 1849 1653 enim

260 1709 320 1747 se
347 1692 498 1763 ipsos
523 1691 831 1747 conﬁtendo
853 1690 1144 1759 Christum,
1174 1701 1228 1748 et
1248 1692 1517 1764 implendo
1544 1692 1594 1746 in
1621 1691 1736 1762 ejus
1756 1690 1853 1747 ad-

254 1783 455 1854 iutorio
474 1784 618 1855 quod
644 1785 840 1839 dictant
863 1793 966 1851 est,
989 1784 1070 1838 Ad
1094 1801 1320 1840 mensam
1362 1802 1600 1857 magnam
1639 1786 1846 1852 sedisti,

258 1882 384 1930 scito
410 1878 654 1946 quoniam
675 1878 797 1931 talia
827 1888 874 1931 te
911 1887 1105 1948 oportet
1133 1894 1421 1949 prwparare
1457 1877 1656 1949 (Eccli.
1691 1895 1844 1947 χιιι,

256 1967 367 2036 l2).
397 1968 533 2036 Qua:
559 1979 644 2025 est
664 1985 852 2040 magna
879 1985 1083 2034 mensa,
1109 1970 1209 2024 nisi
1236 1969 1377 2026 unde
1403 1970 1693 2040 accipimus
1724 1986 1847 2026 cor-

253 2074 355 2130 pus
382 2059 584 2114 Christi
629 2070 682 2116 et
725 2060 1239 2131 sanguinem?Quid
1283 2070 1384 2129 est,
1428 2059 1572 2116 Scito
1609 2062 1849 2132 quoniam

250 2151 376 2204 talia
396 2159 446 2203 te
463 2160 661 2221 oportet
678 2167 1004 2224 prteparare;
1025 2152 1124 2206 nisi
1141 2151 1281 2222 quod
1301 2152 1488 2207 beatus
1506 2151 1737 2207 Joannes
1754 2167 1847 2207 ex-

252 2242 425 2312 ponit,
448 2241 598 2296 Sicut
618 2239 848 2297 Christus
875 2259 966 2312 pro
989 2242 1132 2296 nobis
1153 2240 1377 2296 animum
1401 2258 1547 2296 suam
1565 2242 1751 2313 posuit,
1773 2242 1847 2295 sic

250 2342 297 2387 et
321 2349 418 2387 nos
444 2331 681 2387 debemus
710 2348 802 2402 pro
821 2332 1064 2402 fratribus
1080 2333 1275 2387 animus
1299 2349 1481 2403 ponere
1517 2332 1560 2405 (Ι
1576 2330 1732 2389 Joau.
1763 2349 1841 2401 ιιι,

252 2423 341 2495 l6)
358 2431 386 2481 ἲ
416 2423 562 2478 Ecce
587 2431 847 2494 quantum
876 2423 1267 2493 impenderunt.

315 2514 554 2572 CAPUT
590 2515 746 2570 ll.—
774 2515 883 2571 Sed
912 2516 1169 2587 numquid
1199 2516 1491 2586 perierunt,
1521 2514 1735 2586 quando
1760 2529 1846 2572 se-

247 2608 539 2663 curitatem
591 2621 622 2661 a
669 2606 898 2662 Domino
944 2607 1105 2663 etiam
1156 2607 1224 2663 de
1279 2606 1473 2677 capillo
1524 2616 1845 2676 acceperunt

248 2700 403 2775 (Luc.
437 2716 552 2767 ut,
585 2699 712 2770 18)?
738 2700 884 2755 Perit
927 2715 1151 2764 manus,
1189 2699 1278 2753 ubi
1327 2714 1433 2753 non
1485 2698 1624 2770 perit
1667 2698 1843 2769 pilus?

248 2791 399 2849 Perit
424 2801 605 2863 caput,
631 2791 716 2847 ubi
744 2807 850 2847 non
876 2792 1012 2861 perit
1037 2790 1293 2860 capillus?
1317 2789 1413 2845 Ubi
1444 2806 1548 2844 non
1579 2788 1714 2859 perit
1732 2788 1845 2860 pal-

249 2886 413 2957 pebra
435 2926 450 2949 ,
476 2886 616 2955 perit
644 2885 865 2940 oculus?
896 2884 1003 2939 llac
1031 2898 1159 2955 ergo
1198 2892 1415 2953 accepta
1445 2897 1633 2953 magna
1674 2897 1837 2938 scen-

249 2977 430 3037 ritate.
463 2974 839 3044 impenderunt
864 2989 922 3029 se
949 2974 1110 3045 ipsos.
1139 2972 1400 3042 Operibus
1422 2987 1551 3042 ergo
1577 2972 1729 3027 bonis
1758 2987 1842 3027 se-

250 3067 551 3127 mittemus,
591 3080 712 3120 cum
760 3074 970 3134 tempus
1015 3072 1128 3131 est,
1174 3063 1384 3118 dicente
1421 3062 1707 3132 Apostolo,
1744 3061 1843 3128 Qui

251 3175 403 3231 parce
447 3158 684 3221 seminat,
713 3172 864 3227 parce
886 3165 933 3210 et
953 3163 1097 3210 metet
1122 3153 1187 3227 (ll
1217 3152 1335 3208 Cor.
1361 3170 1434 3221 ix,
1463 3153 1547 3229 6).
1577 3151 1840 3225 Infatiga-

251 3252 394 3316 biles,
426 3251 633 3321 inquit,
656 3265 773 3303 cum
798 3257 994 3319 tempus
1020 3247 1257 3300 habemus
1282 3261 1544 3315 aperemur
1567 3244 1751 3297 bonunt
1774 3244 1841 3298 ad

251 3360 446 3408 omnes,
479 3343 701 3395 maxime
721 3350 891 3394 autem
918 3338 985 3393 ad
1008 3339 1305 3392 domesticos
1335 3337 1474 3406 ﬁdei.
1506 3337 1574 3392 Et
1603 3337 1790 3391 iterum
1822 3354 1836 3390 :

250 3437 474 3502 Barium,
506 3435 695 3505 inquit,
719 3434 953 3505 facientes
976 3448 1076 3486 nou
1102 3431 1433 3498 deﬁciamus;
1459 3440 1682 3500 tempore
1707 3430 1840 3483 enim

249 3546 340 3582 suo
369 3536 614 3580 metemus
641 3526 658 3556 ¹
693 3522 888 3596 (Gutat.
923 3537 993 3587 Vl,
1024 3522 1107 3587 l0,
1132 3522 1207 3593 9).
1239 3521 1339 3589 Qui
1380 3521 1636 3576 defecerit
1674 3520 1728 3575 in
1754 3534 1841 3577 se-

250 3620 418 3681 mine,
449 3632 557 3670 non
582 3614 830 3686 gaudebit
858 3614 910 3668 in
937 3628 1134 3669 messe.

318 3711 377 3763 5.
445 3706 764 3774 [inﬁrmiores
822 3704 1093 3759 Christiani
1136 3702 1341 3774 quidam
1369 3702 1421 3756 in
1476 3702 1711 3773 lacrymis
1763 3718 1844 3779 se-

247 3803 525 3855 minantes.
600 3798 777 3865 Quare
840 3813 967 3867 ergo
1013 3795 1063 3850 in
1118 3794 1407 3866 laeryinis,
1475 3808 1596 3848 cum
1662 3794 1841 3850 omnia

253 3895 392 3948 bona
441 3907 607 3962 opera
652 3899 835 3945 nostra
879 3889 1076 3945 habere
1114 3887 1344 3943 debeant
1384 3886 1746 3942 hilaritatem?
1774 3887 1843 3943 Et

191 3965 197 3973 V
248 3988 471 4056 quidem
498 3985 567 4040 de
597 3982 916 4055 martyribus
939 3981 1043 4036 dici
1075 3989 1268 4050 potest,
1308 3980 1430 4050 quia
1456 3994 1573 4035 cum
1595 3979 1841 4052 lacrymis

255 4080 675 4132 seminaverunt.
712 4073 944 4129 Fortiter
971 4072 1113 4127 enim
1141 4079 1513 4136 certaverunt,
1544 4081 1598 4127 et
1627 4071 1681 4126 in
1722 4087 1839 4125 ma-

250 4172 372 4239 gnis
405 4169 832 4226 tribtdationihus
862 4165 1095 4221 fuerunt.
1127 4164 1260 4219 Nam
1290 4173 1345 4218 ut
1370 4179 1553 4219 eorum
1582 4165 1842 4237 lacrymas

246 4263 502 4317 Christus
530 4259 924 4321 consolaretur,
958 4255 1226 4322 transtulit
1256 4269 1347 4313 eos
1369 4264 1423 4311 et
1453 4254 1843 4326 transfiguravit

253 4371 349 4411 eos
380 4357 434 4409 in
477 4369 540 4409 se
562 4395 578 4417 ,
611 4362 665 4407 et
701 4351 835 4406 dixit
864 4369 876 4404 :
903 4348 1080 4407 Tristis
1116 4341 1203 4403 est
1227 4350 1398 4403 anima
1450 4365 1559 4403 mea
1594 4365 1749 4419 usque
1775 4348 1843 4402 ad

244 4457 492 4502 mortem.
549 4444 970 4509 Verumtamen,
1026 4440 1218 4497 fratres
1267 4441 1405 4505 mei,
1459 4439 1667 4495 videtur
1714 4441 1843 4497 mihi

255 4540 399 4610 quod
431 4546 592 4608 caput
614 4545 855 4592 nostrum
884 4532 1266 4590 infirmioribus
1284 4532 1396 4588 suis
1421 4531 1673 4587 membris
1697 4547 1844 4587 com-

249 4649 475 4704 passnm
506 4639 589 4686 est
611 4673 628 4697 ,
658 4645 725 4684 ne
748 4628 816 4684 de
841 4644 901 4682 se
926 4626 1060 4682 forte
1090 4626 1324 4681 membra
1356 4626 1563 4681 infirma
1590 4625 1843 4695 despera-
1898 4620 1901 4626 “

259 4736 379 4781 rent
403 4766 420 4787 .
464 4734 523 4778 et
565 4723 702 4777 sicut
724 4729 808 4776 est
835 4720 1060 4773 humana
1098 4716 1356 4787 fragilitas
1382 4759 1396 4782 ,
1428 4725 1597 4771 morte
1625 4717 1844 4786 propin-

257 4828 459 4889 quante
490 4815 961 4887 perturbarentur,
1006 4820 1060 4867 et
1086 4811 1326 4867 dicerent
1367 4826 1470 4864 non
1498 4826 1556 4865 se
1584 4810 1649 4864 ad
1679 4811 1843 4865 Deum

260 4911 569 4980 pertinere;
603 4921 726 4961 nam
747 4906 791 4959 si
824 4904 1146 4974 pertinerent
1172 4944 1187 4968 ,
1219 4902 1533 4973 gauderent.
1558 4900 1678 4965 ideo
1698 4902 1848 4972 prius

257 5004 507 5059 Christus
533 5000 730 5063 dixit’,
761 4996 944 5052 Tristis
983 5006 1057 5051 est
1091 4996 1263 5049 anima
1301 5012 1410 5048 mea
1438 5011 1591 5065 usque
1618 4994 1687 5048 ad
1712 5012 1847 5050 mor-

260 5105 382 5149 tem.
410 5092 598 5156 Pater,
628 5090 673 5145 si
713 5089 825 5159 ﬁeri
866 5096 1065 5157 potest,
1113 5096 1334 5140 transeat
1376 5101 1408 5138 a
1457 5101 1535 5138 me
1577 5086 1714 5139 calix
1758 5086 1850 5141 iste

261 5185 477 5261 (Bouh.
500 5197 655 5247 xxvr,
678 5181 770 5248 58,
800 5180 917 5249 39).
948 5178 1079 5245 Quis
1099 5177 1199 5232 hoc
1217 5176 1388 5231 dicit?
1413 5175 1542 5242 Qua!
1572 5185 1806 5245 potestas
1830 5217 1846 5241 ,

261 5292 383 5347 qua:
411 5270 731 5329 infirmitas?
762 5268 955 5324 Audite
980 5284 1100 5338 qua:
1131 5265 1261 5322 dicit
1303 5284 1316 5320 :
1361 5263 1668 5320 Potestatem
1695 5266 1850 5320 habeo

263 5366 484 5441 ponendi
509 5365 735 5420 animam
755 5378 953 5427 meam,
980 5369 1026 5413 et
1055 5368 1348 5431 potestate»:
1376 5358 1534 5413 habeo
1560 5359 1739 5412 iterum
1766 5376 1853 5414 su-

328 5505 346 5537 ³
370 5501 570 5563 Quidam
614 5499 726 5550 libri
762 5498 945 5563 addunt
973 5497 1188 5563 hic,_non
1219 5493 1649 5563 deficimtes;_scd
1683 5496 1809 5563 male
1835 5510 1849 5548 :

266 5557 466 5678 parce
488 5566 622 5614 enim
648 5562 942 5625 Augustinus
974 5561 1024 5609 in
1046 5557 1201 5609 altero
1238 5557 1385 5610 versu
1419 5559 1601 5620 posuit,
1628 5557 1854 5623 ittﬂttiyu-

328 5692 348 5721 ¹
366 5699 433 5742 tta
467 5697 576 5740 Mss.
614 5687 738 5737 Editi
771 5698 918 5740 vero:
948 5683 1089 5737 Prius
1128 5694 1244 5747 ergo
1275 5679 1493 5734 Christus
1529 5682 1616 5733 sub
1651 5695 1855 5747 persona

1669 289 1897 349 SEllMO
1936 288 2104 346 XXXI

3443 294 3546 354 l9!

1968 404 2139 458 ruendi
2162 421 2291 458 enin.
2327 404 2492 459 Nemo
2522 405 2660 461 tollet
2688 422 2797 461 eam
2827 424 2858 461 a
2881 423 2977 475 me,
3009 408 3096 464 sed
3121 425 3210 480 ego
3240 425 3371 478 pono
3396 425 3503 464 eam
3524 452 3539 476 ,

1966 502 2014 548 et
2040 495 2216 548 iterum
2244 512 2387 549 sumo
2416 512 2524 550 eam
2554 495 2729 570 (Joan.
2758 514 2813 564 κ,
2841 498 2948 570 18).
2978 499 3101 553 llam
3127 506 3356 568 potestas
3379 501 3543 556 tristis

1964 594 2113 648 erat,
2143 586 2353 655 quando
2392 584 2618 641 faciebat
2647 588 2786 657 quod
2818 606 2921 643 non
2954 588 3187 656 faceret,
3215 591 3315 645 nisi
3338 592 3540 647 voluis-

1964 684 2065 732 set.
2111 676 2375 733 Potestate
2401 679 2540 733 enim
2570 679 2690 734 fecit
2713 721 2727 747 ,
2761 697 2863 735 non
2899 682 3235 747 conditione;
3277 683 3398 753 quia
3429 684 3543 753 ipse

1962 767 2157 835 voluit,
2194 786 2296 824 non
2336 771 2456 841 quia
2496 771 2710 827 Judazus
2741 776 2925 842 potuit.
2960 775 3374 846 Transfiguravit
3413 791 3542 847 ergo

1962 857 2016 913 in
2056 874 2114 914 se
2143 859 2351 915 infirma
2388 862 2625 916 membra
2670 865 2908 933 corporis
2935 865 3035 920 sui.
3071 866 3135 919 Et
3180 865 3314 922 forte
3344 866 3408 921 de
3436 868 3540 922 illis

1959 949 2157 1006 dictum
2201 960 2283 1005 est
2305 994 2320 1020 ,
2360 951 2458 1018 Qui
2494 954 2743 1008 seminant
2769 955 2821 1008 in
2848 955 3102 1025 tacrymis,
3134 957 3187 1010 in
3215 957 3401 1028 gaudio
3430 975 3537 1011 me-

1959 1050 2061 1097 tent
2093 1060 2110 1097 :
2140 1043 2190 1097 id
2215 1053 2296 1099 est
2318 1087 2333 1111 ,
2364 1045 2430 1100 de
2456 1045 2854 1101 infirmioribus.
2894 1047 3007 1102 Non
3037 1051 3175 1103 enim
3200 1050 3251 1104 in
3279 1050 3531 1122 lacrymis

1958 1132 2253 1189 scminahat
2299 1134 2385 1189 ille
2421 1135 2584 1204 ipsius
2611 1136 2806 1192 Christi
2836 1154 3058 1209 magnus
3080 1154 3254 1209 praeco
3277 1183 3291 1206 ,
3319 1141 3534 1212 quando

1958 1222 2162 1279 (licebat
2197 1241 2210 1278 :
2247 1224 2356 1297 Ego
2383 1227 2515 1281 enim
2536 1228 2789 1297 immolor,
2819 1239 2866 1283 et
2892 1239 3085 1302 tempus
3110 1248 3231 1286 mea:
3258 1234 3534 1289 reso'utia—

1957 1320 2036 1374 nis
2061 1320 2232 1375 instat.
2281 1321 2480 1377 Bonum
2516 1332 2762 1377 certamen
2798 1325 2981 1377 certavi
3002 1366 3016 1390 ,
3059 1341 3256 1379 cursant
3295 1343 3532 1381 consumo

1954 1412 2088 1465 mavi
2111 1452 2126 1476 ,
2172 1413 2324 1483 ﬁdem
2370 1416 2562 1469 servari
2586 1429 2606 1469 :
2640 1415 2702 1470 de
2735 1425 2912 1471 cwtero
2938 1426 3161 1487 superest
3186 1418 3309 1471 mihi
3344 1436 3532 1474 corona

1952 1503 2194 1572 iustitiae,
2223 1520 2417 1561 corona
2458 1505 2524 1561 de
2552 1507 2862 1577 manipulis;
2890 1518 3132 1581 superest,
3164 1500 3362 1579 inquit,
3404 1510 3530 1565 mihi

1953 1610 2138 1649 corona
2162 1597 2379 1667 justitiaz
2399 1638 2413 1663 ,
2443 1614 2594 1668 quam
2631 1599 2803 1653 reddet
2830 1600 2954 1654 mihi
2974 1600 3217 1655 Dominus
3242 1602 3293 1656 in
3330 1602 3423 1656 illa
3451 1603 3533 1659 die

1943 1686 2117 1756 justus
2137 1686 2303 1758 judea:
2335 1688 2398 1761 (ll
2432 1688 2563 1743 Tim.
2596 1705 2668 1756 tv,
2701 1691 2823 1762 6-8)
2852 1707 2867 1743 :
2896 1693 3045 1762 quasi
3072 1691 3292 1758 diceret,
3326 1692 3535 1749 Reddet

1915 1777 2083 1857 ‘mibi
2126 1793 2354 1835 messem
2380 1822 2395 1848 ,
2437 1780 2524 1836 cui
2566 1796 2652 1838 me
2694 1780 2867 1852 ipsum
2918 1781 3169 1852 impendo
3215 1792 3530 1840 sementem.

1950 1869 2077 1926 llaec
2103 1871 2283 1939 verba,
2316 1880 2570 1944 quantum
2611 1873 2976 1945 intelligimus,
3009 1876 3221 1941 fratres,
3252 1877 3531 1933 exsultan-

1954 1962 2020 2016 tis
2060 1972 2219 2029 sunt,
2249 1980 2353 2019 non
2402 1965 2675 2036 plorantis.
2718 1967 2980 2038 Numquid
3007 1968 3217 2039 quando
3246 1970 3344 2025 ista
3387 1970 3533 2027 dice-

1949 2049 2065 2117 bat,
2088 2053 2139 2107 in
2160 2053 2409 2126 lacrymis
2437 2057 2790 2115 erat?Nonne
2812 2058 3001 2116 similis
3020 2068 3134 2114 erat
3164 2061 3314 2116 hilari
3335 2061 3529 2130 datori,

1949 2159 2107 2214 quem
2134 2144 2299 2216 diligit
2326 2146 2503 2202 Deus?
3363 2145 3369 2157 ’

2018 2255 2241 2314 CAPUT
2280 2258 2365 2313 lll.
2393 2288 2468 2299 —-
2511 2259 2592 2315 Ad
2638 2259 2879 2334 infirmos
2914 2278 3041 2334 ergo
3087 2264 3379 2323 referamus
3412 2266 3530 2325 lucc

1948 2350 2131 2418 verba,
2165 2359 2222 2405 ut
2258 2367 2356 2407 nec
2383 2352 2483 2422 ipsi
2511 2352 2799 2424 desperent
2825 2330 2913 2425 (ιῖιί
2942 2356 2998 2411 in
3024 2356 3271 2430 lacrymis
3297 2360 3531 2416 semina-

1945 2449 2111 2496 runt:
2141 2443 2267 2512 quia
2295 2444 2394 2497 etsi
2422 2443 2751 2499 seminarunt
2781 2445 2833 2500 in
2865 2446 3118 2520 lacrymis
3137 2490 3153 2516 ,
3188 2451 3407 2506 transiet
3433 2452 3531 2508 doc

1947 2531 2030 2586 lor
2049 2541 2102 2588 et
2121 2533 2346 2602 gemitus
2381 2549 2394 2585 :
2424 2535 2612 2590 transit
2638 2535 2845 2591 tristitia
2872 2552 2992 2592 cum
3021 2538 3156 2607 fine,
3190 2549 3245 2595 et
3270 2542 3413 2598 venit
3437 2543 3530 2599 ιω-

1949 2622 2059 2678 titia
2088 2624 2204 2679 sine
2228 2623 2355 2680 ﬁne.

2016 2712 2069 2766 4.
2118 2712 2382 2779 Quomodo
2436 2727 2685 2770 seminam
2735 2719 2996 2777 amnesin
3037 2719 3293 2792 Iaerymis.
3344 2722 3530 2782 Justus

1943 2803 2151 2874 quisque
2196 2804 2277 2858 hic
2320 2804 2660 2862 abundantius
2710 2809 2895 2878 plorat.
2956 2810 3327 2869 Verumtamen
3352 2855 3367 2881 ,
3395 2815 3529 2873 cha-

1944 2895 2142 2951 rissimi
2163 2937 2179 2964 ,
2209 2912 2335 2953 ecce
2357 2898 2624 2968 quomodo
2651 2900 2782 2955 mihi
2820 2901 3031 2957 videtur
3053 2904 3118 2959 ad
3148 2920 3337 2963 omnes
3365 2908 3529 2979 perti-

1945 3003 2074 3044 nere
2101 2989 2242 3059 quod
2271 2989 2471 3045 dictum
2501 3000 2583 3046 est
2606 3032 2622 3058 ,
2666 2991 2767 3058 Qui
2793 2993 3042 3048 seminaut
3080 2996 3132 3050 in
3159 2996 3398 3068 lacrymis
3417 3040 3432 3067 ,
3474 3000 3530 3055 in

1942 3080 2131 3151 gaudio
2161 3089 2361 3135 metent.
2392 3080 2582 3138 Euntes
2608 3081 2748 3137 ibant
2783 3094 2829 3138 et
2854 3084 3041 3154 ﬂebant
3065 3125 3081 3152 ,
3109 3088 3356 3144 mittentes
3378 3091 3530 3151 semi-

1943 3188 2010 3226 na
2052 3189 2147 3227 sua
2193 3188 2212 3227 :
2248 3173 2496 3227 venientes
2535 3183 2701 3228 autem
2743 3176 2939 3230 venient
2987 3193 3102 3231 cum
3156 3179 3526 3251 exsultatione,

1943 3262 2172 3317 tollentes
2197 3264 2486 3335 manipulos
2511 3280 2648 3319 suos.
2671 3264 2863 3321 Audite
2882 3266 2947 3331 si,
2970 3267 3252 3338 adjuvante
3279 3262 3525 3341 Domino,

1942 3354 2217 3424 explicare
2258 3364 2481 3425 potuero
2504 3397 2518 3420 ,
2549 3356 2996 3426 quemadmodum
3033 3357 3101 3413 ad
3141 3374 3327 3417 omnes
3356 3363 3526 3433 perti-

1943 3453 2101 3511 neat,
2125 3444 2316 3499 Euntes
2344 3446 2480 3500 ibant
2505 3454 2551 3500 et
2574 3447 2782 3517 ﬂebant.
2809 3447 2890 3502 Ex
2914 3463 3017 3518 quo
3047 3451 3331 3518 nascimur,
3361 3453 3525 3510 imus.

1943 3535 2072 3603 Quis
2094 3536 2236 3591 enim
2259 3537 2404 3590 stat?
2428 3536 2556 3604 Quis
2583 3553 2687 3591 non
2714 3552 2783 3592 ex
2805 3554 2909 3608 quo
2938 3539 3075 3593 viam
3103 3540 3348 3610 intravit,
3371 3545 3527 3615 cogi-

1944 3635 2030 3682 tur
2055 3626 2363 3681 ambulare?
2388 3626 2566 3681 infans
2589 3637 2742 3681 natus
2771 3637 2853 3683 est
2873 3671 2887 3693 ,
2917 3631 3210 3687 crescendo
3237 3634 3473 3690 ambulat
3502 3654 3518 3692 :

1945 3733 2088 3771 mors
2101 3715 2221 3771 finis
2236 3725 2337 3771 est.
2358 3716 2484 3772 lude
2505 3717 2638 3787 ’jam
2656 3719 2970 3773 veniendum
2988 3730 3088 3788 est,
3109 3722 3204 3776 sed
3223 3738 3341 3778 cum
3355 3726 3522 3781 exsul-

1943 3809 2161 3865 tatione.
2190 3807 2320 3876 Quis
2344 3809 2484 3864 enim
2514 3825 2618 3864 non
2661 3808 2747 3865 hic
2788 3812 2958 3881 plorat
3011 3811 3061 3866 in
3102 3814 3182 3867 via
3225 3814 3325 3870 ista
3355 3817 3518 3887 mala,

1942 3898 2152 3970 quando
2169 3899 2281 3969 ipse
2307 3898 2477 3955 inlitus
2499 3899 2620 3956 inde
2648 3901 2862 3971 incipit?
2893 3901 3084 3973 Utique
3108 3904 3279 3960 infans
3303 3908 3518 3977 quando

1943 3990 2198 4054 nascitur,
2218 3990 2284 4045 de
2302 3991 2559 4060 angustiis
2576 3992 2709 4047 uteri
2738 3992 2790 4046 in
2813 3992 2967 4063 hujus
2990 3995 3168 4049 mundi
3187 3996 3517 4055 latitudinem

1945 4081 2202 4149 funditur,
2230 4081 2295 4136 de
2317 4082 2551 4139 tenebris
2580 4082 2815 4153 procedit
2842 4083 2906 4139 ad
2935 4085 3105 4140 lucem
3130 4097 3215 4142 :e'.
3247 4095 3423 4145 tamen
3450 4090 3518 4147 de

1948 4175 2180 4230 tenebris
2206 4176 2423 4230 veniens
2451 4175 2516 4230 ad
2540 4175 2731 4243 lucem,
2752 4176 2962 4247 plorare
2984 4187 3175 4247 potest,
3203 4179 3383 4237 videre
3410 4198 3517 4238 non

1944 4278 2136 4340 potest.
2158 4266 2275 4341 [Est
2288 4268 2430 4323 enim
2443 4265 2683 4333 vita’ista,
2700 4277 2757 4323 ut
2773 4268 2982 4338 quando
2998 4270 3252 4340 gaudetur
3273 4272 3379 4340 hic,
3398 4275 3525 4331 time

1948 4377 2014 4416 ne
2031 4360 2177 4415 fallat
2195 4378 2208 4427 ;
2224 4361 2433 4431 quando
2451 4360 2536 4415 hic
2550 4361 2801 4429 ploratur,
2822 4377 2941 4430 roga
2962 4363 3220 4418 utevadas
3238 4374 3317 4419 :ct
3336 4368 3527 4423 transit

1949 4451 2215 4505 tribulatio
2237 4491 2250 4514 ,
2291 4461 2343 4505 et
2372 4450 2514 4504 venit
2549 4450 2820 4504 tribulatio
2844 4450 2909 4523 .²]
2941 4452 3002 4505 Et
3033 4453 3203 4507 rident
3256 4454 3522 4524 homines,

1950 4550 2004 4596 et
2041 4542 2252 4611 plorant
2296 4541 2539 4596 homines
2570 4558 2583 4594 :
2614 4549 2667 4596 et
2709 4543 2847 4612 quod
2889 4542 3061 4598 rident
3102 4544 3379 4615 homines,
3413 4549 3529 4618 plo-

1947 4632 2170 4687 randum
2198 4643 2298 4686 est.
2324 4630 2428 4687 Sed
2457 4633 2627 4701 plorat
2653 4631 2790 4686 alios
2830 4632 3080 4689 damnum
3121 4653 3271 4691 suum
3293 4680 3309 4705 ,
3357 4639 3529 4708 plorat

1948 4723 2085 4777 alius
2106 4738 2405 4792 pressuram
2430 4738 2600 4786 suam,
2622 4722 2740 4791 quia
2766 4724 2816 4776 in
2838 4739 3050 4779 carcere
3071 4734 3152 4781 est
3172 4729 3489 4784 constitutus
3510 4746 3526 4796 ;

1950 4815 2123 4884 plorat
2151 4814 2285 4868 alius
2313 4814 2449 4883 quod
2487 4815 2723 4868 amiserit
2750 4824 3015 4869 mortuum
3056 4817 3283 4886 aliquem
3314 4818 3527 4875 charis-

1951 4906 2206 4960 simorum
2246 4920 2459 4959 suorum
2492 4925 2503 4957 :
2539 4905 2626 4959 ille
2655 4903 2777 4959 hinc
2801 4946 2815 4970 ,
2849 4905 2947 4960 iste
2974 4906 3117 4962 hinc.
3146 4908 3326 4963 Justus
3348 4910 3488 4965 unde
3512 4911 3536 4965 ?

1952 4997 2131 5053 Primo
2169 4996 2236 5051 de
2276 4997 2356 5051 his
2381 4996 2626 5052 omnibus
2659 5014 2671 5051 :
2702 4996 2877 5066 justus
2904 4998 3043 5052 enim
3074 4998 3245 5067 plorat
3271 5002 3532 5057 veraciter

1956 5090 2222 5157 plorantes
2247 5087 2495 5142 steriliter
2514 5087 2553 5140 ⁸.
2572 5087 2746 5142 Plorat
2765 5088 3050 5157 plorantes,
3073 5089 3241 5156 plorat
3259 5089 3492 5149 ridentes
3512 5109 3527 5146 :

1954 5181 2075 5248 quia
2097 5179 2251 5249 etqui
2271 5180 2476 5247 plorant
2499 5178 2565 5233 de
2581 5179 2738 5233 rebus
2758 5178 2929 5241 vanis,
2955 5178 3178 5231 inaniter
3208 5178 3449 5248 plorant;
3475 5191 3531 5239 et

1954 5269 2044 5341 qui
2074 5269 2247 5324 rident
2275 5267 2340 5324 de
2365 5269 2522 5324 rebus
2548 5268 2695 5322 vanis
2720 5308 2735 5332 ,
2776 5268 2913 5319 malo
2935 5280 3033 5320 suo
3064 5267 3257 5322 rident.
3291 5267 3384 5325 ille
3413 5272 3530 5328 ubi-

1956 5377 2057 5432 que
2082 5361 2252 5431 plorat
2273 5361 2432 5436 ,_plus
2455 5375 2581 5429 ergo
2604 5359 2716 5428 ipse
2738 5357 2928 5426 plorat.

1966 5556 1976 5566 .
2022 5494 2038 5524 ί
2056 5494 2137 5566 sic
2157 5492 2338 5555 aliquot
2370 5500 2477 5542 Mss.
2516 5490 2601 5539 Αιῑί
2623 5497 2786 5539 autem
2804 5523 2820 5550 ,
2845 5487 2896 5539 in
2927 5488 3055 5540 diem
3081 5493 3201 5553 ;vel
3231 5507 3341 5544 cum
3367 5495 3532 5563 editis,

1958 5568 2009 5605 ιη
2023 5555 2173 5666 *d
2197 5615 2347 5665 verba
2370 5615 2450 5664 illa
2472 5627 2581 5677 qur.
2604 5612 2787 5663 ansulis
2806 5614 3154 5677 concluduntur
3176 5632 3271 5667 non
3292 5618 3491 5673 habent.

2023 5681 2043 5711 ³
2065 5686 2194 5737 I.ov.,
2218 5678 2370 5746 plorat
2393 5676 2641 5746 veraciger,
2665 5688 2756 5726 non
2778 5676 2933 5740 plorat
2964 5681 3219 5744 steriliter;
3259 5695 3330 5746 re;
3350 5696 3532 5746 ngam.

1961 5742 2091 5797 tibus
2113 5739 2305 5792 czrteris
2325 5741 2460 5789 libris
2482 5739 2627 5789 editis
2650 5747 2701 5789 et
2725 5748 2812 5792 MSS
