4012 6338
518 265 619 323 I95

579 372 803 432 CAPUT
830 373 917 429 IV.
947 403 1017 415 --
1051 373 1107 430 5.
1134 372 1397 428 Iustorum
1434 374 1681 428 orationes
1720 389 1833 427 cum
1874 375 2084 445 gemitu.

510 464 620 522 Sed
678 451 875 520 uenient
915 481 1031 519 cum
1082 464 1438 531 exsultatione,
1490 474 1741 535 portantes
1795 464 2080 535 manipulos

507 572 647 610 suos.
689 553 852 611 Vides
874 568 1002 624 ergo
1028 552 1296 608 hominem
1325 552 1565 624 justum,
1611 568 1734 610 cum
1782 552 1910 609 facit
1952 569 2088 623 opus

508 650 708 705 bonum
733 688 749 712 ,
793 646 1017 702 hilarem
1043 644 1207 701 esse?
1236 643 1308 700 Ita
1338 646 1493 715 plane
1526 645 1817 701 hilarescit.
1854 646 2087 700 Hilarem

508 742 654 798 enim
683 739 927 795 datorem
965 737 1135 808 diligit
1175 737 1315 793 Deus
1350 736 1436 810 (ll
1465 736 1582 793 Cor.
1622 754 1677 793 rx
1701 778 1716 804 ,
1748 736 1834 809 7).
1863 736 2086 804 Quando

504 846 634 902 ergo
663 830 876 901 plorat?
923 828 1146 896 Quando
1190 829 1329 885 bona
1357 844 1519 900 opera
1564 844 1659 885 sua
1693 829 1898 885 orando
1934 844 2084 884 com—

507 922 740 979 mendat.
792 919 1073 977 Orationes
1124 931 1429 975 sanctorum
1484 920 1652 977 voluit
1707 919 2086 975 commendare

506 1006 777 1080 Psaltnus,
799 1013 1072 1069 orationes
1097 1012 1545 1083 peregrinantium
1565 1051 1580 1076 ,
1613 1010 1882 1084 orationes
1908 1011 1961 1065 in
1986 1010 2085 1066 hac

502 1107 587 1161 via
615 1105 966 1160 laborantium
987 1146 1003 1171 ,
1031 1103 1301 1160 orationes
1325 1102 1613 1157 amantium
1634 1142 1649 1168 ,
1692 1103 1962 1158 orationes
1988 1116 2084 1172 ge-

503 1197 784 1264 mentium,
815 1196 1084 1251 orationes
1108 1204 1326 1251 aeternae
1350 1193 1534 1263 patriae
1558 1192 1954 1263 suspirantium,
1983 1192 2083 1247 do-

504 1303 605 1343 nec
630 1302 692 1343 ea
721 1287 832 1342 visa
870 1288 1129 1342 satientur
1151 1287 1243 1357 qui
1272 1301 1414 1342 nunc
1453 1286 1509 1341 in
1552 1300 1785 1342 maerore
1809 1295 1933 1342 sunt
1957 1301 2085 1342 con-

504 1379 698 1434 stituti.
728 1379 938 1434 Etenim
964 1420 980 1443 ,
1016 1377 1212 1434 fratres
1232 1378 1371 1445 mei,
1403 1378 1657 1449 quamdiu
1678 1393 1859 1435 sumus
1890 1380 1941 1433 in
1967 1394 2085 1436 cor-

503 1486 635 1543 pore
658 1511 674 1539 ,
718 1471 1118 1541 percgrinamur
1143 1485 1174 1524 a
1204 1469 1428 1547 Domino
1458 1468 1581 1544 (Id.
1607 1484 1664 1538 v,
1692 1470 1767 1541 6).
1796 1469 1912 1525 Non
1942 1470 2085 1525 desi-

504 1564 657 1620 derat
675 1564 896 1634 patriam
924 1563 1278 1634 peregrinatio
1305 1563 1423 1618 sine
1446 1562 1700 1635 lacryma.
1730 1561 1787 1618 Si
1811 1561 2084 1618 desideras

504 1654 646 1727 quod
676 1638 781 1710 non
812 1654 1005 1722 habes,
1031 1653 1190 1709 funde
1210 1654 1492 1724 lacrytnas.
1522 1653 1655 1708 Nam
1682 1652 1822 1709 unde
1846 1653 2083 1710 dicturus

504 1761 564 1802 es
602 1748 711 1802 Deo
766 1764 780 1801 :
832 1745 1056 1801 Posuisti
1098 1747 1350 1816 (amyntas
1400 1763 1538 1801 meas
1587 1745 1642 1801 in
1683 1756 1950 1818 conspectu
1995 1755 2082 1801 tuo

506 1837 680 1906 (Psal.
713 1854 803 1905 LV,
834 1836 934 1911 9)?
980 1836 1131 1893 Unde
1171 1836 1412 1892 dicturus
1438 1851 1498 1892 es
1538 1837 1647 1893 Deo
1688 1854 1703 1891 :
1750 1835 1926 1891 Facta:
1964 1845 2081 1892 sunt

503 1930 628 1985 mihi
679 1930 916 1999 lacrymw
965 1943 1090 1982 mete
1128 1927 1282 1999 panis
1325 1927 1408 1981 die
1445 1943 1505 1980 ac
1541 1927 1727 1983 nocte?
1774 1926 1932 1981 Panis
1958 1927 2082 1981 mihi

503 2022 652 2094 {actin
675 2029 790 2076 sunt
823 2035 842 2074 :
869 2019 1154 2075 consolatae
1174 2027 1297 2075 sunt
1330 2026 1647 2090 gementem,
1678 2028 1933 2089 paverunt
1958 2034 2081 2074 esu-

500 2116 746 2171 rientem.
773 2113 950 2168 Factte
962 2124 1077 2167 sunt
1109 2114 1232 2167 mihi
1249 2111 1488 2184 lacrymae
1512 2128 1635 2167 mea:
1650 2112 1796 2183 panis
1810 2112 1892 2166 die
1904 2127 1965 2165 ac
1984 2127 2078 2165 no-

501 2217 596 2261 ete.
628 2206 823 2263 Unde?
869 2205 1008 2260 Dum
1033 2206 1217 2259 dicitur
1255 2206 1380 2259 mihi
1421 2205 1673 2277 quotidie,
1711 2204 1808 2261 Ubi
1836 2212 1909 2258 est
1938 2203 2076 2260 Deus

500 2308 616 2353 tuus
643 2297 811 2371 (Psal.
839 2314 929 2352 xu
949 2339 964 2362 ,
994 2297 1103 2366 4)?
1135 2297 1263 2365 Quis
1299 2297 1475 2367 justus
1500 2310 1604 2351 non
1634 2295 1816 2351 habuit
1844 2295 1971 2351 istas
1996 2295 2078 2350 la-

499 2392 745 2464 crymas‘l
788 2390 887 2459 Qui
924 2404 1030 2445 nou
1077 2389 1298 2457 habuit,
1348 2388 1684 2460 peregrinum
1724 2402 1782 2443 se
1815 2402 1935 2444 esse
1971 2402 2076 2443 non

499 2483 687 2539 doluit.
719 2482 830 2548 Qua
875 2481 1048 2537 fronte
1075 2481 1140 2535 ad
1171 2481 1395 2553 patriam
1424 2481 1600 2546 venit,
1634 2480 1724 2550 qui
1752 2495 1856 2535 non
1882 2479 2078 2536 absens

499 2571 827 2643 suspiravit?
876 2570 1063 2627 Nonne
1113 2571 1349 2641 quotidie
1395 2571 1549 2627 nobis
1589 2570 1817 2637 dicitur,
1867 2568 1965 2625 Ubi
2004 2579 2077 2624 est

497 2662 639 2719 Deus
663 2672 779 2717 tuus
804 2662 830 2715 Ρ
872 2662 1105 2726 Discite,
1155 2660 1346 2716 fratres
1376 2661 1516 2727 mei,
1555 2660 1743 2716 discite
1788 2661 1855 2717 de
1896 2662 2077 2731 paucis

496 2768 641 2809 esse.
672 2753 821 2808 Bene
839 2752 1021 2817 vivite,
1060 2751 1327 2807 ambulate
1349 2753 1487 2806 viam
1514 2752 1640 2815 Dei;
1673 2760 1729 2807 et
1756 2750 1930 2808 videte
1952 2753 2075 2823 quia

496 2843 721 2909 auditis,
764 2836 863 2898 Ubi
888 2852 960 2898 est
991 2840 1131 2897 Deus
1157 2852 1271 2897 tuus
1294 2844 1320 2898 ?
1355 2842 1558 2899 Felices
1595 2843 1744 2899 eritis
1770 2886 1784 2907 ,
1814 2859 1934 2899 cum
1973 2844 2075 2899 hoc

497 2934 806 3000 audieritis;
838 2934 1095 3002 infelices,
1121 2934 1165 2988 si
1187 2934 1447 2989 dixeritis.
1475 2934 1694 3002 Quando
1724 2936 1864 2991 enim
1892 2935 2076 2991 delen-

496 3026 675 3082 dimus
702 3024 859 3081 ﬁdem
884 3025 1247 3094 Christianam,
1278 3033 1330 3081 et
1356 3027 1706 3097 respondetur
1733 3026 1907 3096 nobis,
1936 3028 2074 3085 Ecce

495 3116 813 3187 praedicatur
840 3116 1034 3187 ubique
1091 3132 1287 3173 nomen
1321 3116 1559 3185 Christi,
1606 3134 1770 3189 quare
1804 3119 2074 3177 abundant

493 3210 670 3267 mala?
707 3209 834 3281 quid
873 3209 1014 3265 aliud
1054 3210 1281 3275 dicitur,
1330 3211 1466 3279 nisi,
1508 3210 1606 3266 Ubi
1643 3221 1714 3266 est
1743 3209 1881 3269 Deus
1914 3214 2073 3270 tuus?

492 3301 593 3370 Qui
617 3300 793 3367 audit,
820 3301 1016 3372 gemit;
1049 3302 1169 3372 quia
1196 3302 1284 3373 qui
1310 3300 1470 3367 dicit,
1494 3302 1651 3372 perit.

562 3389 786 3447 CAPUT
806 3389 872 3446 ν.
895 3419 966 3431 --
985 3390 1039 3446 6.
1063 3390 1325 3463 Lacryma:
1350 3391 1549 3462 piorum
1575 3402 1936 3463 comparantur
1955 3409 2072 3448 cum

493 3481 615 3553 ﬂetu
642 3483 933 3552 impiorum.
978 3481 1113 3538 Sunt
1163 3484 1411 3555 lacryma:
1440 3484 1668 3554 piorum,
1727 3495 1851 3540 sunt
1896 3486 2068 3557 lacry-

492 3590 596 3629 mae
620 3583 951 3640 sanctorum,
978 3587 1112 3645 quas
1142 3574 1377 3629 indicant
1399 3576 1668 3632 orationes
1692 3591 1896 3632 eorum.
1927 3577 2071 3634 Bene

493 3674 766 3734 operatur,
798 3672 852 3719 et
882 3664 1063 3719 hilaris
1088 3673 1169 3719 est
1193 3683 1205 3719 :
1233 3675 1289 3721 et
1316 3666 1491 3735 plorat
1516 3674 1573 3720 ut
1622 3666 1758 3722 bene
1784 3677 2066 3736 operetur:

492 3756 665 3825 plorat
696 3757 816 3826 quia
848 3755 982 3811 bene
1015 3763 1263 3826 operatus
1287 3757 1424 3813 est‘.
1445 3757 1707 3813 Plorando
1742 3758 1948 3828 exigit’
1974 3759 2071 3815 bo-

492 3865 619 3904 num
649 3866 785 3920 opus
807 3892 823 3915 ,
867 3849 1121 3920 plorando
1153 3850 1493 3905 commendat
1525 3851 1722 3907 bonum
1765 3866 1900 3922 opus
1928 3850 2068 3922 quod

492 3940 635 3995 fecit.
660 3940 877 3995 Crebra:
902 3955 1029 4010 ergo
1057 3948 1181 3995 sunt
1203 3940 1449 4012 lacryma:
1466 3940 1749 4010 iustorum,
1781 3940 1875 3997 sed
1897 3941 1946 3995 in
1969 3941 2068 3996 ista

491 4031 575 4084 via
607 4048 619 4084 :
654 4030 905 4100 numquid
946 4031 998 4083 in
1039 4029 1245 4100 patria?
1273 4029 1445 4098 Quare
1474 4046 1580 4086 non
1623 4032 1675 4086 in
1703 4032 1910 4103 patria?
1934 4031 2068 4099 Quia

491 4120 737 4174 venientes
760 4120 956 4173 venient
988 4120 1039 4173 in
1077 4120 1407 4176 exsultatione
1434 4162 1450 4190 ,
1492 4130 1746 4192 portantes
1782 4124 2068 4193 manipulos

490 4225 629 4264 suos.
672 4207 923 4263 Felicitas
952 4208 1124 4274 venit,
1150 4209 1403 4279 numquid
1430 4210 1660 4283 lacryma
1695 4212 1872 4266 redit?
1900 4213 2066 4268 Porro

487 4307 665 4353 autem
707 4297 782 4352 illi
828 4298 916 4368 qui
947 4297 1033 4353 hic
1072 4298 1299 4353 inaniter
1323 4300 1570 4369 plorant,
1601 4301 1825 4356 inaniter
1853 4302 2063 4370 rident,

486 4388 860 4459 cupiditatibus
901 4389 1012 4443 suis
1058 4388 1332 4459 dissipati,
1367 4389 1578 4460 quando
1612 4391 1923 4450 fraudantur
1968 4412 2063 4467 ge-

488 4489 673 4548 munt,
728 4479 939 4551 quando
974 4481 1217 4537 fraudant
1263 4484 1533 4539 exsultant
1578 4503 1591 4539 :
1637 4486 1844 4555 plorant
1875 4500 1930 4545 et
1964 4490 2064 4561 ipsi

486 4572 537 4626 in
567 4572 650 4626 via
692 4571 822 4638 ista,
848 4572 1057 4641 plorant
1088 4584 1140 4629 et
1165 4575 1262 4643 ipsi
1289 4591 1303 4639 ;
1344 4575 1438 4631 sed
1469 4591 1574 4632 non
1603 4578 1654 4632 in
1686 4579 2059 4637 exsultatione.

492 4659 753 4716 Venientes
819 4671 985 4716 autem
1030 4665 1220 4718 uenient
1280 4666 1332 4719 in
1389 4665 1721 4722 exsultatione
1742 4710 1758 4735 ,
1809 4680 2064 4741 portantes

426 4800 429 4803 .
483 4754 767 4822 manipulos
795 4769 931 4808 suos.
960 4754 1094 4819 Quid
1111 4754 2063 4826 colligunt,quiuihilseminaverunt?

482 4842 593 4898 lmo
613 4843 884 4914 colligunt,
904 4843 996 4898 sed
1017 4845 1155 4915 quod
1188 4847 1581 4903 seminaverunt
1601 4866 1612 4903 :
1634 4850 1754 4920 quia
1772 4852 1951 4921 Spinas
1970 4868 2059 4909 se-

481 4933 834 4997 minaverunt,
877 4934 1047 5003 ignem
1086 4935 1368 5006 colligunt;
1394 4945 1448 4992 et
1468 4947 1597 4993 eunt
1623 4954 1725 4994 non
1746 4940 1814 4996 de
1843 4940 1965 4997 ﬂetu
1992 4944 2059 5000 ad

478 5024 642 5077 risum
668 5063 685 5091 ,
715 5023 851 5079 sicut
878 5025 1045 5079 sancti
1069 5066 1084 5091 ,
1116 5023 1304 5081 Euntes
1329 5027 1469 5081 ibant
1493 5038 1540 5083 et
1562 5029 1748 5099 ﬂebant
1768 5071 1784 5097 ,
1812 5033 2059 5090 mittentes

481 5115 671 5167 semina
708 5131 834 5180 sua,
880 5116 1126 5170 venientes
1180 5127 1348 5170 autent
1375 5120 1570 5174 venient
1594 5121 1646 5175 in
1676 5122 2013 5179 exsultatione
2037 5141 2057 5180 :

480 5205 555 5259 illi
585 5220 614 5258 a
649 5205 779 5259 ﬂetu'
797 5205 864 5260 ad
893 5206 1073 5262 ﬂetum
1093 5248 1107 5272 ,
1136 5223 1163 5261 a
1195 5207 1323 5263 ﬂetu
1351 5225 1470 5264 cum
1493 5212 1605 5266 risu
1630 5213 1695 5267 ad
1732 5213 1910 5270 ﬂetum
1941 5217 2056 5273 sine

479 5297 611 5351 risu.
642 5296 775 5364 Quid
816 5298 957 5354 enim
987 5299 1090 5354 illis
1133 5300 1263 5354 ﬁet?
1300 5300 1416 5368 Quo
1454 5312 1581 5357 eunt
1626 5288 1836 5373 quando
1879 5322 2055 5363 resur.

477 5388 741 5442 rexerint?
766 5386 921 5456 Quo,
961 5390 1063 5445 nisi
1101 5404 1206 5460 quo
1236 5391 1492 5447 Dominus
1535 5393 1706 5467 dixit,
1760 5395 1937 5468 Ligate
1977 5399 2054 5454 illi

540 5543 554 5574 ¹
583 5549 711 5606 Ima,
734 5548 957 5606 aperatus
978 5556 1069 5593 non
1085 5551 1171 5595 est.
1199 5546 1359 5605 Abest,
1384 5559 1493 5605 non,
1516 5559 1544 5596 a
1566 5549 1756 5597 carueris
1776 5544 1923 5603 libris.
2022 5562 2023 5565 ‘

537 5605 558 5635 ²
581 5604 771 5670 Aliquot
789 5612 917 5670 Mss”
938 5604 1061 5664 loco,
1084 5606 1251 5670 exigit,
1278 5604 1487 5668 habent,
1510 5609 1688 5659 existit.
1717 5620 2051 5669 Gertnauensis

474 5666 826 5733 vetusuSSimtts
851 5666 991 5725 liber,
1016 5667 1146 5716 eaiit.

1745 264 1800 319 S.
1843 262 1979 319 AUC
1989 261 2201 319 USTINI
2241 263 2542 321 EPISCOPI

2198 392 2388 449 namus
2414 385 2459 430 et
2496 377 2644 446 pedes
2667 417 2681 442 ,
2728 386 2772 431 et
2803 379 3031 450 projicite
3065 380 3209 435 illum
3234 381 3286 435 in
3311 383 3535 443 tenebras
3560 396 3777 448 exterio-

2193 466 2315 518 res?
2342 466 2473 536 Age,
2501 466 2627 536 quid
2651 470 2869 537 postea?
2898 469 3154 527 Tenebra:
3177 483 3331 528 erunt
3357 517 3372 541 ,
3413 485 3469 533 et
3492 479 3646 537 dolor
3666 499 3775 540 non

2192 556 2293 611 erit
2306 556 2329 609 ?
2342 556 2498 612 Forte
2513 558 2816 628 palpabunt,
2833 560 2926 615 sed
2941 577 3043 616 non
3058 561 3344 619 dolebant?
3356 583 3460 623 non
3475 570 3725 629 videbunt
3753 606 3770 643 δ

2191 646 2286 701 sed
2340 662 2444 701 non
2495 648 2917 704 cruciabuntur?
2965 652 3135 707 Absit.
3191 652 3305 709 Non
3358 657 3488 713 solae
3537 663 3773 719 tenebrat

2190 734 2386 800 erunt,
2428 753 2534 792 non
2579 737 2657 793 eis
2696 738 2810 794 sola
2841 740 3043 796 tollitur
3069 743 3273 812 species
3302 761 3405 816 qua
3432 750 3770 822 gaudebant,

2189 825 2283 882 sed
2310 827 2463 882 datur
2489 829 2649 883 etiam
2678 829 2820 900 quod
2856 833 2915 886 in
2962 843 3220 888 aeternum
3257 847 3492 906 gemant.
3540 840 3616 896 Ne
3644 858 3776 898 con—

2191 924 2458 975 temnercs
2486 920 2628 975 enim
2658 922 2942 990 tenebras,
2989 938 3022 979 ο
3063 925 3303 997 quisquis
3342 944 3402 983 es
3442 928 3771 1002 ﬂagitiosus.

2189 1008 2279 1079 qui
2324 1009 2469 1065 soles
2498 1019 2833 1081 pr0pter'tua
2863 1014 3000 1068 mala
3030 1013 3195 1084 facta,
3236 1024 3293 1073 et
3332 1029 3550 1090 propter
3574 1022 3771 1080 lasciva

2194 1098 2453 1153 adulteria
2480 1115 2590 1154 non
2616 1101 2788 1156 solum
2822 1102 3067 1160 tenebras
3092 1120 3198 1161 non
3230 1105 3451 1165 horrere
3474 1153 3488 1178 ,
3518 1112 3611 1167 sed
3627 1130 3775 1184 qtth

2187 1204 2307 1244 rcre
2327 1230 2341 1254 ,
2370 1191 2460 1261 qui
2499 1191 2639 1246 soles
2667 1193 2783 1262 plus
2818 1194 3050 1265 gaudere
3080 1198 3292 1266 quando
3320 1198 3534 1256 lucerna
3562 1205 3770 1261 exstin-

2185 1280 2363 1350 guitur
2397 1299 2410 1336 :
2438 1296 2544 1336 non
2582 1283 2713 1339 tales
2745 1284 2995 1340 tenebras
3022 1286 3243 1345 habebis
3268 1290 3355 1345 ubi
3383 1293 3644 1364 gaudeas,
3676 1298 3768 1354 ubi

2188 1369 2418 1439 lazteris,
2469 1372 2559 1428 ubi
2607 1380 2661 1430 te
2706 1376 3065 1446 voluptatibus
3111 1381 3290 1438 carnis
3343 1384 3611 1454 oblectes,
3658 1405 3768 1446 non

2185 1461 2265 1518 sic
2310 1471 2467 1518 erunt
2504 1465 2633 1535 ipsa:
2670 1466 2926 1522 tenebrae.
2964 1467 3071 1525 Sed
3123 1473 3389 1541 quomodo
3437 1478 3635 1533 erunt?
3684 1479 3769 1535 lbi

2186 1551 2283 1606 erit
2309 1553 2456 1622 ﬂetus
2485 1562 2532 1609 et
2552 1555 2740 1610 stridor
2758 1556 2984 1611 dentium
3012 1557 3237 1630 (Matth.
3262 1578 3398 1632 χχιι,
3427 1565 3540 1638 15).
3574 1568 3770 1626 Tortor

2185 1645 2300 1701 sine
2323 1644 2554 1716 defectu,
2582 1656 2752 1703 tortus
2779 1649 2894 1705 sine
2915 1648 3146 1707 delectu.
3171 1653 3283 1711 Nec
3309 1658 3400 1727 qui
3425 1666 3654 1730 torquet,
3683 1661 3767 1717 fa-

2185 1739 2405 1810 tigatur;
2440 1754 2539 1796 nec
2562 1741 2653 1812 qui
2678 1752 2971 1813 torquetur,
3002 1746 3242 1807 moritur.
3270 1747 3441 1805 Erunt
3460 1767 3587 1824 ergo
3610 1762 3769 1810 reter-

2183 1844 2268 1886 nae
2287 1831 2535 1905 lacrymae
2563 1833 2666 1889 illis
2692 1833 2784 1905 qui
2808 1835 2885 1891 sic
2909 1836 3197 1910 vixerunt,
3225 1851 3382 1897 erunt
3404 1853 3605 1901 arterua
3636 1861 3768 1918 gau-

2182 1920 2269 1977 dia
2304 1932 2606 1980 sanctorum
2631 1966 2647 1994 ,
2678 1926 2891 1997 quando
2931 1930 3178 1986 venientes
3216 1934 3410 1989 venient
3451 1936 3505 1990 in
3542 1939 3767 1993 exsulta-

2183 2012 2337 2081 tione,
2371 2026 2625 2083 portantes
2665 2018 2960 2089 manipulos
2979 2036 3116 2076 suos.
3145 2023 3334 2080 Dicent
3356 2027 3495 2083 enim
3525 2037 3765 2101 tempore

2182 2104 2371 2160 messis
2393 2104 2615 2162 Domino
2646 2120 2777 2174 suo,
2821 2108 3065 2178 Domine,
3120 2112 3403 2183 adjuvante
3447 2125 3501 2174 te
3536 2117 3763 2180 fecimus

2180 2195 2320 2266 quod
2342 2196 2580 2267 iussisti;
2613 2199 2778 2256 redde
2804 2201 2945 2272 quod
2973 2204 3263 2273 promisisti
3298 2208 3337 2261 ί.

2626 2290 2851 2349 SERMO
2887 2292 3086 2350 xxxu
3123 2299 3144 2321 ο
3182 2295 3283 2371 (a).

2180 2376 2247 2434 In
2276 2378 2541 2437 Psalmum
2560 2397 2744 2439 exuit.
2766 2383 2845 2439 De
2865 2383 3014 2441 Golia
3034 2396 3079 2442 et
3094 2386 3282 2460 David,
3307 2406 3369 2445 ac
3394 2393 3458 2447 de
3475 2403 3764 2468 contemptu

2810 2477 2997 2532 mundi
3027 2478 3122 2552 (b).

2250 2559 2474 2619 CAPUT
2523 2562 2564 2618 ι.
2608 2593 2665 2604 -
2692 2564 2744 2619 l.
2788 2564 3157 2623 Medicamenta
3208 2571 3261 2625 in
3305 2572 3583 2645 Scripturis
3633 2578 3763 2633 divi~

2179 2651 2276 2705 nis.
2310 2653 2447 2708 Deus
2484 2663 2539 2709 et
2576 2654 2828 2711 Dominus
2879 2667 3063 2714 noster
3088 2675 3280 2717 curans
3324 2671 3380 2717 et
3424 2679 3619 2723 sanans
3646 2683 3763 2723 om-

2178 2754 2300 2796 nem
2352 2745 2543 2799 animae
2593 2746 2938 2817 languorem,
2993 2752 3157 2806 multa
3205 2753 3591 2814 medicamenta
3640 2774 3765 2830 pro~

2177 2833 2301 2888 tulit
2330 2834 2397 2890 de
2441 2836 2739 2907 Scripturis
2782 2840 2999 2910 sanctis,
3030 2844 3174 2899 velut
3226 2845 3292 2901 de
3332 2848 3645 2918 quibusdam
3675 2868 3763 2909 ar-

2179 2924 2361 2980 mariis
2383 2927 2512 2994 suis,
2543 2942 2662 2982 cum
2689 2929 2941 2987 lectiones
2969 2932 3160 2989 divinae
3180 2926 3497 3008 legerenturi
3526 2956 3645 3013 quae
3664 2958 3763 3014 per

2174 3013 2526 3070 ministerium
2552 3028 2791 3073 nostrum
2818 3020 3113 3078 adhibenda
3148 3034 3271 3081 sunt
3293 3028 3604 3086 vulneribus
3653 3047 3761 3087 no-

2175 3104 2317 3158 stris.
2348 3103 2463 3160 Nou
2500 3108 2641 3162 enim
2667 3108 2744 3164 sic
2769 3124 2867 3165 nos
2886 3127 3005 3169 esse
3031 3115 3346 3185 proﬁtemur
3393 3136 3585 3190 pueros
3634 3138 3758 3181 me-

2174 3194 2284 3287 dici
2317 3198 2359 3264 ³,
2392 3212 2486 3268 per
2523 3215 2655 3271 quos
2703 3201 2836 3257 alios
2876 3219 3064 3261 sanare
3100 3208 3363 3279 dignetur,
3406 3221 3463 3267 ut
3504 3229 3602 3269 nos
3653 3214 3761 3287 ipsi

2171 3283 2277 3356 iam
2306 3303 2413 3343 non
2446 3289 2733 3348 habeamus
2757 3296 3108 3354 necessariam
3147 3300 3498 3357 curationem.
3529 3303 3581 3360 Si
3616 3283 3756 3361 inil-

2174 3375 2283 3432 lum
2314 3379 2670 3450 intendamus,
2702 3383 2747 3439 si
2768 3385 2816 3440 ei
2845 3401 2941 3442 nos
2963 3395 3071 3442 toto
3095 3390 3255 3446 corde
3285 3392 3615 3462 prmbeamus
3652 3411 3753 3452 cu-

2172 3468 2387 3535 randos,
2417 3484 2610 3527 omnes
2635 3475 2957 3531 sanabimur.
2976 3477 3134 3534 Multa
3156 3479 3289 3536 lecta
3309 3493 3451 3553 sunt,
3472 3495 3526 3540 et
3540 3501 3754 3559 magna,

2172 3567 2228 3614 et
2252 3562 2578 3629 necessaria;
2603 3578 2903 3636 quanquam
2932 3568 3003 3623 ita
3050 3570 3158 3625 sint
3182 3574 3357 3628 omnia
3400 3592 3414 3629 :
3447 3576 3542 3632 sed
3574 3588 3754 3636 tamen

2170 3650 2273 3705 alia
2301 3654 2556 3710 secretius
2601 3656 2653 3710 in
2702 3659 2990 3728 Scripturis
3018 3662 3439 3735 abscondantur,
3497 3678 3557 3725 ut
3602 3688 3754 3742 qua:-

2171 3749 2354 3796 rentes
2382 3755 2701 3813 exerceant;
2724 3747 2826 3803 alia
2849 3764 2980 3805 vero
3021 3751 3073 3806 in
3097 3766 3342 3827 promptu
3389 3768 3443 3814 et
3495 3761 3547 3815 in
3575 3765 3752 3819 mani-

2172 3833 2449 3891 festatione
2477 3848 2765 3907 ponuntur,
2790 3852 2847 3895 ut
2873 3842 3243 3903 desiderantes
3270 3860 3477 3907 curent.
3507 3853 3754 3912 Psalmus

2164 3922 2259 3980 hic
2286 3941 2473 3998 magna
2490 3930 2702 3998 quidem
2726 3944 2931 3989 secreta
2957 3938 3211 4005 continet,
3235 3955 3351 4010 qum.
3377 3943 3420 3998 si
3442 3947 3618 4000 omnia
3639 3948 3753 4003 sim

2169 4015 2387 4087 gillatim
2432 4027 2662 4077 tractare
2701 4023 3042 4091 voluerimus,
3095 4044 3285 4086 vereor
3337 4048 3405 4088 ne
3458 4050 3562 4090 non
3613 4037 3751 4095 lerat

2169 4110 2465 4164 communis
2511 4110 2822 4181 inﬁrmitas;
2877 4118 2989 4173 sive
3015 4129 3233 4191 propter
3262 4133 3424 4180 mstus
3480 4137 3750 4199 tempora-

2169 4199 2269 4268 les,
2308 4202 2426 4258 sive
2447 4214 2661 4274 pr0pter
2708 4210 2947 4278 corporis
2992 4209 3153 4278 vires,
3194 4215 3307 4270 sive
3331 4226 3549 4288 propter
3587 4221 3749 4276 intel-

2168 4291 2399 4362 ligentia:
2430 4294 2749 4363 tarditatem,
2779 4299 2890 4354 sive
2917 4302 3075 4357 etiam
3106 4315 3324 4374 propter
3352 4307 3521 4377 ipsam
3566 4313 3747 4369 minus

2168 4380 2413 4437 idoneam
2438 4382 2809 4442 sufﬁcientiam
2848 4400 3102 4446 nostram.
3135 4394 3307 4451 Pauca
3334 4411 3461 4469 ergo
3490 4400 3613 4456 inde
3653 4404 3748 4457 de-

2165 4470 2468 4538 libabimus,
2521 4486 2775 4546 quantum
2849 4481 3216 4539 existimamus
3280 4486 3526 4546 sumcerc
3565 4491 3748 4549 ol‘tieio

2167 4572 2370 4631 nostro,
2399 4571 2453 4619 et
2478 4564 2754 4622 intentioni
2780 4569 3065 4643 Charitatis
3087 4582 3303 4631 vestrae.

2239 4652 2465 4711 CAPUT
2515 4656 2579 4711 ll.
2608 4688 2678 4699 —
2709 4659 2764 4713 2.
2802 4658 2997 4718 Titulus
3051 4665 3252 4735 psalmi.
3306 4667 3504 4738 Primo,
3561 4672 3752 4731 titulus

2164 4744 2283 4813 ejus
2317 4756 2419 4813 est,
2453 4749 2535 4803 Ad
2562 4749 2782 4805 Goliam.
2813 4752 2912 4819 Qui
2936 4755 3098 4813 rudes
3135 4773 3238 4813 non
3266 4771 3390 4816 sunt
3425 4764 3477 4818 in
3501 4764 3745 4837 Scriptus

2164 4837 2239 4892 ris
2264 4837 2478 4907 divinis,
2502 4842 2589 4911 qui
2616 4850 2799 4898 amant
2823 4843 3159 4916 frequentare
3188 4850 3340 4905 istam
3367 4853 3625 4922 scholam,
3649 4860 3747 4928 qui

2164 4942 2270 4983 non
2298 4928 2524 4985 oderunt
2561 4934 2890 5003 magistrum,
2918 4936 3057 4992 sicut
3094 4941 3239 5008 pueri
3264 4940 3550 5013 desperati,
3580 4958 3635 5001 et
3654 4947 3750 5003 in-

2164 5025 2361 5072 tentam
2387 5033 2570 5076 aurem
2602 5022 2840 5093 praebent
2865 5025 2915 5081 in
2942 5028 3167 5085 ecclesia
3201 5030 3534 5102 Lectoribus,
3578 5047 3750 5108 atque

2160 5112 2527 5181 exceptorium
2555 5114 2734 5170 cordis
2770 5117 2853 5172 sui
2878 5117 2930 5173 in
2968 5119 3163 5176 ﬂuenta
3212 5122 3500 5195 Scriptura:
3545 5128 3747 5188 divina:

2159 5199 2507 5269 patefaciunt;
2531 5204 2621 5274 qui
2646 5220 2751 5259 non
2780 5206 2915 5262 intra
2946 5209 3076 5264 istos
3101 5212 3348 5279 parietes,
3396 5215 3586 5272 domus
3626 5234 3745 5276 sua:

2158 5307 2338 5347 curam
2383 5305 2574 5364 gerunt
2618 5305 2673 5351 et
2713 5296 3019 5357 domesticis
3052 5301 3240 5359 fabulis
3275 5304 3625 5377 delectantur,
3680 5321 3745 5366 ut

2222 5386 2240 5447 ξ
2268 5389 2365 5447 ttm.
2387 5389 2461 5432 Er.
2488 5391 2539 5434 et
2553 5393 2659 5435 Mss.
2681 5387 2760 5436 hic
2781 5389 2976 5447 addunt,
3000 5389 3049 5441 in
3064 5398 3312 5443 internum.

2220 5446 2242 5520 ξ
2262 5445 2540 5520 sieppﬁmae
2554 5456 2680 5520 noue
2695 5445 3029 5520 GermanenSis
3041 5462 3117 5501 MS.
3136 5462 3190 5503 At
3202 5456 3336 5520 editi,
3353 5458 3737 5520 purosntetliros.

2156 5505 2579 5617 Uli'mCtil’ligt.also‘est
2613 5522 2722 5558 cum
2755 5511 2944 5560 duobus
2978 5513 3165 5564 eLcum
3203 5519 3279 5565 cl).
3420 5505 3733 5574 rhij'i;.'.'.','ﬁ;j

2218 5630 2288 5694 (a)
2314 5630 2449 5685 Alias,
2476 5630 2536 5679 ΞΟ
2556 5631 2619 5679 de
2644 5634 2878 5689 Diversis,
2902 5643 2953 5682 et
2975 5636 3026 5683 5|
3059 5638 3184 5686 inter
3201 5641 3420 5692 ttomilias

2216 5690 2289 5751 (lt)
2324 5700 2341 5736 t
2371 5694 2574 5741 Ρυδοίιιὶυ
2598 5701 2785 5742 notatur
2808 5698 2856 5744 in
2875 5697 3063 5746 lttditluli
3087 5716 3189 5762 cup.
3217 5704 3263 5749 8.
