4012 6338
212 272 311 327 197

211 385 331 442 ideo
361 385 699 445 conveniant,
733 385 788 431 ut
832 375 1104 430 inveniant
1128 387 1248 428 cum
1269 371 1460 443 quibus
1508 371 1790 442 loquantur

211 475 512 546 nugatoria,
558 487 663 526 non
695 485 815 524 cum
857 468 1049 540 quibus
1099 467 1316 520 audiant
1359 464 1536 529 utilia;
1568 464 1656 534 qui
1685 476 1792 517 non

211 577 394 624 amant
419 566 563 635 loqui
589 564 656 620 de
679 563 836 618 rebus
860 561 1066 628 alienis,
1098 573 1220 614 cum
1249 557 1538 614 defecerint
1559 556 1613 610 in
1637 555 1746 610 suis
1775 571 1789 608 :

210 660 298 731 qui
324 670 458 728 ergo
481 671 586 710 non
608 656 679 709 ita
694 652 1034 717 conveniunt,
1055 660 1111 706 et
1130 650 1434 719 frequenter
1452 646 1791 713 conveniunt,

213 765 319 806 non
353 757 480 804 sunt
510 746 672 802 rudes
697 746 749 800 in
771 746 872 800 isto
915 742 1066 797 titulo
1094 739 1308 804 Psalmi,
1340 737 1502 808 'quod
1541 737 1795 808 scriptum

214 851 314 908 est,
354 841 438 894 Ad
488 837 724 904 Goliam;
764 844 958 890 norunt
991 833 1110 904 quis
1143 831 1300 886 fuerit
1353 829 1554 886 Golias.
1594 827 1796 884 Tamen

216 941 434 1003 propter
461 930 598 984 alios
621 929 712 1000 qui
741 927 822 982 vel
864 940 1006 980 nunc
1056 923 1244 978 intenti
1283 929 1425 984 sunt,
1470 920 1594 986 alio,
1619 927 1794 973 autem

214 1034 458 1092 tempore
484 1021 660 1075 minus
690 1027 814 1074 sunt
838 1016 1046 1083 intenti,
1079 1014 1161 1070 vel
1187 1014 1409 1068 fortasse
1433 1011 1600 1081 spinis
1626 1023 1797 1064 smcu-

215 1116 436 1179 laribus,
457 1112 523 1167 .id
547 1121 647 1177 est,
678 1110 1008 1180 negotiorum
1047 1104 1433 1160 mundanorum
1468 1101 1630 1167 curis,
1679 1114 1798 1154 ver-

213 1208 340 1262 bum
370 1207 425 1259 in
446 1203 613 1259 corde
650 1216 746 1263 suo
778 1209 1026 1269 tanquam
1055 1211 1236 1252 semen
1259 1195 1387 1249 utile
1421 1191 1652 1248 oﬂ'ocare
1672 1187 1826 1244 con-‘

215 1306 460 1360 suerunt,
494 1309 769 1349 narremus
791 1293 949 1346 etiam
975 1289 1074 1344 ista
1099 1294 1396 1359 pervetera,
1418 1292 1473 1339 et
1500 1283 1691 1339 usitata
1719 1284 1800 1337 in-

218 1389 381 1443 tentis
408 1396 464 1442 et
491 1384 744 1440 studiosis
763 1384 1074 1438 Litterarum
1103 1379 1420 1435 divinarum.

289 1500 526 1558 CAPUT
553 1499 641 1554 lll.
671 1529 744 1539 —
781 1498 832 1552 3.
876 1494 1037 1552 Golite
1071 1503 1118 1548 et
1145 1492 1353 1546 Davidis
1380 1488 1670 1559 descriptio.
1697 1486 1802 1542 Go-

227 1595 327 1650 lias
371 1608 516 1648 unus
567 1590 665 1646 fuit
716 1604 782 1644 ex
817 1587 1131 1658 AIIOphylis,
1167 1583 1220 1640 id
1244 1590 1347 1648 est,
1369 1597 1432 1636 ex
1455 1578 1800 1650 alienigenis,

224 1691 311 1755 qut
366 1685 569 1740 bellum
603 1683 857 1753 gerebant
916 1680 1010 1734 illo
1061 1687 1300 1747 tempore
1357 1674 1610 1728 adversus
1667 1671 1804 1727 ﬁlios

223 1777 405 1832 lsrael.
461 1777 539 1832 Eo
573 1784 751 1829 autem
785 1783 1024 1842 tempore
1070 1768 1234 1824 David
1277 1777 1508 1834 sanctus,
1545 1764 1696 1835 cujus
1723 1772 1806 1818 est

223 1869 322 1923 hoc
350 1867 694 1930 Psalterium,
731 1866 839 1918 imo
860 1878 953 1934 per
976 1877 1132 1932 quem
1174 1859 1492 1915 ministravit
1531 1859 1632 1913 hoc
1659 1857 1806 1912 Psal-

223 1961 414 2014 terium
435 1956 668 2027 Spiritus
693 1963 929 2020 sanctus,
961 1969 1094 2024 puer
1130 1961 1244 2008 erat
1270 1967 1495 2024 pascens
1541 1964 1666 2005 oves
1709 1965 1804 2019 pa-

225 2053 317 2106 tris
347 2051 453 2116 sui,
488 2059 670 2104 tenera
696 2056 872 2114 mtate,
919 2047 1002 2099 vix
1031 2043 1155 2098 dum
1197 2041 1642 2097 adolescentulus.
1678 2037 1808 2093 Fra-

223 2154 333 2198 tres
361 2143 479 2212 ejus
495 2141 606 2211 jam
632 2139 855 2209 juvenes
879 2136 1192 2201 militabant,
1222 2142 1276 2188 et
1313 2134 1364 2187 in
1393 2133 1626 2187 exercitu
1666 2130 1805 2200 regis

224 2242 398 2289 erant.
449 2232 644 2287 Attulit
684 2230 763 2285 eis
815 2228 1008 2283 missus
1048 2243 1076 2280 a
1133 2224 1438 2296 parentibus
1507 2219 1704 2291 aliquid
1741 2219 1808 2275 de

225 2327 406 2389 domo,
430 2325 617 2378 usibus
641 2323 895 2392 ipsorum.
927 2321 1003 2374 lla
1034 2319 1124 2374 illo
1151 2327 1386 2387 tempore
1414 2329 1519 2386 quo
1543 2311 1810 2384 pugnaba-

225 2428 329 2484 tur,
357 2417 413 2472 in
437 2416 682 2472 exercitu
719 2415 965 2470 inventus
992 2420 1074 2466 est
1099 2409 1332 2466 nondum
1367 2409 1540 2474 miles,
1572 2405 1667 2462 sed
1703 2406 1808 2460 mi-

225 2511 375 2564 litum
407 2506 653 2563 minister
674 2513 728 2560 et
753 2504 938 2559 frater.
971 2502 1184 2556 Exstitit
1205 2509 1338 2555 tunc
1367 2499 1547 2555 Colias
1575 2497 1696 2563 iste,
1742 2495 1809 2550 de

223 2614 328 2670 quo
348 2599 556 2652 mentio
588 2596 723 2650 facta
761 2603 862 2660 est,
894 2593 1082 2664 ingens
1126 2600 1325 2646 statura
1358 2589 1617 2659 corporis,
1645 2587 1810 2642 armis

226 2692 541 2755 instructus,
567 2687 768 2742 viribus
798 2687 955 2742 etiam
996 2684 1338 2746 exercitatus,
1395 2683 1566 2736 elatus
1604 2681 1809 2751 jactan-

227 2783 317 2848 tia,
346 2781 439 2851 qui
465 2779 696 2850 superbe
731 2785 1043 2849 provocaret
1069 2775 1135 2830 ad
1174 2772 1595 2828 monomaehiam
1618 2770 1811 2826 adver-

227 2874 425 2926 sarium
459 2870 717 2941 pepulum
745 2887 757 2922 :
783 2868 884 2923 hoc
927 2875 1030 2934 est,
1076 2875 1133 2921 ut
1162 2881 1298 2920 unus
1347 2863 1468 2918 inde
1495 2864 1696 2917 electus
1744 2861 1812 2917 ab

227 2963 354 3031 ipsis
375 2960 696 3031 procederet
720 2959 973 3014 adversus
1013 2972 1156 3021 cum,
1197 2965 1252 3010 ut
1279 2954 1484 3010 duobus
1525 2953 1806 3023 pugnanti-

231 3054 326 3109 bus
355 3069 586 3108 examen
623 3052 782 3106 totius
811 3051 935 3106 belli
981 3050 1034 3105 in
1063 3047 1240 3103 medio
1279 3055 1605 3110 versaretur,
1654 3052 1813 3114 pacto

230 3153 282 3198 et
312 3142 518 3213 placito
545 3142 744 3208 addito,
775 3148 831 3196 ut
855 3140 902 3194 si
934 3139 1054 3209 quis
1080 3138 1305 3193 duorum
1333 3136 1540 3190 illorum
1576 3135 1810 3202 vicisset,

230 3233 658 3303 universaparti
686 3231 826 3286 unde
851 3239 1069 3286 steterat
1097 3229 1418 3282 tribueretur
1438 3227 1672 3281 victoria.
1701 3227 1816 3281 Rex

231 3341 357 3396 ergo
389 3325 482 3380 ille
511 3323 690 3394 populi
727 3321 1031 3377 .ludaeorum
1074 3319 1302 3374 ﬁliorum
1331 3317 1491 3373 Israel
1526 3316 1650 3372 Saitl
1680 3325 1812 3372 erat.

232 3418 563 3488 Augebatur,
592 3415 868 3479 :estuabat,
891 3413 1162 3485 quzerebat
1199 3413 1251 3466 in
1279 3412 1529 3466 universo
1581 3411 1816 3466 exercitu

235 3524 416 3578 parem
445 3508 522 3562 illi
552 3525 565 3562 :
612 3522 794 3562 verum
826 3521 930 3560 non
966 3503 1285 3569 inveniebat,
1315 3517 1411 3557 nec
1442 3501 1608 3556 forma
1631 3517 1819 3571 corpo-

234 3600 327 3663 ris,
357 3613 463 3652 nec
500 3596 720 3651 audacia
767 3593 1177 3664 provocationis.
1223 3590 1355 3646 Cum
1385 3606 1510 3662 ergo
1544 3600 1814 3658 mstuaret,

237 3707 396 3745 ausus
417 3699 502 3744 est
524 3705 657 3760 puer
689 3689 788 3743 iste
811 3686 995 3752 David,
1019 3700 1124 3740 non
1152 3699 1482 3754 prtesumens
1523 3684 1589 3738 de
1620 3683 1818 3739 viribus

237 3785 366 3850 suis,
387 3781 486 3836 sed
514 3782 565 3836 in
586 3781 798 3835 nomine
830 3779 921 3833 Dei
947 3778 1050 3845 sui,
1084 3775 1373 3847 procedere
1399 3774 1652 3829 adversus
1674 3790 1816 3828 eum.

239 3873 550 3927 Nuntiatum
570 3879 652 3925 est
680 3870 812 3940 regi,
844 3884 948 3922 non
971 3866 1187 3921 audacia
1216 3865 1472 3936 pueritiae,
1507 3864 1600 3918 sed
1631 3864 1820 3919 ﬁducia

239 3963 451 4033 pietatis
485 3979 500 4016 :
534 3976 633 4015 nec
672 3976 765 4014 rex
809 3959 1013 4024 abnuit,
1073 3973 1177 4012 non
1218 3956 1499 4011 recusavit.
1540 3957 1817 4023 lntcllexit,

239 4070 357 4109 cum
386 4053 597 4108 videret
625 4051 906 4106 audentem
931 4065 1174 4119 puerum,
1217 4047 1411 4118 aliquid
1451 4047 1739 4101 divinitatis
1767 4048 1819 4102 in

238 4160 303 4198 eo
331 4159 478 4207 esse,
509 4157 607 4196 nec
650 4141 790 4195 illam
824 4149 1058 4195 teneram
1106 4146 1315 4193 a:tatem
1362 4137 1477 4191 sine
1520 4136 1698 4190 divino
1743 4137 1822 4191 iu-

238 4235 436 4289 stinctu
486 4231 609 4286 talia
651 4246 810 4303 posse
879 4245 1222 4300 praesumere.
1274 4227 1530 4284 Libenter
1572 4229 1818 4300 accepit:

240 4326 506 4397 processit
526 4323 778 4379 adversus
800 4323 1028 4378 Goliam.

308 4436 541 4493 CAPUT
605 4435 795 4490 lV.—-
844 4436 898 4490 4.
955 4432 1166 4486 Davidis
1211 4433 1264 4486 in
1327 4430 1436 4486 Deo
1498 4429 1822 4501 conﬁdentia.

241 4530 296 4584 ln
327 4529 580 4584 omnibus
610 4541 756 4597 ergo,
789 4527 876 4597 qui
908 4534 1059 4580 erant
1090 4526 1141 4578 in
1173 4539 1233 4579 ea
1263 4533 1429 4594 parte,
1460 4522 1600 4578 unde
1637 4538 1827 4594 proce-

241 4621 404 4675 debat
447 4618 635 4684 David,
681 4634 785 4672 non
830 4626 944 4672 erat
976 4615 1316 4686 pl‘tBSltmpllO
1353 4615 1454 4668 nisi
1487 4614 1554 4669 de
1601 4615 1708 4670 Deo
1737 4634 1748 4669 :
1773 4617 1824 4669 in

243 4712 348 4765 illis
379 4717 560 4764 autem
599 4718 706 4763 tota
732 4723 856 4776 spes
896 4707 948 4761 in
993 4707 1148 4760 unius
1190 4704 1418 4759 hominis
1471 4705 1688 4759 viribus.
1719 4705 1824 4760 Sed

241 4804 365 4874 quid
390 4812 472 4858 est
498 4803 681 4866 homo,
708 4801 807 4854 nisi
830 4798 969 4870 quod
989 4799 1038 4851 in
1061 4799 1162 4852 isto
1182 4797 1391 4868 psalmo
1411 4797 1622 4862 cecinit,
1655 4795 1824 4850 Homo

240 4896 452 4950 ιιαηὶιαιὶ
490 4893 801 4947 assimilatas
842 4899 945 4954 est;
975 4889 1080 4942 dies
1110 4890 1217 4959 ejus
1239 4888 1372 4942 velut
1402 4887 1578 4940 umbra
1624 4897 1828 4958 prwter-

243 4987 398 5041 eunt?
428 4987 569 5055 Ergo
591 4998 715 5054 spes
743 4983 952 5036 illorum
983 4979 1179 5046 inanis,
1216 4994 1332 5047 qua:
1361 4977 1617 5032 collocata
1663 4987 1743 5031 est
1773 4977 1826 5031 in

244 5079 432 5134 umbra
458 5083 789 5131 transeunte.
820 5076 1069 5129 Armatus
1091 5079 1172 5125 est
1197 5079 1373 5124 autem
1399 5067 1584 5134 David,
1609 5077 1668 5121 ut
1691 5084 1826 5137 quo-

242 5169 386 5225 niam
411 5175 570 5222 aetate
600 5175 653 5220 et
672 5165 1060 5233 viribusimpar
1089 5171 1223 5226 erat,
1252 5160 1402 5230 quasi
1433 5160 1596 5213 armis
1621 5173 1716 5229 par
1741 5174 1828 5213 es-

242 5270 326 5316 set
359 5278 372 5313 :
399 5259 494 5314 sed
517 5273 664 5312 arma
691 5265 870 5311 vetera
902 5271 1009 5309 non
1045 5253 1385 5323 adjuvabant,
1419 5250 1590 5319 potius
1633 5265 1826 5304 onera-

242 5352 372 5406 bant
401 5365 593 5405 novam
645 5359 877 5403 aetatem.
907 5349 971 5402 Et
1007 5347 1070 5400 ad
1097 5346 1197 5400 hoc
1221 5343 1450 5414 pertinet
1479 5341 1619 5412 quod
1669 5343 1826 5395 etiam

242 5443 535 5513 apostolica
581 5441 738 5496 lectio
772 5450 893 5494 ante
929 5439 1115 5509 psalmi
1164 5436 1426 5490 canticum
1469 5433 1824 5503 praesignavit,

243 5535 467 5590 dicens:
503 5533 691 5588 Exuite
733 5548 820 5586 vos
864 5541 1072 5584 veterem
1119 5529 1388 5592 hominem,
1426 5535 1470 5579 et
1511 5525 1703 5578 induite
1739 5542 1829 5579 no-

241 5645 354 5684 rum
381 5625 606 5702 (Colon.
635 5642 715 5693 ut,
742 5625 798 5691 9,
833 5624 944 5696 10).
976 5623 1154 5677 Noluit
1201 5619 1363 5675 David
1403 5625 1715 5673 vetustatem
1743 5633 1829 5672 ar—

247 5736 453 5780 morum
491 5747 503 5779 :
547 5721 778 5792 ahjecit;
812 5732 1035 5774 onerosa
1067 5731 1184 5772 esse
1233 5714 1383 5778 dixit,
1411 5713 1531 5782 quia
1585 5711 1825 5781 implica-

1615 257 1840 314 SERMO
1878 255 2070 313 XXXI.

3374 256 3475 310 198

1893 369 2024 424 Ibant
2049 383 2190 425 eum.
2221 367 2666 440 Expeditissimus
2694 367 2784 424 ille
2819 367 2884 423 ad
2916 368 3150 438 praelium
3185 369 3472 438 procedere

1897 461 2174 533 cupiebat;
2207 460 2359 516 fortis
2387 476 2494 516 non
2534 462 2585 516 in
2619 476 2698 526 se,
2727 460 2820 516 sed
2858 461 2910 515 in
2950 459 3207 526 Domino;
3242 469 3478 517 armatus

1899 569 2004 609 non
2035 561 2140 608 tam
2161 552 2322 619 l'erro,
2345 566 2502 622 quam
2536 551 2658 607 lide.

1971 645 2033 701 5.
2068 643 2299 711 Quinque
2354 642 2549 714 lapides
2591 641 2757 696 David
2795 642 2918 713 quid
2978 642 3200 712 mysterii
3242 642 3481 696 habeant.

1902 735 2103 791 Tamen
2127 735 2347 806 abjectis
2379 735 2565 800 armis,
2615 734 2771 805 elegit
2799 733 2996 804 aliquid
3017 733 3159 788 unde
3175 743 3434 805 pugnaret
3469 753 3482 790 :

1902 836 1956 885 ct
1983 827 2086 884 hoc
2106 843 2210 883 non
2237 829 2352 884 sine
2377 835 2729 882 sacramento.
2772 826 2904 881 Nam
2928 827 3122 882 videtis
3155 826 3308 897 quasi
3334 825 3480 882 duas

1902 921 2154 991 quasdam
2170 921 2304 976 vitas
2318 936 2332 986 ;
2346 935 2503 975 unam
2522 919 2573 973 in
2599 918 2906 988 alienigenis
2921 926 3173 982 veterem,
3187 918 3403 972 alteram
3433 918 3486 972 in

1903 1011 2154 1068 lsraelitis
2195 1026 2406 1075 novam,
2452 1009 2705 1065 adversus
2733 1008 2960 1063 invicem
2986 1007 3260 1064 dimicare.
3291 1005 3348 1061 In
3390 1006 3482 1060 illa

1903 1114 2054 1176 parte
2094 1119 2288 1175 corpus
2336 1103 2554 1171 diaboli,
2586 1102 2642 1157 in
2690 1101 2790 1156 ista
2843 1100 3194 1178 praeﬁguratio
3262 1100 3483 1156 Domini

1904 1199 2032 1256 Jcsu
2053 1199 2274 1254 Christi.

1976 1288 2197 1346 CAPUT
2225 1286 2516 1344 V.-—Tulit
2541 1287 2774 1357 quinque
2797 1284 3000 1356 lapides
3027 1283 3094 1340 de
3122 1291 3378 1351 torrente,
3411 1284 3481 1340 de

1905 1380 2084 1447 ﬂuvio,
2113 1389 2167 1435 et
2197 1382 2372 1450 posuit
2397 1379 2447 1432 in
2469 1392 2594 1433 vase
2621 1376 2866 1448 pastoris,
2901 1390 3004 1446 quo
3025 1375 3106 1432 lac
3133 1376 3357 1446 mulgeri
3395 1390 3482 1430 so-

1906 1472 1998 1538 let,
2021 1479 2072 1526 et
2111 1471 2181 1524 ita
2224 1470 2482 1541 processit
2525 1477 2760 1522 armatus
2807 1466 2862 1538 (l
2890 1466 3017 1538 Reg.
3050 1467 3198 1537 xvu).
3232 1467 3478 1538 Quinque

1907 1562 2110 1632 lapides
2130 1603 2143 1626 ,
2173 1561 2279 1615 Lex
2309 1569 2444 1626 erat;
2489 1559 2789 1614 continetur
2829 1558 2972 1614 enim
3003 1557 3112 1613 Lex
3149 1557 3385 1628 quinque
3415 1559 3480 1611 li-

1907 1652 2018 1707 bris
2044 1652 2229 1724 Moysi.
2261 1651 2328 1705 Et
2354 1651 2406 1704 in
2437 1651 2548 1720 ipsa
2578 1650 2719 1720 Lege
2744 1650 2928 1705 decem
2959 1658 3222 1719 praecepta
3247 1657 3371 1704 sunt
3401 1664 3488 1703 sa-

1910 1743 2118 1808 lutaria,
2175 1743 2367 1813 quibus
2407 1741 2592 1797 decem
2651 1741 2930 1812 prteceptis
2990 1750 3182 1796 caetera
3227 1741 3484 1796 serviant.

1908 1833 2284 1904 Praeﬁguratur
2333 1847 2463 1904 ergo
2504 1833 2614 1888 Lex
2655 1841 2711 1888 et
2757 1832 3001 1903 quinario
3041 1841 3095 1888 et
3123 1833 3346 1889 denario
3387 1850 3490 1888 nu-

1908 1940 2076 1980 mero.
2109 1925 2175 1978 Et
2198 1924 2317 1979 ideo
2337 1923 2502 1978 David
2533 1924 2781 1994 pugnavit
2808 1923 3073 1993 quinario,
3103 1925 3296 1979 cecinit
3321 1925 3491 1980 dena-

1908 2017 1989 2072 rio
2014 2017 2196 2072 dicens
2223 2034 2236 2070 :
2271 2015 2337 2070 In
2366 2017 2602 2088 psalterio
2627 2016 2794 2070 decent
2816 2016 3118 2069 chordarum
3140 2015 3356 2086 psallam
3377 2017 3488 2071 tibi.

1909 2109 2090 2180 Neque
2118 2125 2304 2165 omnes
2343 2110 2574 2180 quinque
2606 2109 2804 2178 lapides
2831 2109 2994 2173 misit,
3037 2109 3130 2164 sed
3159 2125 3319 2164 unum
3347 2110 3487 2164 tulit.

1909 2201 2147 2272 Namque
2174 2201 2225 2255 in
2257 2216 2481 2256 numero
2507 2200 2759 2270 lapidum,
2809 2215 3088 2255 numerum
3120 2199 3375 2255 librorum
3403 2216 3493 2256 os-

1911 2294 2108 2360 tendit;
2142 2294 2194 2347 in
2225 2307 2330 2347 uno
2370 2291 2561 2362 lapide,
2591 2291 2849 2346 unitatem
2896 2291 3228 2361 implentium
3269 2290 3489 2364 Legem.

1911 2385 2100 2441 Unitas
2124 2385 2265 2439 enim
2297 2373 2407 2453 ipsa
2437 2382 2619 2452 implet
2638 2381 2852 2452 Legem,
2880 2381 2930 2435 id
2957 2391 3060 2448 est,
3087 2381 3336 2436 charitas.
3367 2383 3492 2438 ldeo

1912 2476 2101 2532 sublati
2128 2475 2494 2545 suntquinque
2511 2474 2584 2528 illi
2610 2473 2808 2543 lapides
2835 2473 2902 2528 de
2922 2473 3098 2528 ﬂuvio.
3120 2472 3335 2529 Fluvius
3363 2475 3490 2545 quid

1914 2566 2244 2637 signiﬁcabat
2275 2563 2366 2618 illo
2396 2563 2667 2633 tempore?

1985 2658 2208 2714 CAPUT
2235 2657 2322 2712 VI.
2343 2657 2479 2711 -6.
2523 2655 2719 2725 Regula
2745 2655 2813 2708 ad
2839 2655 3188 2725 intelligendas
3208 2654 3492 2725 Scriptura:

1913 2750 2200 2821 allegorias.
2247 2747 2359 2803 Non
2412 2745 2553 2801 enim
2601 2761 2812 2814 semper
2868 2747 2919 2798 in
2963 2745 3250 2814 Scripturis
3305 2745 3492 2800 eadem

1914 2843 2276 2914 signiﬁcantur
2303 2841 2460 2895 rebus
2484 2837 2663 2893 certis.
2688 2839 2750 2891 Et
2766 2838 2867 2892 hoc
2885 2852 3040 2892 nosse
3057 2837 3211 2892 debet
3229 2837 3493 2892 Sanctitas

1913 2943 2110 3000 vestra,
2133 2939 2349 3002 prepter
2382 2939 2606 2985 caeteras
2632 2929 2861 2998 regulas,
2891 2936 2948 2981 ut
2973 2928 3131 2982 etiam
3159 2928 3360 2982 dociles
3385 2927 3490 2983 Le-

1915 3034 2116 3080 ctorem
2179 3021 2424 3077 audiatis.
2474 3021 2549 3074 Ea
2599 3035 2718 3090 qua:
2776 3029 3043 3088 ponuntur
3090 3019 3375 3089 allegorice
3435 3021 3488 3073 in

1916 3118 2220 3190 Scripturis,
2249 3131 2355 3170 non
2400 3129 2613 3183 semper
2655 3113 2756 3167 hoc
2790 3113 3108 3182 signiﬁcant.
3133 3111 3254 3166 Non
3284 3127 3498 3182 semper

1918 3226 2069 3265 mons
2094 3209 2372 3264 Dominum
2403 3205 2682 3275 signiﬁcat,
2736 3218 2840 3257 non
2887 3217 3099 3272 semper
3145 3204 3279 3273 lapis
3310 3204 3495 3258 Domi-

1918 3319 2044 3357 nmu
2071 3301 2353 3372 signiﬁcat,
2383 3313 2488 3352 non
2517 3312 2731 3366 semper
2758 3296 2841 3351 leo
2880 3295 3162 3350 Dominum
3212 3296 3496 3365 signiﬁcat,

1919 3411 2022 3450 non
2049 3407 2261 3462 semper
2285 3391 2502 3455 bonum,
2536 3402 2645 3442 non
2675 3402 2887 3455 semper
2907 3386 3140 3450 malum;
3172 3386 3264 3441 sed
3296 3402 3392 3455 pro
3418 3387 3500 3440 Ἰο-

1919 3490 1995 3544 cis
2020 3487 2432 3556 Scripturarum,
2463 3496 2566 3552 quo
2591 3481 2860 3552 pertinent
2882 3489 3072 3534 cartera
3101 3479 3498 3533 circumstantia

1921 3583 2086 3653 ipsius
2106 3579 2366 3634 lectionis.
2399 3572 2853 3642 Quemadmodum
2897 3572 3088 3626 littera:
3128 3571 3180 3624 in
3223 3579 3300 3624 tot
3339 3571 3500 3624 milli-

1919 3675 2019 3729 bus
2041 3672 2323 3726 vcrborum
2351 3677 2509 3734 atque
2539 3679 2846 3720 sermonum
2875 3663 3001 3731 ipsa:
3028 3670 3356 3730 repetuntur,
3391 3677 3499 3715 non

1921 3775 2214 3835 augentur:
2248 3760 2407 3815 verba
2439 3758 2640 3812 inﬁnita
2667 3763 2812 3820 sunt,
2845 3754 3004 3807 ﬁnita:
3051 3763 3173 3807 sunt
3197 3761 3372 3807 tamen
3414 3755 3502 3807 lit-

1923 3867 2051 3912 tera:
2085 3875 2098 3909 :
2130 3855 2289 3908 verba
2320 3863 2599 3905 numerare
2629 3861 2788 3902 nemo
2834 3853 3042 3915 potest;
3070 3845 3274 3898 litteras
3327 3845 3500 3914 quivis

1924 3956 2115 4020 potest,
2149 3944 2288 4000 unde
2318 3940 2597 3996 multitudo
2632 3937 2914 3993 verborum
2959 3944 3058 3990 est.
3087 3935 3219 3989 Cum
3268 3950 3370 3988 una
3419 3935 3504 3989 lit-

1925 4051 2034 4095 tera
2065 4038 2225 4092 variis
2256 4035 2307 4088 in
2354 4033 2482 4088 locis
2525 4030 2756 4101 ponitur,
2803 4036 2855 4082 et
2883 4041 2978 4096 pro
3029 4026 3146 4080 loco
3184 4026 3342 4091 valet,
3398 4041 3502 4080 non

1925 4151 2082 4190 unam
2107 4147 2220 4187 rem
2246 4129 2405 4182 valet.
2431 4127 2557 4192 Qum
2586 4133 2691 4177 tam
2712 4122 2936 4176 diversa:
2967 4135 3073 4182 res,
3109 4133 3264 4188 quam
3291 4119 3425 4172 Deus
3445 4128 3500 4173 et

1924 4225 2198 4284 diabolus?
2221 4221 2484 4279 Tamenin
2507 4218 2698 4288 capite,
2718 4215 2766 4268 ι)
2786 4216 2954 4268 littera
2973 4222 3074 4277 est,
3100 4228 3219 4267 cum
3242 4212 3490 4277 dicimus,

1929 4321 2097 4382 Deus;
2116 4326 2296 4371 etcum
2326 4312 2571 4375 dicimus,
2603 4305 3028 4362 Diabolus.Sicut
3052 4320 3180 4376 ergo
3203 4303 3376 4358 littera
3401 4319 3503 4373 pro

1928 4413 2046 4466 loco
2063 4411 2218 4469 valet;
2238 4414 2380 4462 errat
2392 4409 2645 4468 autem,et
2658 4399 2812 4453 nimis
2825 4398 3082 4453 absurdus
3093 4406 3192 4456 est.
3208 4407 3261 4452 et
3276 4398 3410 4452 intra
3427 4399 3504 4471 (ιι)

1927 4504 2131 4575 puerile
2155 4515 2247 4556 cor
2261 4499 2349 4568 qui
2373 4511 2494 4551 cum
2525 4493 2730 4564 legerit,
2754 4491 2899 4546 verbi
2918 4491 3104 4562 gratia,
3130 4489 3177 4542 D
3199 4491 3426 4546 litteram
3451 4492 3503 4546 in

1931 4595 2143 4649 nomine
2164 4590 2276 4653 Dei,
2305 4585 2610 4642 timetillatn
2632 4598 2830 4654 ponere
2853 4583 2902 4635 in
2941 4583 3155 4636 nomine
3195 4581 3412 4645 diaboli,
3435 4597 3502 4636 ne

1930 4687 2078 4758 quasi
2110 4685 2218 4739 Deo
2232 4681 2385 4735 faciat
2401 4677 2643 4748 injuriam
2667 4695 2679 4730 :
2703 4676 2780 4730 sic
2799 4675 2958 4730 etiam
2978 4675 3065 4744 qui
3085 4675 3328 4743 imperite
3358 4670 3506 4727 audit

1930 4779 2137 4834 divinas
2150 4775 2474 4843 Scripturas,
2499 4778 2553 4823 ut
2569 4768 2636 4823 de
2653 4768 2753 4822 isto
2775 4768 2888 4836 ipso
2911 4766 3155 4835 exemplo
3171 4781 3276 4819 non
3296 4764 3509 4818 receda-

1932 4888 2070 4936 mus,
2107 4883 2225 4924 cum
2253 4865 2418 4929 audit,
2469 4860 2614 4916 verbi
2655 4859 2839 4930 gratia,
2886 4860 2939 4912 in
2978 4858 3224 4926 allegoria
3275 4857 3506 4926 positum

1931 4965 2168 5026 ﬂuvium,
2214 4976 2279 5015 eo
2316 4960 2434 5014 loco
2460 4955 2548 5010 ubi
2592 4953 2790 5009 dictum
2837 4959 2940 5019 est,
2989 4949 3237 5004 Fluminis
3291 4951 3508 5019 impetus

1933 5058 2191 5127 lmti/icant
2216 5053 2458 5107 civitatem
2496 5047 2593 5101 Dei
2621 5045 2789 5118 (Psal.
2823 5061 2946 5110 XLV,
2976 5044 3052 5115 5);
3081 5043 3276 5097 dictum
3300 5052 3381 5097 est
3407 5059 3507 5097 au-

1935 5159 2038 5204 tem
2065 5146 2133 5201 de
2154 5143 2494 5198 inundatione
2516 5138 2744 5208 Spiritus
2779 5136 2971 5201 sancti,
3005 5135 3072 5189 de
3095 5149 3196 5204 qua
3241 5133 3346 5188 alio
3389 5135 3509 5190 loco

1933 5240 2006 5293 ait
2028 5235 2312 5305 Propheta,
2345 5229 2741 5284 Inebriabuntur
2769 5226 2831 5279 ab
2856 5227 3078 5278 ubertate
3102 5225 3279 5278 domus
3305 5236 3423 5285 tute.
3465 5235 3513 5280 et

1936 5335 2148 5384 torrente
2195 5321 2465 5393 voluptatis
2514 5328 2613 5372 tua:
2663 5318 2855 5387 potabis
2893 5332 2976 5370 eos
3005 5315 3175 5385 (Psal.
3215 5332 3373 5378 xxxv,
3406 5314 3463 5387 9)
3495 5333 3509 5369 :

1934 5436 2053 5476 cum
2083 5432 2209 5486 ergo
2237 5416 2312 5469 sic
2339 5413 2604 5480 acceperit
2632 5409 2846 5463 ﬂuvium
2891 5409 2942 5461 in
2974 5408 3142 5474 bono,
3175 5417 3228 5462 ct
3255 5409 3505 5464 laudave-

1934 5514 2022 5577 rit,
2055 5521 2109 5565 et
2145 5508 2436 5563 delectatus
2488 5502 2676 5567 fuerit;
2721 5499 2931 5571 quando
2969 5516 3066 5570 pro
3091 5501 3208 5555 loco
3235 5501 3429 5555 dicitur
3456 5500 3507 5555 ei

1935 5604 2076 5677 quod
2101 5602 2291 5657 ﬂuvius
2315 5596 2573 5669 signiﬁcet
2607 5594 2850 5649 homines
2879 5593 3122 5661 ﬂuentes,
3164 5602 3211 5647 et
3243 5603 3509 5663 tempora-

2001 5712 2072 5774 (ιι)
2093 5717 2257 5766 Forte,
2283 5706 2447 5769 gestat.
