4012 6338
554 243 656 302 I3!)

552 357 692 414 libus
717 353 946 423 deditos,
977 368 1100 411 cum
1139 349 1524 408 transeuntium
1556 363 1736 404 amore
1765 355 2120 413 transeuntes,

547 449 886 520 expavescit;
905 447 1024 518 quia
1051 447 1103 500 in
1117 445 1222 499 alio
1242 444 1357 498 loco
1380 450 1657 511 acceperat
1685 441 1898 494 ﬂuvium
1916 440 1966 493 in
1987 441 2127 494 bono

549 539 847 610 signiﬁcare
868 535 1085 606 aliquid,
1112 541 1165 589 ct
1189 533 1556 603 perturbatur:
1583 531 1652 584 ita
1684 530 1741 583 ﬁt
1763 531 1812 582 in
1839 529 2127 598 Scripturis

547 639 747 696 mutus,
775 626 1038 698 quomodo
1065 625 1116 679 in
1145 624 1332 679 litteris
1358 633 1534 677 mutus
1554 620 1804 685 efﬁcitur,
1827 620 1870 673 si
1897 619 2129 674 noluerit

549 719 839 774 transferre
868 717 1010 786 ipsas
1036 715 1236 770 litteras
1263 713 1330 768 ad
1358 713 1460 766 alia
1491 712 1670 778 verba,
1699 710 1792 765 sed
1813 710 1863 764 in
1889 709 1972 764 his
2000 709 2128 764 solis

546 809 726 866 verbis
754 823 847 865 eas
876 806 1126 873 tenuerit,
1172 806 1222 859 in
1275 803 1470 874 quibus
1506 818 1598 858 eas
1636 803 1807 872 primo
1857 799 2124 856 didicerit.

617 898 841 957 CAPUT
871 879 978 952 VII.
997 927 1069 938 ——
1099 898 1152 951 7.
1179 895 1258 951 De
1281 897 1434 966 ﬂuvio
1461 895 1613 948 levati
1637 893 1831 962 lapides
1870 901 1914 946 et
1951 891 2005 944 in
2031 906 2126 960 pa-

545 990 723 1046 storali
768 1005 885 1044 vase
917 987 1068 1060 positi
1121 987 1244 1055 quid
1279 985 1582 1055 signiﬁcent.
1629 982 1686 1037 Si
1737 982 1975 1053 percepit
2026 979 2128 1034 hoc

542 1083 810 1141 Sanctitas
839 1090 1042 1146 vestra,
1063 1095 1150 1134 res
1176 1078 1326 1134 vobis
1353 1077 1494 1132 dicta
1534 1084 1636 1143 est,
1684 1066 1936 1145 quantum
1979 1071 2127 1126 arbi-

544 1184 768 1240 tramur,
811 1171 1118 1235 utilissima;
1145 1178 1199 1222 et
1224 1183 1342 1239 qua:
1369 1180 1466 1221 vos
1497 1166 1719 1219 multum
1758 1163 1990 1233 adjuvet,
2019 1177 2124 1216 non

543 1267 716 1322 solum
743 1263 812 1320 ad
839 1260 1134 1317 audiendos
1167 1267 1419 1314 tractatus
1466 1265 1698 1322 nostros,
1729 1255 1824 1310 sed
1866 1255 2027 1310 etiam
2058 1252 2125 1307 ad

545 1353 915 1426 intelligendas
956 1352 1099 1422 ipsas
1141 1348 1462 1419 Scripturas,
1493 1349 1560 1402 de
1588 1347 1780 1417 quibus
1828 1345 1979 1398 vobis
2023 1343 2125 1398 ista

549 1456 864 1504 tractamus.
888 1443 1106 1500 Fluvius
1126 1458 1270 1512 ergo,
1303 1442 1442 1496 unde
1468 1441 1584 1495 tulit
1615 1449 1737 1494 tunc
1776 1437 1939 1493 David
1967 1437 2121 1508 quin-

542 1555 646 1611 que
665 1537 896 1608 lapides,
923 1551 1030 1591 non
1059 1535 1258 1589 bonum
1285 1531 1485 1602 aliquid
1523 1529 1841 1602 signiﬁcavit
1869 1529 1958 1583 illo
1987 1538 2126 1584 tem-

546 1646 696 1702 pore.
726 1629 862 1685 Novi
889 1627 1100 1699 quidem
1133 1641 1288 1696 posse
1305 1623 1619 1694 quibusdam
1646 1636 1948 1688 occurrere,
1977 1629 2031 1675 et
2070 1621 2123 1674 in

542 1724 684 1779 bono
704 1720 1003 1792 signiﬁcare
1031 1719 1178 1772 illum
1205 1716 1420 1770 ﬂuvium
1454 1733 1466 1768 :
1497 1713 1650 1768 sicuti
1677 1713 1721 1766 si
1744 1711 2005 1782 quispiam
2035 1726 2126 1765 ve-

542 1815 958 1886 litBaptismum
1013 1810 1330 1886 intelligere,
1387 1817 1444 1861 ut
1496 1805 1699 1876 lapides
1736 1804 1802 1859 de
1855 1803 2123 1874 Baptismo

543 1908 705 1963 levati
734 1908 776 1971 ¹,
808 1905 860 1960 id
889 1912 990 1970 est,
1029 1902 1272 1957 homines
1301 1898 1567 1969 baptizati,
1595 1897 1864 1952 fortissimi
1889 1896 1994 1950 sint
2031 1894 2124 1950 ad-

544 2014 734 2056 versus
757 1996 1047 2062 diabolum,
1079 1993 1166 2064 qui
1213 1990 1606 2062 significabatur
1632 2003 1727 2059 per
1764 1987 1988 2042 Goliam.
2016 1985 2120 2040 Ta-

543 2107 664 2146 men
696 2098 914 2160 propter
950 2085 1252 2156 quinarium
1282 2096 1561 2136 numerum
1588 2087 1798 2134 constat
1839 2076 1990 2132 nobis
2031 2091 2121 2130 ra-

543 2183 638 2249 tio,
669 2181 793 2252 quia
819 2179 1124 2234 dixeramus
1165 2173 1362 2245 Legem
1408 2170 1695 2242 signiﬁcari
1739 2168 1980 2239 quinario
2019 2181 2121 2220 nu-

543 2291 712 2339 mero,
748 2280 965 2343 propter
999 2268 1233 2339 quinque
1281 2266 1445 2320 libros
1471 2263 1656 2334 Moysi.
1685 2261 1818 2330 Quid
1863 2260 2123 2330 signiﬁcat

542 2367 681 2439 quod
708 2367 774 2422 de
803 2365 962 2419 fluvio
990 2371 1114 2418 sunt
1141 2360 1321 2426 ablati,
1355 2368 1410 2414 et
1448 2358 1601 2429 positi
1645 2359 1698 2412 in
1729 2371 1856 2411 vase
1896 2355 2122 2426 pastori-

543 2458 654 2512 tiu?
692 2457 807 2512 Jam
845 2455 1096 2520 diximus,
1139 2452 1260 2522 quia
1319 2450 1369 2504 in
1423 2449 1652 2504 adventu
1689 2446 1898 2502 Domini
1954 2445 2120 2501 nostri

540 2548 666 2604 Jesu
691 2546 907 2610 Christi,
936 2552 993 2598 ut
1019 2557 1142 2597 vere
1162 2541 1403 2596 diabolus
1423 2540 1748 2604 vinceretur,
1774 2537 1884 2592 Lex
1913 2535 2122 2591 transiit

539 2638 608 2694 ad
633 2638 878 2708 gratiam.
901 2633 1038 2702 Quid
1060 2641 1166 2687 tam
1195 2630 1496 2702 signiﬁcans
1520 2630 1764 2700 gratiam,
1786 2643 1944 2698 quam
1967 2628 2118 2683 lactis

538 2728 724 2800 copia?
750 2725 956 2782 Sublati
983 2731 1108 2779 sunt
1134 2731 1310 2777 autem
1345 2721 1420 2775 illi
1450 2719 1650 2790 lapides
1687 2719 1754 2774 de
1782 2718 1960 2774 ﬂuvio.
1995 2718 2120 2772 Flu-

544 2823 657 2877 vius
677 2819 1010 2892 signiﬁcabat
1039 2817 1290 2888 populum
1320 2813 1540 2880 ﬂuxum,
1569 2811 1802 2868 deditum
1850 2819 2120 2882 tempora-

542 2914 682 2969 libus
711 2912 889 2977 rebus,
919 2919 1184 2963 amantem
1215 2904 1562 2970 transcunlia,
1599 2912 1652 2958 et
1675 2901 1976 2972 cupiditatis
2017 2901 2120 2956 im-

541 3012 668 3075 petu
709 3003 760 3057 in
791 3015 939 3056 mare
985 2999 1141 3068 hujus
1175 2997 1354 3052 smculi
1379 2994 1783 3059 decurrentem;
1812 2993 1980 3064 qualis
2006 2999 2122 3048 erat

541 3096 771 3168 populus
798 3093 1099 3150 Judzeorum
1127 3099 1295 3144 vetus.
1324 3088 1619 3158 Accepcrat
1656 3087 1871 3163 Legem,
1901 3085 1994 3140 sed
2015 3084 2121 3148 cal-

541 3188 700 3242 cabat
729 3185 942 3255 Legem,
970 3191 1024 3237 et
1054 3179 1309 3236 transibat
1337 3193 1497 3248 super
1522 3177 1738 3246 Legem,
1771 3183 1826 3230 et
1853 3173 2121 3230 ferebatur

547 3278 600 3332 in
632 3293 801 3341 mare,
833 3271 1098 3345 quomodo
1135 3270 1326 3324 ﬂuvius
1373 3284 1533 3338 super
1562 3267 1680 3321 illos
1726 3265 1946 3336 lapides.
2003 3264 2120 3320 Non

540 3369 682 3426 enim
711 3367 910 3437 lapides
932 3364 1004 3419 illi
1034 3362 1253 3416 limitem
1282 3358 1515 3415 fecerant
1541 3357 1720 3424 ﬂuvio,
1747 3364 1805 3411 ut
1825 3363 2121 3412 statuerent

541 3460 779 3516 ﬂuvium.
813 3455 964 3525 Quod
999 3455 1043 3509 si
1094 3454 1163 3508 ita
1193 3459 1391 3518 essent,
1451 3449 1805 3520 significarent
1845 3447 2122 3502 coercitio-

539 3567 661 3608 nem
693 3549 867 3619 Legis,
912 3555 964 3600 ct
989 3560 1082 3601 eos
1109 3544 1346 3614 quicum
1390 3540 1554 3596 ﬂuere
1599 3539 2121 3610 coeperintvolupta-

540 3644 681 3700 tibus
731 3651 785 3696 et
829 3637 1205 3709 cupiditatibus
1253 3635 1382 3700 suis,
1427 3634 1700 3689 venientes
1753 3631 1818 3686 ad
1854 3638 2119 3701 praicepta

538 3735 690 3806 Legis
754 3732 1067 3796 consistunt,
1109 3736 1166 3784 et
1225 3725 1497 3783 refrenant
1549 3725 1779 3794 impetus
1831 3722 2115 3778 libidinum

537 3847 773 3887 suarum.
800 3829 912 3883 Non
939 3836 1116 3880 autem
1153 3824 1220 3878 ita
1247 3831 1397 3877 erant
1425 3821 1499 3875 illi
1538 3819 1775 3890 lapides;
1803 3817 1896 3875 sed
1935 3819 1987 3872 in
2013 3816 2116 3872 llu-

541 3927 648 3991 vio,
683 3937 842 3992 super
874 3935 1008 3990 quos
1045 3915 1300 3971 transibat
1340 3929 1496 3983 aqua,
1541 3913 1677 3967 sicut
1715 3925 1873 3980 super
1922 3910 2117 3980 Legem

540 4025 904 4083 transgressor
927 4009 1150 4080 populus
1203 4005 1475 4061 transibat.
1518 4003 1643 4057 Inde
1681 4017 1808 4073 ergo
1864 4001 2117 4056 Dominus

541 4107 661 4161 tulit
689 4106 885 4175 Legem
916 4101 980 4155 ad
1007 4100 1231 4172 gratiam
1259 4115 1273 4152 :
1303 4096 1354 4152 id
1375 4104 1474 4163 est,
1504 4095 1569 4151 de
1598 4093 1758 4149 ﬂuvio
1797 4093 1938 4161 tulit,
1971 4102 2024 4147 et
2063 4093 2116 4148 in

537 4213 664 4253 vase
690 4196 914 4268 pastoris
941 4192 1130 4261 posuit.

607 4287 832 4345 CAPUT
867 4284 994 4340 VIII.
1023 4314 1091 4324 —
1111 4283 1164 4339 8.
1189 4280 1422 4351 Populus
1445 4279 1741 4333 Judazorum
1767 4293 1867 4330 non
1896 4276 2117 4346 implevit

527 4383 630 4457 Leg
643 4397 723 4435 ein
738 4398 754 4446 ;
777 4379 894 4450 quia
915 4376 1135 4440 timebat,
1159 4390 1258 4428 non
1273 4370 1490 4426 amabat.
1508 4370 1606 4438 Qui
1629 4370 1738 4424 vult
1756 4383 1882 4438 ergo
1899 4367 2118 4436 implere

526 4478 766 4548 Legem,
793 4469 1012 4541 gratiam
1043 4467 1255 4536 cogitet.
1283 4463 1408 4518 Ideo
1433 4471 1486 4516 et
1517 4462 1604 4514 illa
1645 4459 1827 4514 decem
1851 4466 2117 4527 praecepta

526 4569 641 4639 psal
659 4565 776 4621 terii
806 4563 990 4618 decem
1034 4558 1350 4614 chordarum
1371 4597 1384 4621 ,
1417 4555 1528 4625 ipsa
1575 4561 1699 4607 sunt
1725 4568 1842 4622 qum
1882 4560 2036 4606 erant
2064 4551 2116 4604 in

524 4663 615 4717 illo
677 4657 871 4728 popqu
910 4661 1088 4708 vetere
1117 4668 1129 4702 :
1161 4649 1253 4704 sed
1283 4649 1428 4702 illum
1461 4644 1710 4716 populum
1751 4643 1934 4698 decem
1978 4658 2116 4712 pra:-

519 4761 674 4824 cepta
723 4749 911 4803 timore
936 4743 1305 4814 opprimebant
1332 4742 1374 4792 ³.
1426 4738 1541 4792 Non
1585 4736 1724 4792 enim
1752 4744 1866 4790 erat
1912 4734 1962 4788 in
2014 4735 2118 4790 illis

518 4844 668 4900 ehari
691 4851 770 4895 tas
789 4881 804 4906 ,
848 4853 967 4908 qua:
995 4843 1071 4890 est
1097 4848 1193 4903 per
1216 4831 1471 4902 gratiam;
1501 4827 1594 4883 sed
1620 4826 1777 4881 timor
1805 4833 1936 4880 erat.
1973 4825 2118 4878 Prte-

518 4944 674 5008 cepta
738 4930 943 4986 Domini
974 4925 1200 4998 pmnalia
1222 4929 1371 4976 erant
1395 4919 1464 4973 illi
1498 4918 1718 4989 pepulo;
1751 4916 1872 4986 quia
1913 4915 2120 4985 impleri

520 5043 629 5082 non
666 5029 910 5094 poterant
926 5032 1106 5072 amore
1124 5011 1220 5087 (a).
1240 5011 1598 5073 Conabantur,
1617 5009 1710 5064 sed
1728 5008 2010 5078 cupiditate
2027 5023 2118 5062 su-

519 5134 616 5189 per
637 5117 881 5172 abantur.
911 5113 1044 5169 Cum
1069 5123 1195 5180 ergo
1220 5106 1441 5176 quisque
1468 5102 1534 5157 ad
1576 5103 1797 5173 gratiam
1842 5101 2120 5156 transitum

539 5205 763 5273 fecerit,
795 5221 898 5260 non
926 5203 1024 5257 alia
1060 5205 1325 5271 praecepta
1362 5195 1544 5265 implet
1571 5211 1585 5260 ;
1617 5192 1711 5248 sed
1738 5193 1849 5262 ipsa
1879 5207 1995 5262 qua:
2024 5190 2124 5244 hac

541 5298 751 5370 impleri
780 5313 883 5351 non
917 5299 1191 5365 poterant,
1220 5288 1320 5342 hac
1357 5287 1660 5356 implentur.
1693 5285 1806 5339 Non
1836 5293 1917 5338 est
1947 5292 2122 5337 tamen

540 5392 622 5446 vis
657 5395 1075 5460 praeceptorum,
1106 5381 1197 5437 sed
1227 5381 1305 5434 vis
1346 5379 1526 5449 gratim
1551 5377 1660 5432 Dei.
1689 5377 1820 5430 Nam
1849 5376 1891 5430 si
1924 5391 2123 5444 prame-

539 5493 754 5555 ptorum
785 5478 941 5549 Legis
970 5477 1069 5529 hoc
1101 5483 1269 5536 esset,
1303 5481 1355 5524 et
1381 5471 1465 5524 illa
1497 5469 1759 5540 impleret.
1804 5467 1901 5532 Qui
1938 5467 2123 5520 transit

586 5573 622 5603 ἰ
641 5573 713 5620 sic
734 5566 1067 5618 Germancnsis
1087 5571 1168 5612 Ms.
1196 5561 1308 5612 Editi
1335 5558 1734 5627 vero,__Baptismo
1757 5555 1915 5627 lavati.
1991 5617 2017 5627 μ’

587 5635 625 5668 ι’
651 5639 713 5681 tta
740 5634 786 5680 in
809 5628 1118 5679 Germaneusi
1159 5634 1235 5676 Ms.
1263 5632 1317 5674 At
1355 5625 1402 5673 in
1427 5624 1583 5684 editis,
1615 5626 1959 5684 pra’ceptorum
1981 5624 2123 5668 timor

540 5691 850 5760 opprimebat.
894 5752 920 5760 γ’

608 5757 679 5818 (a)
706 5762 860 5814 t-‘ortc,
885 5757 1067 5802 timore.

1757 236 1812 292 S.
1855 235 2214 292 AUGUSTINI
2255 236 2551 292 EPISCOPI

3711 247 3808 308 Μ

2233 348 2298 402 ad
2321 348 2618 415 Christum,
2652 349 2839 405 transit
2877 365 2905 404 a
2939 351 3126 408 timore
3149 352 3214 408 ad
3242 367 3479 410 amorem
3499 395 3514 422 ,
3546 365 3602 412 et
3631 356 3807 431 incipit

2231 453 2415 493 amore
2429 441 2538 507 jam
2567 453 2723 508 posse
2742 441 2882 510 quod
2905 443 3099 498 timore
3127 458 3232 497 non
3261 454 3493 514 poterat;
3525 455 3579 502 et
3593 449 3679 518 qui
3707 459 3809 506 tre-

2234 531 2448 600 pidabat
2477 531 2528 585 in
2556 533 2742 587 timore
2765 574 2780 599 ,
2827 549 2932 588 non
2961 535 3191 604 trepidat
3219 536 3269 590 in
3294 551 3497 592 amore.
3527 536 3654 594 Ideo
3677 539 3808 597 hanc

2231 621 2284 675 in
2333 621 2517 676 decem
2553 623 2825 691 prmccptis
2848 664 2864 689 ,
2909 625 3029 694 quia
3061 625 3321 695 significat
3351 626 3512 681 David
3541 626 3806 686 hominem

2230 713 2320 783 qui
2345 715 2532 768 transit
2555 714 2620 768 ad
2648 716 2866 784 gratiam
2889 756 2902 780 ,
2933 731 3053 771 cum
3077 717 3236 783 dicit,
3281 716 3348 770 In
3376 719 3612 787 psalterio
3641 722 3808 777 decent

2230 805 2533 858 chordarum
2553 806 2767 876 psallam
2787 806 2906 872 tibi,
2929 806 3038 875 jam
3068 816 3282 862 cantare
3310 808 3360 862 in
3385 810 3680 879 pneceptis,
3709 811 3808 868 hoc

2229 903 2313 948 est
2338 895 2575 950 hilariter
2600 906 2862 966 praecepta
2887 898 3179 967 complere.

2301 985 2523 1042 CAPUT
2563 987 2796 1042 IX.—9.
2820 987 2894 1043 De
2911 989 3015 1043 suis
3043 990 3226 1044 viribus
3255 1006 3316 1044 ne
3337 1007 3486 1045 nomo
3514 1004 3805 1061 prazsumat.

2231 1078 2301 1133 Et
2350 1087 2407 1132 ut
2455 1080 2726 1145 noveritis,
2757 1080 2974 1148 fratres,
3005 1083 3126 1151 quia
3154 1083 3320 1152 gratia
3348 1083 3448 1138 hoc
3473 1084 3687 1153 implet,
3719 1101 3808 1140 ne-

2229 1184 2318 1223 mo
2339 1166 2411 1239 (a)
2436 1167 2593 1224 debet
2609 1169 2676 1224 de
2697 1170 2893 1224 viribus
2919 1172 3029 1226 suis
3050 1187 3370 1240 prmsumere
3400 1190 3414 1228 :
3445 1175 3544 1228 hoc
3569 1185 3650 1229 est
3670 1177 3807 1230 enim

2228 1274 2553 1330 praesumere
2575 1259 2643 1315 de
2667 1261 2835 1331 gratia
2866 1261 2976 1316 Dei.
3009 1261 3174 1316 Vocat
3195 1263 3336 1317 enim
3372 1272 3422 1317 te
3449 1263 3587 1318 Deus
3606 1305 3622 1326 .
3653 1265 3809 1333 etju-

2227 1351 2319 1406 bet
2343 1359 2396 1404 ut
2423 1349 2586 1406 facias
2617 1368 2630 1404 :
2660 1351 2754 1406 sed
2783 1352 2895 1422 ipse
2923 1352 3013 1406 dat
3041 1352 3212 1419 vires,
3247 1363 3302 1408 ut
3323 1353 3462 1424 quod
3497 1355 3686 1424 jubet,
3714 1356 3811 1410 im-

2228 1443 2360 1513 pleri
2391 1444 2576 1513 possit.
2601 1444 2716 1499 Tibi
2737 1454 2912 1499 autem
2941 1459 3104 1514 capax
3135 1445 3266 1501 ﬁdes
3289 1447 3587 1502 adhibenda
3612 1457 3693 1504 est
3715 1490 3729 1512 ,
3753 1460 3810 1506 ut

2228 1533 2571 1589 inundatione
2604 1535 2786 1604 gratia:
2815 1536 3060 1590 humilies
3087 1545 3170 1604 te,
3203 1538 3468 1608 supplices
3501 1539 3610 1594 Deo
3635 1581 3648 1604 ,
3678 1541 3808 1596 nihil

2227 1623 2295 1679 de
2324 1632 2374 1679 te
2405 1639 2730 1694 pracsumas;
2758 1626 2954 1695 spolies
2985 1633 3038 1682 te
3075 1625 3224 1682 Golia
3244 1669 3259 1694 ,
3294 1628 3480 1682 induas
3509 1629 3692 1684 David.
3726 1630 3807 1685 Ad

2227 1714 2329 1770 hoc
2353 1717 2584 1786 pertinet
2611 1716 2749 1787 quod
2775 1717 2826 1770 in
2849 1716 3036 1772 eodem
3069 1718 3270 1788 psalmo
3288 1719 3503 1786 dicitur,
3536 1721 3672 1791 quod
3696 1720 3806 1792 jam

2226 1821 2648 1863 commemorare
2670 1822 3002 1878 cmperamus
3020 1849 3035 1876 ,
3072 1808 3205 1872 Quid
3223 1819 3296 1863 est
3323 1809 3509 1864 homo?
3528 1810 3638 1866 Hoc
3665 1811 3807 1866 enim

2226 1907 2410 1953 monet
2429 1939 2444 1963 ,
2477 1913 2544 1953 ne
2574 1897 2642 1953 de
2671 1913 2729 1954 se
2757 1909 3041 1970 praesumat
3089 1899 3268 1955 homo.
3317 1899 3450 1955 Nam
3476 1900 3648 1956 videte
3677 1917 3812 1972 quo-

2227 1989 2386 2045 modo
2412 1990 2646 2046 incantat
2672 1990 2926 2045 adversus
2951 1990 3188 2058 Goliam,
3220 1993 3308 2062 qui
3339 1992 3405 2048 de
3434 2009 3491 2048 se
3520 2009 3811 2064 praesume-

2225 2078 2345 2146 bat;
2371 2087 2424 2134 et
2448 2079 2786 2135 commendat
2815 2080 2885 2136 ibi
2912 2081 3076 2136 David
3093 2122 3106 2146 ,
3131 2082 3219 2151 qui
3243 2081 3483 2136 inﬁrmus
3509 2083 3562 2136 in
3585 2083 3813 2137 homini-

2226 2171 2325 2227 bus
2344 2215 2358 2239 ,
2383 2172 2435 2227 in
2457 2173 2564 2227 Deo
2589 2172 2928 2228 ﬁrmissimus
2958 2183 3092 2230 erat.
3120 2173 3253 2240 Quid
3273 2183 3345 2229 cst
3373 2174 3562 2229 homo?
3591 2175 3655 2230 Et
3685 2174 3814 2229 dicit

2225 2265 2351 2334 quid
2393 2266 2462 2320 sit
2485 2265 2642 2322 homo
2673 2283 2685 2319 :
2720 2265 2970 2332 Quoniam
3012 2267 3274 2321 innotuiin
3312 2268 3379 2320 ei.
3411 2267 3523 2323 Hoc
3558 2279 3640 2322 est
3669 2275 3812 2322 totus

2226 2354 2386 2410 homo
2407 2397 2422 2421 ,
2455 2357 2500 2411 si
2523 2357 2816 2413 innotescat
2839 2358 2910 2412 illi
2938 2358 3075 2413 Deus
3107 2375 3122 2412 :
3154 2359 3198 2413 si
3219 2369 3394 2413 autem
3421 2375 3524 2414 non
3551 2359 3624 2414 illi
3653 2361 3812 2414 innoo

2227 2456 2394 2502 tescat
2415 2448 2586 2513 Deus,
2620 2449 2751 2502 nihil
2782 2458 2864 2504 est
2890 2449 3068 2504 homo.
3101 2449 3236 2517 Quid
3259 2460 3341 2505 est
3361 2449 3554 2514 homo,
3585 2451 3669 2505 cui
3701 2466 3809 2505 non

2225 2538 2452 2593 innotuit
2472 2539 2650 2593 Deus?
2678 2537 2845 2593 Homo
2867 2539 3080 2594 vanitati
3099 2540 3406 2594 assimilatas
3431 2549 3501 2594 est
3521 2582 3536 2607 ,
3567 2539 3676 2593 dics
3707 2541 3814 2610 «jus

2224 2632 2354 2686 velut
2381 2630 2553 2684 umbra
2575 2640 2892 2703 prwtcreunt.
2918 2631 3055 2702 Ergo
3073 2674 3087 2696 ,
3118 2630 3252 2696 Quid
3277 2641 3348 2686 est
3377 2631 3544 2696 homo,
3573 2631 3816 2702 quoniam

2223 2723 2490 2777 innotuisti
2516 2723 2560 2777 ei
2590 2740 2607 2784 ;
2635 2733 2680 2777 et
2711 2723 2844 2792 ﬁlius
2864 2724 3083 2777 hominis
3101 2766 3113 2789 ,
3143 2724 3381 2793 quoniam
3417 2724 3634 2778 cestimas
3658 2725 3816 2777 eum!

2223 2816 2362 2885 Quid
2401 2826 2512 2881 est,
2559 2817 2776 2872 cestimas
2803 2817 2952 2871 cum?
2974 2816 3174 2871 Placuit
3203 2816 3296 2871 tibi
3326 2817 3521 2886 eligere
3545 2815 3691 2869 illum
3714 2855 3732 2881 ,
3763 2826 3818 2871 et

2225 2908 2549 2964 constituere
2580 2907 2632 2961 in
2663 2907 2841 2976 aliquo
2883 2906 3156 2978 superiore
3193 2915 3246 2960 et
3269 2907 3618 2962 eminentiorc
3642 2907 3766 2962 loco
3799 2924 3812 2960 :

2225 2996 2606 3052 misericordia:
2634 3005 2734 3051 tua:
2761 3005 2870 3064 est,
2896 3012 3001 3052 non
3033 2997 3340 3052 meritorum
3371 2997 3557 3068 ipsius.

2294 3090 2520 3146 CAPUT
2561 3087 2712 3144 X.—
2737 3091 2823 3145 10.
2869 3089 3142 3162 Proprium
3168 3091 3384 3146 hominis
3413 3090 3540 3144 nihil
3565 3091 3661 3145 nisi
3692 3107 3816 3161 pec-

2224 3191 2390 3236 catum
2424 3191 2470 3237 et
2510 3181 2849 3237 mendacium.
2902 3181 3091 3250 Qutere
3135 3182 3260 3253 quid
3308 3184 3378 3238 sit
3422 3182 3650 3239 hominis
3684 3199 3813 3254 pro-

2225 3276 2434 3346 prium,
2477 3284 2750 3345 peccatum
2801 3275 3061 3330 invenies.
3100 3274 3290 3342 Quaere
3331 3274 3456 3346 quid
3483 3276 3550 3330 sit
3579 3275 3816 3330 hominis

2224 3367 2495 3437 proprium
2515 3408 2529 3431 ,
2570 3365 2900 3421 mendacium
2945 3366 3202 3421 invenies.
3233 3366 3383 3422 Tolle
3415 3375 3688 3436 peccatum
3711 3408 3729 3433 ,
3762 3376 3817 3421 et

2223 3458 2476 3529 quidquid
2497 3458 2926 3514 consideraveris
2953 3459 3006 3513 in
3037 3458 3274 3524 homine,
3300 3458 3393 3514 Dei
3413 3467 3513 3513 est.
3537 3458 3651 3512 Non
3683 3474 3816 3528 ergo

2223 3561 2366 3607 amet
2391 3551 2552 3606 homo
2590 3550 2731 3622 quod
2782 3552 3053 3621 proprium
3081 3559 3184 3607 est.
3213 3551 3383 3604 Etiam
3411 3549 3476 3604 ad
3502 3549 3604 3605 hoc
3632 3559 3818 3619 potest

2227 3642 2497 3712 pertinere
2519 3640 2646 3695 illud
2671 3640 2811 3710 quod
2831 3639 2957 3695 dicit
2976 3639 3259 3709 Apostolus
3287 3657 3299 3692 :
3333 3638 3496 3693 Nemo
3511 3637 3647 3708 quod
3660 3655 3815 3691 suum

2223 3744 2318 3802 est,
2342 3743 2533 3804 quierat
2560 3731 2601 3803 (ι
2625 3732 2742 3788 Cor.
2777 3749 2830 3800 ι,
2861 3731 2975 3802 24).
3003 3731 3301 3801 Aliquando
3328 3731 3470 3786 enim
3497 3729 3720 3784 audiunt
3755 3730 3817 3784 il-

2221 3823 2312 3880 lud
2341 3825 2584 3879 homines
2609 3839 2639 3878 a
2669 3823 2998 3887 Lectoribus,
3029 3832 3081 3878 et
3106 3822 3434 3877 tediﬁcantur
3461 3821 3528 3876 ad
3559 3822 3814 3877 auferen-

2221 3920 2318 3975 das
2344 3934 2432 3974 res
2452 3919 2677 3973 alienas.
2702 3918 2924 3972 Interest
2951 3917 3068 3986 quis
3097 3915 3188 3970 tibi
3213 3915 3386 3981 dicat,
3413 3914 3533 3970 Noli
3563 3929 3813 3984 quaerere

2221 4012 2362 4082 quod
2391 4020 2535 4066 tuum
2565 4019 2663 4065 est.
2707 4008 3006 4078 Aliquando
3051 4007 3191 4063 enim
3231 4007 3421 4062 dicitur
3461 4022 3491 4061 a
3521 4007 3658 4060 malo
3688 4021 3816 4061 sua-

2221 4117 2372 4170 sore,
2401 4102 2681 4173 aliquando
2718 4111 2895 4156 autem
2926 4099 3118 4155 dicitur
3151 4114 3180 4152 a
3213 4099 3354 4155 bono
3386 4098 3625 4154 doctore.
3668 4097 3814 4151 Deus

2221 4195 2392 4250 bonus
2432 4203 2514 4249 est
2552 4192 2755 4248 doctor.
2806 4191 3027 4258 Quando
3055 4205 3184 4262 ergo
3233 4189 3386 4244 audis
3425 4205 3456 4244 a
3499 4189 3641 4255 Deo,
3687 4189 3813 4242 Noli

2221 4301 2462 4356 quaerere
2489 4284 2630 4354 quod
2673 4294 2818 4338 tuum
2848 4292 2956 4345 cst;
2988 4282 3100 4337 noli
3127 4282 3203 4336 sic
3231 4283 3475 4352 accipere
3495 4322 3508 4345 ,
3539 4280 3815 4351 quomodo

2222 4376 2325 4430 dici
2357 4375 2511 4430 solet.
2561 4374 2770 4445 Aliquid
2815 4374 2940 4429 boni
2973 4382 3082 4438 est,
3128 4372 3265 4443 quod
3318 4381 3369 4428 te
3411 4381 3593 4427 monet
3646 4374 3813 4428 Deus.

2221 4465 2370 4533 Quod
2393 4466 2698 4520 dicebamus
2717 4508 2731 4530 ,
2762 4480 2943 4535 quaere
2973 4464 3095 4534 quid
3125 4465 3193 4518 sit
3213 4473 3356 4518 tuum
3379 4505 3392 4528 ,
3422 4463 3660 4519 invenies
3688 4481 3817 4534 pec-

2222 4566 2417 4612 catum.
2448 4556 2561 4610 Noli
2599 4572 2727 4626 ergo
2761 4569 2999 4625 qumrere
3039 4562 3310 4623 peccatum
3333 4596 3347 4619 ,
3379 4562 3432 4609 ct
3460 4569 3566 4608 non
3611 4557 3834 4625 qnmris-

2224 4659 2370 4703 tuum
2397 4667 2409 4702 :
2437 4648 2542 4702 noli
2571 4663 2806 4717 qumrere
2831 4646 3184 4712 mendacium,
3211 4654 3265 4701 et
3289 4662 3394 4701 non
3415 4647 3610 4717 quaeris
3637 4657 3812 4704 tuum.

2223 4737 2428 4794 Veritas
2453 4739 2594 4792 enim
2623 4755 2653 4792 a
2686 4739 2794 4793 Deo
2821 4745 2936 4803 est,
2963 4737 3292 4792 mendacium
3315 4738 3407 4792 abs
3430 4747 3500 4792 te.

2295 4828 2516 4885 CAPUT
2553 4828 2648 4883 XI.
2679 4859 2746 4868 —
2780 4829 2868 4882 II.
2913 4827 3040 4882 Duae
3080 4829 3258 4898 januw
3303 4828 3504 4882 diabolo
3533 4832 3776 4884 tentatori
3795 4872 3812 4898 ,

2223 4921 2474 4992 cupiditas
2517 4931 2560 4974 ct
2591 4921 2758 4973 timor.
2808 4920 2870 4973 Et
2905 4920 2948 4974 si
2996 4919 3237 4974 diabolus
3281 4921 3562 4990 aliquando
3605 4923 3810 4993 aliquid

2225 5011 2495 5081 suggerit,
2538 5010 2960 5064 consentientem
3005 5019 3178 5074 tenet,
3238 5026 3344 5065 non
3389 5012 3528 5082 cogit
3557 5012 3811 5069 invitum.

2226 5101 2340 5155 Non
2369 5099 2508 5154 enim
2539 5098 2749 5153 seducit
2774 5098 2862 5153 ille
2891 5108 2981 5152 aut
3005 5099 3165 5153 trahit
3205 5100 3472 5168 aliquem,
3519 5101 3616 5155 nisi
3647 5117 3814 5172 quem

2228 5191 2487 5246 invenerit
2526 5204 2592 5244 ex
2620 5189 2794 5259 aliqua
2828 5199 2976 5259 parte
3019 5190 3128 5261 jam
3175 5191 3402 5244 similem
3435 5192 3554 5246 sibi.
3604 5193 3812 5248 Invenit

2227 5285 2368 5340 enim
2395 5298 2516 5338 eum
2545 5281 2739 5352 aliquid
2779 5282 3111 5352 cupientem:
3157 5289 3210 5336 et
3245 5282 3504 5351 cupiditas
3531 5284 3699 5352 aperit
3727 5285 3812 5352 ja-

2229 5389 2386 5428 nuam
2417 5372 2634 5426 intranti
2664 5373 2984 5442 suggestioni
3010 5371 3229 5426 diaboli.
3281 5372 3478 5426 Invenit
3513 5373 3658 5428 illum
3704 5376 3781 5430 ali

2228 5466 2355 5537 quid
2383 5463 2651 5518 timentem
2673 5507 2686 5529 ,
2717 5473 2897 5518 monet
2933 5472 2990 5517 ttt
3018 5464 3210 5534 fugiat,
3257 5465 3398 5534 quod
3430 5465 3575 5518 illum
3607 5466 3804 5522 invenit

2232 5559 2448 5617 limere;
2475 5564 2655 5609 monet
2676 5566 2730 5608 ut
2758 5555 3076 5624 adipiscatur
3095 5598 3109 5622 ,
3143 5555 3282 5624 quod
3313 5556 3456 5609 illum
3483 5557 3683 5611 invenit
3708 5573 3818 5611 cn-

2234 5665 2356 5720 pere
2386 5666 2397 5700 :
2427 5656 2475 5700 et
2509 5662 2601 5715 per
2647 5646 2743 5698 has
2772 5645 2899 5701 duas
2939 5648 3126 5715 jrtnutis
3170 5647 3472 5717 cupiditatis
3511 5657 3564 5704 et
3600 5650 3690 5704 tim
3739 5666 3790 5714 δ

2293 5742 2362 5796 (τι)
2387 5745 2543 5794 t-‘orte,
2571 5744 2612 5787 et
2637 5749 2788 5789 neruo
