4012 6338
886 301 910 307 --
936 306 941 311 ,
961 299 1009 307 Av
1046 294 1068 301 "

256 465 433 519 intrat.
464 456 662 515 Claude
681 454 834 519 illas,
880 460 936 509 et
981 451 1173 521 imples
1205 445 1449 519 Apostoli
1493 441 1619 499 illud
1662 443 1713 494 in
1745 440 1841 494 ho-

253 554 437 610 dierna
475 551 726 607 lectione.
765 532 883 600 Non
908 544 1033 597 dctis
1056 542 1222 595 locum
1250 536 1456 593 diabolo
1484 538 1502 603 (
1534 534 1720 604 Ephes.
1753 546 1803 584 tv
1822 571 1839 596 ,

251 647 365 717 27).
387 644 461 700 lbi
483 644 626 698 enim
646 640 811 694 voluit
829 635 1113 693 ostendere
1133 632 1436 703 Apostolus,
1458 629 1578 699 quia
1600 625 1841 697 quamvis

250 739 409 791 intret
435 742 493 789 et
529 731 800 803 possideat
824 727 1101 792 diabolus;
1131 724 1292 779 homo
1329 722 1409 776 illi
1440 730 1617 775 tamen
1665 718 1838 771 locum

249 824 435 889 dedit,
466 832 524 875 ut
559 829 741 892 posset
770 819 988 874 intrare.

316 918 406 972 i2.
449 913 584 967 Reos
610 927 782 966 attines
809 908 1039 963 Christus
1085 905 1292 960 inuenit.
1335 902 1476 971 Ergo
1530 897 1653 968 quia
1708 894 1838 949 nihil

244 1019 330 1067 est
358 1010 521 1062 homo
548 1006 634 1062 cui
665 1020 770 1059 non
798 1001 1026 1057 innotuit
1056 1000 1196 1054 Deus
1221 1005 1277 1052 et
1300 1009 1455 1065 quem
1479 1007 1585 1047 non
1610 989 1839 1043 :estimat

245 1101 422 1165 Deus;
455 1098 549 1153 dat
597 1096 670 1151 illi
696 1094 923 1167 gratiam
965 1105 1117 1146 suam
1138 1132 1152 1155 ,
1185 1087 1464 1143 inveniens
1500 1084 1554 1137 in
1580 1081 1671 1135 illo
1694 1078 1836 1149 quod

242 1194 491 1257 damnet,
517 1199 572 1245 et
598 1190 807 1244 donans
829 1185 1009 1241 omnia
1040 1181 1312 1239 conﬁtenti
1334 1221 1349 1246 ,
1381 1186 1439 1232 ut
1463 1180 1686 1232 coronet
1713 1187 1835 1227 cre-

241 1284 480 1339 dentem.

310 1372 543 1430 CAPUT
582 1370 698 1427 XII.
728 1400 798 1411 ——
822 1368 957 1438 Quid
984 1367 1127 1422 enim
1151 1361 1349 1420 invenit
1374 1358 1629 1415 Dominus
1654 1357 1705 1411 in
1735 1356 1834 1410 ho-

241 1467 478 1522 minibus
502 1464 714 1535 quando
739 1464 914 1525 venit,
944 1460 1044 1515 nisi
1065 1456 1208 1529 quod
1234 1451 1554 1511 damnaret?
1581 1449 1832 1515 Omnino,

230 1561 433 1615 {ratres
452 1602 470 1627 ,
512 1560 740 1629 cogitate
780 1566 832 1611 et
860 1555 1068 1618 videte;
1098 1553 1211 1607 sive
1240 1550 1292 1605 in
1321 1549 1418 1603 illo
1441 1548 1639 1618 populo
1667 1544 1838 1599 Israe-

241 1653 458 1706 litarum
481 1693 497 1718 ,
539 1651 650 1705 sive
671 1650 723 1704 in
745 1647 1001 1704 Gentibus
1024 1686 1037 1709 ,
1067 1659 1171 1698 non
1209 1640 1409 1696 invenit
1438 1638 1540 1693 nisi
1571 1635 1712 1708 quod
1737 1635 1835 1689 da-

240 1751 475 1798 mnaret.
510 1742 579 1796 Et
616 1740 736 1795 ideo
762 1739 827 1793 ad
854 1745 1136 1809 peccantes
1168 1732 1381 1787 humilis
1406 1729 1576 1784 voluit
1617 1728 1830 1791 venire,

240 1851 349 1889 non
394 1833 597 1902 judex,
645 1846 767 1885 cum
808 1829 976 1900 parcit
1002 1827 1107 1881 illis
1137 1826 1178 1891 ⁸,
1210 1832 1269 1878 ιιι
1298 1824 1469 1893 primo
1512 1826 1837 1890 prmrogaret

242 1924 667 1981 misericordiam
693 1919 942 1977 donando
970 1925 1185 1988 peccata
1206 1957 1222 1982 ,
1251 1922 1307 1970 et
1327 1914 1405 1969 sic
1438 1921 1620 1982 postea
1648 1909 1839 1964 redde-

242 2030 324 2074 ret
350 2017 693 2073 severitatem
738 2011 1008 2085 puniendo
1036 2018 1270 2080 peccata.
1303 2006 1419 2061 Non
1440 2005 1749 2070 abutamur,
1782 2002 1834 2056 id

242 2120 353 2176 est,
382 2126 491 2165 non
523 2109 661 2163 male
688 2117 899 2161 utamur
924 2102 1286 2160 misericordia
1316 2101 1463 2168 ejus,
1496 2108 1550 2152 et
1572 2112 1675 2151 non
1706 2111 1830 2150 sen-

244 2203 439 2257 tiemus
464 2200 806 2255 severitatem
838 2197 972 2267 ejus.
1024 2194 1166 2265 Ergo
1188 2193 1291 2247 hoc
1316 2200 1398 2246 est
1433 2189 1594 2245 homo
1625 2198 1789 2243 totum
1814 2229 1830 2253 ,

238 2294 382 2365 quod
411 2294 462 2348 ei
492 2291 775 2347 immtescit
805 2290 983 2358 Deus,
1011 2284 1153 2356 quod
1180 2284 1271 2339 dat
1299 2283 1370 2337 illi
1395 2281 1619 2353 gratiam
1658 2294 1830 2343 suam,

240 2386 385 2441 unde
408 2383 767 2454 praesumebat
788 2378 950 2435 David
976 2395 989 2432 :
1017 2378 1199 2433 Golias
1226 2383 1403 2429 autem
1421 2373 1487 2429 de
1515 2387 1594 2437 se,
1617 2371 1683 2426 de
1708 2371 1834 2425 viri-

241 2478 341 2537 Ittts
359 2479 497 2541 suis,
517 2474 802 2544 superbus,
824 2472 1014 2535 elatus,
1034 2469 1267 2535 innatus,
1289 2467 1458 2537 primo
1479 2473 1641 2520 totam
1663 2464 1832 2517 victo-

239 2572 375 2625 riam
396 2568 664 2623 universa)
684 2564 850 2636 partis
874 2579 983 2617 sua:
1008 2561 1060 2615 in
1086 2575 1146 2615 se
1167 2574 1271 2613 uno
1296 2556 1587 2612 constituit.
1617 2555 1685 2609 Et
1710 2554 1831 2624 quia

238 2661 415 2716 cumis
448 2657 703 2729 superbia
736 2654 894 2709 habet
919 2650 1298 2723 impudentiam
1330 2647 1516 2702 frontis
1540 2687 1554 2710 ,
1581 2646 1633 2700 in
1663 2646 1830 2715 ipsam

240 2752 471 2807 frontem
513 2749 688 2820 lapide
732 2746 979 2801 veniente
1024 2741 1266 2812 deiectus
1292 2748 1398 2795 est.
1444 2738 1705 2792 Evacuata
1750 2741 1835 2789 est

240 2843 387 2897 fmus
416 2856 540 2911 qum
588 2837 839 2894 habebat»
862 2833 1245 2905 impudentiam
1292 2828 1556 2899 superbia:
1585 2840 1732 2892 sum;
1778 2833 1833 2880 et

241 2935 365 2989 vicit
400 2933 550 2987 frons
569 2947 687 3001 qua:
715 2928 942 2985 habebat
964 2925 1318 2993 humilitatem
1342 2921 1518 2978 crucis
1536 2918 1755 2974 Christi.

306 3024 540 3081 CAPUT
580 3022 715 3077 XIII.
744 3050 817 3061 --
840 3020 926 3075 13.
968 3017 1145 3073 Crucis
1184 3016 1384 3086 signum
1419 3014 1473 3067 in
1516 3016 1680 3083 fronte
1709 3008 1833 3080 quid

239 3118 514 3189 signiﬁcet.
554 3116 839 3184 Propterea
879 3119 934 3167 et
985 3124 1084 3164 nos
1130 3108 1339 3178 signum
1368 3108 1539 3177 ipsum
1571 3103 1745 3159 crucis
1777 3103 1828 3157 in

240 3211 415 3265 fronte
440 3217 747 3279 portamus,
786 3205 873 3276 qui
904 3202 1032 3258 illud
1058 3200 1308 3269 intelligit
1328 3200 1370 3253 ⁸.
1405 3198 1515 3253 lloc
1541 3198 1691 3260 dico,
1720 3195 1830 3249 fra-

242 3310 383 3365 tres,
416 3299 541 3369 quia
573 3297 724 3351 multi
769 3294 897 3351 illud
946 3293 1176 3355 faciunt,
1200 3300 1255 3347 et
1278 3289 1574 3360 intelligere
1622 3286 1827 3342 nolunt.

241 3390 526 3445 Factorem
556 3386 746 3457 quaerit
772 3386 914 3440 Deus
939 3384 1212 3453 signorum
1240 3395 1458 3435 suorum
1480 3419 1496 3441 .
1523 3392 1629 3434 non
1659 3377 1830 3447 pictu-

240 3480 453 3536 rem.Si
505 3487 691 3549 portas
712 3478 764 3532 in
807 3475 980 3531 fronte
1008 3475 1217 3545 signum
1241 3471 1559 3527 humilitatis
1596 3469 1829 3533 Christi,

238 3582 394 3644 porta
426 3574 477 3626 in
507 3572 667 3625 corde
705 3570 1051 3625 imitationem
1080 3566 1390 3621 humilitatis
1428 3564 1645 3620 Christi.
1685 3561 1832 3617 Dixi-

240 3682 359 3720 mus
387 3674 566 3719 antem
585 3705 599 3728 ,
628 3663 817 3718 fratres
836 3705 851 3729 ,
876 3676 1000 3716 eum
1024 3660 1155 3715 dare
1174 3661 1347 3715 locum
1364 3657 1605 3719 diabolo,
1632 3655 1724 3726 qui
1754 3654 1831 3709 illi

241 3759 414 3829 aperit
440 3758 633 3827 januas
661 3754 968 3824 cupiditatis
1002 3762 1091 3806 aut
1116 3752 1325 3807 timoris
1355 3767 1369 3803 :
1398 3749 1491 3804 sed
1529 3747 1832 3819 cupiditatis

240 3854 426 3918 cujus,
475 3860 570 3905 aut
597 3850 804 3905 timoris
828 3847 1020 3920 cujus?
1052 3846 1184 3901 Nam
1211 3854 1265 3901 et
1305 3858 1525 3914 regnum
1572 3842 1829 3897 caalorum

239 3948 488 4017 cupimus
509 3987 525 4011 ,
565 3952 621 4000 et
654 3943 954 4014 gehennam
999 3941 1272 3995 timemus.
1299 3936 1407 3993 Sed
1431 3934 1700 4006 quomodo
1729 3932 1833 3987 illa:

240 4039 451 4107 ianum,
498 4034 762 4105 cupiditas
796 4048 972 4088 rerum
1005 4028 1372 4100 temporalium
1393 4068 1408 4093 ,
1440 4034 1493 4080 et
1517 4026 1676 4079 timor
1713 4037 1831 4093 pm-

243 4144 430 4183 narnm
464 4126 835 4196 temporalium
865 4123 1025 4179 trahit
1069 4123 1380 4192 plerumque
1407 4117 1473 4172 ad
1500 4116 1788 4186 nequitiam
1814 4158 1830 4182 ,

242 4230 294 4274 et
317 4218 411 4273 dat
435 4218 613 4272 locum
635 4215 882 4270 diabolo:
912 4214 989 4269 sic
1009 4211 1268 4281 cupiditas
1291 4224 1465 4264 rerum
1490 4217 1829 4270 :eteruarum,

242 4318 296 4365 et
332 4310 498 4364 timor
527 4321 805 4378 pinnarum
834 4312 1155 4360 :cternarum
1186 4301 1309 4356 facit
1355 4300 1532 4355 locant
1577 4299 1630 4352 in
1673 4297 1834 4353 corde

242 4402 409 4457 verbo
435 4400 552 4455 Dei.

309 4493 546 4550 CAPUT
584 4491 723 4547 XIV.
763 4521 836 4532 —
886 4490 972 4545 14.
1024 4485 1330 4558 Cupiditati:
1379 4483 1610 4537 tentatio.
1645 4480 1833 4536 Brevi-

244 4597 325 4641 ter
352 4599 515 4655 ergo,
543 4582 764 4646 fratres,
794 4582 838 4636 si
865 4580 1107 4635 volumus
1134 4578 1270 4632 bene
1294 4575 1473 4629 vivere
1492 4614 1507 4640 ,
1544 4572 1662 4643 plus
1684 4584 1834 4625 ame-

245 4694 362 4732 mus
390 4675 539 4748 quod
570 4675 831 4747 promittit
875 4673 1013 4728 Deus
1034 4714 1048 4737 ,
1074 4686 1234 4744 quam
1262 4668 1403 4741 quod
1453 4666 1715 4738 promittit
1752 4664 1838 4720 hic

246 4768 514 4832 mundus;
546 4777 601 4822 et
628 4768 745 4836 plus
766 4768 1044 4820 timeamus
1071 4763 1213 4834 quod
1242 4762 1473 4817 minatur
1490 4760 1647 4825 Deus,
1678 4774 1836 4830 quam

245 4862 389 4934 quod
420 4862 653 4916 minatur
683 4861 767 4914 hic
797 4858 1043 4914 mundus.
1070 4855 1336 4926 Numquid
1367 4869 1611 4924 magnum
1642 4852 1836 4921 aliquid

245 4964 336 5008 aut
356 4954 574 5023 longum
604 4961 687 5006 est
712 4951 853 5020 quod
881 4950 1152 5004 diximus?
1184 4947 1341 5002 Venit
1366 4947 1587 5001 tentatio
1617 4945 1709 4999 tibi
1736 4944 1838 4998 ali-

244 5046 401 5117 cuius
440 5044 645 5101 fraudis
665 5086 681 5110 ,
702 5045 781 5098 vis
805 5044 977 5098 facere
1003 5041 1239 5097 fraudem
1266 5082 1280 5106 ,
1330 5050 1387 5095 ut
1412 5041 1658 5110 acquiras
1685 5054 1842 5108 pecu-

247 5138 393 5194 niam
425 5155 439 5191 :
470 5135 733 5207 promittit
762 5135 901 5188 Deus
940 5132 1177 5187 fraudem
1223 5147 1331 5185 non
1360 5130 1674 5184 facientibus
1701 5143 1842 5183 sem-

246 5230 457 5298 piterna
483 5240 651 5296 regna
699 5225 956 5281 calorum
977 5264 991 5287 ,
1021 5222 1185 5277 vincit
1214 5231 1265 5277 te
1293 5222 1555 5292 cupiditas
1581 5219 1647 5274 ad
1678 5236 1839 5289 pecn-

247 5320 416 5374 niam.
463 5316 598 5372 Nam
629 5316 746 5386 quis
774 5322 858 5369 est
885 5315 975 5385 qui
1024 5313 1157 5367 nolit
1193 5328 1352 5383 regna
1393 5312 1690 5367 caelorum?
1738 5310 1842 5365 Sed

248 5413 371 5481 plus
399 5410 541 5466 velle
571 5420 781 5463 terrena
801 5450 815 5473 ,
842 5407 944 5462 hoc
968 5414 1051 5461 est
1081 5420 1302 5477 peccare
1335 5422 1348 5457 :
1384 5406 1502 5475 plus
1526 5404 1661 5460 velle
1702 5404 1843 5474 quod

248 5518 492 5574 prasens
520 5509 639 5566 est,
687 5514 794 5554 non
840 5498 1062 5554 credere
1101 5496 1241 5568 quod
1295 5497 1528 5551 futurum
1557 5504 1675 5561 est;
1728 5495 1847 5566 plus

252 5619 521 5728 agema,
541 5614 751 5681 pepercit
773 5613 903 5677 illis;
933 5613 1143 5675 sublato,
1167 5626 1292 5674 cum,
1311 5612 1438 5677 quod
1463 5613 1603 5662 abest
1624 5613 1687 5661 ab
1709 5612 1844 5663 Ulim.

316 5742 337 5771 ¹
359 5741 435 5790 sic
468 5739 818 5811 get-manensis
845 5738 1000 5811 codex
1035 5744 1087 5788 et
1122 5737 1362 5788 editiones
1400 5735 1534 5787 t‘Iim.
1570 5744 1623 5786 et
1654 5745 1755 5788 Par.
1795 5749 1850 5789 AI.

252 5808 385 5862 um,
407 5800 495 5866 qui
518 5798 642 5850 illud
665 5798 993 5861 intelligimus.

531 5889 762 5951 δικπτ.
812 5889 1088 5948 Aususr.
1137 5887 1215 5947 V.

1648 325 1878 383 SERth
1919 325 2133 381 XXXII.

3420 330 3524 385 902

1950 438 2087 493 vell’e
2114 437 2253 509 quod
2286 438 2426 495 videt
2456 439 2615 496 homo
2635 481 2648 505 ,
2675 450 2728 495 et
2766 455 2870 495 non
2898 438 3201 497 desiderare
3220 442 3368 511 'quod
3397 459 3522 517 pro-

1949 532 2113 586 mittit
2142 532 2281 587 Deus
2314 548 2327 585 :
2360 549 2482 587 cum
2536 534 2585 588 id
2633 534 2771 605 quod
2825 534 2968 589 videt
3014 534 3202 602 homo,
3251 536 3408 590 etiam
3456 537 3519 590 at

1945 626 2112 679 oculis
2139 634 2310 695 potest
2336 627 2527 680 auferri
2547 668 2561 693 ,
2595 630 2752 682 etiam
2791 642 3094 697 possessum
3124 636 3295 697 potest
3318 629 3523 695 amitti;

1944 717 1997 772 id
2024 726 2201 774 autem
2229 717 2369 787 quod
2402 718 2662 788 promittit
2712 720 2849 775 Deus
2873 762 2887 786 ,
2939 735 3035 774 nec
3059 720 3212 774 oculo
3237 720 3412 775 carnis
3442 722 3521 776 vi-

1942 807 2057 863 deri
2086 808 2295 863 interim
2326 818 2532 879 potest;
2563 818 2759 864 etcum
2798 811 3020 880 quisque
3041 810 3105 864 ad
3139 811 3231 865 Dei
3262 812 3522 881 promissa

1946 900 2272 967 pervenerit,
2304 914 2406 953 non
2440 900 2589 954 timet
2614 916 2681 954 ne
2706 900 2941 965 amittat;
2984 901 3104 972 quia
3134 918 3290 957 nemo
3320 912 3402 957 est
3428 920 3524 973 po-

1944 989 2140 1045 tentior
2166 990 2255 1043 illo
2284 991 2372 1059 qui
2401 990 2563 1045 dedit.
2597 991 2806 1060 Itaque,
2854 991 3077 1059 fratres,
3122 994 3321 1050 hmrete
3346 996 3525 1050 chari-

1946 1088 2052 1134 tatc
2077 1080 2354 1149 promissis
2383 1081 2473 1135 Dei
2497 1098 2512 1147 ;
2543 1090 2719 1137 etnon
2750 1097 2844 1137 vos
2864 1084 3185 1155 superabunt
3210 1086 3527 1156 cupiditates

1941 1170 2144 1225 saeculi.
3422 1174 3425 1177 '

2014 1260 2239 1316 CAPUT
2278 1261 2392 1315 XV.
2419 1263 2600 1318 —-I5.
2647 1262 2867 1318 Timoris
2909 1265 3133 1319 tentatio.
3179 1267 3407 1323 Rursum
3459 1272 3527 1325 ti-

1942 1349 2106 1405 moris
2152 1352 2371 1405 tentatio
2396 1352 2609 1407 advenit
2642 1371 2654 1407 :
2688 1353 2816 1407 dicit
2844 1354 2936 1408 tibi
2989 1356 3244 1427 quisque,
3302 1360 3395 1414 Dic
3426 1377 3522 1431 pro

1942 1454 2029 1494 me
2076 1438 2268 1493 falsum
2310 1441 2688 1496 testimonium.
2722 1443 2900 1498 Primo
2942 1445 3239 1513 promittit:
3270 1448 3363 1503 sed
3406 1467 3526 1506 cum

1944 1544 2051 1584 non
2077 1530 2379 1600 deceperit,
2409 1534 2451 1587 si
2485 1532 2621 1588 forte
2648 1550 2924 1603 prmpouas
2956 1539 3215 1605 promissa
3244 1541 3336 1596 Dei
3370 1544 3527 1612 polli-

1940 1622 2177 1677 citationi
2203 1622 2508 1686 hominum,
2532 1640 2639 1679 non
2666 1625 2827 1680 vincit
2850 1628 3111 1696 cupiditas
3137 1646 3150 1692 ;
3182 1647 3275 1698 per
3301 1634 3527 1687 commi-

1944 1711 2213 1767 nationem
2241 1720 2404 1767 tentat
2426 1753 2442 1779 ,
2474 1722 2529 1769 et
2556 1714 2737 1784 incipit
2765 1716 2951 1770 minari
2980 1716 3273 1775 horribilia.
3328 1722 3526 1779 Potens

1941 1812 2023 1856 est
2045 1802 2180 1857 forte
2206 1802 2259 1857 in
2281 1804 2494 1860 civitate
2515 1848 2531 1872 ,
2577 1816 2767 1875 potens
2794 1806 2846 1861 in
2873 1809 3070 1863 smculo
3092 1850 3108 1874 ,
3137 1811 3348 1867 videtur
3374 1830 3529 1883 posse

1942 1890 2119 1947 facere
2140 1892 2281 1962 quod
2321 1897 2570 1949 minatur.
2602 1896 2772 1950 Vincit
2800 1904 2850 1951 te
2874 1898 3032 1952 timor
3059 1903 3335 1969 prmsentis
3361 1905 3483 1959 mali
3508 1924 3524 1959 :

1943 1984 2082 2053 quod
2108 1992 2163 2039 et
2188 1995 2368 2053 posset
2394 2001 2425 2040 a
2453 1994 2505 2041 te
2534 1987 2712 2057 utique
2759 1988 2895 2042 Deus
2933 2000 3208 2059 avertere,
3251 1992 3296 2047 si
3328 1994 3426 2050 hoc
3448 1996 3527 2053 illi

1940 2074 2213 2131 videretur
2239 2074 2494 2144 prodesse
2523 2077 2651 2141 tibi;
2676 2087 2729 2132 et
2757 2077 2802 2132 si
2847 2079 3010 2135 nollet
3037 2091 3305 2149 avertere,
3334 2085 3530 2141 intelli-

1940 2182 2065 2233 gere
2088 2166 2314 2223 deberes
2357 2168 2477 2238 quia
2508 2185 2611 2223 non
2660 2170 2749 2223 tibi
2780 2170 3112 2239 permitteret
3149 2176 3363 2230 evenire
3382 2218 3396 2239 ,
3426 2179 3527 2233 nisi

1940 2265 1996 2312 et
2026 2258 2125 2312 hoc
2154 2259 2312 2312 sciret
2334 2258 2586 2327 prodesse
2614 2260 2727 2313 tibi.
2752 2262 2957 2315 Avertit
2978 2262 3152 2332 ignem
3171 2279 3201 2318 a
3223 2266 3387 2320 tribus
3406 2284 3532 2338 pue-

1940 2350 2013 2403 ris
2062 2348 2199 2403 idem
2237 2350 2397 2404 Deus.
2430 2350 2692 2419 Numquid
2722 2360 2953 2405 mutatus
2972 2364 3050 2408 est
3078 2354 3237 2418 Deus,
3262 2357 3380 2425 quia
3417 2374 3526 2414 non

1938 2442 2130 2496 avertit
2173 2441 2405 2511 gladium
2459 2458 2489 2496 a
2534 2444 2895 2514 martyribus?
2940 2443 3083 2499 Idem
3114 2446 3225 2516 ipse
3253 2447 3350 2502 fuit
3392 2450 3529 2506 Deus

1940 2533 2096 2587 trium
2127 2545 2449 2604 puerorum,
2480 2535 2569 2604 qui
2600 2533 2697 2588 fuit
2725 2534 3170 2591 Machabteorum.
3202 2538 3276 2592 Illi
3304 2540 3370 2593 de
3404 2541 3527 2610 igne

1938 2636 2228 2680 evaserunt
2260 2623 2423 2692 (Dan.
2454 2625 2556 2695 tu),
2600 2625 2671 2679 illi
2700 2627 2904 2695 ignibus
2930 2628 3149 2683 cruciati
3177 2640 3300 2684 sunt
3328 2632 3391 2703 (Il
3416 2633 3528 2687 Μαι

1938 2715 2085 2769 clmb.
2134 2718 2235 2787 vn)
2262 2734 2275 2770 :
2303 2717 2509 2787 utrique
2553 2726 2727 2771 tmnen
2780 2718 2830 2771 iu
2884 2717 2991 2773 Deo
3030 2720 3355 2791 sempiterno
3384 2724 3529 2779 vice--

1940 2816 2061 2860 runt
2096 2809 2136 2870 ι,
2184 2807 2296 2861 Non
2327 2808 2467 2862 enim
2499 2818 2588 2861 aut
2615 2808 2687 2862 illi
2716 2810 2821 2863 vita
2869 2809 2967 2864 ista
3000 2814 3273 2883 temporali
3302 2815 3529 2872 delecta-

1938 2895 2131 2951 bantur
2155 2940 2168 2962 ,
2197 2909 2284 2952 aut
2315 2898 2391 2952 illi
2422 2899 2579 2953 minis
2603 2901 2982 2970 temporalibus
3003 2902 3401 2975 frangebantur.

2009 2987 2235 3044 CAPUT
2274 2986 2413 3043 XVI.
2450 3019 2521 3029 —
2552 2991 2641 3044 16.
2672 2990 2814 3046 Bono
2845 2991 3010 3047 "talus
3037 2996 3168 3049 nihil
3214 3014 3326 3051 vero
3350 3011 3526 3068 nocet,

1938 3080 2031 3133 sed
2056 3081 2279 3151 prodest.
2324 3080 2499 3152 Itaque
2529 3083 2634 3136 noli
2675 3084 2863 3139 timere
2912 3084 3180 3142 hominem
3234 3090 3528 3149 minantem

1940 3170 2056 3225 tibi.
2100 3171 2234 3238 Quid
2264 3181 2345 3226 est
2370 3173 2513 3226 enim
2548 3174 2746 3227 homo?
2805 3172 3029 3229 Vanitati
3058 3180 3367 3235 assimilatas
3414 3192 3528 3249 est;

1939 3262 2046 3316 dies
2072 3264 2182 3333 ejus
2210 3263 2337 3317 sicut
2367 3263 2543 3316 uutbra
2573 3274 2888 3333 prmtcreuut.
2917 3269 3021 3319 Aut
3050 3284 3154 3322 non
3182 3270 3271 3324 tibi
3298 3273 3529 3337 nocebit.

1939 3364 1989 3411 et
2018 3365 2141 3410 ante
2168 3356 2414 3409 transibit
2445 3356 2531 3410 illa
2574 3357 2788 3420 umbra,
2818 3374 2975 3427 quam
2999 3360 3063 3413 ad
3098 3371 3148 3415 te
3172 3364 3388 3418 aculeus
3415 3365 3531 3435 cjns

1941 3446 2169 3501 transire
2197 3447 2456 3516 potuerit;
2486 3454 2676 3516 potens
2701 3456 2781 3501 est
2809 3450 2950 3503 enim
2999 3450 3138 3508 Deus
3169 3472 3183 3507 :
3215 3468 3305 3507 aut
3333 3456 3375 3510 si
3406 3472 3531 3526 pcr-

1940 3538 2133 3592 missus
2162 3536 2321 3591 fuerit
2363 3554 2558 3593 nevere
2583 3580 2598 3600 .
2623 3539 2688 3592 ad
2718 3549 2926 3611 tempus
2945 3544 3152 3598 nocebit
3174 3548 3373 3602 umbra:
3405 3559 3528 3614 tum.

1943 3626 1996 3682 id
2020 3636 2122 3694 est,
2155 3629 2231 3682 rei
2258 3629 2577 3682 transitorim
2604 3637 2739 3696 tum,
2771 3632 2892 3685 vitm
2925 3637 3199 3704 temporali
3244 3648 3379 3705 tum,
3410 3642 3532 3696 vitae

1941 3719 2107 3775 veteri
2133 3728 2256 3773 tum.
2299 3718 2477 3788 Usque
2505 3720 2647 3774 enim
2679 3720 2745 3774 ad
2774 3722 3015 3777 ultinmm
3048 3726 3234 3780 mortis
3257 3738 3531 3796 portamus

1940 3809 2137 3876 aliquid
2159 3810 2355 3865 veteris
2378 3810 2632 3864 hominis.
2657 3811 3026 3882 Temporalem
3051 3816 3207 3870 vitam
3231 3819 3319 3873 ille
3337 3837 3532 3876 nocere

1942 3910 2152 3972 potest,
2209 3912 2463 3956 aeternam
2518 3903 2611 3957 tibi
2657 3904 2818 3958 vitam
2873 3922 3029 3959 uetuo
3077 3918 3252 3977 potest
3299 3911 3528 3966 auferre.

1940 3994 2111 4048 'l'ollet
2138 3994 2228 4048 tibi
2258 3994 2632 4064 impedimenta
2658 4038 2674 4063 ,
2702 3997 2892 4066 quilms
2915 3999 3000 4053 hic
3028 4002 3257 4066 teneris;
3290 4016 3339 4057 et
3363 4004 3533 4059 lurrc-

1942 4083 2022 4138 bis
2050 4085 2191 4151 Deo,
2223 4086 2308 4139 cui
2356 4094 2408 4140 te
2455 4086 2563 4156 jam
2609 4088 2881 4157 praetuissu
2924 4104 3049 4159 Spe,
3082 4092 3337 4149 charitatc
3379 4097 3531 4150 colli-

1941 4192 2178 4246 gavems.

2012 4268 2236 4325 CAPUT
2278 4268 2437 4324 XVII.
2457 4300 2526 4308 ——
2553 4271 2637 4325 I7.
2685 4269 2847 4324 Homo
2880 4274 3045 4327 mulus
3086 4276 3329 4329 novacula
3359 4290 3529 4335 acula.

1943 4357 2231 4430 Propterea
2259 4360 2311 4414 in
2340 4360 2565 4415 Psalmis
2592 4361 3189 4430 elegantissimedicitur
3215 4366 3282 4422 de
3307 4368 3527 4425 homine

1944 4450 2104 4516 malo,
2135 4449 2279 4504 Sicut
2302 4451 2548 4505 novacula
2570 4460 2720 4504 acuta
2746 4452 2906 4522 fecisti
2934 4453 3106 4507 dolum
3135 4454 3303 4526 (Psal.
3334 4475 3385 4514 ιι
3404 4500 3418 4524 ,
3450 4460 3527 4530 4).

1942 4539 2031 4596 Sic
2070 4539 2144 4594 illi
2178 4540 2398 4595 insultat
2424 4540 2651 4610 Spiritus
2691 4541 2807 4596 Dei.
2848 4542 2985 4611 Quid
3031 4546 3255 4600 attendit
3282 4548 3335 4601 in
3367 4564 3533 4603 nova-

1949 4633 2067 4687 cula
2093 4633 2117 4687 ?
2162 4631 2276 4686 Non
2298 4635 2419 4701 quia
2449 4632 2618 4688 occidi
2641 4634 2883 4689 homines
2913 4634 2978 4690 de
3004 4638 3257 4693 novacula
3276 4652 3530 4708 possunt:

1948 4726 2042 4781 sed
2071 4725 2139 4780 ad
2167 4740 2324 4795 quam
2351 4740 2463 4779 rem
2494 4724 2632 4780 facta
2655 4734 2737 4779 est
2763 4727 3039 4781 novacula.
3068 4726 3228 4783 Facta
3248 4740 3329 4783 est
3356 4741 3532 4785 autem

1946 4816 2012 4870 ad
2056 4814 2322 4870 radendos
2348 4816 2585 4885 capillos.
2630 4815 2767 4881 Quid
2812 4827 2917 4870 tam
2960 4823 3282 4888 superfluum
3330 4822 3380 4874 in
3411 4837 3534 4877 coro

1953 4922 2080 4975 pore
2102 4948 2116 4971 ,
2144 4922 2301 4975 quam
2329 4905 2549 4976 capilli?
2578 4906 2785 4973 Quanta
2809 4908 3078 4975 instantia,
3110 4921 3307 4979 quanto
3335 4912 3532 4977 studio.

1950 5005 2147 5066 quanta
2172 4994 2378 5049 cautela
2402 5035 2417 5060 ,
2466 5004 2661 5064 quanta
2700 4996 2994 5052 intentione
3021 5000 3229 5053 acuitur
3251 5040 3265 5063 ,
3299 5008 3357 5054 ut
3384 5000 3538 5056 radat

1950 5087 2237 5157 capillum?
2281 5086 2369 5141 Sic
2406 5095 2462 5141 et
2487 5085 2648 5142 homo
2686 5088 2858 5141 malus
2901 5089 3035 5142 tollit
3077 5104 3136 5144 se
3175 5090 3226 5144 in
3257 5102 3457 5160 partem
3490 5094 3532 5157 ',

1952 5179 2182 5248 cogitat,
2228 5176 2517 5248 recOgitat,
2567 5179 2861 5249 excogitat,
2904 5180 3053 5250 ponit
3094 5179 3331 5235 fraudem
3375 5198 3538 5253 super

1955 5268 2233 5333 fraudem,
2279 5268 2473 5339 qumrit
2519 5269 2994 5335 machinationem,
3048 5270 3321 5328 ministros
3366 5284 3536 5343 parat,

1955 5359 2116 5414 falsos
2146 5368 2309 5414 testes
2338 5369 2631 5427 comparat,
2667 5361 2809 5414 acuit
2836 5362 3169 5417 novaculam.
3195 5363 3335 5430 Quid
3366 5364 3537 5422 factu-

1955 5450 2241 5520 rusjusto,
2271 5450 2370 5503 nisi
2401 5450 2664 5519 superflua
2694 5451 2945 5505 rasurus?

2028 5541 2253 5598 CAPUT
2284 5541 2470 5596 XVIII.
2504 5573 2571 5582 —-
2603 5543 2688 5598 18.
2722 5541 2959 5597 Felicitas
2984 5563 3082 5599 non
3113 5548 3164 5601 in
3186 5549 3541 5618 tctttporalibus

1958 5676 2137 5789 “vi,
2154 5684 2235 5725 Ms.
2279 5676 2617 5725 Germanensis
2644 5675 2762 5725 Edili
2788 5685 2971 5739 autem,
2995 5692 3105 5728 cum
3134 5688 3228 5730 Dro
3258 5682 3541 5746 sempiterna

2026 5803 2046 5832 ²
2092 5798 2530 5861 κδβεηιηηοηδίε,
2552 5796 2672 5851 tollit
2691 5806 2734 5851 te
2748 5800 2796 5852 in
2813 5810 3014 5865 partem.

2969 5887 3214 5967 {Sept}
