3994 6480
453 386 560 442 905

455 498 706 572 ponenda.
774 497 992 566 Itaque,
1047 498 1269 562 fratres,
1317 495 1360 549 si
1413 494 1571 549 vultis
1601 495 1767 564 parati
1803 508 1923 549 esse
1972 491 2037 546 ad

452 591 782 663 sequendam
814 591 1138 645 voluntatem
1172 588 1298 655 Dei,
1340 587 1481 659 quod
1511 587 1661 642 vobis
1698 587 1957 652 dicimus,
1988 595 2042 639 et

456 685 611 740 nobis
641 684 868 753 primum
913 680 1137 736 dicimus
1162 697 1174 744 ;
1223 680 1330 734 imo
1359 679 1606 734 omnibus
1631 678 1757 732 dicit
1786 677 1873 730 ille
1894 718 1908 740 ,
1949 675 2039 746 qui

454 790 676 831 securus
702 773 829 829 dicit
857 791 871 829 :
899 773 941 826 si
967 772 1212 826 volumus
1262 771 1428 841 parati
1456 786 1574 826 esse
1611 769 1676 824 ad
1712 767 2037 838 sequendam

452 868 780 921 voluntatem
828 863 955 930 Dei,
1006 877 1113 916 non
1159 878 1400 916 amemus
1436 862 1532 915 ista
1576 875 1694 930 qua:
1743 868 2036 923 transeunt,

455 976 559 1012 non
602 967 846 1028 putemus
888 955 1054 1023 ipsam
1083 967 1202 1007 esse
1233 950 1535 1006 felicitatem
1561 993 1575 1017 ,
1623 966 1739 1019 qua:
1768 949 1961 1002 dicitur
1987 949 2039 1001 in

455 1049 557 1102 hoe
578 1045 793 1101 saaculo.
822 1044 934 1098 IIoc
956 1043 1097 1096 ettim
1125 1041 1377 1112 putabant
1404 1041 1478 1094 illi
1507 1039 1842 1110 alicnigen:e;
1875 1047 2036 1092 totam

454 1137 759 1193 felicitatem
791 1135 843 1189 in
877 1133 1037 1188 rebus
1069 1132 1446 1203 temporalibus
1470 1173 1485 1198 ,
1531 1139 1695 1185 totam
1725 1133 2038 1187 suavitatem

451 1230 504 1284 in
535 1229 721 1283 umbra
766 1225 1064 1296 ponebant,
1107 1239 1214 1278 non
1247 1223 1299 1277 in
1332 1223 1444 1293 ipsa
1477 1223 1594 1276 luce
1619 1264 1633 1288 ,
1684 1237 1788 1275 non
1829 1221 1881 1274 in
1925 1221 2038 1289 ipsa

450 1319 692 1373 veritate.
743 1315 867 1371 Ideo
893 1316 944 1370 iu
978 1316 1080 1369 isto
1111 1314 1346 1384 psalmo,
1388 1314 1477 1383 qui
1507 1313 1574 1366 ad
1597 1311 1797 1366 Goliam
1824 1319 1927 1376 est,
1959 1320 2039 1365 at-

456 1409 654 1465 tendite
684 1409 975 1478 posteriora
997 1404 1190 1460 Psalmi
1223 1423 1234 1456 :
1266 1406 1482 1458 oinniuo
1504 1404 1843 1458 lucidissimis
1862 1402 2040 1457 verbis

453 1512 508 1557 et
553 1501 930 1557 enodatissimo
957 1513 1204 1554 Sermone
1225 1540 1239 1563 ,
1267 1497 1358 1567 qui
1403 1512 1506 1550 non
1532 1506 1734 1566 qum-rat
1777 1495 2040 1566 interpre-

451 1607 558 1650 tem
585 1604 674 1648 aut
702 1597 1090 1662 expositorem;
1146 1591 1237 1646 sed
1279 1590 1637 1644 misericordia
1679 1590 1770 1644 Dei
1814 1590 1882 1644 ita
1917 1598 2040 1644 sunt

451 1689 621 1758 posita
648 1728 664 1754 ,
712 1695 768 1740 ut
808 1701 964 1740 nemo
1013 1685 1190 1750 dicat,
1236 1683 1373 1738 Ecce
1419 1683 1520 1738 hoc
1573 1681 1842 1753 quomodo
1872 1682 2039 1736 voluit

454 1779 622 1843 dixit,
663 1786 717 1830 et
760 1791 854 1846 pro
883 1775 1094 1846 ingenio
1123 1789 1218 1828 suo
1247 1773 1626 1843 interpretatus
1650 1783 1732 1829 est
1753 1815 1766 1838 ,
1798 1774 1963 1828 sensit
1985 1783 2040 1827 ut

455 1868 619 1923 voluit
651 1887 663 1922 :
692 1867 769 1923 sic
805 1876 928 1921 sunt
974 1866 1142 1936 posita
1166 1905 1181 1930 ,
1226 1873 1283 1919 ut
1312 1879 1470 1919 nemo
1495 1880 1554 1919 se
1591 1873 1826 1919 excuset.
1863 1864 2037 1918 Posita

451 1970 575 2015 sunt
599 1967 775 2014 autem
799 1974 826 2010 a
854 1956 1014 2011 David
1032 1955 1264 2023 dicente,
1285 1955 1335 2010 id
1356 1965 1455 2021 est,
1487 1971 1516 2010 a
1539 1971 1672 2010 nova
1693 1956 1820 2021 vita,
1842 1955 2038 2010 Christi

451 2052 556 2106 vita
579 2092 592 2115 ,
624 2050 729 2104 vita
760 2065 878 2118 quze
927 2063 1022 2119 per
1059 2047 1331 2103 Christum
1372 2046 1525 2102 nobis
1565 2047 1685 2101 data
1715 2055 1822 2113 est;
1874 2047 2041 2102 insul-

454 2155 571 2198 tans
609 2143 727 2197 vita.-
758 2139 924 2196 veteri
951 2180 967 2205 ,
1013 2138 1252 2194 felicitati
1288 2139 1452 2194 veteri
1503 2137 1816 2204 hominum,
1861 2147 1913 2193 et
1937 2137 2040 2191 illis

453 2234 540 2303 qui
582 2234 632 2288 in
661 2247 779 2288 eam
823 2246 973 2302 spem
1021 2238 1260 2300 ponunt,
1301 2239 1354 2285 ct
1402 2229 1507 2284 illis
1544 2229 1634 2300 qui
1674 2229 2040 2300 adipiscuntur

448 2341 569 2380 eam
593 2366 608 2388 ,
640 2333 692 2379 et
718 2325 769 2378 in
801 2323 884 2378 illa
906 2323 1155 2394 gaudent.

522 2417 749 2473 CAPUT
775 2415 918 2471 XIX.
952 2445 1023 2458 σ-
1065 2415 1150 2471 19.
1185 2413 1428 2469 Felicitas
1474 2415 1744 2484 impiorum
1785 2414 2041 2470 nonnullis

455 2509 773 2564 scandalum.
821 2507 1103 2578 Super/lita
1145 2514 1313 2577 petens
1347 2506 1565 2577 prapitio
1611 2504 1720 2559 Deo
1751 2521 1852 2559 non
1881 2521 2040 2559 exau-

449 2600 607 2654 ditur.
669 2598 930 2653 Videntur
955 2597 1095 2652 enim
1116 2597 1242 2668 justi
1295 2597 1534 2651 laborare
1571 2596 1622 2650 in
1674 2595 1774 2651 hoc
1822 2596 2037 2662 sarculo,

451 2700 508 2747 et
553 2690 734 2760 injusti
780 2690 1004 2746 feliciter
1055 2691 1106 2744 in
1149 2688 1252 2744 hoc
1295 2690 1491 2744 smculo
1537 2690 1718 2744 vivere
1750 2707 1762 2742 :
1790 2695 1844 2744 et
1889 2689 2039 2759 quasi

452 2784 684 2839 dormiat
713 2783 875 2848 Deus,
904 2781 1175 2852 negligens
1196 2797 1283 2836 res
1310 2781 1592 2847 humanas,
1625 2781 1701 2836 illi
1732 2780 2042 2851 plerumque

445 2873 779 2928 extolluntur
823 2872 1164 2942 impunitate,
1217 2871 1300 2924 isti
1357 2873 1669 2941 plerumque
1717 2871 2039 2943 franguntur

454 2961 802 3030 infirmitate,
833 2970 886 3017 et
913 2969 1099 3032 putant
1130 2959 1232 3015 sibi
1275 2959 1403 3014 nihil
1438 2961 1692 3028 prodesse
1722 2962 1863 3032 quod
1905 2962 2042 3016 bene

459 3055 684 3122 vivunt,
729 3055 850 3126 quia
893 3071 996 3108 non
1031 3051 1229 3107 habent
1266 3067 1327 3106 ea
1357 3053 1548 3123 quibus
1588 3052 1832 3108 videntur
1868 3053 2040 3108 abun-

455 3149 583 3201 dare
606 3154 934 3216 pcccatores,
960 3143 1204 3199 scelerati
1235 3150 1290 3198 et
1310 3142 1456 3214 impii
1481 3142 1746 3198 homines.
1775 3143 2044 3214 thuam-

455 3241 546 3294 diu
570 3239 692 3295 talia
713 3245 902 3309 rogant
932 3253 961 3290 a
988 3235 1116 3303 Deo,
1149 3243 1206 3290 ut
1230 3251 1325 3305 pro
1351 3249 1543 3306 magno
1569 3234 1667 3289 sibi
1699 3242 2038 3305 praestentur,

452 3331 660 3387 tamdiu
698 3338 922 3394 errant;
971 3337 1024 3384 et
1059 3327 1353 3383 cavendum
1381 3337 1554 3381 estne
1581 3325 1779 3381 dentur
1806 3327 1856 3380 in
1890 3337 2041 3396 pote-

457 3433 647 3476 statem
680 3421 986 3492 cupiditatis
1016 3435 1147 3473 sum.
1189 3419 1321 3473 Nam
1351 3418 1549 3472 dictum
1579 3428 1694 3482 est,
1743 3416 1891 3472 Dedit
1927 3419 2042 3473 illos

458 3515 598 3569 Deus
622 3515 674 3568 in
701 3513 1128 3582 concupiscentias
1144 3511 1311 3564 cordis
1337 3527 1511 3565 eorum
1538 3509 1710 3581 (Psul.
1738 3527 1900 3575 Lxxx,
1929 3512 2038 3581 I5).

457 3605 525 3660 Et
573 3605 739 3674 magis
783 3603 1040 3674 propitius
1080 3609 1161 3655 est
1203 3602 1381 3668 Deus,
1424 3601 1638 3671 quando
1679 3601 1944 3669 superﬂua
1989 3610 2044 3657 et

460 3697 732 3769 nugatoria
782 3703 1049 3766 petentem
1082 3709 1188 3748 non
1217 3691 1432 3748 exaudit
1464 3703 1522 3747 ut
1547 3693 1674 3758 det,
1710 3693 1802 3749 sed
1830 3693 2043 3749 exaudit

458 3798 513 3842 nt
535 3795 689 3842 sanet
717 3803 821 3844 non
850 3785 1048 3842 dando.
1099 3785 1308 3840 Etenim
1335 3800 1502 3854 quare
1540 3785 1637 3839 ista
1669 3795 1914 3856 qua-rant
1941 3786 2040 3841 ho-

453 3879 647 3943 mines,
673 3877 791 3947 quis
807 3891 912 3930 non
937 3873 1120 3929 videt?
1150 3873 1221 3930 Ut
1246 3874 1297 3928 in
1329 3873 1549 3928 luxuriis
1571 3874 1681 3928 suis
1701 3886 2038 3942 consumant,

456 3976 512 4020 et
539 3966 590 4020 in
621 3967 795 4037 nugis,
839 3973 893 4021 et
939 3965 994 4020 in
1022 3964 1374 4019 insanissimis
1400 3965 1733 4035 spectaculis,
1758 3982 1788 4020 a
1826 3967 1935 4021 Deo
1966 3966 2039 4040 (a)

453 4065 698 4128 quarrunt
726 4057 968 4112 homines
997 4055 1194 4112 habere
1216 4057 1336 4111 ista.

527 4145 758 4202 CAPUT
783 4144 902 4200 XX.
929 4175 1002 4185 —
1021 4145 1115 4200 9.0.
1147 4145 1447 4200 Diuitiarum
1474 4147 1676 4202 abusus.
1703 4177 1776 4192 —--
1806 4148 1878 4202 Da
1911 4149 2038 4204 mihi

457 4237 728 4291 hominem
768 4235 837 4289 de
879 4235 1113 4303 saeculo,
1158 4243 1305 4305 petat
1331 4250 1360 4289 a
1389 4235 1500 4290 Deo
1537 4236 1786 4302 divitias;
1824 4239 2036 4307 dentur,

454 4337 513 4383 et
539 4327 658 4382 vide
701 4324 1114 4381 innumerabiles
1139 4326 1394 4397 consequi
1426 4327 1643 4397 laqueos
1690 4330 1876 4384 mortis
1900 4331 2034 4399 ejus.

453 4419 722 4491 Opprimit
771 4418 894 4474 inde
932 4433 1216 4488 pauperem
1243 4459 1258 4483 ,
1305 4420 1543 4490 superbit
1593 4420 1752 4475 homo
1799 4424 2037 4477 mortalis

453 4526 617 4582 super
645 4510 913 4564 hominem
946 4523 1125 4578 parem
1153 4509 1274 4577 sibi,
1307 4510 1494 4579 quaerit
1515 4509 1747 4566 honores
1771 4511 1838 4567 ab
1863 4512 2039 4566 homi-

459 4603 616 4657 nibus
641 4616 843 4666 vanos;
881 4608 938 4654 ut
961 4611 1141 4655 autem
1166 4593 1505 4670 adipiscatur,
1533 4601 1747 4657 exhibet
1775 4602 1877 4656 illis
1902 4603 2039 4658 ludi-

456 4712 547 4751 cra
593 4693 842 4764 nequitia:
866 4734 881 4758 ,
929 4691 1133 4748 ludicra
1177 4693 1330 4747 mala:
1381 4692 1680 4762 cupiditatis
1713 4711 1725 4746 :
1755 4693 1906 4749 ludos
1939 4699 1952 4727 ³
1985 4706 2039 4751 et.

451 4799 609 4840 ursos
621 4783 770 4848 emit,
791 4783 952 4837 donat
975 4797 1063 4838 res
1083 4796 1207 4838 suas
1230 4783 1513 4850 bestiariis,
1536 4784 1804 4840 esuriente
1824 4785 2037 4842 Christo

454 4881 505 4933 iu
536 4877 876 4949 pauperibus.
921 4875 1059 4942 Quid
1098 4891 1230 4946 opus
1260 4883 1344 4931 est
1380 4875 1524 4945 plura
1553 4875 1762 4941 dicere,
1806 4878 2037 4934 fratres?

452 4971 562 5026 Vos
591 4970 691 5041 ipsi
728 4969 955 5039 cogitate
985 4984 1102 5038 quae
1132 4985 1229 5022 nos
1261 4977 1526 5035 tacemus,
1557 4978 1751 5039 quanta
1783 4972 1919 5026 mala
1954 4972 2035 5028 fa-

451 5071 595 5120 ciant
627 5061 871 5116 homines
896 5059 964 5115 de
989 5059 1267 5129 superﬂnis
1293 5059 1452 5114 rebus
1471 5102 1486 5123 ,
1528 5061 1741 5130 quando
1767 5062 1867 5117 illis
1892 5065 2035 5119 acci-

449 5155 592 5210 derit
621 5162 906 5223 proventus
951 5152 1183 5206 illarum.
1233 5150 1417 5206 Nonne
1454 5152 1645 5207 melius
1674 5162 1792 5219 est,
1823 5157 2036 5224 quando

454 5247 576 5301 talis
603 5254 688 5301 est
712 5246 905 5312 homo,
935 5253 992 5298 ut
1017 5242 1184 5314 possit
1205 5243 1280 5297 sic
1307 5243 1380 5297 uti
1415 5243 1565 5313 copia
1593 5259 1771 5299 rerum
1804 5261 2036 5315 przesen-

429 5340 626 5404 tium,
672 5347 728 5391 ut
761 5338 965 5392 auferat
1003 5337 1075 5391 illi
1116 5351 1232 5392 eam
1274 5336 1445 5404 Deus,
1491 5353 1599 5393 non
1639 5337 1715 5392 illi
1758 5353 1876 5395 eam
1903 5339 2036 5395 det?

451 5431 639 5487 Nonne
669 5439 791 5484 tunc
815 5437 897 5483 est
923 5427 1325 5483 misericordia?

523 5519 748 5578 CAPUT
772 5517 911 5573 XXI.
934 5550 999 5557 —
1025 5520 1086 5573 ΕΗ
1104 5558 1116 5570 .
1135 5517 1396 5589 Cupiditas
1417 5521 1765 5589 temporalium
1784 5522 2034 5592 quomodo

431 5719 462 5770 1
515 5663 529 5692 ε
556 5658 777 5718 υιιωὸειιιι
802 5658 968 5716 editio,
991 5656 1142 5716 lup-os.
1167 5661 1288 5710 Libri
1312 5659 1409 5719 alii,
1435 5659 1574 5712 ludos
1587 5662 1682 5723 rid
1705 5672 1781 5714 est
1814 5661 2033 5714 ludorum

465 5734 566 5770 (ea.

465 5734 566 5772 (42.

510 5807 583 5867 (a)
617 5813 663 5854 ω
689 5812 755 5864 8.,
784 5804 842 5853 ad
864 5805 1159 5868 marginem,
1180 5803 1306 5857 ideo.
1355 5813 1412 5856 ιι.

1697 381 1752 437 S.
1796 377 2160 437 AUGUSTINI
2199 377 2499 436 EPISCOPI

3631 380 3736 438 ΞΜ

2154 491 2206 545 in
2236 494 2521 562 proximum
2570 493 2762 563 iniqua.
2823 492 2890 547 Et
2932 493 3113 549 dicet:
3143 494 3286 550 Bene
3333 493 3468 562 Ieci,
3501 501 3556 549 et
3605 493 3735 549 nihil

2149 583 2384 638 alienum
2433 584 2658 650 abstuli,
2704 593 2758 640 et
2787 601 2889 639 non
2934 601 3020 640 me
3052 587 3315 641 exaudisti
3350 605 3362 640 :
3392 602 3458 642 ex
3498 603 3564 642 eo
3590 587 3736 658 quod

2150 675 2318 728 habeo
2345 676 2413 730 do
2443 676 2616 746 egenti
2641 718 2654 740 ,
2703 692 2806 730 non
2850 677 2976 731 tollo
3003 679 3189 741 alicui;
3219 693 3249 731 a
3279 686 3330 732 te
3361 688 3481 746 peto
3505 718 3521 741 ,
3552 688 3605 734 tu
3645 679 3734 733 da.

2147 764 2316 832 Quasi
2346 781 2471 819 vero
2497 765 2586 820 det
2623 766 2714 820 tibi
2755 767 2965 831 villam,
3009 768 3108 822 nisi
3147 768 3285 823 alius
3322 769 3506 837 perdat
3535 769 3734 824 villam.

2148 858 2202 911 Si
2235 857 2442 911 dicatur
2473 858 2594 923 tibi,
2629 858 2842 914 Vendas
2866 861 3042 914 villam
3073 870 3213 914 tuam
3239 879 3252 914 :
3284 870 3530 930 tanquam
3572 863 3740 916 malc-

2147 947 2344 1003 dicttnn
2371 949 2726 1014 exhorreseis,
2752 950 2997 1018 injuriam
3021 951 3113 1005 tibi
3134 949 3326 1006 factam
3345 961 3531 1021 putas;
3553 951 3736 1006 odium

2148 1055 2329 1093 servas
2356 1041 2406 1093 in
2441 1051 2688 1109 pectore,
2735 1041 2856 1110 quia
2912 1041 3013 1096 hoc
3047 1040 3237 1096 audisti
3279 1042 3346 1096 ab
3386 1042 3633 1111 homine,
3681 1053 3740 1097 ut

2148 1129 2407 1183 venderes
2436 1130 2614 1184 villam
2651 1149 2663 1184 :
2696 1131 2847 1200 quasi
2877 1146 3055 1187 emere
3086 1132 3280 1202 possis,
3311 1133 3418 1188 nisi
3445 1134 3579 1188 alius
3600 1149 3737 1188 ven-

2146 1220 2254 1274 dat.
2305 1222 2485 1289 Itaque
2505 1221 2645 1291 quod
2677 1221 2828 1276 valde
2849 1222 3000 1291 cupis
3029 1237 3234 1288 emere,
3265 1232 3319 1278 et
3347 1233 3500 1293 optas
3529 1239 3736 1290 emere,

2147 1313 2192 1366 si
2222 1315 2419 1368 malum
2451 1323 2536 1368 est
2561 1313 2821 1381 vendere,
2852 1315 2940 1368 alii
2965 1315 3160 1369 malum
3184 1317 3401 1386 qumris.
3424 1317 3626 1372 Bonum
3654 1328 3736 1372 est

2147 1405 2386 1460 invenire
2427 1406 2714 1461 saccellum
2748 1406 3038 1462 solidorum
3079 1408 3130 1462 in
3159 1408 3240 1461 via
3269 1425 3282 1460 :
3314 1407 3453 1477 quod
3491 1423 3612 1462 cum
3651 1409 3734 1462 in-

2146 1497 2376 1559 vcncris,
2405 1495 2560 1561 dicis,
2585 1497 2725 1552 Deus
2746 1497 2876 1551 mihi
2897 1497 3072 1563 dedit;
3104 1499 3254 1568 quasi
3276 1499 3447 1568 possis
3471 1499 3733 1564 invenire,

2147 1589 2245 1641 nisi
2285 1588 2420 1642 alius
2442 1588 2656 1663 perdat.
2693 1589 2868 1657 Quare
2890 1605 3018 1660 ergo
3061 1605 3164 1645 non
3192 1599 3347 1660 Optas
3381 1591 3588 1645 illormn
3613 1591 3736 1646 the-

2146 1695 2423 1734 sanrorum
2456 1680 2592 1733 bona
2613 1722 2628 1744 ,
2675 1695 2793 1750 qum
2819 1689 2990 1735 tecum
3021 1695 3210 1736 omnes
3234 1681 3350 1735 sine
3373 1681 3613 1751 angustia
3640 1697 3736 1734 va-

2147 1771 2286 1824 leant
2313 1771 2624 1842 possidere?
2651 1771 2930 1826 Desideras
2953 1788 3167 1838 aurum,
3191 1771 3434 1828 desidera
3450 1772 3735 1842 justitiam.

2152 1862 2355 1916 liabere
2376 1877 2562 1916 aurum
2585 1877 2691 1916 non
2720 1872 2890 1931 potes,
2916 1863 3015 1917 nisi
3037 1863 3171 1918 alius
3195 1863 3404 1917 amittat
3433 1878 3446 1916 :
3469 1861 3737 1931 justitiam

2144 1955 2301 2008 ambo
2328 1954 2741 2023 complectimini
2767 1996 2782 2020 ,
2812 1962 2868 2008 et
2889 1955 3050 2010 ambo
3079 1955 3392 2010 dilatamini.

2215 2047 2298 2101 CA
2308 2046 2437 2102 PUT
2473 2046 2635 2100 XXII.
2649 2076 2720 2086 -—
2735 2046 2826 2100 22.
2841 2046 2920 2100 De
2938 2048 3177 2116 felicitate
3203 2057 3402 2102 terrena
3421 2049 3565 2102 aliter
3586 2049 3735 2115 mali,

2144 2138 2291 2191 aliter
2339 2139 2457 2192 boni
2509 2139 2746 2192 sentiunt.
2809 2138 3106 2194 Redeamus
3160 2154 3288 2209 ergo
3332 2137 3400 2193 ad
3441 2137 3736 2201 Psalumm.

2147 2239 2203 2282 ut
2224 2229 2479 2298 intelligat
2505 2229 2747 2282 Charitas
2777 2237 2950 2284 vestra
2989 2243 3084 2284 eos
3120 2243 3241 2285 esse
3272 2227 3620 2299 alienigenas,
3643 2229 3738 2300 qui

2147 2329 2309 2377 totam
2367 2322 2673 2376 felicitatem
2723 2337 2828 2377 non
2878 2329 3063 2391 putant
3102 2321 3201 2376 nisi
3245 2330 3584 2393 prtcsentem.
3628 2320 3742 2377 Sed

2145 2414 2363 2485 dignum
2397 2423 2448 2469 te
2486 2415 2696 2485 judicas
2732 2415 2818 2469 cui
2840 2423 2896 2469 et
2937 2416 3034 2468 ista
3065 2413 3205 2468 Deus
3229 2413 3321 2469 det
3352 2432 3366 2468 :
3397 2428 3578 2484 quaere
3604 2430 3742 2484 quo-

2148 2506 2308 2560 modo
2337 2505 2520 2559 utaris.
2558 2505 2612 2562 Si
2635 2519 2741 2559 non
2757 2504 2921 2569 dedit,
2954 2504 3092 2560 scias
3111 2504 3233 2574 quia
3257 2504 3474 2576 prodest
3495 2505 3587 2560 tibi
3612 2508 3740 2573 quia

2151 2614 2254 2653 non
2284 2599 2376 2653 dat
2402 2606 2550 2668 pater
2574 2598 2765 2653 bonus.
2811 2598 2945 2665 Quia
2970 2605 3024 2653 et
3063 2598 3200 2652 filius
3228 2606 3346 2652 tuus
3373 2597 3584 2667 quando
3617 2597 3738 2668 plo-

2148 2698 2249 2755 rat,
2288 2698 2346 2744 ut
2368 2689 2464 2743 des
2506 2689 2580 2743 illi
2620 2690 2912 2743 formosum
2944 2687 3220 2744 cultellum
3257 2688 3536 2743 manubrio
3569 2688 3740 2743 deau-

2148 2792 2304 2850 rato;
2331 2791 2586 2853 quantum
2613 2783 2723 2836 vult
2753 2781 2946 2852 ploret,
2971 2795 3076 2836 non
3097 2781 3172 2836 illi
3198 2781 3295 2836 das
3320 2781 3460 2836 unde
3488 2781 3738 2837 laniatur.

2149 2875 2364 2931 Domine
2383 2918 2397 2941 ,
2439 2877 2596 2931 libera
2624 2892 2703 2931 me
2729 2875 2792 2929 de
2822 2891 2976 2929 manu
3015 2875 3236 2944 filiorum
3263 2873 3569 2940 alienorum,
3609 2891 3744 2946 quo-

2149 2985 2263 3021 rum
2289 2984 2344 3022 os
2371 2968 2590 3021 locutum
2613 2967 3003 3029 estsanitatent,
3033 2975 3079 3020 et
3107 2965 3310 3020 dextera
3336 2982 3510 3020 eorum
3528 2965 3742 3020 dextera

2148 3059 2443 3129 iniquitatis.
2485 3059 2550 3113 Et
2577 3058 2796 3128 exponit
2819 3073 2976 3127 quam
3004 3057 3145 3112 dicat
3183 3058 3467 3112 vanitatem
3494 3066 3548 3112 et
3571 3073 3737 3126 quam

2147 3149 2440 3205 dexteram.
2490 3150 2772 3203 Dexteram
2813 3149 2955 3203 enim
3002 3147 3293 3217 iniquitatis
3325 3147 3457 3202 dicit
3499 3147 3736 3203 felicita-

2151 3251 2255 3297 tem
2286 3241 2442 3310 hnjus
2462 3240 2640 3294 saeculi
2668 3257 2680 3292 ε
2715 3255 2820 3293 non
2873 3239 2996 3309 quia
3041 3254 3146 3292 non
3187 3238 3450 3294 invenitur
3473 3237 3610 3307 apud
3640 3237 3743 3293 bo-

2150 3348 2248 3386 nos
2267 3375 2282 3398 ,
2311 3332 2404 3386 sed
2447 3331 2568 3385 boni
2596 3330 2810 3400 quando
2837 3331 2980 3384 illam
3009 3328 3225 3392 habent,
3269 3327 3323 3383 in
3349 3329 3560 3382 sinistra
3588 3328 3740 3384 illam

2151 3423 2383 3486 habent,
2429 3437 2533 3477 nou
2560 3422 2614 3476 in
2652 3421 2892 3475 dextera.
2926 3419 3257 3474 Felicitatem
3284 3427 3595 3488 perpetuam
3634 3417 3738 3472 ha-

2150 3514 2274 3568 bent
2321 3513 2374 3567 in
2414 3512 2674 3566 dextera:
2707 3510 3013 3565 felicitatem
3063 3509 3410 3578 temporalem
3455 3509 3650 3564 habent
3682 3509 3740 3565 in

2149 3605 2381 3660 sinistra.
2419 3602 2693 3672 Cupiditas
2719 3613 2896 3657 autem
2933 3616 3110 3656 rerum
3139 3611 3457 3656 aeternarum
3483 3610 3535 3655 et
3567 3599 3735 3656 felici-

2150 3704 2269 3749 tatis
2285 3705 2518 3756 aeterna}.
2545 3708 2649 3747 nou
2678 3691 2838 3747 debet
2864 3691 3073 3746 misceri
3098 3689 3370 3760 cupiditati
3387 3704 3562 3745 rerum
3590 3699 3704 3744 tem
3721 3719 3734 3729 -

2153 3786 2446 3856 poralium,
2479 3784 2530 3839 id
2559 3794 2642 3838 est
2664 3823 2680 3849 ,
2716 3783 2980 3838 felicitatis
3018 3781 3298 3852 prtesentis
3319 3790 3373 3835 et
3393 3779 3733 3850 temporalis.

2150 3878 2213 3932 Et
2254 3877 2354 3933 hoc
2397 3887 2512 3941 est,
2553 3875 2759 3930 Nesciat
2802 3875 3008 3929 sinistra
3054 3883 3141 3927 tua
3168 3873 3290 3944 quid
3332 3873 3488 3942 faciat
3525 3871 3739 3928 dextera

2147 3978 2234 4022 tua
2266 3967 2476 4040 (.llattlt.
2503 3982 2553 4022 vt
2581 4007 2596 4032 ,
2626 3964 2702 4036 5).
2745 3965 2887 4037 Ergo
2905 4006 2922 4034 ,
2953 3963 3174 4020 Dextera
3199 3981 3374 4019 eorum
3399 3965 3604 4018 dextera
3629 3964 3738 4017 ini-

2145 4059 2365 4129 quitotis.

2215 4149 2439 4206 CAPUT
2474 4148 2662 4204 XXIII.
2684 4177 2756 4190 —
2791 4147 2882 4203 25.
2924 4146 3068 4202 Verbi
3098 4146 3195 4202 Dei
3232 4147 3426 4217 [ructus
3457 4163 3489 4200 a
3515 4163 3614 4201 non
3635 4164 3737 4200 au-

2147 4244 2310 4297 diente
2350 4244 2500 4295 etirmz
2534 4241 2828 4314 exigendus.
2882 4240 3076 4297 Audite
3115 4241 3224 4310 jam
3266 4240 3532 4312 quomodo
3567 4241 3737 4297 locuti

2147 4343 2272 4387 sunt
2310 4332 2636 4398 vanitatem,
2676 4341 2729 4387 et
2752 4331 3024 4402 quomodo
3051 4332 3326 4387 dexteram
3369 4333 3597 4390 habeant
3623 4331 3734 4386 ini-

2147 4425 2383 4496 quitatis.
2427 4425 2716 4478 Audiamus
2744 4439 2966 4490 omnes,
2995 4423 3216 4493 prodest
3242 4425 3411 4480 vobis.
3458 4424 3729 4491 Audistis,

2147 4531 2214 4571 ne
2241 4515 2430 4570 dicatis
2470 4530 2574 4568 non
2601 4528 2696 4568 vos
2739 4513 2952 4569 audisse
2981 4530 2994 4566 :
3024 4514 3146 4584 quia
3186 4513 3386 4569 dictum
3431 4524 3514 4570 est
3547 4529 3732 4578 servo,

2146 4611 2224 4665 Tu
2250 4612 2396 4664 dares
2416 4651 2428 4674 ,
2467 4617 2514 4663 et
2546 4625 2636 4680 ego
2661 4609 2928 4679 exigerem.
2973 4607 3041 4664 Et
3077 4607 3306 4663 diximus
3332 4607 3578 4662 hesterno
3616 4606 3732 4671 die,

2145 4703 2264 4772 quia
2309 4716 2408 4755 nos
2444 4701 2584 4755 servi
2628 4713 2812 4754 smnus
2845 4698 3070 4763 dantes;
3113 4698 3248 4754 alter
3275 4708 3360 4754 est
3397 4698 3484 4767 qui
3529 4700 3732 4768 exigat.

2143 4793 2367 4848 Sorores
2395 4804 2590 4845 nostrae
2615 4832 2630 4855 ,
2672 4790 2912 4846 nolentes
2948 4788 3134 4844 audire
3157 4830 3171 4854 ,
3212 4790 3362 4859 quasi
3398 4791 3585 4843 nolunt
3617 4793 3733 4860 pati

2145 4895 2472 4939 exactorem.
2513 4883 2640 4938 Sine
2663 4899 2822 4938 causa
2843 4925 2859 4948 ,
2889 4881 3080 4937 fratres
3110 4883 3247 4945 mei,
3287 4898 3444 4937 nemo
3475 4883 3572 4937 sibi
3606 4883 3736 4940 hinc

2146 4977 2465 5031 blandiatur.
2510 4974 2665 5030 Aliud
2691 4985 2775 5030 est
2807 4990 2913 5028 non
2953 4973 3258 5042 accepisse,
3301 4973 3441 5027 aliud
3485 4974 3736 5042 accipere

2146 5067 2399 5122 noluisse.
2447 5066 2546 5133 Qui
2578 5076 2786 5120 recusat
2813 5065 3012 5119 donum
3041 5064 3153 5132 Dei,
3190 5064 3356 5134 ipsius
3379 5064 3736 5123 recuszitiouis

2145 5173 2270 5212 reus
2293 5166 2518 5213 tenetur.
2544 5155 2822 5222 Quomodo
2841 5155 2983 5210 enim
3007 5155 3204 5210 dictum
3228 5165 3312 5210 est
3331 5171 3485 5209 servo
3513 5156 3737 5225 depen-

2143 5251 2330 5316 satori,
2361 5249 2531 5317 Quare
2559 5265 2660 5303 non
2689 5249 2870 5304 dedisti
2898 5247 3047 5320 (Luc.
3080 5263 3171 5303 ιιι
3189 5289 3206 5314 ,
3233 5247 3372 5318 23)?
3416 5249 3492 5303 sic
3521 5249 3738 5304 dicetur

2143 5357 2323 5408 servo,
2348 5344 2432 5396 cui
2461 5342 2550 5396 ille
2582 5340 2782 5410 positus
2803 5349 2886 5396 est
2905 5340 3236 5410 dispensare,
3256 5339 3429 5408 Quare
3447 5355 3551 5394 non
3572 5355 3735 5397 acce-

2145 5434 2305 5506 pisti?
2343 5434 2398 5488 Si
2438 5449 2542 5489 non
2570 5432 2664 5488 fuit
2691 5435 2782 5504 qui
2821 5433 2998 5497 daret,
3029 5433 3308 5489 excusabis
3339 5443 3392 5488 te
3424 5452 3437 5488 :
3468 5434 3514 5488 si
3539 5445 3728 5490 autem

2124 5535 2338 5583 sonant
2363 5527 2634 5592 Lectores,
2660 5527 2820 5582 etiam
2848 5525 3059 5596 quando
3090 5535 3269 5581 tacent
3302 5534 3643 5592 tractaturus,
3675 5536 3739 5583 et

2146 5621 2342 5688 ubique
2374 5619 2589 5673 verbum
2632 5617 2728 5674 Dei
2759 5618 3107 5687 pra‘dicatur,
3151 5626 3206 5672 et
3231 5633 3360 5672 vere
3392 5618 3592 5672 dictum
3621 5630 3734 5686 est.

2143 5711 2211 5764 In
2253 5727 2452 5764 omnem
2497 5721 2679 5766 terram
2709 5711 2830 5764 exiit
2868 5727 3020 5764 sonus
3054 5711 3259 5762 illorum
3281 5751 3295 5773 ,
3327 5718 3378 5764 et
3408 5709 3551 5763 calor
3580 5711 3739 5766 verbi

2145 5804 2242 5859 Dei
2272 5804 2462 5876 ubique
2475 5801 2806 5870 diffunditur,
2830 5819 2917 5856 nec
2937 5812 3008 5856 cst
3034 5801 3116 5871 qui
3143 5817 3196 5856 se
3220 5800 3490 5856 abscondat
3511 5818 3542 5853 τι
3558 5802 3739 5860 calore
