4012 6338
290 309 390 361 203

288 414 392 480 eius
418 410 591 485 (Psal.
623 428 748 468 svnt
768 455 783 482 ,
810 413 877 481 ὅ,
911 414 1005 482 7);
1036 426 1141 468 non
1169 410 1271 467 erit
1295 408 1421 480 quid
1449 408 1625 465 dicere
1656 410 1705 462 in
1727 408 1871 477 judi-

288 505 368 560 cio
397 504 491 558 Dei
523 503 625 571 (ιι).

352 594 581 650 CAPUT
608 593 798 648 XXIV.
827 625 896 634 —
918 594 1153 658 Fratres,
1181 591 1478 655 audiamus,
1507 601 1560 646 et
1586 591 1868 655 faciamus;

285 687 329 741 si
359 686 601 740 volumus
622 686 820 741 habere
836 700 1006 756 spem,
1029 699 1136 738 non
1160 699 1256 738 nos
1272 697 1606 739 excusemus.
1634 683 1874 737 Plerum-

282 796 387 850 que
414 780 691 835 mendicns
718 795 882 835 unum
908 793 1187 834 nummum
1214 786 1404 848 petens
1422 818 1438 844 ,
1466 775 1532 831 ad
1552 775 1747 831 ostium
1779 774 1872 828 tibi

285 880 549 940 przecepta
584 871 679 925 Dei
714 880 915 924 cantat.

348 961 441 1013 25.
478 960 715 1015 Felicitas
744 960 1047 1025 mundana;
1085 969 1130 1014 et
1158 975 1270 1029 qua:
1298 958 1435 1013 licita
1478 958 1704 1023 videtur,
1747 973 1871 1009 con-

276 1054 569 1107 temnenda.
638 1054 933 1109 Audiamus
973 1067 1141 1122 ergo:
1174 1052 1399 1117 Quorum
1442 1068 1498 1104 os
1547 1050 1765 1105 locutum
1800 1058 1873 1103 est

276 1145 573 1208 sanitatem,
603 1154 649 1197 et
680 1144 885 1198 dextera
910 1159 1083 1198 eorum
1110 1143 1316 1196 dextera
1346 1141 1641 1211 iniquitatis.
1678 1139 1867 1194 Videte

276 1234 585 1290 felicitatem
613 1236 826 1301 mundi,
874 1235 965 1290 ubi
993 1235 1069 1289 illi
1098 1250 1247 1304 spem
1280 1234 1549 1304 ponebant
1575 1232 1664 1301 qui
1706 1231 1870 1287 locuti

275 1338 404 1381 sunt
448 1328 770 1393 vanitatem,
823 1336 879 1382 et
910 1342 1136 1397 quorum
1181 1326 1397 1382 dextera
1444 1324 1741 1394 iniquitatis
1766 1333 1867 1378 est.

274 1416 410 1471 Nam
451 1417 531 1473 sic
557 1418 737 1487 incipit
774 1417 957 1472 dicere
988 1437 1000 1472 :
1033 1417 1257 1481 Quorum
1290 1417 1385 1486 ﬁlii
1417 1432 1587 1471 eorum
1628 1416 1754 1469 sicut
1781 1431 1871 1469 no-

275 1509 423 1563 vella:
451 1511 803 1563 constabilitw.
849 1508 1094 1564 Felicitas
1134 1508 1275 1563 licita
1313 1516 1413 1562 est.
1460 1507 1575 1562 Non
1618 1507 1701 1562 bic
1738 1505 1871 1561 dixit

278 1601 535 1667 frandes,
567 1603 821 1672 perjuria,
856 1603 1092 1673 rapinas,
1122 1601 1325 1656 scelera
1359 1618 1373 1653 :
1405 1601 1707 1655 felicitatem
1737 1599 1870 1654 dixit

278 1692 431 1761 quasi
456 1692 840 1747 innocentium.
863 1693 927 1747 Et
946 1694 989 1747 si
1019 1693 1117 1747 ista
1139 1692 1523 1747 contemnenda
1546 1701 1627 1747 est
1650 1708 1664 1755 ;
1688 1706 1871 1761 quem-

278 1782 572 1836 admodum
612 1793 735 1837 sunt
763 1782 1043 1853 plangendi
1075 1783 1183 1847 illi,
1215 1781 1307 1852 qui
1349 1782 1513 1837 etiam
1541 1781 1751 1850 rapinas
1788 1779 1870 1835 [ιιι

279 1874 458 1940 ciunt,
511 1877 600 1945 qui
644 1875 815 1943 furta,
864 1878 952 1947 qui
998 1876 1196 1932 scelm
1222 1916 1237 1941 ,
1280 1877 1369 1946 qui
1419 1876 1735 1941 homicidia,
1778 1876 1867 1945 qui

281 1965 547 2019 adulteria
587 1976 641 2020 et
675 1975 867 2021 cetera
894 1982 1011 2037 qua:
1037 1967 1180 2023 etian
1236 1967 1349 2037 ipsa
1395 1967 1659 2022 mundana
1702 1966 1871 2021 felici-

279 2065 361 2110 tas
395 2057 654 2112 damnat?

351 2147 581 2203 CAPUT
624 2147 787 2203 XXV.
837 2177 908 2189 —-
948 2148 1037 2205 25.
1080 2148 1393 2204 Felicitate»:
1423 2150 1595 2204 swculi
1640 2151 1866 2220 quisquis

281 2239 454 2309 magni
520 2241 723 2308 pendit,
765 2241 1045 2312 alienigena
1096 2252 1187 2296 est.
1239 2242 1422 2299 \‘idete
1486 2243 1695 2313 qualem
1743 2244 1868 2298 velit

276 2346 397 2385 esse
420 2330 694 2387 hominem
723 2332 788 2387 de
816 2334 920 2387 vita
949 2348 1083 2388 nova
1109 2376 1123 2401 ,
1155 2334 1362 2403 qualem
1400 2335 1526 2390 velit
1548 2350 1667 2391 esse
1696 2334 1867 2389 homi-

280 2440 401 2477 nem
432 2423 501 2479 ad
534 2440 658 2478 vasa
688 2424 974 2493 pastoralia
1017 2426 1369 2493 pertinentem
1395 2466 1410 2492 ,
1452 2435 1508 2481 et
1546 2426 1612 2481 ad
1642 2427 1864 2496 gratiam

280 2514 393 2575 Dei,
423 2522 479 2568 et
508 2514 572 2567 ad
598 2515 678 2569 lac
707 2530 812 2585 quo
842 2516 1125 2570 nutrimur.
1157 2517 1429 2571 Attendite
1442 2504 1551 2586 jam
1589 2535 1600 2569 :
1636 2516 1866 2582 Quorum

277 2607 372 2674 lilii
398 2623 574 2659 eorum
596 2609 723 2661 sicut
744 2609 953 2662 novella:
966 2608 1292 2663 constabilin
1304 2626 1324 2673 ;
1351 2610 1474 2679 ﬁlia:
1488 2626 1658 2663 eorum
1679 2619 1869 2664 ornata:

275 2698 402 2750 sicut
436 2698 719 2752 similitudo
745 2699 937 2768 templi.
982 2697 1143 2753 Forte
1169 2710 1447 2769 propterea
1475 2714 1689 2755 sorores
1715 2700 1864 2755 nole-

278 2786 404 2840 bant
428 2789 636 2842 audire.
673 2788 905 2844 Audiant
926 2805 1055 2859 ergo
1080 2830 1095 2853 ,
1122 2790 1313 2856 velint,
1346 2791 1555 2857 nolint,
1586 2800 1639 2845 et
1659 2791 1868 2846 discant

276 2878 461 2933 venire
488 2879 554 2932 ad
581 2879 910 2935 Dominicum
942 2881 1013 2953 (ὁ)
1035 2922 1050 2947 ,
1082 2896 1186 2936 non
1214 2882 1263 2935 in
1286 2882 1531 2951 superbia
1557 2881 1745 2947 Goliaa,
1772 2881 1865 2937 sed

277 2969 326 3021 in
356 2969 662 3025 humilitate
696 2971 878 3026 David.
924 2971 1189 3043 Numquid
1234 2975 1375 3029 enim
1416 2973 1516 3028 ista
1551 2975 1866 3044 exponenda

275 3061 438 3115 sunt?
487 3063 742 3133 numquid
780 3064 1003 3119 obscura
1048 3066 1214 3121 sunt?
1264 3067 1577 3137 Loquuntur
1624 3068 1866 3126 homines

278 3154 609 3217 vanitatem,
656 3162 712 3209 et
751 3154 999 3210 dicuntur
1039 3157 1352 3228 alienigena:
1392 3176 1405 3213 :
1449 3174 1555 3214 non
1602 3161 1868 3230 pertinent

280 3243 343 3297 ad
371 3243 740 3299 hrcreditatem
767 3246 986 3315 Christi,
1016 3247 1082 3302 ad
1113 3264 1334 3318 regnum
1365 3248 1481 3318 ejus
1502 3252 1584 3305 cui
1618 3252 1861 3318 dicimus,

283 3334 440 3390 Pater
486 3348 656 3391 noster
683 3355 701 3392 :
726 3339 1040 3409 alienigena:
1073 3351 1466 3411 computantur.
1508 3343 1576 3397 Et
1604 3359 1760 3413 quam
1787 3344 1868 3398 di-

278 3440 404 3481 cunt
442 3430 793 3495 felicitatem?
841 3431 967 3486 Filii
1008 3450 1181 3488 eorum
1217 3435 1346 3487 sicut
1380 3436 1588 3490 novella:
1612 3438 1867 3490 constabi-

278 3520 380 3572 litas
405 3534 425 3573 .'
450 3521 603 3589 quasi
642 3536 876 3592 propago
913 3524 1236 3593 prepaginis.
1282 3525 1454 3580 liabet
1478 3526 1672 3582 multos
1706 3528 1865 3593 filios,

278 3614 474 3666 multos
522 3625 782 3684 nepotes;
821 3630 1042 3671 securus
1067 3626 1149 3672 est
1185 3618 1448 3675 adversus
1482 3636 1639 3676 casus
1660 3624 1864 3678 mortis.

280 3704 438 3770 Quasi
478 3720 583 3759 non
635 3707 801 3761 millia
852 3707 1124 3764 hominum
1166 3710 1477 3781 plerumque
1525 3729 1663 3768 unus
1706 3729 1870 3769 casus

279 3794 546 3849 absumat.
576 3796 704 3851 Filii
732 3815 903 3852 eorum
948 3800 1075 3854 sicut
1104 3802 1315 3857 novella:
1336 3804 1687 3860 constabilita'.
1730 3806 1868 3861 Ecce

279 3896 403 3953 puta
431 3886 541 3941 sint
573 3888 664 3942 filii
695 3888 830 3943 sicut
873 3891 1098 3946 novella:
1138 3893 1491 3951 constabilitae
1523 3913 1538 3950 :
1567 3911 1743 3952 nonne
1774 3898 1873 3952 ali-

279 3976 493 4047 quando
529 3979 688 4032 etiam
734 3982 971 4035 novellas
1007 3982 1153 4039 silvis
1194 3985 1397 4040 vicinas
1437 3987 1689 4043 silvarum
1734 3988 1872 4059 ignis

280 4070 556 4123 absumit?
601 4069 755 4125 Filia.-
778 4089 951 4126 eorum
978 4083 1170 4130 ornatte
1194 4076 1325 4131 sicut
1359 4078 1637 4134 similitudo
1676 4080 1869 4150 templi.

281 4158 399 4213 Cito
425 4160 552 4215 hinc
581 4169 915 4218 transeamus
946 4182 962 4219 :
990 4167 1374 4223 consulendum
1405 4178 1489 4224 est
1510 4170 1695 4240 pudori
1722 4171 1874 4227 femi-

282 4269 492 4306 narum.
539 4254 672 4323 ipsae
724 4256 899 4325 potius
943 4256 1188 4314 habendo
1224 4271 1552 4331 cognoscant
1601 4263 1726 4333 quid
1772 4262 1872 4317 ha-

284 4342 471 4410 beant,
504 4344 645 4414 quod
674 4360 771 4401 nos
793 4350 1265 4407 commemorando
1294 4353 1685 4410 erubescimus.
1718 4354 1876 4410 Filia:

284 4451 453 4488 eorum
510 4448 704 4493 ornata:
754 4450 870 4494 sunt
918 4442 1046 4495 sicut
1089 4444 1364 4500 similitudo
1411 4447 1604 4517 templi.
1656 4448 1876 4505 Ccllaria

285 4542 463 4579 mur
486 4528 662 4597 piam,
692 4532 974 4585 «uetantia
998 4549 1061 4587 ea:
1086 4534 1181 4587 hoc
1206 4535 1257 4589 in
1289 4537 1403 4590 hoc.
1434 4536 1713 4604 Quomodo
1739 4539 1875 4595 dici-

286 4632 403 4671 mus
428 4618 499 4673 de
538 4621 939 4679 abundantibus
963 4643 979 4679 :
1003 4624 1125 4681 Non
1159 4626 1321 4683 habet
1357 4629 1448 4685 ubi
1491 4639 1679 4700 ponat,
1710 4633 1879 4688 nescit

284 4708 407 4777 quid
433 4709 649 4766 haheat.
678 4711 935 4783 lmpletur
959 4732 1120 4770 unum
1148 4718 1451 4785 cellarium,
1487 4729 1543 4776 et
1579 4722 1880 4778 redundant

486 4850 552 4889 id-
594 4851 641 4889 in
666 4851 765 4889 Dea]
810 4854 872 4889 30

370 4848 423 4910 a)
446 4856 469 4893 ι
486 4848 552 4896 id.
594 4851 643 4898 in
666 4851 784 4901 Psal.
810 4854 888 4915 3‘3,
911 4868 1059 4905 serm.
1086 4858 1134 4919 2,
1158 4873 1207 4907 ιι.
1233 4859 1278 4909 2.

346 4846 662 5001 ἔφξὲιξξιξὶωΛη
685 4914 762 5001 hic
780 4920 1113 5001 suspicabatur
1131 4921 1476 5001 .U'l‘immeriusn,‘
1485 4990 1493 4998 .
1502 4929 1587 4998 _qui
1608 4927 1881 5001 Aad_margl-

286 4983 402 5042 nent
424 4975 473 5020 in
492 4985 589 5042 suo
616 4975 781 5042 codice
804 4975 1011 5041 scripsit,
1045 4999 1066 5026 α
1085 4984 1144 5031 ad
1163 4985 1408 5033 Dominum
1432 4975 1537 5037 filii:
1552 4975 1584 5033 »ν
1603 4975 1883 5042 sed’iéiiiis

288 5032 425 5091 editi,
450 5040 516 5101 ut_
533 5035 577 5081 in
595 5032 943 5101 optimminotie
966 5032 1274 5094 dermanensr
1296 5032 1873 5101 us;**«3d"mﬁtiﬁiétiix{3

410 5097 569 5169 verbo
608 5106 692 5147 aut
713 5100 925 5169 Ecclesia
959 5104 1265 5169 significatur,
1289 5109 1429 5169 juxta
1467 5097 1883 5165 Neociesareensis

287 5154 476 5226 concilii
500 5169 735 5226 amonem
745 5162 794 5220 5,
817 5154 1199 5217 Katccsoirmenos
1222 5154 1881 5225 emi'aéridiﬁaﬁs7'iiii

484 5231 504 5267 ἔ
537 5237 557 5262 ι
578 5222 960 5300 ςδῑθξὺμιῐιριιιιε
980 5228 1019 5300 si
1038 5228 1322 5300 ingrediens
1340 5232 1386 5280 in
1404 5222 1767 5300 Dominicqu
1793 5222 1885 5300 pro

287 5291 387 5359 quo
408 5286 662 5359 mpsim
683 5287 895 5359 Exiguus
918 5296 969 5337 et
1004 5286 1211 5339 Isidorus
1234 5300 1459 5359 Mercator
1484 5286 1883 5359 interpretantur,

295 5357 339 5423 ἶ.
336 5341 386 5387 in
400 5340 682 5423 Itieclésiam.
702 5363 723 5389 »
749 5340 1022 5423 Ebdenulue
1039 5364 1189 5423 sensu
1205 5340 1625 5423 q}.rianus_iiilib:

290 5407 344 5450 et
364 5401 683 5475 eleenlos‘yna
709 5422 784 5475 :_«
807 5416 854 5458 In
884 5401 1175 5461 lximinicum
1201 5401 1305 5463 sive
1325 5401 1889 5475 eciin'éio'u-Bisffiu‘i

290 5470 442 5551 ἓἏῖ
759 5457 1100 5551 αδεὸτξιβφηει,
1113 5484 1165 5524 ut
1174 5477 1300 5551 apud
1310 5457 1601 5551 (rvprianum'
1616 5457 1743 5551 Iib._l
1763 5457 1889 5535 nunc

291 5530 491 5617 .:
518 5546 547 5617 ς«ι
567 5530 1139 5617 οὲ-ιιιὶιιῐριμηιρςιιιίιιηιιό
1254 5530 1429 5617 ere-Elis.
1457 5530 1711 5617 »_Et._apurl
1728 5530 1886 5617 λίίξτῇἰῐ

518 5590 566 5681 in
590 5594 836 5681 Blreviculo
856 5596 1018 5645 Collat.
1051 5612 1158 5646 cum
1179 5586 1461 5681 innatis-tis,

296 5665 318 5681 ι
359 5661 423 5681 rm
484 5664 513 5681 Ω
536 5664 611 5681 "In
635 5667 692 5681 non
708 5670 753 5681 ιη
769 5660 1064 5681 ..Λωζληζιφυι
1082 5663 1179 5681 ..-.3Α-
1200 5676 1251 5681 μγ-
1278 5677 1322 5681 ν--.
1380 5678 1390 5681 ι
1406 5674 1437 5681 -.
1456 5680 1463 5681 ,
1574 5675 1585 5681 -
1604 5676 1629 5681 ,κ
1769 5673 1779 5681 ι

296 5646 692 5721 sconﬁtebantur
706 5657 753 5704 in
767 5660 1069 5719 passionitms
1081 5646 1521 5714 adescandas;

293 5715 479 5786 egisse.
503 5730 531 5786 ιΔ
555 5720 601 5762 tn
619 5715 785 5766 borum
803 5729 1063 5786 martyrum
1081 5727 1251 5783 (testis,
1277 5738 1387 5786 qum
1410 5715 1646 5779 Suriusad
1665 5715 1892 5785 {xiiii-"rimi

294 5769 347 5819 it
375 5778 535 5824 re:ert
556 5810 570 5836 ,
596 5789 685 5827 rex
728 5798 749 5826 ι
768 5769 1055 5831 Dominicum
1079 5769 1100 5828 ἦ
1125 5769 1648 5852 ἷιῖἆιῦἷᾏὶῷιῖἶῖἶςῆἦ

1695 297 1922 353 εειιιιυ
1965 296 2173 352 XXXII.

3455 310 3559 366 ΞΜ

1980 405 2189 462 fructus
2224 426 2234 460 :
2275 408 2567 466 redundant
2614 414 3013 482 possessiones,
3064 427 3304 472 eructant
3349 420 3563 478 cellaria

1978 512 2041 552 ex
2068 497 2169 553 hoc
2193 499 2243 552 in
2276 498 2396 553 hoc.

2046 589 2269 647 CAPUT
2303 593 2487 647 XXVI.
2514 628 2581 636 —
2605 597 2693 653 9.6.
2729 599 2889 655 (lolio:
2914 604 3147 671 superbia
3178 621 3238 658 ea:
3266 615 3463 660 terrena
3489 614 3566 678 fe-

1978 683 2183 737 licitate.
2210 716 2280 724 —
2308 686 2434 740 Oves
2478 705 2647 742 eorum
2680 694 2928 748 fecunda'.
2962 696 3352 752 multiplicantes
3372 701 3423 753 in
3452 702 3533 755 cari
3551 729 3558 735 -

1976 775 2105 830 tibus
2131 776 2255 829 suis.
2292 777 2489 832 lntrant
2517 795 2730 849 panem;
2758 785 3001 852 pariunt,
3039 797 3093 841 et
3120 800 3316 844 exeunt
3344 792 3522 846 multa:
3547 812 3563 846 :

1978 868 2370 937 multiplicantes
2398 870 2451 923 in
2476 872 2694 926 exitibus
2722 876 2845 928 suis.
2877 876 3031 931 Anno
3064 880 3239 949 priore
3274 890 3351 937 tot
3387 894 3562 947 erant,

1980 956 2082 1011 hoc
2110 973 2251 1012 anno
2283 969 2358 1012 tot
2395 970 2537 1015 sunt.
2569 962 2840 1019 Gaudetur
2876 976 2930 1020 et
2962 971 3286 1037 exsultatnr;
3317 975 3565 1028 tumeScit

1978 1046 2179 1113 Colias,
2207 1058 2261 1103 et
2288 1049 2353 1103 ad
2385 1061 2653 1109 certamen
2684 1065 2935 1123 provocat
2959 1059 3218 1126 superbus
3247 1062 3295 1116 in
3323 1063 3421 1117 ista
3451 1063 3565 1119 feli-

1977 1139 2134 1193 citate
2158 1158 2172 1193 :
2197 1140 2327 1208 Quis
2347 1143 2474 1197 mihi
2499 1146 2707 1213 potest?
2732 1148 2849 1217 quis
2871 1149 2996 1203 mihi
3018 1151 3210 1207 audet?
3230 1154 3285 1209 Si
3309 1172 3410 1210 non
3436 1158 3561 1211 illud

1977 1228 2161 1283 dicunt
2188 1230 2430 1288 homines
2455 1236 2643 1304 quibus
2674 1237 2786 1292 lucc
2812 1239 3099 1305 abundant,
3129 1245 3171 1298 si
3200 1260 3302 1300 non
3327 1249 3561 1317 quotidie

1978 1326 2341 1396 unusquisque
2367 1329 2529 1382 sentit
2557 1329 2609 1383 in
2637 1346 2713 1385 se.
2746 1331 2915 1387 liabet
2936 1335 3129 1404 aliquid
3155 1340 3378 1407 amplius
3405 1357 3559 1410 quam

1977 1414 2214 1480 vicinus;
2261 1432 2440 1472 nonne
2468 1418 2630 1487 dicit,
2663 1420 2791 1488 Quis
2830 1424 2957 1478 mibi
3002 1428 3210 1494 potest?
3238 1442 3329 1483 aut
3360 1432 3563 1486 vicinus

1980 1504 2079 1561 iste
2117 1507 2160 1560 si
2192 1507 2322 1561 mihi
2353 1508 2535 1564 fecerit
2565 1512 2810 1581 injuriam
2845 1530 2945 1569 non
2975 1516 3045 1570 illi
3077 1521 3334 1575 ostendo?
3362 1523 3491 1577 Vide
3518 1527 3561 1578 si

1978 1612 2084 1651 non
2119 1598 2300 1653 Golias
2329 1610 2408 1653 est
2442 1618 2732 1670 provocans
2760 1606 2825 1659 ad
2853 1620 3142 1665 certamen.
3184 1612 3286 1667 Sed
3329 1617 3564 1683 procedit

1979 1686 2175 1754 David,
2209 1689 2383 1743 nudus
2412 1693 2575 1745 armis
2606 1694 2811 1750 bellicis
2832 1740 2844 1764 ,
2878 1712 3111 1755 armatus
3143 1703 3402 1773 lapidibus
3432 1723 3562 1776 pau-

1976 1777 2091 1844 cis,
2122 1790 2420 1846 prosternet
2448 1796 2661 1838 omnem
2689 1786 2989 1855 superbiam
3010 1830 3024 1852 ,
3060 1790 3108 1846 id
3134 1802 3236 1857 est,
3262 1794 3433 1863 justus
3464 1796 3564 1851 ho-

1980 1883 2067 1921 mo
2098 1887 2110 1921 :
2143 1869 2279 1924 sicut
2308 1880 2569 1943 martyres
2600 1872 2857 1943 fecerunt,
2891 1892 3288 1947 prostraverunt
3318 1886 3561 1957 injustas.

1975 1959 2039 2013 Iit
2063 1974 2127 2013 eo
2151 1969 2387 2030 tempore
2409 1979 2514 2032 quo
2536 1964 2848 2022 videbantur
2869 1971 3094 2025 victores
3109 2014 3123 2038 ,
3155 1974 3252 2044 ipsi
3277 1978 3562 2035 vinceban-

1978 2059 2085 2114 tur,
2112 2052 2323 2120 quando
2351 2055 2401 2107 in
2430 2054 2511 2109 bis
2536 2055 2639 2110 dux
2667 2058 2899 2128 ipsorum
2926 2062 3168 2119 diabolus
3194 2071 3558 2137 superabatur.

2041 2139 2081 2196 C
2103 2141 2266 2197 \I‘UT
2298 2143 2487 2197 XXVII
2496 2184 2508 2198 .
2522 2177 2592 2186 —
2607 2148 2697 2203 27.
2720 2147 2783 2203 1η
2806 2167 2887 2205 eos
2915 2154 2999 2221 qui
3023 2154 3084 2208 de
3106 2156 3343 2224 felicitate
3368 2170 3563 2217 terrena

1970 2234 2208 2303 gaudent.
2263 2235 2452 2289 Verum
2493 2238 2795 2295 felicitatem
2854 2244 2996 2298 illam
3057 2249 3317 2305 attendite
3368 2269 3380 2304 :
3436 2252 3563 2308 Oves

1973 2342 2146 2379 eorum
2187 2328 2576 2397 multiplicantes
2618 2334 2671 2386 in
2705 2334 2917 2390 exitibus
2956 2354 2973 2391 :
3010 2338 3154 2394 boves
3182 2359 3352 2397 eorum
3382 2349 3559 2400 crassi.

1973 2415 2094 2470 Non
2131 2428 2201 2471 est
2239 2420 2389 2471 ruina
2430 2423 2585 2491 scpis.
2622 2423 2776 2495 Sepis
2812 2427 2951 2482 enim
2993 2430 3301 2503 plerumque
3337 2439 3565 2492 maceria

1971 2520 2091 2562 csse
2116 2509 2270 2562 Solet.
2302 2509 2423 2563 Non
2446 2521 2515 2566 est
2542 2515 2696 2567 ruina
2719 2518 2872 2585 scpis,
2897 2535 3052 2588 neque
3072 2523 3230 2577 exitus
3252 2541 3271 2577 :
3294 2529 3467 2581 omnia
3493 2529 3564 2582 in-

1972 2608 2138 2670 tegra,
2169 2602 2343 2655 omnia
2376 2602 2606 2672 perfecta
2626 2647 2640 2671 ,
2680 2609 2856 2662 omnia
2886 2610 3058 2679 plena.
3095 2613 3267 2683 Neque
3294 2618 3485 2671 clamor
3509 2621 3563 2674 in

1972 2692 2150 2760 plateis
2177 2709 2348 2745 eorum
2374 2709 2394 2747 :
2416 2710 2519 2749 non
2543 2697 2685 2762 lites,
2706 2714 2810 2752 non
2840 2704 3114 2756 tumultus.
3140 2704 3325 2761 Videte
3350 2711 3561 2780 qualem

1971 2782 2275 2838 felicitatem
2307 2786 2455 2853 quasi
2485 2786 2847 2844 innocentium
2869 2790 3133 2847 describat
3163 2812 3175 2847 :
3206 2812 3272 2851 ne
3298 2798 3440 2852 dicat
3462 2801 3562 2855 sibi

1976 2875 2220 2945 quisque,
2247 2876 2349 2930 Sed
2377 2876 2475 2931 hoc
2498 2878 2630 2933 dixit
2654 2880 2720 2934 de
2748 2881 2851 2936 illis
2875 2883 2964 2952 qui
2990 2885 3203 2953 rapiunt
3228 2902 3313 2941 res
3337 2890 3559 2947 alienas.

1971 2965 2085 3019 Non
2116 2974 2199 3020 est
2229 2966 2351 3020 hinc
2380 2966 2579 3022 dictum
2609 2970 2804 3039 aliquid
2836 2990 2850 3025 :
2882 2973 3005 3028 alibi
3038 2974 3098 3029 fit
3128 2977 3308 3031 talium
3340 2983 3562 3037 mentio.

1970 3056 2101 3111 Nam
2146 3059 2480 3112 manifestum
2522 3069 2601 3115 est
2645 3063 2937 3119 sceleratos
2981 3082 3100 3122 esse
3142 3071 3454 3138 puniendos.
3500 3074 3565 3127 Et

1974 3149 2097 3203 hinc
2144 3147 2340 3203 debent
2389 3149 2685 3218 intelligere
2740 3168 2859 3222 qua:
2916 3170 3074 3225 paena
3125 3173 3218 3213 eos
3268 3170 3560 3232 exspectet,

1973 3240 2186 3309 quando
2231 3240 2485 3296 innocens
2528 3244 2749 3313 quisque
2787 3260 2906 3300 cum
2948 3248 3030 3302 his
3060 3253 3290 3320 superbe
3322 3259 3482 3309 utitur
3511 3268 3565 3311 et

1974 3333 2352 3398 inunoderate,
2383 3335 2696 3403 reprobatur
2718 3352 2747 3390 a
2781 3338 2915 3403 Deo,
2946 3350 3000 3394 et
3032 3341 3168 3396 inter
3206 3344 3342 3399 filios
3376 3348 3564 3401 alieni~

1970 3439 2225 3493 genarum
2258 3435 2616 3493 eoinputatur.
2656 3425 2771 3481 Non
2810 3430 2951 3483 enim
2986 3442 3039 3485 et
3066 3432 3213 3487 dives
3245 3435 3332 3489 ille
3360 3438 3564 3492 alienos

1974 3515 2177 3568 fructus
2202 3516 2505 3585 qnarrebat,
2536 3518 2619 3571 cui
2647 3521 2905 3574 successit
2935 3523 3085 3592 regio
3115 3524 3163 3576 in
3193 3524 3479 3595 Iruclilnts,
3511 3542 3566 3585 ct

1972 3624 2094 3663 cum
2139 3618 2422 3673 a-stoaret,
2468 3626 2572 3664 non
2614 3610 2817 3668 habens
2854 3631 2959 3685 quo
2989 3630 3335 3689 coogregaret
3364 3622 3566 3678 fruetus

1977 3701 2295 3766 mundanos,
2324 3710 2375 3755 et
2402 3719 2505 3755 non
2532 3702 2727 3757 videret
2757 3720 3017 3776 pauperes
3046 3710 3095 3763 in
3120 3712 3308 3780 quibus
3329 3715 3426 3768 sibi
3450 3716 3566 3769 the-

1975 3795 2266 3847 saurizaret
2291 3792 2341 3845 in
2367 3794 2504 3848 (mlo
2530 3811 2542 3846 :
2576 3792 2861 3861 Dcstruam,
2893 3799 3079 3868 inquit,
3109 3804 3377 3872 apothecas
3402 3823 3539 3862 meas

1974 3891 2018 3935 et
2044 3885 2227 3953 faciam
2256 3898 2409 3936 novas
2430 3884 2720 3954 ampliores,
2750 3894 2796 3939 et
2816 3888 3015 3958 replebo
3037 3908 3138 3945 cas.
3173 3892 3341 3958 Unde,
3370 3896 3467 3950 nisi
3495 3897 3564 3953 de

1977 3973 2233 4028 fructibus
2277 3974 2427 4028 suis?
2471 3973 2536 4027 Et
2577 3975 2742 4029 dicam
2785 3978 2969 4033 anima:
3008 3999 3131 4035 mea:
3159 3999 3177 4037 :
3210 3983 3374 4039 Habes
3403 3987 3565 4041 nmlta

1976 4064 2134 4122 bona.
2164 4064 2371 4118 satiare.
2402 4062 2541 4118 Dixit
2569 4075 2732 4119 autem
2758 4068 2832 4120 illi
2862 4068 2996 4124 Dens
3029 4088 3047 4123 :
3073 4071 3239 4129 Stulte
3259 4116 3273 4141 ,
3303 4076 3396 4131 liae
3418 4091 3563 4133 nocte

1977 4159 2235 4224 auferetur
2262 4170 2294 4206 a
2324 4172 2370 4207 te
2397 4152 2565 4207 anima
2596 4164 2683 4208 tua
2707 4173 2724 4219 ;
2752 4174 2865 4228 qua:
2893 4164 3221 4232 prwparasti,
3252 4168 3395 4239 cujus
3421 4179 3565 4223 erant

1982 4243 2128 4316 (Luc.
2158 4262 2260 4308 ιιι,
2291 4244 2544 4314 16-20)?
2581 4246 2728 4302 Sicut
2757 4266 2884 4319 ergo
2915 4253 2965 4305 in
2996 4254 3311 4324 Evangelia,
3355 4257 3559 4325 fratres,

1980 4337 2281 4389 insultatum
2304 4345 2383 4389 est
2406 4336 2603 4391 homini
2625 4340 2871 4408 gaudenti
2896 4342 2963 4397 de
2987 4348 3265 4415 temporali
3296 4349 3566 4415 felicitate,

1978 4427 2220 4497 quamvis
2264 4428 2337 4480 illi
2386 4426 2612 4483 felicitas
2652 4430 2717 4484 de
2756 4448 2884 4501 agro
2925 4437 3140 4505 proprio
3168 4449 3338 4501 esset,
3372 4457 3474 4495 non
3502 4443 3569 4496 de

1981 4518 2180 4585 rapinis
2208 4518 2394 4571 alienis
2424 4536 2438 4572 :
2470 4520 2545 4573 sic
2572 4531 2626 4574 et
2657 4522 2706 4576 in
2738 4524 2840 4578 isto
2869 4527 3070 4595 psalmo
3104 4534 3375 4601 temporali
3407 4534 3573 4588 felici-

1983 4609 2076 4661 tati
2101 4608 2403 4674 insultatur,
2434 4621 2488 4665 ut
2514 4612 2683 4666 discat
2710 4615 2882 4669 anima
2916 4618 3158 4675 innovata
3185 4633 3237 4677 et
3263 4635 3571 4693 regenerata

1984 4713 2078 4768 per
2099 4698 2319 4768 gratiam
2350 4700 2519 4769 lactis,
2548 4703 2687 4757 illam
2710 4706 3015 4764 desiderare
3037 4724 3342 4782 perpetuam
3368 4726 3420 4770 et
3440 4735 3573 4772 sem-

1985 4793 2243 4861 pitcrnam
2286 4792 2612 4849 beatitateni.
2659 4796 2780 4851 Ideo
2812 4801 2928 4856 vide
2958 4805 3223 4871 quomodo
3251 4819 3532 4873 crninectat
3566 4829 3581 4867 :

1987 4884 2213 4947 Quorum
2263 4882 2359 4949 lilii
2397 4901 2567 4938 eorum
2607 4888 2732 4940 sicut
2779 4892 2988 4945 novella:
3038 4897 3405 4959 constabilitw;
3450 4901 3575 4969 ﬁlim

1985 4991 2157 5028 eorum
2187 4986 2377 5030 ornata:
2401 4988 2452 5029 ut
2479 4979 2753 5035 similitudo
2777 4985 2950 5052 templi
3003 4984 3223 5041 Ccllaria
3265 5007 3434 5043 coram
3468 4995 3576 5065 pln-

1988 5083 2075 5129 na,
2098 5069 2375 5120 eructantia
2401 5086 2462 5122 ea:
2488 5070 2581 5124 hoc
2606 5088 2657 5124 tn
2684 5072 2795 5126 Itoc.
2828 5075 2955 5129 Oves
2982 5094 3152 5130 eorum
3178 5083 3427 5151 faciunttu,
3460 5104 3579 5140 mm?

1992 5156 2273 5225 tiplicantes
2300 5158 2351 5209 in
2378 5159 2592 5215 exitibus
2616 5164 2719 5215 suis
2743 5179 2761 5216 :
2786 5165 2929 5219 boves
2958 5184 3129 5220 eorum
3149 5170 3325 5225 crassi.
3358 5173 3478 5228 Non
3511 5193 3582 5230 ιες

1992 5248 2141 5300 ruina
2162 5248 2313 5318 scpis,
2338 5267 2495 5319 neque
2513 5254 2694 5321 exitus,
2719 5274 2877 5326 neque
2896 5259 3087 5312 clamor
3110 5261 3161 5314 in
3185 5264 3363 5331 plateis
3384 5284 3579 5320 eorum.

1992 5335 2205 5389 Beatum
2235 5338 2466 5392 dixerunt
2494 5344 2735 5411 populum
2770 5348 2850 5399 cui
2876 5348 2983 5401 Ita’c
3010 5361 3143 5405 sunt.
3182 5350 3285 5408 Sed
3314 5357 3403 5425 qui
3436 5357 3576 5411 dixe-

1994 5428 2153 5480 runt?
2182 5428 2406 5493 Quorum
2431 5447 2486 5484 os
2512 5432 2731 5487 locutum
2756 5445 2829 5489 est
2852 5439 3141 5493 vanitatem.
3167 5442 3419 5513 Superius
3439 5447 3583 5501 enin;

1994 5520 2241 5588 descripti
2274 5530 2415 5575 sunt.

2066 5611 2288 5666 CAPUT
2323 5614 2554 5668 XXVIII.
2592 5644 2661 5657 -ο-
2704 5617 2793 5673 9.8.
2842 5620 3025 5677 Beatus
3073 5627 3293 5695 populus
3332 5627 3457 5698 quis.
3503 5628 3584 5684 Tn

1998 5712 2173 5755 autem
2200 5704 2323 5772 quid
2356 5704 2526 5758 dicis?
2555 5705 2684 5761 Nam
2732 5710 2801 5763 illi
2847 5711 3041 5767 beatum
3074 5716 3303 5769 dixerunt
3342 5720 3584 5789 populant

1998 5795 2075 5846 cui
2105 5794 2209 5846 lare
2236 5805 2369 5847 sunt.
2406 5795 2516 5864 ligo
2543 5799 2664 5867 quid
2695 5799 2853 5854 dico?
2884 5801 3067 5857 Beatus
3095 5808 3313 5873 populus
3339 5814 3485 5878 cujus
3517 5823 3584 5865 est
