  <div class='ocr_page' id='page_1' title='image "/cluster/home/n/w/nwhite01/storage/ocr_20150623/38/hvd.32044015706294/109.png"; bbox 0 0 3994 6480; ppageno 0'>
   <div class='ocr_carea' id='block_1_1' title="bbox 419 358 536 416">
    <p class='ocr_par' dir='ltr' id='par_1_1' title="bbox 419 358 536 416">
     <span class='ocr_line' id='line_1_1' title="bbox 419 358 536 416; baseline -0.009 0"><span class='ocrx_word' id='word_1_1' title='bbox 419 358 536 416; x_wconf 73' lang='grc'><strong>207</strong></span> 
     </span>
    </p>
   </div>
   <div class='ocr_carea' id='block_1_2' title="bbox 419 461 2004 540">
    <p class='ocr_par' dir='ltr' id='par_1_2' title="bbox 419 461 2004 540">
     <span class='ocr_line' id='line_1_2' title="bbox 419 461 2004 540; baseline -0.011 -10"><span class='ocrx_word' id='word_1_2' title='bbox 419 474 672 530; x_wconf 86' lang='lat' dir='ltr'><strong>Dominus</strong></span> <span class='ocrx_word' id='word_1_3' title='bbox 709 471 845 525; x_wconf 82' lang='lat' dir='ltr'><strong>Deus</strong></span> <span class='ocrx_word' id='word_1_4' title='bbox 874 470 1052 540; x_wconf 78' lang='lat' dir='ltr'><strong>ipsius.</strong></span> <span class='ocrx_word' id='word_1_5' title='bbox 1097 467 1234 536; x_wconf 77' lang='lat' dir='ltr'><strong>Ergo</strong></span> <span class='ocrx_word' id='word_1_6' title='bbox 1275 464 1364 518; x_wconf 87' lang='lat' dir='ltr'><strong>ille</strong></span> <span class='ocrx_word' id='word_1_7' title='bbox 1405 472 1488 518; x_wconf 86' lang='lat' dir='ltr'><strong>est</strong></span> <span class='ocrx_word' id='word_1_8' title='bbox 1529 461 1716 518; x_wconf 87' lang='lat' dir='ltr'><strong>beatus</strong></span> <span class='ocrx_word' id='word_1_9' title='bbox 1758 461 2004 532; x_wconf 86' lang='lat' dir='ltr'><strong>populus,</strong></span> 
     </span>
    </p>
   </div>
   <div class='ocr_carea' id='block_1_3' title="bbox 417 551 2040 638">
    <p class='ocr_par' dir='ltr' id='par_1_3' title="bbox 417 551 2040 638">
     <span class='ocr_line' id='line_1_3' title="bbox 417 551 2040 638; baseline -0.01 -18"><span class='ocrx_word' id='word_1_10' title='bbox 417 567 506 638; x_wconf 91' lang='lat' dir='ltr'><strong>qui</strong></span> <span class='ocrx_word' id='word_1_11' title='bbox 537 579 632 633; x_wconf 89' lang='lat' dir='ltr'><strong>pro</strong></span> <span class='ocrx_word' id='word_1_12' title='bbox 667 563 785 616; x_wconf 82' lang='lat' dir='ltr'><strong>filiis</strong></span> <span class='ocrx_word' id='word_1_13' title='bbox 813 561 924 614; x_wconf 86' lang='lat' dir='ltr'><strong>suis</strong></span> <span class='ocrx_word' id='word_1_14' title='bbox 952 569 1006 614; x_wconf 90' lang='lat' dir='ltr'><strong>et</strong></span> <span class='ocrx_word' id='word_1_15' title='bbox 1042 573 1139 628; x_wconf 90' lang='lat' dir='ltr'><strong>pro</strong></span> <span class='ocrx_word' id='word_1_16' title='bbox 1171 556 1377 610; x_wconf 86' lang='lat' dir='ltr'><strong>tiliabus</strong></span> <span class='ocrx_word' id='word_1_17' title='bbox 1406 554 1637 618; x_wconf 89' lang='lat' dir='ltr'><strong>ornatis,</strong></span> <span class='ocrx_word' id='word_1_18' title='bbox 1672 567 1768 622; x_wconf 89' lang='lat' dir='ltr'><strong>pro</strong></span> <span class='ocrx_word' id='word_1_19' title='bbox 1807 551 2006 606; x_wconf 88' lang='lat' dir='ltr'><strong>crassi-</strong></span> <span class='ocrx_word' id='word_1_20' title='bbox 2035 615 2040 619; x_wconf 91' lang='lat'>_</span> 
     </span>
    </p>
   </div>
   <div class='ocr_carea' id='block_1_4' title="bbox 420 644 2006 723">
    <p class='ocr_par' dir='ltr' id='par_1_4' title="bbox 420 644 2006 723">
     <span class='ocr_line' id='line_1_4' title="bbox 420 644 2006 723; baseline -0.009 -10"><span class='ocrx_word' id='word_1_21' title='bbox 420 658 604 713; x_wconf 90' lang='lat' dir='ltr'><strong>tudine</strong></span> <span class='ocrx_word' id='word_1_22' title='bbox 635 657 816 719; x_wconf 87' lang='lat' dir='ltr'><strong>boum,</strong></span> <span class='ocrx_word' id='word_1_23' title='bbox 849 667 944 723; x_wconf 89' lang='lat' dir='ltr'><strong>pro</strong></span> <span class='ocrx_word' id='word_1_24' title='bbox 971 649 1292 706; x_wconf 76' lang='lat' dir='ltr'><strong>fecunditate</strong></span> <span class='ocrx_word' id='word_1_25' title='bbox 1318 648 1526 713; x_wconf 89' lang='lat' dir='ltr'><strong>ovium,</strong></span> <span class='ocrx_word' id='word_1_26' title='bbox 1558 661 1653 716; x_wconf 91' lang='lat' dir='ltr'><strong>pro</strong></span> <span class='ocrx_word' id='word_1_27' title='bbox 1683 644 2006 716; x_wconf 88' lang='lat' dir='ltr'><strong>plenitudine</strong></span> 
     </span>
    </p>
   </div>
   <div class='ocr_carea' id='block_1_5' title="bbox 414 740 2007 814">
    <p class='ocr_par' dir='ltr' id='par_1_5' title="bbox 414 740 2007 814">
     <span class='ocr_line' id='line_1_5' title="bbox 414 740 2007 814; baseline -0.011 -8"><span class='ocrx_word' id='word_1_28' title='bbox 414 748 774 812; x_wconf 81' lang='lat' dir='ltr'><strong>cellariorum,</strong></span> <span class='ocrx_word' id='word_1_29' title='bbox 807 758 903 814; x_wconf 84' lang='lat' dir='ltr'><strong>pro</strong></span> <span class='ocrx_word' id='word_1_30' title='bbox 929 741 1230 812; x_wconf 85' lang='lat' dir='ltr'><strong>integritate</strong></span> <span class='ocrx_word' id='word_1_31' title='bbox 1253 740 1596 794; x_wconf 82' lang='lat' dir='ltr'><strong>:ediliciorum</strong></span> <span class='ocrx_word' id='word_1_32' title='bbox 1620 778 1634 804; x_wconf 92' lang='lat'><strong>,</strong></span> <span class='ocrx_word' id='word_1_33' title='bbox 1663 751 1760 808; x_wconf 87' lang='lat' dir='ltr'><strong>pro</strong></span> <span class='ocrx_word' id='word_1_34' title='bbox 1788 750 1916 805; x_wconf 89' lang='lat' dir='ltr'><strong>pace</strong></span> <span class='ocrx_word' id='word_1_35' title='bbox 1944 749 2007 789; x_wconf 92' lang='lat' dir='ltr'><strong>ac</strong></span> 
     </span>
    </p>
   </div>
   <div class='ocr_carea' id='block_1_6' title="bbox 415 827 2002 910">
    <p class='ocr_par' dir='ltr' id='par_1_6' title="bbox 415 827 2002 910">
     <span class='ocr_line' id='line_1_6' title="bbox 415 827 2002 910; baseline -0.014 -9"><span class='ocrx_word' id='word_1_36' title='bbox 415 845 602 901; x_wconf 89' lang='lat' dir='ltr'><strong>litibus</strong></span> <span class='ocrx_word' id='word_1_37' title='bbox 636 851 690 896; x_wconf 89' lang='lat' dir='ltr'><strong>et</strong></span> <span class='ocrx_word' id='word_1_38' title='bbox 723 838 910 910; x_wconf 70' lang='lat' dir='ltr'><strong>iurgiis</strong></span> <span class='ocrx_word' id='word_1_39' title='bbox 933 833 1221 898; x_wconf 77' lang='lat' dir='ltr'><strong>civilibus,</strong></span> <span class='ocrx_word' id='word_1_40' title='bbox 1267 845 1364 901; x_wconf 87' lang='lat' dir='ltr'><strong>pro</strong></span> <span class='ocrx_word' id='word_1_41' title='bbox 1405 831 1504 885; x_wconf 84' lang='lat' dir='ltr'><strong>ista</strong></span> <span class='ocrx_word' id='word_1_42' title='bbox 1543 828 1688 883; x_wconf 90' lang='lat' dir='ltr'><strong>omni</strong></span> <span class='ocrx_word' id='word_1_43' title='bbox 1735 827 2002 890; x_wconf 89' lang='lat' dir='ltr'><strong>felicitate,</strong></span> 
     </span>
    </p>
   </div>
   <div class='ocr_carea' id='block_1_7' title="bbox 417 919 2007 998">
    <p class='ocr_par' dir='ltr' id='par_1_7' title="bbox 417 919 2007 998">
     <span class='ocr_line' id='line_1_7' title="bbox 417 919 2007 998; baseline -0.013 -6"><span class='ocrx_word' id='word_1_44' title='bbox 417 937 584 992; x_wconf 86' lang='lat' dir='ltr'><strong>Deum</strong></span> <span class='ocrx_word' id='word_1_45' title='bbox 601 947 761 988; x_wconf 83' lang='lat' dir='ltr'><strong>suum</strong></span> <span class='ocrx_word' id='word_1_46' title='bbox 781 929 894 984; x_wconf 84' lang='lat' dir='ltr'><strong>vult</strong></span> <span class='ocrx_word' id='word_1_47' title='bbox 918 926 1214 998; x_wconf 85' lang='lat' dir='ltr'><strong>possidere,</strong></span> <span class='ocrx_word' id='word_1_48' title='bbox 1238 933 1296 978; x_wconf 91' lang='lat' dir='ltr'><strong>ut</strong></span> <span class='ocrx_word' id='word_1_49' title='bbox 1318 924 1486 993; x_wconf 90' lang='lat' dir='ltr'><strong>ipsum</strong></span> <span class='ocrx_word' id='word_1_50' title='bbox 1515 921 1704 975; x_wconf 89' lang='lat' dir='ltr'><strong>habeat</strong></span> <span class='ocrx_word' id='word_1_51' title='bbox 1727 934 1823 990; x_wconf 89' lang='lat' dir='ltr'><strong>pro</strong></span> <span class='ocrx_word' id='word_1_52' title='bbox 1842 919 2007 973; x_wconf 85' lang='lat' dir='ltr'><strong>omni-</strong></span> 
     </span>
    </p>
   </div>
   <div class='ocr_carea' id='block_1_8' title="bbox 416 1010 2006 1096">
    <p class='ocr_par' dir='ltr' id='par_1_8' title="bbox 416 1010 2006 1096">
     <span class='ocr_line' id='line_1_8' title="bbox 416 1010 2006 1096; baseline -0.013 -13"><span class='ocrx_word' id='word_1_53' title='bbox 416 1028 516 1083; x_wconf 90' lang='lat' dir='ltr'><strong>bus</strong></span> <span class='ocrx_word' id='word_1_54' title='bbox 535 1069 550 1092; x_wconf 88' lang='lat'><strong>,</strong></span> <span class='ocrx_word' id='word_1_55' title='bbox 577 1024 667 1096; x_wconf 86' lang='lat' dir='ltr'><strong>qui</strong></span> <span class='ocrx_word' id='word_1_56' title='bbox 693 1019 928 1079; x_wconf 80' lang='lat' dir='ltr'><strong>condidit</strong></span> <span class='ocrx_word' id='word_1_57' title='bbox 953 1019 1130 1074; x_wconf 83' lang='lat' dir='ltr'><strong>omnia</strong></span> <span class='ocrx_word' id='word_1_58' title='bbox 1150 1058 1166 1082; x_wconf 93' lang='lat'><strong>,</strong></span> <span class='ocrx_word' id='word_1_59' title='bbox 1195 1024 1249 1070; x_wconf 78' lang='lat' dir='ltr'><strong>et</strong></span> <span class='ocrx_word' id='word_1_60' title='bbox 1273 1015 1446 1079; x_wconf 89' lang='lat' dir='ltr'><strong>dicat,</strong></span> <span class='ocrx_word' id='word_1_61' title='bbox 1480 1011 1611 1066; x_wconf 80' lang='lat' dir='ltr'><strong>Mihi</strong></span> <span class='ocrx_word' id='word_1_62' title='bbox 1638 1022 1804 1065; x_wconf 85' lang='lat' dir='ltr'><strong>autem</strong></span> <span class='ocrx_word' id='word_1_63' title='bbox 1832 1010 2006 1063; x_wconf 78' lang='lat' dir='ltr'><strong>adlue—</strong></span> 
     </span>
    </p>
   </div>
   <div class='ocr_carea' id='block_1_9' title="bbox 413 1103 2002 1182">
    <p class='ocr_par' dir='ltr' id='par_1_9' title="bbox 413 1103 2002 1182">
     <span class='ocr_line' id='line_1_9' title="bbox 413 1103 2002 1182; baseline -0.013 -6"><span class='ocrx_word' id='word_1_64' title='bbox 413 1137 526 1176; x_wconf 82' lang='lat' dir='ltr'><strong>rere</strong></span> <span class='ocrx_word' id='word_1_65' title='bbox 566 1118 708 1182; x_wconf 85' lang='lat' dir='ltr'><strong>Deo,</strong></span> <span class='ocrx_word' id='word_1_66' title='bbox 757 1115 942 1169; x_wconf 89' lang='lat' dir='ltr'><strong>bonum</strong></span> <span class='ocrx_word' id='word_1_67' title='bbox 989 1120 1061 1167; x_wconf 82' lang='lat' dir='ltr'><strong>est</strong></span> <span class='ocrx_word' id='word_1_68' title='bbox 1111 1108 1286 1181; x_wconf 88' lang='lat' dir='ltr'><strong>(Psal.</strong></span> <span class='ocrx_word' id='word_1_69' title='bbox 1311 1122 1488 1172; x_wconf 70' lang='lat' dir='ltr'><strong>Lxxu,</strong></span> <span class='ocrx_word' id='word_1_70' title='bbox 1517 1104 1608 1173; x_wconf 73' lang='lat'><strong>28)</strong></span> <span class='ocrx_word' id='word_1_71' title='bbox 1646 1121 1659 1158; x_wconf 90' lang='lat'><strong>:</strong></span> <span class='ocrx_word' id='word_1_72' title='bbox 1702 1103 1844 1157; x_wconf 80' lang='lat' dir='ltr'><strong>colat</strong></span> <span class='ocrx_word' id='word_1_73' title='bbox 1880 1117 2002 1156; x_wconf 90' lang='lat' dir='ltr'><strong>eum</strong></span> 
     </span>
    </p>
   </div>
   <div class='ocr_carea' id='block_1_10' title="bbox 413 1195 2005 1298">
    <p class='ocr_par' dir='ltr' id='par_1_10' title="bbox 413 1195 2005 1298">
     <span class='ocr_line' id='line_1_10' title="bbox 413 1195 2005 1298; baseline -0.013 -29"><span class='ocrx_word' id='word_1_74' title='bbox 413 1213 612 1285; x_wconf 84' lang='lat' dir='ltr'><strong>gratis;</strong></span> <span class='ocrx_word' id='word_1_75' title='bbox 660 1208 800 1264; x_wconf 82' lang='lat' dir='ltr'><strong>colat</strong></span> <span class='ocrx_word' id='word_1_76' title='bbox 840 1204 1053 1277; x_wconf 78' lang='lat' dir='ltr'><strong>quando</strong></span> <span class='ocrx_word' id='word_1_77' title='bbox 1097 1203 1195 1256; x_wconf 90' lang='lat' dir='ltr'><strong>ista</strong></span> <span class='ocrx_word' id='word_1_78' title='bbox 1234 1200 1357 1266; x_wconf 86' lang='lat' dir='ltr'><strong>dat,</strong></span> <span class='ocrx_word' id='word_1_79' title='bbox 1394 1208 1452 1254; x_wconf 87' lang='lat' dir='ltr'><strong>et</strong></span> <span class='ocrx_word' id='word_1_80' title='bbox 1481 1196 1694 1268; x_wconf 82' lang='lat' dir='ltr'><strong>quando</strong></span> <span class='ocrx_word' id='word_1_81' title='bbox 1719 1195 1919 1298; x_wconf 44' lang='lat' dir='ltr'><strong>aufert:</strong></span> <span class='ocrx_word' id='word_1_82' title='bbox 1949 1202 2005 1249; x_wconf 90' lang='lat' dir='ltr'><strong>et</strong></span> 
     </span>
    </p>
   </div>
   <div class='ocr_carea' id='block_1_11' title="bbox 411 1292 2004 1388">
    <p class='ocr_par' dir='ltr' id='par_1_11' title="bbox 411 1292 2004 1388">
     <span class='ocr_line' id='line_1_11' title="bbox 411 1292 2004 1388; baseline -0.015 -26"><span class='ocrx_word' id='word_1_83' title='bbox 411 1303 628 1378; x_wconf 85' lang='lat' dir='ltr'><strong>quando</strong></span> <span class='ocrx_word' id='word_1_84' title='bbox 657 1317 762 1357; x_wconf 91' lang='lat' dir='ltr'><strong>non</strong></span> <span class='ocrx_word' id='word_1_85' title='bbox 793 1299 883 1354; x_wconf 88' lang='lat' dir='ltr'><strong>dat</strong></span> <span class='ocrx_word' id='word_1_86' title='bbox 922 1315 937 1352; x_wconf 90' lang='lat'><strong>:</strong></span> <span class='ocrx_word' id='word_1_87' title='bbox 971 1305 1026 1352; x_wconf 89' lang='lat' dir='ltr'><strong>et</strong></span> <span class='ocrx_word' id='word_1_88' title='bbox 1064 1294 1196 1349; x_wconf 87' lang='lat' dir='ltr'><strong>nihil</strong></span> <span class='ocrx_word' id='word_1_89' title='bbox 1239 1293 1318 1348; x_wconf 85' lang='lat' dir='ltr'><strong>sic</strong></span> <span class='ocrx_word' id='word_1_90' title='bbox 1356 1292 1574 1388; x_wconf 79' lang='lat' dir='ltr'><strong>timeat,</strong></span> <span class='ocrx_word' id='word_1_91' title='bbox 1603 1301 1762 1388; x_wconf 73' lang='lat' dir='ltr'><strong>quam</strong></span> <span class='ocrx_word' id='word_1_92' title='bbox 1790 1301 1861 1341; x_wconf 89' lang='lat' dir='ltr'><strong>ne</strong></span> <span class='ocrx_word' id='word_1_93' title='bbox 1889 1292 2004 1388; x_wconf 76' lang='lat' dir='ltr'><strong>ipse</strong></span> 
     </span>
    </p>
   </div>
   <div class='ocr_carea' id='block_1_12' title="bbox 411 1380 2002 1462">
    <p class='ocr_par' dir='ltr' id='par_1_12' title="bbox 411 1380 2002 1462">
     <span class='ocr_line' id='line_1_12' title="bbox 411 1380 2002 1462; baseline -0.014 -9"><span class='ocrx_word' id='word_1_94' title='bbox 411 1413 472 1454; x_wconf 88' lang='lat' dir='ltr'><strong>se</strong></span> <span class='ocrx_word' id='word_1_95' title='bbox 499 1397 724 1452; x_wconf 75' lang='lat' dir='ltr'><strong>auferat.</strong></span> <span class='ocrx_word' id='word_1_96' title='bbox 766 1392 953 1462; x_wconf 77' lang='lat' dir='ltr'><strong>itaque</strong></span> <span class='ocrx_word' id='word_1_97' title='bbox 986 1386 1312 1444; x_wconf 83' lang='lat' dir='ltr'><strong>christianos</strong></span> <span class='ocrx_word' id='word_1_98' title='bbox 1351 1382 1608 1454; x_wconf 89' lang='lat' dir='ltr'><strong>populus,</strong></span> <span class='ocrx_word' id='word_1_99' title='bbox 1655 1380 1845 1434; x_wconf 88' lang='lat' dir='ltr'><strong>fratres</strong></span> <span class='ocrx_word' id='word_1_100' title='bbox 1866 1419 1881 1443; x_wconf 93' lang='lat'><strong>,</strong></span> <span class='ocrx_word' id='word_1_101' title='bbox 1913 1380 2002 1448; x_wconf 84' lang='lat' dir='ltr'><strong>qui</strong></span> 
     </span>
    </p>
   </div>
   <div class='ocr_carea' id='block_1_13' title="bbox 412 1471 2002 1550">
    <p class='ocr_par' dir='ltr' id='par_1_13' title="bbox 412 1471 2002 1550">
     <span class='ocr_line' id='line_1_13' title="bbox 412 1471 2002 1550; baseline -0.014 -2"><span class='ocrx_word' id='word_1_102' title='bbox 412 1492 544 1548; x_wconf 79' lang='lat' dir='ltr'><strong>dicit</strong></span> <span class='ocrx_word' id='word_1_103' title='bbox 571 1491 624 1545; x_wconf 92' lang='lat' dir='ltr'><strong>in</strong></span> <span class='ocrx_word' id='word_1_104' title='bbox 653 1485 815 1543; x_wconf 91' lang='lat' dir='ltr'><strong>corde</strong></span> <span class='ocrx_word' id='word_1_105' title='bbox 833 1498 970 1547; x_wconf 85' lang='lat' dir='ltr'><strong>suo,</strong></span> <span class='ocrx_word' id='word_1_106' title='bbox 1007 1478 1270 1550; x_wconf 88' lang='lat' dir='ltr'><strong>Quidquid</strong></span> <span class='ocrx_word' id='word_1_107' title='bbox 1312 1475 1423 1531; x_wconf 87' lang='lat' dir='ltr'><strong>vult</strong></span> <span class='ocrx_word' id='word_1_108' title='bbox 1459 1473 1691 1538; x_wconf 82' lang='lat' dir='ltr'><strong>auferat,</strong></span> <span class='ocrx_word' id='word_1_109' title='bbox 1726 1486 1792 1525; x_wconf 64' lang='lat' dir='ltr'><strong>&#39;se</strong></span> <span class='ocrx_word' id='word_1_110' title='bbox 1830 1471 2002 1540; x_wconf 86' lang='lat' dir='ltr'><strong>ipsum</strong></span> 
     </span>
    </p>
   </div>
   <div class='ocr_carea' id='block_1_14' title="bbox 414 1561 2002 1645">
    <p class='ocr_par' dir='ltr' id='par_1_14' title="bbox 414 1561 2002 1645">
     <span class='ocr_line' id='line_1_14' title="bbox 414 1561 2002 1645; baseline -0.015 -6"><span class='ocrx_word' id='word_1_111' title='bbox 414 1564 545 1639; x_wconf 85' lang='lat' dir='ltr'><strong>mihi</strong></span> <span class='ocrx_word' id='word_1_112' title='bbox 575 1596 679 1637; x_wconf 91' lang='lat' dir='ltr'><strong>non</strong></span> <span class='ocrx_word' id='word_1_113' title='bbox 708 1577 934 1645; x_wconf 80' lang='lat' dir='ltr'><strong>auferat,</strong></span> <span class='ocrx_word' id='word_1_114' title='bbox 963 1573 1147 1629; x_wconf 87' lang='lat' dir='ltr'><strong>Beatus</strong></span> <span class='ocrx_word' id='word_1_115' title='bbox 1175 1581 1253 1626; x_wconf 90' lang='lat' dir='ltr'><strong>est</strong></span> <span class='ocrx_word' id='word_1_116' title='bbox 1283 1569 1526 1642; x_wconf 87' lang='lat' dir='ltr'><strong>populus,</strong></span> <span class='ocrx_word' id='word_1_117' title='bbox 1557 1567 1702 1636; x_wconf 81' lang='lat' dir='ltr'><strong>cujus</strong></span> <span class='ocrx_word' id='word_1_118' title='bbox 1725 1573 1798 1618; x_wconf 87' lang='lat' dir='ltr'><strong>est</strong></span> <span class='ocrx_word' id='word_1_119' title='bbox 1826 1561 2002 1618; x_wconf 89' lang='lat' dir='ltr'><strong>Domi-</strong></span> 
     </span>
    </p>
   </div>
   <div class='ocr_carea' id='block_1_15' title="bbox 413 1671 883 1743">
    <p class='ocr_par' dir='ltr' id='par_1_15' title="bbox 413 1671 883 1743">
     <span class='ocr_line' id='line_1_15' title="bbox 413 1671 883 1743; baseline -0.017 -13"><span class='ocrx_word' id='word_1_120' title='bbox 413 1692 512 1730; x_wconf 91' lang='lat' dir='ltr'><strong>nus</strong></span> <span class='ocrx_word' id='word_1_121' title='bbox 543 1673 678 1728; x_wconf 83' lang='lat' dir='ltr'><strong>Deus</strong></span> <span class='ocrx_word' id='word_1_122' title='bbox 704 1671 883 1743; x_wconf 80' lang='lat' dir='ltr'><strong>ipsius.</strong></span> 
     </span>
    </p>
   </div>
   <div class='ocr_carea' id='block_1_16' title="bbox 877 1750 1536 1823">
    <p class='ocr_par' dir='ltr' id='par_1_16' title="bbox 877 1750 1536 1823">
     <span class='ocr_line' id='line_1_16' title="bbox 877 1750 1536 1823; baseline -0.015 -9"><span class='ocrx_word' id='word_1_123' title='bbox 877 1756 1104 1815; x_wconf 78' lang='lat' dir='ltr'><strong>SERMO</strong></span> <span class='ocrx_word' id='word_1_124' title='bbox 1141 1751 1405 1809; x_wconf 76' lang='lat' dir='ltr'><strong>XXXIII‘</strong></span> <span class='ocrx_word' id='word_1_125' title='bbox 1439 1750 1536 1823; x_wconf 84' lang='grc' dir='ltr'><strong>(α).</strong></span> 
     </span>
    </p>
   </div>
   <div class='ocr_carea' id='block_1_17' title="bbox 415 1837 2000 1923">
    <p class='ocr_par' dir='ltr' id='par_1_17' title="bbox 415 1837 2000 1923">
     <span class='ocr_line' id='line_1_17' title="bbox 415 1837 2000 1923; baseline -0.013 -11"><span class='ocrx_word' id='word_1_126' title='bbox 415 1857 492 1912; x_wconf 77' lang='lat' dir='ltr'><strong>De</strong></span> <span class='ocrx_word' id='word_1_127' title='bbox 517 1870 662 1910; x_wconf 76' lang='lat' dir='ltr'><strong>versu</strong></span> <span class='ocrx_word' id='word_1_128' title='bbox 695 1853 733 1908; x_wconf 84' lang='lat'><strong>9</strong></span> <span class='ocrx_word' id='word_1_129' title='bbox 771 1850 994 1923; x_wconf 63' lang='lat' dir='ltr'><strong>ejusdem</strong></span> <span class='ocrx_word' id='word_1_130' title='bbox 1039 1845 1235 1900; x_wconf 76' lang='lat' dir='ltr'><strong>Psalmi</strong></span> <span class='ocrx_word' id='word_1_131' title='bbox 1277 1858 1472 1907; x_wconf 77' lang='lat' dir='ltr'><strong>cxuu,</strong></span> <span class='ocrx_word' id='word_1_132' title='bbox 1520 1841 1692 1902; x_wconf 86' lang='lat' dir='ltr'><strong>Deus,</strong></span> <span class='ocrx_word' id='word_1_133' title='bbox 1734 1837 2000 1893; x_wconf 92' lang='lat' dir='ltr'><strong>canticum</strong></span> 
     </span>
    </p>
   </div>
   <div class='ocr_carea' id='block_1_18' title="bbox 485 1929 2000 2008">
    <p class='ocr_par' dir='ltr' id='par_1_18' title="bbox 485 1929 2000 2008">
     <span class='ocr_line' id='line_1_18' title="bbox 485 1929 2000 2008; baseline -0.014 -5"><span class='ocrx_word' id='word_1_134' title='bbox 485 1963 677 2003; x_wconf 85' lang='lat' dir='ltr'><strong>novum</strong></span> <span class='ocrx_word' id='word_1_135' title='bbox 703 1943 928 2000; x_wconf 83' lang='lat' dir='ltr'><strong>cantabo</strong></span> <span class='ocrx_word' id='word_1_136' title='bbox 957 1939 1086 2004; x_wconf 86' lang='lat' dir='ltr'><strong>tibi;</strong></span> <span class='ocrx_word' id='word_1_137' title='bbox 1119 1939 1169 1992; x_wconf 91' lang='lat' dir='ltr'><strong>in</strong></span> <span class='ocrx_word' id='word_1_138' title='bbox 1197 1934 1446 2008; x_wconf 88' lang='lat' dir='ltr'><strong>psalterio</strong></span> <span class='ocrx_word' id='word_1_139' title='bbox 1471 1932 1653 1986; x_wconf 81' lang='lat' dir='ltr'><strong>decem</strong></span> <span class='ocrx_word' id='word_1_140' title='bbox 1677 1929 2000 1986; x_wconf 82' lang='lat' dir='ltr'><strong>chordarum</strong></span> 
     </span>
    </p>
   </div>
   <div class='ocr_carea' id='block_1_19' title="bbox 482 2034 1886 2126">
    <p class='ocr_par' dir='ltr' id='par_1_19' title="bbox 482 2034 1886 2126">
     <span class='ocr_line' id='line_1_19' title="bbox 482 2034 1886 2126; baseline 0.019 -36"><span class='ocrx_word' id='word_1_141' title='bbox 482 2041 707 2109; x_wconf 80' lang='lat' dir='ltr'><strong>psallam</strong></span> <span class='ocrx_word' id='word_1_142' title='bbox 737 2034 1005 2126; x_wconf 35' lang='lat' dir='ltr'><strong>tibi“);</strong></span> <span class='ocrx_word' id='word_1_143' title='bbox 1147 2121 1164 2126; x_wconf 73' lang='lat'><em>_</em></span> <span class='ocrx_word' id='word_1_144' title='bbox 1233 2118 1284 2126; x_wconf 44' lang='grc' dir='ltr'><strong>Μ</strong></span> <span class='ocrx_word' id='word_1_145' title='bbox 1364 2119 1376 2126; x_wconf 90' lang='lat'>_</span> <span class='ocrx_word' id='word_1_146' title='bbox 1858 2114 1886 2126; x_wconf 19' lang='grc' dir='ltr'><em>ν,</em></span> 
     </span>
    </p>
   </div>
   <div class='ocr_carea' id='block_1_20' title="bbox 483 2118 2003 2185">
    <p class='ocr_par' dir='ltr' id='par_1_20' title="bbox 483 2118 2003 2185">
     <span class='ocr_line' id='line_1_20' title="bbox 483 2118 2003 2185; baseline -0.013 0"><span class='ocrx_word' id='word_1_147' title='bbox 483 2127 710 2185; x_wconf 64' lang='lat' dir='ltr'><strong>CAPUT</strong></span> <span class='ocrx_word' id='word_1_148' title='bbox 741 2123 1027 2182; x_wconf 76' lang='lat' dir='ltr'><strong>PRIMUM.</strong></span> <span class='ocrx_word' id='word_1_149' title='bbox 1049 2151 1122 2164; x_wconf 90' lang='lat'><strong>—-</strong></span> <span class='ocrx_word' id='word_1_150' title='bbox 1143 2121 1195 2178; x_wconf 86' lang='grc' dir='ltr'>ι.</span> <span class='ocrx_word' id='word_1_151' title='bbox 1221 2118 1476 2176; x_wconf 84' lang='lat' dir='ltr'><strong>Cltaritate</strong></span> <span class='ocrx_word' id='word_1_152' title='bbox 1495 2125 1727 2171; x_wconf 88' lang='lat' dir='ltr'><strong>cantatur</strong></span> <span class='ocrx_word' id='word_1_153' title='bbox 1748 2118 2003 2168; x_wconf 79' lang='lat' dir='ltr'><strong>canticum</strong></span> 
     </span>
    </p>
   </div>
   <div class='ocr_carea' id='block_1_21' title="bbox 415 2207 2004 2287">
    <p class='ocr_par' dir='ltr' id='par_1_21' title="bbox 415 2207 2004 2287">
     <span class='ocr_line' id='line_1_21' title="bbox 415 2207 2004 2287; baseline -0.011 -10"><span class='ocrx_word' id='word_1_154' title='bbox 415 2237 619 2278; x_wconf 79' lang='lat' dir='ltr'><strong>novum.</strong></span> <span class='ocrx_word' id='word_1_155' title='bbox 661 2217 922 2287; x_wconf 89' lang='lat' dir='ltr'><strong>Quoniam</strong></span> <span class='ocrx_word' id='word_1_156' title='bbox 954 2213 1210 2284; x_wconf 88' lang='lat' dir='ltr'><strong>scriptum</strong></span> <span class='ocrx_word' id='word_1_157' title='bbox 1244 2219 1354 2276; x_wconf 81' lang='grc' dir='ltr'>εει,</span> <span class='ocrx_word' id='word_1_158' title='bbox 1402 2208 1574 2276; x_wconf 86' lang='lat' dir='ltr'><strong>Deus,</strong></span> <span class='ocrx_word' id='word_1_159' title='bbox 1617 2207 1873 2261; x_wconf 85' lang='lat' dir='ltr'><strong>canticum</strong></span> <span class='ocrx_word' id='word_1_160' title='bbox 1911 2221 2004 2260; x_wconf 85' lang='lat' dir='ltr'><strong>no-</strong></span> 
     </span>
    </p>
   </div>
   <div class='ocr_carea' id='block_1_22' title="bbox 413 2297 2004 2377">
    <p class='ocr_par' dir='ltr' id='par_1_22' title="bbox 413 2297 2004 2377">
     <span class='ocr_line' id='line_1_22' title="bbox 413 2297 2004 2377; baseline -0.011 -8"><span class='ocrx_word' id='word_1_161' title='bbox 413 2331 528 2369; x_wconf 74' lang='lat' dir='ltr'><strong>vum</strong></span> <span class='ocrx_word' id='word_1_162' title='bbox 551 2311 764 2367; x_wconf 75' lang='lat' dir='ltr'><strong>cantabo</strong></span> <span class='ocrx_word' id='word_1_163' title='bbox 791 2309 908 2373; x_wconf 87' lang='lat' dir='ltr'><strong>tibi;</strong></span> <span class='ocrx_word' id='word_1_164' title='bbox 934 2309 987 2361; x_wconf 88' lang='lat' dir='ltr'><strong>in</strong></span> <span class='ocrx_word' id='word_1_165' title='bbox 1008 2303 1244 2377; x_wconf 86' lang='lat' dir='ltr'><strong>psalterio</strong></span> <span class='ocrx_word' id='word_1_166' title='bbox 1271 2303 1440 2357; x_wconf 86' lang='lat' dir='ltr'><strong>decent</strong></span> <span class='ocrx_word' id='word_1_167' title='bbox 1464 2298 1766 2355; x_wconf 72' lang='lat' dir='ltr'><strong>chordarum</strong></span> <span class='ocrx_word' id='word_1_168' title='bbox 1787 2297 2004 2369; x_wconf 81' lang='lat' dir='ltr'><strong>psallam</strong></span> 
     </span>
    </p>
   </div>
   <div class='ocr_carea' id='block_1_23' title="bbox 413 2391 2002 2470">
    <p class='ocr_par' dir='ltr' id='par_1_23' title="bbox 413 2391 2002 2470">
     <span class='ocr_line' id='line_1_23' title="bbox 413 2391 2002 2470; baseline -0.013 -8"><span class='ocrx_word' id='word_1_169' title='bbox 413 2407 540 2470; x_wconf 87' lang='lat' dir='ltr'><strong>tibi;</strong></span> <span class='ocrx_word' id='word_1_170' title='bbox 581 2404 768 2460; x_wconf 81' lang='lat' dir='ltr'><strong>decem</strong></span> <span class='ocrx_word' id='word_1_171' title='bbox 797 2399 1118 2455; x_wconf 90' lang='lat' dir='ltr'><strong>chordarum</strong></span> <span class='ocrx_word' id='word_1_172' title='bbox 1151 2395 1456 2466; x_wconf 83' lang='lat' dir='ltr'><strong>psalterium</strong></span> <span class='ocrx_word' id='word_1_173' title='bbox 1477 2433 1493 2452; x_wconf 87' lang='lat'><strong>.</strong></span> <span class='ocrx_word' id='word_1_174' title='bbox 1521 2391 1708 2446; x_wconf 88' lang='lat' dir='ltr'><strong>decem</strong></span> <span class='ocrx_word' id='word_1_175' title='bbox 1737 2397 2002 2460; x_wconf 71' lang='lat' dir='ltr'><strong>praecepta</strong></span> 
     </span>
    </p>
   </div>
   <div class='ocr_carea' id='block_1_24' title="bbox 414 2481 2003 2568">
    <p class='ocr_par' dir='ltr' id='par_1_24' title="bbox 414 2481 2003 2568">
     <span class='ocr_line' id='line_1_24' title="bbox 414 2481 2003 2568; baseline -0.011 -16"><span class='ocrx_word' id='word_1_176' title='bbox 414 2497 573 2568; x_wconf 82' lang='lat' dir='ltr'><strong>Legis</strong></span> <span class='ocrx_word' id='word_1_177' title='bbox 602 2493 986 2564; x_wconf 82' lang='lat' dir='ltr'><strong>intelliguntur.</strong></span> <span class='ocrx_word' id='word_1_178' title='bbox 1014 2489 1242 2543; x_wconf 81' lang='lat' dir='ltr'><strong>Cantare</strong></span> <span class='ocrx_word' id='word_1_179' title='bbox 1267 2493 1444 2540; x_wconf 90' lang='lat' dir='ltr'><strong>autem</strong></span> <span class='ocrx_word' id='word_1_180' title='bbox 1472 2492 1524 2538; x_wconf 91' lang='lat' dir='ltr'><strong>et</strong></span> <span class='ocrx_word' id='word_1_181' title='bbox 1548 2481 1775 2552; x_wconf 88' lang='lat' dir='ltr'><strong>psallere</strong></span> <span class='ocrx_word' id='word_1_182' title='bbox 1795 2522 1809 2546; x_wconf 90' lang='lat'><strong>,</strong></span> <span class='ocrx_word' id='word_1_183' title='bbox 1837 2494 2003 2551; x_wconf 74' lang='lat' dir='ltr'><strong>nego-</strong></span> 
     </span>
    </p>
   </div>
   <div class='ocr_carea' id='block_1_25' title="bbox 415 2573 2004 2644">
    <p class='ocr_par' dir='ltr' id='par_1_25' title="bbox 415 2573 2004 2644">
     <span class='ocr_line' id='line_1_25' title="bbox 415 2573 2004 2644; baseline -0.011 1"><span class='ocrx_word' id='word_1_184' title='bbox 415 2591 546 2644; x_wconf 85' lang='lat' dir='ltr'><strong>tium</strong></span> <span class='ocrx_word' id='word_1_185' title='bbox 568 2601 688 2644; x_wconf 86' lang='lat' dir='ltr'><strong>esse</strong></span> <span class='ocrx_word' id='word_1_186' title='bbox 711 2585 844 2641; x_wconf 89' lang='lat' dir='ltr'><strong>solet</strong></span> <span class='ocrx_word' id='word_1_187' title='bbox 871 2581 1181 2637; x_wconf 86' lang='lat' dir='ltr'><strong>amantium.</strong></span> <span class='ocrx_word' id='word_1_188' title='bbox 1205 2577 1369 2632; x_wconf 78' lang='lat' dir='ltr'><strong>Vetus</strong></span> <span class='ocrx_word' id='word_1_189' title='bbox 1389 2577 1530 2631; x_wconf 89' lang='lat' dir='ltr'><strong>enim</strong></span> <span class='ocrx_word' id='word_1_190' title='bbox 1555 2575 1713 2628; x_wconf 90' lang='lat' dir='ltr'><strong>homo</strong></span> <span class='ocrx_word' id='word_1_191' title='bbox 1738 2573 1792 2627; x_wconf 92' lang='lat' dir='ltr'><strong>in</strong></span> <span class='ocrx_word' id='word_1_192' title='bbox 1815 2574 2004 2628; x_wconf 87' lang='lat' dir='ltr'><strong>timore</strong></span> 
     </span>
    </p>
   </div>
   <div class='ocr_carea' id='block_1_26' title="bbox 413 2663 2005 2744">
    <p class='ocr_par' dir='ltr' id='par_1_26' title="bbox 413 2663 2005 2744">
     <span class='ocr_line' id='line_1_26' title="bbox 413 2663 2005 2744; baseline -0.012 -9"><span class='ocrx_word' id='word_1_193' title='bbox 413 2689 514 2744; x_wconf 86' lang='lat' dir='ltr'><strong>est,</strong></span> <span class='ocrx_word' id='word_1_194' title='bbox 545 2690 715 2733; x_wconf 89' lang='lat' dir='ltr'><strong>novus</strong></span> <span class='ocrx_word' id='word_1_195' title='bbox 735 2677 786 2730; x_wconf 91' lang='lat' dir='ltr'><strong>in</strong></span> <span class='ocrx_word' id='word_1_196' title='bbox 808 2689 1011 2729; x_wconf 88' lang='lat' dir='ltr'><strong>amore.</strong></span> <span class='ocrx_word' id='word_1_197' title='bbox 1041 2671 1114 2725; x_wconf 87' lang='lat' dir='ltr'><strong>lta</strong></span> <span class='ocrx_word' id='word_1_198' title='bbox 1136 2669 1293 2724; x_wconf 87' lang='lat' dir='ltr'><strong>etiam</strong></span> <span class='ocrx_word' id='word_1_199' title='bbox 1316 2668 1421 2722; x_wconf 90' lang='lat' dir='ltr'><strong>duo</strong></span> <span class='ocrx_word' id='word_1_200' title='bbox 1440 2666 1778 2721; x_wconf 85' lang='lat' dir='ltr'><strong>Testamenta</strong></span> <span class='ocrx_word' id='word_1_201' title='bbox 1803 2663 2005 2718; x_wconf 85' lang='lat' dir='ltr'><strong>discer-</strong></span> 
     </span>
    </p>
   </div>
   <div class='ocr_carea' id='block_1_27' title="bbox 414 2754 2004 2837">
    <p class='ocr_par' dir='ltr' id='par_1_27' title="bbox 414 2754 2004 2837">
     <span class='ocr_line' id='line_1_27' title="bbox 414 2754 2004 2837; baseline -0.013 -11"><span class='ocrx_word' id='word_1_202' title='bbox 414 2772 589 2826; x_wconf 78' lang='lat' dir='ltr'><strong>nimus</strong></span> <span class='ocrx_word' id='word_1_203' title='bbox 608 2811 623 2837; x_wconf 93' lang='lat'><strong>,</strong></span> <span class='ocrx_word' id='word_1_204' title='bbox 651 2775 803 2823; x_wconf 89' lang='lat' dir='ltr'><strong>vetus</strong></span> <span class='ocrx_word' id='word_1_205' title='bbox 831 2777 886 2822; x_wconf 92' lang='lat' dir='ltr'><strong>et</strong></span> <span class='ocrx_word' id='word_1_206' title='bbox 914 2779 1106 2818; x_wconf 89' lang='lat' dir='ltr'><strong>novum</strong></span> <span class='ocrx_word' id='word_1_207' title='bbox 1129 2803 1142 2825; x_wconf 92' lang='lat'><strong>,</strong></span> <span class='ocrx_word' id='word_1_208' title='bbox 1175 2775 1292 2831; x_wconf 72' lang='lat' dir='ltr'><strong>qua:</strong></span> <span class='ocrx_word' id='word_1_209' title='bbox 1324 2761 1374 2813; x_wconf 93' lang='lat' dir='ltr'><strong>in</strong></span> <span class='ocrx_word' id='word_1_210' title='bbox 1405 2756 1661 2827; x_wconf 82' lang='lat' dir='ltr'><strong>allegoria</strong></span> <span class='ocrx_word' id='word_1_211' title='bbox 1697 2754 1824 2810; x_wconf 89' lang='lat' dir='ltr'><strong>dicit</strong></span> <span class='ocrx_word' id='word_1_212' title='bbox 1857 2756 2004 2824; x_wconf 84' lang='lat' dir='ltr'><strong>Apo-</strong></span> 
     </span>
    </p>
   </div>
   <div class='ocr_carea' id='block_1_28' title="bbox 413 2845 2001 2920">
    <p class='ocr_par' dir='ltr' id='par_1_28' title="bbox 413 2845 2001 2920">
     <span class='ocr_line' id='line_1_28' title="bbox 413 2845 2001 2920; baseline -0.012 -4"><span class='ocrx_word' id='word_1_213' title='bbox 413 2861 584 2917; x_wconf 74' lang='lat' dir='ltr'><strong>stolus</strong></span> <span class='ocrx_word' id='word_1_214' title='bbox 610 2861 770 2914; x_wconf 90' lang='lat' dir='ltr'><strong>etiam</strong></span> <span class='ocrx_word' id='word_1_215' title='bbox 801 2857 855 2911; x_wconf 86' lang='lat' dir='ltr'><strong>in</strong></span> <span class='ocrx_word' id='word_1_216' title='bbox 884 2854 1112 2910; x_wconf 73' lang='lat' dir='ltr'><strong>Abrahae</strong></span> <span class='ocrx_word' id='word_1_217' title='bbox 1143 2852 1263 2905; x_wconf 85' lang='lat' dir='ltr'><strong>filiis</strong></span> <span class='ocrx_word' id='word_1_218' title='bbox 1294 2849 1527 2920; x_wconf 81' lang='lat' dir='ltr'><strong>figurari,</strong></span> <span class='ocrx_word' id='word_1_219' title='bbox 1557 2862 1664 2901; x_wconf 91' lang='lat' dir='ltr'><strong>uno</strong></span> <span class='ocrx_word' id='word_1_220' title='bbox 1691 2847 1761 2901; x_wconf 90' lang='lat' dir='ltr'><strong>de</strong></span> <span class='ocrx_word' id='word_1_221' title='bbox 1789 2845 2001 2909; x_wconf 88' lang='lat' dir='ltr'><strong>ancilla,</strong></span> 
     </span>
    </p>
   </div>
   <div class='ocr_carea' id='block_1_29' title="bbox 413 2936 2005 3011">
    <p class='ocr_par' dir='ltr' id='par_1_29' title="bbox 413 2936 2005 3011">
     <span class='ocr_line' id='line_1_29' title="bbox 413 2936 2005 3011; baseline -0.013 -3"><span class='ocrx_word' id='word_1_222' title='bbox 413 2955 582 3008; x_wconf 83' lang='lat' dir='ltr'><strong>altero</strong></span> <span class='ocrx_word' id='word_1_223' title='bbox 617 2951 685 3005; x_wconf 91' lang='lat' dir='ltr'><strong>de</strong></span> <span class='ocrx_word' id='word_1_224' title='bbox 723 2950 885 3003; x_wconf 87' lang='lat' dir='ltr'><strong>libera</strong></span> <span class='ocrx_word' id='word_1_225' title='bbox 918 2965 931 3003; x_wconf 91' lang='lat'><strong>:</strong></span> <span class='ocrx_word' id='word_1_226' title='bbox 966 2944 1095 3011; x_wconf 75' lang='grc' dir='ltr'><strong>ρυω</strong></span> <span class='ocrx_word' id='word_1_227' title='bbox 1130 2951 1280 3007; x_wconf 88' lang='lat' dir='ltr'><strong>sunt,</strong></span> <span class='ocrx_word' id='word_1_228' title='bbox 1323 2941 1524 3009; x_wconf 90' lang='lat' dir='ltr'><strong>inquit,</strong></span> <span class='ocrx_word' id='word_1_229' title='bbox 1556 2939 1657 2991; x_wconf 88' lang='lat' dir='ltr'><strong>duo</strong></span> <span class='ocrx_word' id='word_1_230' title='bbox 1688 2936 2005 2990; x_wconf 83' lang='lat' dir='ltr'><strong>Testamenta</strong></span> 
     </span>
    </p>
   </div>
   <div class='ocr_carea' id='block_1_30' title="bbox 415 3026 2002 3112">
    <p class='ocr_par' dir='ltr' id='par_1_30' title="bbox 415 3026 2002 3112">
     <span class='ocr_line' id='line_1_30' title="bbox 415 3026 2002 3112; baseline -0.013 -13"><span class='ocrx_word' id='word_1_231' title='bbox 415 3043 609 3112; x_wconf 76' lang='lat' dir='ltr'><strong>(Galat.</strong></span> <span class='ocrx_word' id='word_1_232' title='bbox 638 3057 718 3104; x_wconf 86' lang='lat' dir='ltr'><strong>tv,</strong></span> <span class='ocrx_word' id='word_1_233' title='bbox 743 3039 845 3105; x_wconf 72' lang='lat'><strong>29.,</strong></span> <span class='ocrx_word' id='word_1_234' title='bbox 869 3037 983 3106; x_wconf 64' lang='lat'><strong>24).</strong></span> <span class='ocrx_word' id='word_1_235' title='bbox 1016 3035 1258 3090; x_wconf 73' lang='lat' dir='ltr'><strong>Servitus</strong></span> <span class='ocrx_word' id='word_1_236' title='bbox 1296 3031 1438 3085; x_wconf 89' lang='lat' dir='ltr'><strong>enim</strong></span> <span class='ocrx_word' id='word_1_237' title='bbox 1485 3029 1711 3098; x_wconf 79' lang='lat' dir='ltr'><strong>pertinet</strong></span> <span class='ocrx_word' id='word_1_238' title='bbox 1747 3026 1812 3080; x_wconf 87' lang='lat' dir='ltr'><strong>ad</strong></span> <span class='ocrx_word' id='word_1_239' title='bbox 1845 3027 2002 3080; x_wconf 87' lang='lat' dir='ltr'><strong>timo-</strong></span> 
     </span>
    </p>
   </div>
   <div class='ocr_carea' id='block_1_31' title="bbox 416 3116 2004 3200">
    <p class='ocr_par' dir='ltr' id='par_1_31' title="bbox 416 3116 2004 3200">
     <span class='ocr_line' id='line_1_31' title="bbox 416 3116 2004 3200; baseline -0.012 -11"><span class='ocrx_word' id='word_1_240' title='bbox 416 3151 548 3200; x_wconf 86' lang='lat' dir='ltr'><strong>rem,</strong></span> <span class='ocrx_word' id='word_1_241' title='bbox 581 3133 799 3187; x_wconf 87' lang='lat' dir='ltr'><strong>libertas</strong></span> <span class='ocrx_word' id='word_1_242' title='bbox 827 3130 891 3183; x_wconf 91' lang='lat' dir='ltr'><strong>ad</strong></span> <span class='ocrx_word' id='word_1_243' title='bbox 913 3141 1177 3182; x_wconf 63' lang='lat' dir='ltr'><strong>amorem.</strong></span> <span class='ocrx_word' id='word_1_244' title='bbox 1208 3123 1344 3178; x_wconf 89' lang='lat' dir='ltr'><strong>Dicit</strong></span> <span class='ocrx_word' id='word_1_245' title='bbox 1366 3121 1508 3175; x_wconf 87' lang='lat' dir='ltr'><strong>cuitu</strong></span> <span class='ocrx_word' id='word_1_246' title='bbox 1532 3119 1852 3190; x_wconf 85' lang='lat' dir='ltr'><strong>Apostolus:</strong></span> <span class='ocrx_word' id='word_1_247' title='bbox 1882 3116 2004 3171; x_wconf 87' lang='lat' dir='ltr'><strong>Non</strong></span> 
     </span>
    </p>
   </div>
   <div class='ocr_carea' id='block_1_32' title="bbox 413 3208 2005 3294">
    <p class='ocr_par' dir='ltr' id='par_1_32' title="bbox 413 3208 2005 3294">
     <span class='ocr_line' id='line_1_32' title="bbox 413 3208 2005 3294; baseline -0.011 -14"><span class='ocrx_word' id='word_1_248' title='bbox 413 3227 545 3280; x_wconf 76' lang='lat' dir='ltr'><strong>enim</strong></span> <span class='ocrx_word' id='word_1_249' title='bbox 571 3221 831 3294; x_wconf 82' lang='lat' dir='ltr'><strong>accepistis</strong></span> <span class='ocrx_word' id='word_1_250' title='bbox 861 3218 1094 3292; x_wconf 77' lang='lat' dir='ltr'><strong>spiritum</strong></span> <span class='ocrx_word' id='word_1_251' title='bbox 1121 3214 1370 3270; x_wconf 76' lang='lat' dir='ltr'><strong>servitutis</strong></span> <span class='ocrx_word' id='word_1_252' title='bbox 1395 3213 1572 3266; x_wconf 86' lang='lat' dir='ltr'><strong>iterum</strong></span> <span class='ocrx_word' id='word_1_253' title='bbox 1598 3211 1651 3264; x_wconf 88' lang='lat' dir='ltr'><strong>in</strong></span> <span class='ocrx_word' id='word_1_254' title='bbox 1678 3210 1889 3272; x_wconf 86' lang='lat' dir='ltr'><strong>timore;</strong></span> <span class='ocrx_word' id='word_1_255' title='bbox 1917 3208 2005 3262; x_wconf 84' lang='lat' dir='ltr'><strong>sed</strong></span> 
     </span>
    </p>
   </div>
   <div class='ocr_carea' id='block_1_33' title="bbox 412 3301 2004 3388">
    <p class='ocr_par' dir='ltr' id='par_1_33' title="bbox 412 3301 2004 3388">
     <span class='ocr_line' id='line_1_33' title="bbox 412 3301 2004 3388; baseline -0.014 -15"><span class='ocrx_word' id='word_1_256' title='bbox 412 3317 674 3388; x_wconf 79' lang='lat' dir='ltr'><strong>accepistis</strong></span> <span class='ocrx_word' id='word_1_257' title='bbox 699 3315 933 3386; x_wconf 78' lang='lat' dir='ltr'><strong>spiritum</strong></span> <span class='ocrx_word' id='word_1_258' title='bbox 965 3308 1253 3378; x_wconf 83' lang='lat' dir='ltr'><strong>adoptionis</strong></span> <span class='ocrx_word' id='word_1_259' title='bbox 1289 3306 1544 3376; x_wconf 79' lang='lat' dir='ltr'><strong>ﬁliorum,</strong></span> <span class='ocrx_word' id='word_1_260' title='bbox 1578 3303 1632 3357; x_wconf 87' lang='lat' dir='ltr'><strong>in</strong></span> <span class='ocrx_word' id='word_1_261' title='bbox 1673 3317 1772 3373; x_wconf 87' lang='lat' dir='ltr'><strong>quo</strong></span> <span class='ocrx_word' id='word_1_262' title='bbox 1809 3301 2004 3354; x_wconf 87' lang='lat' dir='ltr'><strong>clama-</strong></span> 
     </span>
    </p>
   </div>
   <div class='ocr_carea' id='block_1_34' title="bbox 415 3393 2000 3475">
    <p class='ocr_par' dir='ltr' id='par_1_34' title="bbox 415 3393 2000 3475">
     <span class='ocr_line' id='line_1_34' title="bbox 415 3393 2000 3475; baseline -0.011 -12"><span class='ocrx_word' id='word_1_263' title='bbox 415 3427 562 3475; x_wconf 88' lang='lat' dir='ltr'><strong>mus,</strong></span> <span class='ocrx_word' id='word_1_264' title='bbox 595 3406 767 3472; x_wconf 73' lang='lat' dir='ltr'><strong>Abba,</strong></span> <span class='ocrx_word' id='word_1_265' title='bbox 799 3404 955 3458; x_wconf 64' lang='lat' dir='ltr'><strong>Pater</strong></span> <span class='ocrx_word' id='word_1_266' title='bbox 981 3401 1155 3472; x_wconf 81' lang='lat' dir='ltr'><strong>(llmn.</strong></span> <span class='ocrx_word' id='word_1_267' title='bbox 1189 3413 1314 3465; x_wconf 80' lang='lat' dir='ltr'><strong>vin,</strong></span> <span class='ocrx_word' id='word_1_268' title='bbox 1349 3395 1463 3467; x_wconf 86' lang='lat' dir='ltr'><strong>l5).</strong></span> <span class='ocrx_word' id='word_1_269' title='bbox 1496 3395 1632 3449; x_wconf 88' lang='lat' dir='ltr'><strong>Dicit</strong></span> <span class='ocrx_word' id='word_1_270' title='bbox 1654 3403 1708 3449; x_wconf 90' lang='lat' dir='ltr'><strong>et</strong></span> <span class='ocrx_word' id='word_1_271' title='bbox 1732 3393 2000 3448; x_wconf 82' lang='lat' dir='ltr'><strong>Joannes:</strong></span> 
     </span>
    </p>
   </div>
   <div class='ocr_carea' id='block_1_35' title="bbox 413 3487 2004 3561">
    <p class='ocr_par' dir='ltr' id='par_1_35' title="bbox 413 3487 2004 3561">
     <span class='ocr_line' id='line_1_35' title="bbox 413 3487 2004 3561; baseline -0.01 -4"><span class='ocrx_word' id='word_1_272' title='bbox 413 3501 592 3557; x_wconf 81' lang='lat' dir='ltr'><strong>Timor</strong></span> <span class='ocrx_word' id='word_1_273' title='bbox 631 3516 730 3553; x_wconf 89' lang='lat' dir='ltr'><strong>non</strong></span> <span class='ocrx_word' id='word_1_274' title='bbox 767 3507 837 3552; x_wconf 86' lang='lat' dir='ltr'><strong>est</strong></span> <span class='ocrx_word' id='word_1_275' title='bbox 865 3497 918 3550; x_wconf 84' lang='lat' dir='ltr'><strong>in</strong></span> <span class='ocrx_word' id='word_1_276' title='bbox 947 3493 1225 3558; x_wconf 66' lang='lat' dir='ltr'><strong>charitate;</strong></span> <span class='ocrx_word' id='word_1_277' title='bbox 1254 3491 1341 3546; x_wconf 85' lang='lat' dir='ltr'><strong>sed</strong></span> <span class='ocrx_word' id='word_1_278' title='bbox 1370 3493 1590 3561; x_wconf 79' lang='lat' dir='ltr'><strong>perfecta</strong></span> <span class='ocrx_word' id='word_1_279' title='bbox 1617 3488 1838 3542; x_wconf 78' lang='lat' dir='ltr'><strong>citaritas</strong></span> <span class='ocrx_word' id='word_1_280' title='bbox 1865 3487 2004 3555; x_wconf 80' lang='lat' dir='ltr'><strong>[oras</strong></span> 
     </span>
    </p>
   </div>
   <div class='ocr_carea' id='block_1_36' title="bbox 417 3580 2006 3659">
    <p class='ocr_par' dir='ltr' id='par_1_36' title="bbox 417 3580 2006 3659">
     <span class='ocr_line' id='line_1_36' title="bbox 417 3580 2006 3659; baseline -0.009 -13"><span class='ocrx_word' id='word_1_281' title='bbox 417 3593 567 3647; x_wconf 85' lang='lat' dir='ltr'><strong>mittit</strong></span> <span class='ocrx_word' id='word_1_282' title='bbox 597 3591 822 3644; x_wconf 84' lang='lat' dir='ltr'><strong>timorem</strong></span> <span class='ocrx_word' id='word_1_283' title='bbox 855 3587 908 3659; x_wconf 89' lang='lat' dir='ltr'><strong>(l</strong></span> <span class='ocrx_word' id='word_1_284' title='bbox 935 3585 1092 3640; x_wconf 83' lang='lat' dir='ltr'><strong>Joan.</strong></span> <span class='ocrx_word' id='word_1_285' title='bbox 1121 3599 1211 3652; x_wconf 74' lang='grc' dir='ltr'><strong>ιν,</strong></span> <span class='ocrx_word' id='word_1_286' title='bbox 1255 3582 1364 3652; x_wconf 73' lang='grc'><strong>18).</strong></span> <span class='ocrx_word' id='word_1_287' title='bbox 1397 3580 1639 3637; x_wconf 89' lang='lat' dir='ltr'><strong>Charitas</strong></span> <span class='ocrx_word' id='word_1_288' title='bbox 1671 3595 1799 3649; x_wconf 83' lang='lat' dir='ltr'><strong>ergo</strong></span> <span class='ocrx_word' id='word_1_289' title='bbox 1828 3586 2006 3634; x_wconf 88' lang='lat' dir='ltr'><strong>cantat</strong></span> 
     </span>
    </p>
   </div>
   <div class='ocr_carea' id='block_1_37' title="bbox 419 3670 2006 3741">
    <p class='ocr_par' dir='ltr' id='par_1_37' title="bbox 419 3670 2006 3741">
     <span class='ocr_line' id='line_1_37' title="bbox 419 3670 2006 3741; baseline -0.009 -1"><span class='ocrx_word' id='word_1_290' title='bbox 419 3685 682 3741; x_wconf 89' lang='lat' dir='ltr'><strong>canticum</strong></span> <span class='ocrx_word' id='word_1_291' title='bbox 711 3695 924 3738; x_wconf 91' lang='lat' dir='ltr'><strong>novum.</strong></span> <span class='ocrx_word' id='word_1_292' title='bbox 950 3678 1080 3733; x_wconf 87' lang='lat' dir='ltr'><strong>Nam</strong></span> <span class='ocrx_word' id='word_1_293' title='bbox 1107 3677 1268 3732; x_wconf 91' lang='lat' dir='ltr'><strong>timor</strong></span> <span class='ocrx_word' id='word_1_294' title='bbox 1294 3675 1381 3729; x_wconf 89' lang='lat' dir='ltr'><strong>ille</strong></span> <span class='ocrx_word' id='word_1_295' title='bbox 1404 3673 1613 3728; x_wconf 85' lang='lat' dir='ltr'><strong>servilis</strong></span> <span class='ocrx_word' id='word_1_296' title='bbox 1640 3676 1693 3727; x_wconf 92' lang='lat' dir='ltr'><strong>in</strong></span> <span class='ocrx_word' id='word_1_297' title='bbox 1716 3671 1880 3726; x_wconf 80' lang='lat' dir='ltr'><strong>veteri</strong></span> <span class='ocrx_word' id='word_1_298' title='bbox 1909 3670 2006 3725; x_wconf 93' lang='lat' dir='ltr'><strong>bo-</strong></span> 
     </span>
    </p>
   </div>
   <div class='ocr_carea' id='block_1_38' title="bbox 415 3763 2002 3840">
    <p class='ocr_par' dir='ltr' id='par_1_38' title="bbox 415 3763 2002 3840">
     <span class='ocr_line' id='line_1_38' title="bbox 415 3763 2002 3840; baseline -0.008 -9"><span class='ocrx_word' id='word_1_299' title='bbox 415 3779 560 3831; x_wconf 85' lang='lat' dir='ltr'><strong>miue</strong></span> <span class='ocrx_word' id='word_1_300' title='bbox 600 3773 952 3839; x_wconf 88' lang='lat' dir='ltr'><strong>constitutus,</strong></span> <span class='ocrx_word' id='word_1_301' title='bbox 999 3777 1172 3840; x_wconf 88' lang='lat' dir='ltr'><strong>potest</strong></span> <span class='ocrx_word' id='word_1_302' title='bbox 1209 3765 1421 3837; x_wconf 87' lang='lat' dir='ltr'><strong>quidem</strong></span> <span class='ocrx_word' id='word_1_303' title='bbox 1462 3765 1656 3820; x_wconf 88' lang='lat' dir='ltr'><strong>habere</strong></span> <span class='ocrx_word' id='word_1_304' title='bbox 1694 3763 2002 3834; x_wconf 87' lang='lat' dir='ltr'><strong>psalterium</strong></span> 
     </span>
    </p>
   </div>
   <div class='ocr_carea' id='block_1_39' title="bbox 413 3855 2005 3932">
    <p class='ocr_par' dir='ltr' id='par_1_39' title="bbox 413 3855 2005 3932">
     <span class='ocr_line' id='line_1_39' title="bbox 413 3855 2005 3932; baseline -0.01 -6"><span class='ocrx_word' id='word_1_305' title='bbox 413 3870 598 3926; x_wconf 82' lang='lat' dir='ltr'><strong>decem</strong></span> <span class='ocrx_word' id='word_1_306' title='bbox 623 3865 965 3930; x_wconf 88' lang='lat' dir='ltr'><strong>chordarum,</strong></span> <span class='ocrx_word' id='word_1_307' title='bbox 995 3862 1115 3932; x_wconf 88' lang='lat' dir='ltr'><strong>quia</strong></span> <span class='ocrx_word' id='word_1_308' title='bbox 1144 3868 1199 3916; x_wconf 91' lang='lat' dir='ltr'><strong>et</strong></span> <span class='ocrx_word' id='word_1_309' title='bbox 1223 3858 1421 3914; x_wconf 68' lang='lat' dir='ltr'><strong>ludatis</strong></span> <span class='ocrx_word' id='word_1_310' title='bbox 1449 3857 1750 3913; x_wconf 86' lang='lat' dir='ltr'><strong>carnalibus</strong></span> <span class='ocrx_word' id='word_1_311' title='bbox 1775 3855 1894 3910; x_wconf 90' lang='lat' dir='ltr'><strong>data</strong></span> <span class='ocrx_word' id='word_1_312' title='bbox 1921 3864 2005 3911; x_wconf 90' lang='lat' dir='ltr'><strong>est</strong></span> 
     </span>
    </p>
   </div>
   <div class='ocr_carea' id='block_1_40' title="bbox 415 3949 2001 4034">
    <p class='ocr_par' dir='ltr' id='par_1_40' title="bbox 415 3949 2001 4034">
     <span class='ocr_line' id='line_1_40' title="bbox 415 3949 2001 4034; baseline -0.009 -17"><span class='ocrx_word' id='word_1_313' title='bbox 415 3965 527 4034; x_wconf 80' lang='lat' dir='ltr'><strong>ipsa</strong></span> <span class='ocrx_word' id='word_1_314' title='bbox 547 3961 658 4016; x_wconf 91' lang='lat' dir='ltr'><strong>Lex</strong></span> <span class='ocrx_word' id='word_1_315' title='bbox 683 3959 868 4015; x_wconf 90' lang='lat' dir='ltr'><strong>decem</strong></span> <span class='ocrx_word' id='word_1_316' title='bbox 896 3963 1278 4028; x_wconf 62' lang='lat' dir='ltr'><strong>praceptorum</strong></span> <span class='ocrx_word' id='word_1_317' title='bbox 1305 3969 1318 4006; x_wconf 90' lang='lat'><strong>:</strong></span> <span class='ocrx_word' id='word_1_318' title='bbox 1345 3951 1439 4007; x_wconf 89' lang='lat' dir='ltr'><strong>sed</strong></span> <span class='ocrx_word' id='word_1_319' title='bbox 1461 3961 1676 4005; x_wconf 90' lang='lat' dir='ltr'><strong>cantare</strong></span> <span class='ocrx_word' id='word_1_320' title='bbox 1702 3951 1752 4004; x_wconf 90' lang='lat' dir='ltr'><strong>in</strong></span> <span class='ocrx_word' id='word_1_321' title='bbox 1780 3949 1867 4003; x_wconf 90' lang='lat' dir='ltr'><strong>illa</strong></span> <span class='ocrx_word' id='word_1_322' title='bbox 1896 3964 2001 4003; x_wconf 92' lang='lat' dir='ltr'><strong>non</strong></span> 
     </span>
    </p>
   </div>
   <div class='ocr_carea' id='block_1_41' title="bbox 415 4039 2002 4124">
    <p class='ocr_par' dir='ltr' id='par_1_41' title="bbox 415 4039 2002 4124">
     <span class='ocr_line' id='line_1_41' title="bbox 415 4039 2002 4124; baseline -0.006 -20"><span class='ocrx_word' id='word_1_323' title='bbox 415 4062 593 4124; x_wconf 78' lang='lat' dir='ltr'><strong>potest</strong></span> <span class='ocrx_word' id='word_1_324' title='bbox 633 4051 895 4106; x_wconf 90' lang='lat' dir='ltr'><strong>canticum</strong></span> <span class='ocrx_word' id='word_1_325' title='bbox 939 4061 1168 4110; x_wconf 86' lang='lat' dir='ltr'><strong>novum;</strong></span> <span class='ocrx_word' id='word_1_326' title='bbox 1199 4044 1297 4098; x_wconf 91' lang='lat' dir='ltr'><strong>sub</strong></span> <span class='ocrx_word' id='word_1_327' title='bbox 1326 4042 1467 4112; x_wconf 90' lang='lat' dir='ltr'><strong>Lege</strong></span> <span class='ocrx_word' id='word_1_328' title='bbox 1495 4050 1578 4096; x_wconf 91' lang='lat' dir='ltr'><strong>est</strong></span> <span class='ocrx_word' id='word_1_329' title='bbox 1603 4040 1776 4104; x_wconf 91' lang='lat' dir='ltr'><strong>enim,</strong></span> <span class='ocrx_word' id='word_1_330' title='bbox 1817 4050 1871 4094; x_wconf 90' lang='lat' dir='ltr'><strong>et</strong></span> <span class='ocrx_word' id='word_1_331' title='bbox 1900 4039 2002 4094; x_wconf 90' lang='lat' dir='ltr'><strong>im-</strong></span> 
     </span>
    </p>
   </div>
   <div class='ocr_carea' id='block_1_42' title="bbox 418 4133 2002 4215">
    <p class='ocr_par' dir='ltr' id='par_1_42' title="bbox 418 4133 2002 4215">
     <span class='ocr_line' id='line_1_42' title="bbox 418 4133 2002 4215; baseline -0.009 -17"><span class='ocrx_word' id='word_1_332' title='bbox 418 4147 563 4215; x_wconf 86' lang='lat' dir='ltr'><strong>plere</strong></span> <span class='ocrx_word' id='word_1_333' title='bbox 592 4158 697 4196; x_wconf 91' lang='lat' dir='ltr'><strong>non</strong></span> <span class='ocrx_word' id='word_1_334' title='bbox 725 4148 898 4211; x_wconf 90' lang='lat' dir='ltr'><strong>potest</strong></span> <span class='ocrx_word' id='word_1_335' title='bbox 927 4139 1139 4207; x_wconf 79' lang='lat' dir='ltr'><strong>Legem.</strong></span> <span class='ocrx_word' id='word_1_336' title='bbox 1170 4134 1439 4205; x_wconf 85' lang='lat' dir='ltr'><strong>Organum</strong></span> <span class='ocrx_word' id='word_1_337' title='bbox 1470 4133 1640 4202; x_wconf 88' lang='lat' dir='ltr'><strong>ipsmn</strong></span> <span class='ocrx_word' id='word_1_338' title='bbox 1668 4139 1862 4201; x_wconf 89' lang='lat' dir='ltr'><strong>portat,</strong></span> <span class='ocrx_word' id='word_1_339' title='bbox 1895 4145 2002 4185; x_wconf 89' lang='lat' dir='ltr'><strong>non</strong></span> 
     </span>
    </p>
   </div>
   <div class='ocr_carea' id='block_1_43' title="bbox 415 4224 2000 4300">
    <p class='ocr_par' dir='ltr' id='par_1_43' title="bbox 415 4224 2000 4300">
     <span class='ocr_line' id='line_1_43' title="bbox 415 4224 2000 4300; baseline -0.008 -9"><span class='ocrx_word' id='word_1_340' title='bbox 415 4244 640 4300; x_wconf 88' lang='lat' dir='ltr'><strong>tractat;</strong></span> <span class='ocrx_word' id='word_1_341' title='bbox 668 4243 722 4288; x_wconf 90' lang='lat' dir='ltr'><strong>et</strong></span> <span class='ocrx_word' id='word_1_342' title='bbox 746 4240 996 4287; x_wconf 88' lang='lat' dir='ltr'><strong>oneratur</strong></span> <span class='ocrx_word' id='word_1_343' title='bbox 1020 4227 1290 4299; x_wconf 84' lang='lat' dir='ltr'><strong>psalterio,</strong></span> <span class='ocrx_word' id='word_1_344' title='bbox 1313 4242 1417 4281; x_wconf 89' lang='lat' dir='ltr'><strong>non</strong></span> <span class='ocrx_word' id='word_1_345' title='bbox 1440 4234 1675 4280; x_wconf 88' lang='lat' dir='ltr'><strong>ornatur.</strong></span> <span class='ocrx_word' id='word_1_346' title='bbox 1698 4224 1797 4291; x_wconf 86' lang='lat' dir='ltr'><strong>Qui</strong></span> <span class='ocrx_word' id='word_1_347' title='bbox 1823 4233 2000 4278; x_wconf 89' lang='lat' dir='ltr'><strong>autem</strong></span> 
     </span>
    </p>
   </div>
   <div class='ocr_carea' id='block_1_44' title="bbox 417 4315 1998 4398">
    <p class='ocr_par' dir='ltr' id='par_1_44' title="bbox 417 4315 1998 4398">
     <span class='ocr_line' id='line_1_44' title="bbox 417 4315 1998 4398; baseline -0.008 -15"><span class='ocrx_word' id='word_1_348' title='bbox 417 4329 517 4384; x_wconf 91' lang='lat' dir='ltr'><strong>sub</strong></span> <span class='ocrx_word' id='word_1_349' title='bbox 543 4327 709 4398; x_wconf 81' lang='lat' dir='ltr'><strong>gratia</strong></span> <span class='ocrx_word' id='word_1_350' title='bbox 740 4333 852 4390; x_wconf 89' lang='lat' dir='ltr'><strong>est,</strong></span> <span class='ocrx_word' id='word_1_351' title='bbox 885 4337 988 4378; x_wconf 91' lang='lat' dir='ltr'><strong>non</strong></span> <span class='ocrx_word' id='word_1_352' title='bbox 1032 4320 1133 4374; x_wconf 87' lang='lat' dir='ltr'><strong>sub</strong></span> <span class='ocrx_word' id='word_1_353' title='bbox 1169 4319 1338 4388; x_wconf 87' lang='lat' dir='ltr'><strong>Lege,</strong></span> <span class='ocrx_word' id='word_1_354' title='bbox 1382 4317 1495 4387; x_wconf 89' lang='lat' dir='ltr'><strong>ipse</strong></span> <span class='ocrx_word' id='word_1_355' title='bbox 1537 4316 1724 4387; x_wconf 87' lang='lat' dir='ltr'><strong>implet</strong></span> <span class='ocrx_word' id='word_1_356' title='bbox 1761 4315 1998 4386; x_wconf 81' lang='lat' dir='ltr'><strong>Legem:</strong></span> 
     </span>
    </p>
   </div>
   <div class='ocr_carea' id='block_1_45' title="bbox 415 4407 2001 4488">
    <p class='ocr_par' dir='ltr' id='par_1_45' title="bbox 415 4407 2001 4488">
     <span class='ocr_line' id='line_1_45' title="bbox 415 4407 2001 4488; baseline -0.006 -16"><span class='ocrx_word' id='word_1_357' title='bbox 415 4418 536 4488; x_wconf 87' lang='lat' dir='ltr'><strong>quia</strong></span> <span class='ocrx_word' id='word_1_358' title='bbox 568 4433 673 4471; x_wconf 92' lang='lat' dir='ltr'><strong>non</strong></span> <span class='ocrx_word' id='word_1_359' title='bbox 701 4423 785 4472; x_wconf 89' lang='lat' dir='ltr'><strong>est</strong></span> <span class='ocrx_word' id='word_1_360' title='bbox 812 4415 859 4470; x_wconf 88' lang='lat' dir='ltr'><strong>ei</strong></span> <span class='ocrx_word' id='word_1_361' title='bbox 895 4411 1134 4483; x_wconf 90' lang='lat' dir='ltr'><strong>pondus,</strong></span> <span class='ocrx_word' id='word_1_362' title='bbox 1164 4409 1258 4466; x_wconf 87' lang='lat' dir='ltr'><strong>sed</strong></span> <span class='ocrx_word' id='word_1_363' title='bbox 1294 4409 1494 4473; x_wconf 88' lang='lat' dir='ltr'><strong>decus;</strong></span> <span class='ocrx_word' id='word_1_364' title='bbox 1527 4423 1624 4463; x_wconf 88' lang='lat' dir='ltr'><strong>nec</strong></span> <span class='ocrx_word' id='word_1_365' title='bbox 1653 4407 1854 4463; x_wconf 90' lang='lat' dir='ltr'><strong>timenti</strong></span> <span class='ocrx_word' id='word_1_366' title='bbox 1887 4416 2001 4462; x_wconf 86' lang='lat' dir='ltr'><strong>tor-</strong></span> 
     </span>
    </p>
   </div>
   <div class='ocr_carea' id='block_1_46' title="bbox 417 4497 1999 4571">
    <p class='ocr_par' dir='ltr' id='par_1_46' title="bbox 417 4497 1999 4571">
     <span class='ocr_line' id='line_1_46' title="bbox 417 4497 1999 4571; baseline -0.007 -7"><span class='ocrx_word' id='word_1_367' title='bbox 417 4519 653 4565; x_wconf 90' lang='lat' dir='ltr'><strong>menlum</strong></span> <span class='ocrx_word' id='word_1_368' title='bbox 689 4514 802 4571; x_wconf 89' lang='lat' dir='ltr'><strong>est,</strong></span> <span class='ocrx_word' id='word_1_369' title='bbox 834 4503 931 4561; x_wconf 86' lang='lat' dir='ltr'><strong>sed</strong></span> <span class='ocrx_word' id='word_1_370' title='bbox 969 4502 1163 4558; x_wconf 89' lang='lat' dir='ltr'><strong>amanti</strong></span> <span class='ocrx_word' id='word_1_371' title='bbox 1200 4509 1594 4557; x_wconf 86' lang='lat' dir='ltr'><strong>ornamentum.</strong></span> <span class='ocrx_word' id='word_1_372' title='bbox 1627 4497 1827 4570; x_wconf 90' lang='lat' dir='ltr'><strong>Spiritu</strong></span> <span class='ocrx_word' id='word_1_373' title='bbox 1856 4499 1999 4554; x_wconf 92' lang='lat' dir='ltr'><strong>enim</strong></span> 
     </span>
    </p>
   </div>
   <div class='ocr_carea' id='block_1_47' title="bbox 414 4592 1999 4666">
    <p class='ocr_par' dir='ltr' id='par_1_47' title="bbox 414 4592 1999 4666">
     <span class='ocr_line' id='line_1_47' title="bbox 414 4592 1999 4666; baseline -0.006 -10"><span class='ocrx_word' id='word_1_374' title='bbox 414 4600 714 4656; x_wconf 86' lang='lat' dir='ltr'><strong>dilectionis</strong></span> <span class='ocrx_word' id='word_1_375' title='bbox 741 4611 1025 4663; x_wconf 89' lang='lat' dir='ltr'><strong>accensus,</strong></span> <span class='ocrx_word' id='word_1_376' title='bbox 1049 4596 1158 4666; x_wconf 84' lang='lat' dir='ltr'><strong>jam</strong></span> <span class='ocrx_word' id='word_1_377' title='bbox 1187 4595 1237 4648; x_wconf 91' lang='lat' dir='ltr'><strong>in</strong></span> <span class='ocrx_word' id='word_1_378' title='bbox 1270 4593 1521 4666; x_wconf 89' lang='lat' dir='ltr'><strong>psalterio</strong></span> <span class='ocrx_word' id='word_1_379' title='bbox 1558 4592 1743 4649; x_wconf 88' lang='lat' dir='ltr'><strong>decem</strong></span> <span class='ocrx_word' id='word_1_380' title='bbox 1770 4593 1999 4648; x_wconf 83' lang='lat' dir='ltr'><strong>chorda-</strong></span> 
     </span>
    </p>
   </div>
   <div class='ocr_carea' id='block_1_48' title="bbox 414 4687 1270 4747">
    <p class='ocr_par' dir='ltr' id='par_1_48' title="bbox 414 4687 1270 4747">
     <span class='ocr_line' id='line_1_48' title="bbox 414 4687 1270 4747; baseline -0.007 -1"><span class='ocrx_word' id='word_1_381' title='bbox 414 4707 530 4747; x_wconf 90' lang='lat' dir='ltr'><strong>rum</strong></span> <span class='ocrx_word' id='word_1_382' title='bbox 557 4699 737 4746; x_wconf 88' lang='lat' dir='ltr'><strong>cantat</strong></span> <span class='ocrx_word' id='word_1_383' title='bbox 759 4687 1023 4744; x_wconf 89' lang='lat' dir='ltr'><strong>canticum</strong></span> <span class='ocrx_word' id='word_1_384' title='bbox 1054 4701 1270 4740; x_wconf 89' lang='lat' dir='ltr'><strong>novum.</strong></span> 
     </span>
    </p>
   </div>
   <div class='ocr_carea' id='block_1_49' title="bbox 486 4777 2000 4850">
    <p class='ocr_par' dir='ltr' id='par_1_49' title="bbox 486 4777 2000 4850">
     <span class='ocr_line' id='line_1_49' title="bbox 486 4777 2000 4850; baseline -0.003 -10"><span class='ocrx_word' id='word_1_385' title='bbox 486 4782 713 4840; x_wconf 81' lang='lat' dir='ltr'><strong>CAPUT</strong></span> <span class='ocrx_word' id='word_1_386' title='bbox 744 4781 807 4837; x_wconf 89' lang='lat' dir='ltr'><strong>ll.</strong></span> <span class='ocrx_word' id='word_1_387' title='bbox 837 4809 902 4821; x_wconf 90' lang='lat'><strong>-—</strong></span> <span class='ocrx_word' id='word_1_388' title='bbox 941 4779 997 4833; x_wconf 72' lang='lat'><strong>2.</strong></span> <span class='ocrx_word' id='word_1_389' title='bbox 1031 4777 1137 4832; x_wconf 79' lang='lat' dir='ltr'><strong>Lex</strong></span> <span class='ocrx_word' id='word_1_390' title='bbox 1175 4779 1412 4850; x_wconf 84' lang='lat' dir='ltr'><strong>impletur</strong></span> <span class='ocrx_word' id='word_1_391' title='bbox 1447 4779 1708 4835; x_wconf 83' lang='lat' dir='ltr'><strong>citaritate.</strong></span> <span class='ocrx_word' id='word_1_392' title='bbox 1748 4779 1880 4834; x_wconf 88' lang='lat' dir='ltr'><strong>Nam</strong></span> <span class='ocrx_word' id='word_1_393' title='bbox 1923 4780 2000 4836; x_wconf 86' lang='lat' dir='ltr'><strong>sic</strong></span> 
     </span>
    </p>
   </div>
   <div class='ocr_carea' id='block_1_50' title="bbox 414 4872 1998 4946">
    <p class='ocr_par' dir='ltr' id='par_1_50' title="bbox 414 4872 1998 4946">
     <span class='ocr_line' id='line_1_50' title="bbox 414 4872 1998 4946; baseline -0.004 -13"><span class='ocrx_word' id='word_1_394' title='bbox 414 4877 544 4933; x_wconf 87' lang='lat' dir='ltr'><strong>dicit</strong></span> <span class='ocrx_word' id='word_1_395' title='bbox 569 4875 852 4946; x_wconf 83' lang='lat' dir='ltr'><strong>Apostolus</strong></span> <span class='ocrx_word' id='word_1_396' title='bbox 884 4891 897 4927; x_wconf 90' lang='lat'><strong>:</strong></span> <span class='ocrx_word' id='word_1_397' title='bbox 929 4873 1028 4939; x_wconf 84' lang='lat' dir='ltr'><strong>Qui</strong></span> <span class='ocrx_word' id='word_1_398' title='bbox 1056 4873 1188 4926; x_wconf 87' lang='lat' dir='ltr'><strong>enim</strong></span> <span class='ocrx_word' id='word_1_399' title='bbox 1221 4873 1384 4943; x_wconf 84' lang='lat' dir='ltr'><strong>diligit</strong></span> <span class='ocrx_word' id='word_1_400' title='bbox 1419 4872 1630 4926; x_wconf 88' lang='lat' dir='ltr'><strong>alterum</strong></span> <span class='ocrx_word' id='word_1_401' title='bbox 1653 4916 1666 4936; x_wconf 90' lang='lat'><strong>,</strong></span> <span class='ocrx_word' id='word_1_402' title='bbox 1698 4872 1876 4944; x_wconf 80' lang='lat' dir='ltr'><strong>Legem</strong></span> <span class='ocrx_word' id='word_1_403' title='bbox 1900 4874 1998 4927; x_wconf 87' lang='lat' dir='ltr'><strong>im-</strong></span> 
     </span>
    </p>
   </div>
   <div class='ocr_carea' id='block_1_51' title="bbox 415 4965 1996 5043">
    <p class='ocr_par' dir='ltr' id='par_1_51' title="bbox 415 4965 1996 5043">
     <span class='ocr_line' id='line_1_51' title="bbox 415 4965 1996 5043; baseline 0 -21"><span class='ocrx_word' id='word_1_404' title='bbox 415 4970 586 5043; x_wconf 69' lang='lat' dir='ltr'><strong>platit.</strong></span> <span class='ocrx_word' id='word_1_405' title='bbox 620 4968 773 5033; x_wconf 79' lang='lat' dir='ltr'><strong>Nam,</strong></span> <span class='ocrx_word' id='word_1_406' title='bbox 807 4966 927 5022; x_wconf 82' lang='lat' dir='ltr'><strong>Non</strong></span> <span class='ocrx_word' id='word_1_407' title='bbox 958 4966 1282 5030; x_wconf 86' lang='lat' dir='ltr'><strong>adulterabis,</strong></span> <span class='ocrx_word' id='word_1_408' title='bbox 1317 4965 1438 5020; x_wconf 91' lang='lat' dir='ltr'><strong>Non</strong></span> <span class='ocrx_word' id='word_1_409' title='bbox 1467 4966 1792 5021; x_wconf 82' lang='lat' dir='ltr'><strong>homicidium</strong></span> <span class='ocrx_word' id='word_1_410' title='bbox 1820 4969 1996 5038; x_wconf 76' lang='lat' dir='ltr'><strong>facies,</strong></span> 
     </span>
    </p>
   </div>
   <div class='ocr_carea' id='block_1_52' title="bbox 419 5057 2001 5133">
    <p class='ocr_par' dir='ltr' id='par_1_52' title="bbox 419 5057 2001 5133">
     <span class='ocr_line' id='line_1_52' title="bbox 419 5057 2001 5133; baseline -0.001 -17"><span class='ocrx_word' id='word_1_411' title='bbox 419 5060 538 5117; x_wconf 70' lang='lat' dir='ltr'><strong>Non</strong></span> <span class='ocrx_word' id='word_1_412' title='bbox 581 5061 826 5133; x_wconf 77' lang='lat' dir='ltr'><strong>furaberis</strong></span> <span class='ocrx_word' id='word_1_413' title='bbox 846 5101 859 5123; x_wconf 88' lang='lat'><strong>,</strong></span> <span class='ocrx_word' id='word_1_414' title='bbox 901 5057 1020 5112; x_wconf 90' lang='lat' dir='ltr'><strong>Non</strong></span> <span class='ocrx_word' id='word_1_415' title='bbox 1059 5059 1418 5127; x_wconf 80' lang='lat' dir='ltr'><strong>concupisces;</strong></span> <span class='ocrx_word' id='word_1_416' title='bbox 1452 5068 1498 5113; x_wconf 89' lang='lat' dir='ltr'><strong>et</strong></span> <span class='ocrx_word' id='word_1_417' title='bbox 1526 5059 1570 5113; x_wconf 88' lang='lat' dir='ltr'><strong>si</strong></span> <span class='ocrx_word' id='word_1_418' title='bbox 1597 5060 1733 5129; x_wconf 83' lang='lat' dir='ltr'><strong>quod</strong></span> <span class='ocrx_word' id='word_1_419' title='bbox 1760 5070 1830 5114; x_wconf 87' lang='lat' dir='ltr'><strong>est</strong></span> <span class='ocrx_word' id='word_1_420' title='bbox 1858 5060 2001 5114; x_wconf 81' lang='lat' dir='ltr'><strong>aliud</strong></span> 
     </span>
    </p>
   </div>
   <div class='ocr_carea' id='block_1_53' title="bbox 416 5149 2003 5222">
    <p class='ocr_par' dir='ltr' id='par_1_53' title="bbox 416 5149 2003 5222">
     <span class='ocr_line' id='line_1_53' title="bbox 416 5149 2003 5222; baseline 0.001 -19"><span class='ocrx_word' id='word_1_421' title='bbox 416 5151 732 5214; x_wconf 85' lang='lat' dir='ltr'><strong>mandatum,</strong></span> <span class='ocrx_word' id='word_1_422' title='bbox 759 5151 810 5204; x_wconf 90' lang='lat' dir='ltr'><strong>in</strong></span> <span class='ocrx_word' id='word_1_423' title='bbox 838 5149 930 5204; x_wconf 82' lang='lat' dir='ltr'><strong>hoc</strong></span> <span class='ocrx_word' id='word_1_424' title='bbox 956 5166 1184 5203; x_wconf 76' lang='lat' dir='ltr'><strong>sermone</strong></span> <span class='ocrx_word' id='word_1_425' title='bbox 1203 5150 1586 5218; x_wconf 87' lang='lat' dir='ltr'><strong>recapitulatur,</strong></span> <span class='ocrx_word' id='word_1_426' title='bbox 1618 5149 1809 5222; x_wconf 82' lang='lat' dir='ltr'><strong>Diliges</strong></span> <span class='ocrx_word' id='word_1_427' title='bbox 1830 5152 2003 5221; x_wconf 77' lang='lat' dir='ltr'><strong>proxi-</strong></span> 
     </span>
    </p>
   </div>
   <div class='ocr_carea' id='block_1_54' title="bbox 415 5241 2002 5314">
    <p class='ocr_par' dir='ltr' id='par_1_54' title="bbox 415 5241 2002 5314">
     <span class='ocr_line' id='line_1_54' title="bbox 415 5241 2002 5314; baseline -0.001 -16"><span class='ocrx_word' id='word_1_428' title='bbox 415 5259 552 5298; x_wconf 79' lang='lat' dir='ltr'><strong>mum</strong></span> <span class='ocrx_word' id='word_1_429' title='bbox 577 5252 713 5296; x_wconf 88' lang='lat' dir='ltr'><strong>tuum</strong></span> <span class='ocrx_word' id='word_1_430' title='bbox 743 5253 978 5314; x_wconf 82' lang='lat' dir='ltr'><strong>tanquam</strong></span> <span class='ocrx_word' id='word_1_431' title='bbox 1007 5251 1052 5295; x_wconf 87' lang='lat' dir='ltr'><strong>te</strong></span> <span class='ocrx_word' id='word_1_432' title='bbox 1078 5241 1264 5311; x_wconf 86' lang='lat' dir='ltr'><strong>ipsum.</strong></span> <span class='ocrx_word' id='word_1_433' title='bbox 1296 5241 1509 5296; x_wconf 87' lang='lat' dir='ltr'><strong>Dilectio</strong></span> <span class='ocrx_word' id='word_1_434' title='bbox 1539 5243 1785 5314; x_wconf 75' lang='lat' dir='ltr'><strong>proximi,</strong></span> <span class='ocrx_word' id='word_1_435' title='bbox 1813 5244 2002 5297; x_wconf 86' lang='lat' dir='ltr'><strong>malum</strong></span> 
     </span>
    </p>
   </div>
   <div class='ocr_carea' id='block_1_55' title="bbox 415 5331 2000 5405">
    <p class='ocr_par' dir='ltr' id='par_1_55' title="bbox 415 5331 2000 5405">
     <span class='ocr_line' id='line_1_55' title="bbox 415 5331 2000 5405; baseline -0.002 -14"><span class='ocrx_word' id='word_1_436' title='bbox 415 5353 518 5391; x_wconf 79' lang='lat' dir='ltr'><strong>non</strong></span> <span class='ocrx_word' id='word_1_437' title='bbox 553 5345 808 5404; x_wconf 82' lang='lat' dir='ltr'><strong>operatur.</strong></span> <span class='ocrx_word' id='word_1_438' title='bbox 856 5333 1130 5388; x_wconf 85' lang='lat' dir='ltr'><strong>Plenitudo</strong></span> <span class='ocrx_word' id='word_1_439' title='bbox 1158 5342 1326 5387; x_wconf 84' lang='lat' dir='ltr'><strong>autem</strong></span> <span class='ocrx_word' id='word_1_440' title='bbox 1354 5331 1533 5404; x_wconf 82' lang='lat' dir='ltr'><strong>Legis,</strong></span> <span class='ocrx_word' id='word_1_441' title='bbox 1570 5334 1788 5389; x_wconf 85' lang='lat' dir='ltr'><strong>charitas</strong></span> <span class='ocrx_word' id='word_1_442' title='bbox 1823 5334 2000 5405; x_wconf 87' lang='lat' dir='ltr'><strong>(Rom.</strong></span> 
     </span>
    </p>
   </div>
   <div class='ocr_carea' id='block_1_56' title="bbox 417 5423 2004 5494">
    <p class='ocr_par' dir='ltr' id='par_1_56' title="bbox 417 5423 2004 5494">
     <span class='ocr_line' id='line_1_56' title="bbox 417 5423 2004 5494; baseline -0.002 -12"><span class='ocrx_word' id='word_1_443' title='bbox 417 5441 531 5493; x_wconf 79' lang='lat' dir='ltr'><strong>vni,</strong></span> <span class='ocrx_word' id='word_1_444' title='bbox 557 5424 738 5494; x_wconf 71' lang='lat'><strong>8-10).</strong></span> <span class='ocrx_word' id='word_1_445' title='bbox 769 5424 1024 5479; x_wconf 86' lang='lat' dir='ltr'><strong>Dominus</strong></span> <span class='ocrx_word' id='word_1_446' title='bbox 1043 5424 1201 5478; x_wconf 89' lang='lat' dir='ltr'><strong>etiam</strong></span> <span class='ocrx_word' id='word_1_447' title='bbox 1225 5423 1347 5493; x_wconf 87' lang='lat' dir='ltr'><strong>quia</strong></span> <span class='ocrx_word' id='word_1_448' title='bbox 1370 5423 1595 5491; x_wconf 79' lang='lat' dir='ltr'><strong>dixerat,</strong></span> <span class='ocrx_word' id='word_1_449' title='bbox 1631 5423 1749 5478; x_wconf 84' lang='lat' dir='ltr'><strong>Non</strong></span> <span class='ocrx_word' id='word_1_450' title='bbox 1771 5425 1883 5479; x_wconf 79' lang='lat' dir='ltr'><strong>veni</strong></span> <span class='ocrx_word' id='word_1_451' title='bbox 1901 5424 2004 5479; x_wconf 83' lang='lat' dir='ltr'><strong>sol-</strong></span> 
     </span>
    </p>
   </div>
   <div class='ocr_carea' id='block_1_57' title="bbox 485 5599 1796 5661">
    <p class='ocr_par' dir='ltr' id='par_1_57' title="bbox 485 5599 1796 5661">
     <span class='ocr_line' id='line_1_57' title="bbox 485 5599 1796 5661; baseline 0.002 -11"><span class='ocrx_word' id='word_1_452' title='bbox 485 5605 501 5620; x_wconf 88' lang='lat'><strong>‘</strong></span> <span class='ocrx_word' id='word_1_453' title='bbox 525 5606 757 5651; x_wconf 77' lang='lat' dir='ltr'><strong>Inventus</strong></span> <span class='ocrx_word' id='word_1_454' title='bbox 779 5601 827 5649; x_wconf 90' lang='lat' dir='ltr'><strong>in</strong></span> <span class='ocrx_word' id='word_1_455' title='bbox 861 5606 940 5649; x_wconf 71' lang='lat' dir='ltr'><strong>Ms.</strong></span> <span class='ocrx_word' id='word_1_456' title='bbox 981 5613 1057 5661; x_wconf 79' lang='lat' dir='ltr'><strong>gr.</strong></span> <span class='ocrx_word' id='word_1_457' title='bbox 1083 5607 1135 5649; x_wconf 89' lang='lat' dir='ltr'><strong>et</strong></span> <span class='ocrx_word' id='word_1_458' title='bbox 1154 5599 1203 5650; x_wconf 90' lang='lat' dir='ltr'><strong>in</strong></span> <span class='ocrx_word' id='word_1_459' title='bbox 1231 5601 1373 5651; x_wconf 85' lang='lat' dir='ltr'><strong>editis</strong></span> <span class='ocrx_word' id='word_1_460' title='bbox 1395 5600 1532 5650; x_wconf 73' lang='lat' dir='ltr'><strong>tilim.</strong></span> <span class='ocrx_word' id='word_1_461' title='bbox 1558 5609 1658 5652; x_wconf 83' lang='lat' dir='ltr'><strong>Par.</strong></span> <span class='ocrx_word' id='word_1_462' title='bbox 1684 5610 1796 5653; x_wconf 70' lang='lat' dir='ltr'><strong>Lor.</strong></span> 
     </span>
    </p>
   </div>
   <div class='ocr_carea' id='block_1_58' title="bbox 477 5661 1132 5734">
    <p class='ocr_par' dir='ltr' id='par_1_58' title="bbox 477 5661 1132 5734">
     <span class='ocr_line' id='line_1_58' title="bbox 477 5661 1132 5734; baseline -0.005 -22"><span class='ocrx_word' id='word_1_463' title='bbox 477 5663 552 5734; x_wconf 79' lang='grc' dir='ltr'>(ιι)</span> <span class='ocrx_word' id='word_1_464' title='bbox 577 5663 714 5734; x_wconf 65' lang='lat' dir='ltr'><strong>Alias,</strong></span> <span class='ocrx_word' id='word_1_465' title='bbox 737 5662 802 5710; x_wconf 87' lang='lat' dir='ltr'><strong>de</strong></span> <span class='ocrx_word' id='word_1_466' title='bbox 826 5661 1034 5733; x_wconf 70' lang='lat' dir='ltr'><strong>Diversis</strong></span> <span class='ocrx_word' id='word_1_467' title='bbox 1056 5662 1132 5710; x_wconf 80' lang='grc'><strong>18.</strong></span> 
     </span>
    </p>
   </div>
   <div class='ocr_carea' id='block_1_59' title="bbox 481 5665 2004 5790">
    <p class='ocr_par' dir='ltr' id='par_1_59' title="bbox 481 5665 2004 5790">
     <span class='ocr_line' id='line_1_59' title="bbox 481 5665 1948 5742; baseline -0.002 -30"><span class='ocrx_word' id='word_1_468' title='bbox 481 5665 532 5734; x_wconf 75' lang='grc' dir='ltr'><strong>(ιι</strong></span> <span class='ocrx_word' id='word_1_469' title='bbox 577 5665 714 5721; x_wconf 74' lang='lat' dir='ltr'><strong>Alias,</strong></span> <span class='ocrx_word' id='word_1_470' title='bbox 737 5665 802 5710; x_wconf 87' lang='lat' dir='ltr'><strong>de</strong></span> <span class='ocrx_word' id='word_1_471' title='bbox 826 5665 1034 5733; x_wconf 70' lang='lat' dir='ltr'><strong>Diversis</strong></span> <span class='ocrx_word' id='word_1_472' title='bbox 1056 5665 1132 5710; x_wconf 82' lang='grc'><strong>18.</strong></span> <span class='ocrx_word' id='word_1_473' title='bbox 1417 5725 1427 5736; x_wconf 76' lang='lat'>_</span> <span class='ocrx_word' id='word_1_474' title='bbox 1464 5727 1474 5736; x_wconf 38' lang='lat'><em>‘</em></span> <span class='ocrx_word' id='word_1_475' title='bbox 1561 5728 1572 5738; x_wconf 68' lang='lat'><strong>_</strong></span> <span class='ocrx_word' id='word_1_476' title='bbox 1716 5728 1725 5738; x_wconf 42' lang='lat'><em>.</em></span> <span class='ocrx_word' id='word_1_477' title='bbox 1813 5730 1822 5739; x_wconf 42' lang='lat'>.</span> <span class='ocrx_word' id='word_1_478' title='bbox 1939 5733 1948 5742; x_wconf 40' lang='lat'>.</span> 
     </span>
     <span class='ocr_line' id='line_1_60' title="bbox 481 5665 2004 5790; baseline 0.002 -15"><span class='ocrx_word' id='word_1_479' title='bbox 481 5665 552 5790; x_wconf 46' lang='grc' dir='ltr'><strong>(οἷ</strong></span> <span class='ocrx_word' id='word_1_480' title='bbox 575 5729 720 5790; x_wconf 80' lang='lat' dir='ltr'><strong>Hujus</strong></span> <span class='ocrx_word' id='word_1_481' title='bbox 742 5725 1280 5790; x_wconf 71' lang='lat' dir='ltr'><strong>serttnrnts_reeordatur</strong></span> <span class='ocrx_word' id='word_1_482' title='bbox 1303 5725 1538 5790; x_wconf 69' lang='lat' dir='ltr'><strong>Possumus</strong></span> <span class='ocrx_word' id='word_1_483' title='bbox 1559 5740 1608 5776; x_wconf 87' lang='grc' dir='ltr'><strong>ιιι</strong></span> <span class='ocrx_word' id='word_1_484' title='bbox 1633 5727 1824 5778; x_wconf 67' lang='lat' dir='ltr'><strong>lndteuh</strong></span> <span class='ocrx_word' id='word_1_485' title='bbox 1847 5739 2004 5788; x_wconf 67' lang='lat' dir='ltr'><strong>eunte</strong></span> 
     </span>
    </p>
   </div>
   <div class='ocr_carea' id='block_1_60' title="bbox 417 5785 1542 5844">
    <p class='ocr_par' dir='ltr' id='par_1_60' title="bbox 417 5785 1542 5844">
     <span class='ocr_line' id='line_1_61' title="bbox 417 5785 1542 5844; baseline -0.002 -5"><span class='ocrx_word' id='word_1_486' title='bbox 417 5787 463 5839; x_wconf 65' lang='grc' dir='ltr'><strong>θ.</strong></span> <span class='ocrx_word' id='word_1_487' title='bbox 489 5785 582 5840; x_wconf 76' lang='lat' dir='ltr'><strong>Con</strong></span> <span class='ocrx_word' id='word_1_488' title='bbox 603 5785 657 5838; x_wconf 73' lang='lat' dir='ltr'><strong>er</strong></span> <span class='ocrx_word' id='word_1_489' title='bbox 679 5797 956 5838; x_wconf 84' lang='lat' dir='ltr'><strong>sermonem</strong></span> <span class='ocrx_word' id='word_1_490' title='bbox 978 5785 1026 5844; x_wconf 80' lang='lat'><strong>9,</strong></span> <span class='ocrx_word' id='word_1_491' title='bbox 1049 5785 1113 5835; x_wconf 88' lang='lat' dir='ltr'><strong>de</strong></span> <span class='ocrx_word' id='word_1_492' title='bbox 1135 5793 1312 5836; x_wconf 88' lang='lat' dir='ltr'><strong>Decem</strong></span> <span class='ocrx_word' id='word_1_493' title='bbox 1331 5787 1542 5837; x_wconf 82' lang='lat' dir='ltr'><strong>chordis.</strong></span> 
     </span>
    </p>
   </div>
   <div class='ocr_carea' id='block_1_61' title="bbox 1657 345 2461 406">
    <p class='ocr_par' dir='ltr' id='par_1_61' title="bbox 1657 345 2461 406">
     <span class='ocr_line' id='line_1_62' title="bbox 1657 345 2461 406; baseline 0.002 -4"><span class='ocrx_word' id='word_1_494' title='bbox 1657 347 1716 402; x_wconf 92' lang='lat' dir='ltr'><strong>S.</strong></span> <span class='ocrx_word' id='word_1_495' title='bbox 1759 345 2124 404; x_wconf 74' lang='lat' dir='ltr'><strong>AUGUSTINI</strong></span> <span class='ocrx_word' id='word_1_496' title='bbox 2163 347 2461 406; x_wconf 80' lang='lat' dir='ltr'><strong>EPISCOPI</strong></span> 
     </span>
    </p>
   </div>
   <div class='ocr_carea' id='block_1_62' title="bbox 2114 461 3696 548">
    <p class='ocr_par' dir='ltr' id='par_1_62' title="bbox 2114 461 3696 548">
     <span class='ocr_line' id='line_1_63' title="bbox 2114 461 3696 548; baseline 0.014 -35"><span class='ocrx_word' id='word_1_497' title='bbox 2114 476 2224 514; x_wconf 77' lang='lat' dir='ltr'><strong>rere</strong></span> <span class='ocrx_word' id='word_1_498' title='bbox 2247 461 2429 533; x_wconf 85' lang='lat' dir='ltr'><strong>Legem</strong></span> <span class='ocrx_word' id='word_1_499' title='bbox 2449 506 2463 530; x_wconf 93' lang='lat'><strong>,</strong></span> <span class='ocrx_word' id='word_1_500' title='bbox 2496 465 2584 518; x_wconf 86' lang='lat' dir='ltr'><strong>sed</strong></span> <span class='ocrx_word' id='word_1_501' title='bbox 2608 465 2883 538; x_wconf 82' lang='lat' dir='ltr'><strong>adimplere</strong></span> <span class='ocrx_word' id='word_1_502' title='bbox 2921 469 2940 529; x_wconf 74' lang='grc' dir='ltr'>ί</span> <span class='ocrx_word' id='word_1_503' title='bbox 2948 470 3130 526; x_wconf 79' lang='lat' dir='ltr'><strong>Matth.</strong></span> <span class='ocrx_word' id='word_1_504' title='bbox 3169 487 3225 539; x_wconf 84' lang='lat'><strong>\&#39;,</strong></span> <span class='ocrx_word' id='word_1_505' title='bbox 3257 472 3382 547; x_wconf 75' lang='lat' dir='ltr'><strong>l7);</strong></span> <span class='ocrx_word' id='word_1_506' title='bbox 3413 485 3696 548; x_wconf 79' lang='lat' dir='ltr'><strong>propterea</strong></span> 
     </span>
    </p>
   </div>
   <div class='ocr_carea' id='block_1_63' title="bbox 2114 550 3698 637">
    <p class='ocr_par' dir='ltr' id='par_1_63' title="bbox 2114 550 3698 637">
     <span class='ocr_line' id='line_1_64' title="bbox 2114 550 3698 637; baseline 0.013 -34"><span class='ocrx_word' id='word_1_507' title='bbox 2114 550 2217 605; x_wconf 88' lang='lat' dir='ltr'><strong>tale</strong></span> <span class='ocrx_word' id='word_1_508' title='bbox 2245 553 2549 608; x_wconf 87' lang='lat' dir='ltr'><strong>mandatum</strong></span> <span class='ocrx_word' id='word_1_509' title='bbox 2574 553 2844 625; x_wconf 87' lang='lat' dir='ltr'><strong>discipulis</strong></span> <span class='ocrx_word' id='word_1_510' title='bbox 2871 559 3037 628; x_wconf 89' lang='lat' dir='ltr'><strong>dedit,</strong></span> <span class='ocrx_word' id='word_1_511' title='bbox 3067 561 3207 616; x_wconf 89' lang='lat' dir='ltr'><strong>unde</strong></span> <span class='ocrx_word' id='word_1_512' title='bbox 3232 563 3341 618; x_wconf 80' lang='lat' dir='ltr'><strong>Lex</strong></span> <span class='ocrx_word' id='word_1_513' title='bbox 3369 567 3438 621; x_wconf 88' lang='lat' dir='ltr'><strong>ab</strong></span> <span class='ocrx_word' id='word_1_514' title='bbox 3461 567 3540 621; x_wconf 91' lang='lat' dir='ltr'><strong>eis</strong></span> <span class='ocrx_word' id='word_1_515' title='bbox 3567 583 3698 637; x_wconf 86' lang='lat' dir='ltr'><strong>pos-</strong></span> 
     </span>
    </p>
   </div>
   <div class='ocr_carea' id='block_1_64' title="bbox 2111 643 3699 722">
    <p class='ocr_par' dir='ltr' id='par_1_64' title="bbox 2111 643 3699 722">
     <span class='ocr_line' id='line_1_65' title="bbox 2111 643 3699 722; baseline 0.012 -26"><span class='ocrx_word' id='word_1_516' title='bbox 2111 653 2193 697; x_wconf 85' lang='lat' dir='ltr'><strong>set</strong></span> <span class='ocrx_word' id='word_1_517' title='bbox 2214 643 2419 715; x_wconf 87' lang='lat' dir='ltr'><strong>impleri</strong></span> <span class='ocrx_word' id='word_1_518' title='bbox 2445 664 2458 700; x_wconf 89' lang='lat'><strong>:</strong></span> <span class='ocrx_word' id='word_1_519' title='bbox 2485 646 2809 715; x_wconf 76' lang='lat' dir='ltr'><strong>Mandatum,</strong></span> <span class='ocrx_word' id='word_1_520' title='bbox 2840 652 3027 722; x_wconf 86' lang='lat' dir='ltr'><strong>inquit,</strong></span> <span class='ocrx_word' id='word_1_521' title='bbox 3059 670 3242 709; x_wconf 79' lang='lat' dir='ltr'><strong>novum</strong></span> <span class='ocrx_word' id='word_1_522' title='bbox 3265 657 3331 710; x_wconf 90' lang='lat' dir='ltr'><strong>do</strong></span> <span class='ocrx_word' id='word_1_523' title='bbox 3354 658 3509 722; x_wconf 71' lang='lat' dir='ltr'><strong>vobis,</strong></span> <span class='ocrx_word' id='word_1_524' title='bbox 3532 671 3589 714; x_wconf 86' lang='lat' dir='ltr'><strong>ut</strong></span> <span class='ocrx_word' id='word_1_525' title='bbox 3608 677 3699 716; x_wconf 66' lang='lat' dir='ltr'><strong>vos</strong></span> 
     </span>
    </p>
   </div>
   <div class='ocr_carea' id='block_1_65' title="bbox 2109 732 3696 819">
    <p class='ocr_par' dir='ltr' id='par_1_65' title="bbox 2109 732 3696 819">
     <span class='ocr_line' id='line_1_66' title="bbox 2109 732 3696 819; baseline 0.014 -34"><span class='ocrx_word' id='word_1_526' title='bbox 2109 732 2318 788; x_wconf 85' lang='lat' dir='ltr'><strong>invicem</strong></span> <span class='ocrx_word' id='word_1_527' title='bbox 2345 736 2566 808; x_wconf 85' lang='lat' dir='ltr'><strong>diligatis</strong></span> <span class='ocrx_word' id='word_1_528' title='bbox 2596 738 2770 810; x_wconf 83' lang='lat' dir='ltr'><strong>(Joan.</strong></span> <span class='ocrx_word' id='word_1_529' title='bbox 2803 757 2923 809; x_wconf 77' lang='lat' dir='ltr'><strong>xm,</strong></span> <span class='ocrx_word' id='word_1_530' title='bbox 2954 745 3065 814; x_wconf 79' lang='lat' dir='ltr'><strong>5i).</strong></span> <span class='ocrx_word' id='word_1_531' title='bbox 3096 745 3210 801; x_wconf 86' lang='lat' dir='ltr'><strong>Non</strong></span> <span class='ocrx_word' id='word_1_532' title='bbox 3237 761 3365 818; x_wconf 80' lang='lat' dir='ltr'><strong>ergo</strong></span> <span class='ocrx_word' id='word_1_533' title='bbox 3389 750 3580 805; x_wconf 87' lang='lat' dir='ltr'><strong>mirum</strong></span> <span class='ocrx_word' id='word_1_534' title='bbox 3599 793 3618 819; x_wconf 92' lang='lat'><strong>,</strong></span> <span class='ocrx_word' id='word_1_535' title='bbox 3651 754 3696 808; x_wconf 86' lang='lat' dir='ltr'><strong>si</strong></span> 
     </span>
    </p>
   </div>
   <div class='ocr_carea' id='block_1_66' title="bbox 2110 827 3692 912">
    <p class='ocr_par' dir='ltr' id='par_1_66' title="bbox 2110 827 3692 912">
     <span class='ocr_line' id='line_1_67' title="bbox 2110 827 3692 912; baseline 0.015 -34"><span class='ocrx_word' id='word_1_536' title='bbox 2110 827 2414 882; x_wconf 89' lang='lat' dir='ltr'><strong>mandatum</strong></span> <span class='ocrx_word' id='word_1_537' title='bbox 2439 845 2632 885; x_wconf 86' lang='lat' dir='ltr'><strong>novum</strong></span> <span class='ocrx_word' id='word_1_538' title='bbox 2653 843 2829 889; x_wconf 87' lang='lat' dir='ltr'><strong>cantat</strong></span> <span class='ocrx_word' id='word_1_539' title='bbox 2848 837 3111 892; x_wconf 87' lang='lat' dir='ltr'><strong>canticum</strong></span> <span class='ocrx_word' id='word_1_540' title='bbox 3135 855 3328 896; x_wconf 86' lang='lat' dir='ltr'><strong>novum</strong></span> <span class='ocrx_word' id='word_1_541' title='bbox 3353 859 3368 895; x_wconf 89' lang='lat'><strong>:</strong></span> <span class='ocrx_word' id='word_1_542' title='bbox 3392 843 3535 912; x_wconf 90' lang='lat' dir='ltr'><strong>quia,</strong></span> <span class='ocrx_word' id='word_1_543' title='bbox 3558 845 3692 902; x_wconf 89' lang='lat' dir='ltr'><strong>sicut</strong></span> 
     </span>
    </p>
   </div>
   <div class='ocr_carea' id='block_1_67' title="bbox 2108 916 3689 993">
    <p class='ocr_par' dir='ltr' id='par_1_67' title="bbox 2108 916 3689 993">
     <span class='ocr_line' id='line_1_68' title="bbox 2108 916 3689 993; baseline 0.013 -23"><span class='ocrx_word' id='word_1_544' title='bbox 2108 916 2306 972; x_wconf 87' lang='lat' dir='ltr'><strong>dictum</strong></span> <span class='ocrx_word' id='word_1_545' title='bbox 2360 929 2480 988; x_wconf 81' lang='lat' dir='ltr'><strong>est,</strong></span> <span class='ocrx_word' id='word_1_546' title='bbox 2535 924 2844 993; x_wconf 90' lang='lat' dir='ltr'><strong>psalterium</strong></span> <span class='ocrx_word' id='word_1_547' title='bbox 2900 927 3087 984; x_wconf 90' lang='lat' dir='ltr'><strong>decem</strong></span> <span class='ocrx_word' id='word_1_548' title='bbox 3139 931 3456 988; x_wconf 90' lang='lat' dir='ltr'><strong>chordarum</strong></span> <span class='ocrx_word' id='word_1_549' title='bbox 3507 935 3689 993; x_wconf 70' lang='lat' dir='ltr'><strong>decem</strong></span> 
     </span>
    </p>
   </div>
   <div class='ocr_carea' id='block_1_68' title="bbox 2109 1014 3694 1093">
    <p class='ocr_par' dir='ltr' id='par_1_68' title="bbox 2109 1014 3694 1093">
     <span class='ocr_line' id='line_1_69' title="bbox 2109 1014 3694 1093; baseline 0.011 -30"><span class='ocrx_word' id='word_1_550' title='bbox 2109 1019 2372 1082; x_wconf 72' lang='lat' dir='ltr'><strong>pmepta</strong></span> <span class='ocrx_word' id='word_1_551' title='bbox 2401 1023 2525 1069; x_wconf 89' lang='lat' dir='ltr'><strong>sunt</strong></span> <span class='ocrx_word' id='word_1_552' title='bbox 2551 1014 2708 1086; x_wconf 86' lang='lat' dir='ltr'><strong>chis</strong></span> <span class='ocrx_word' id='word_1_553' title='bbox 2725 1059 2740 1084; x_wconf 92' lang='lat'><strong>,</strong></span> <span class='ocrx_word' id='word_1_554' title='bbox 2781 1027 2836 1073; x_wconf 88' lang='lat' dir='ltr'><strong>et</strong></span> <span class='ocrx_word' id='word_1_555' title='bbox 2863 1019 3136 1088; x_wconf 89' lang='lat' dir='ltr'><strong>plenitudo</strong></span> <span class='ocrx_word' id='word_1_556' title='bbox 3164 1021 3320 1093; x_wconf 82' lang='lat' dir='ltr'><strong>Legis</strong></span> <span class='ocrx_word' id='word_1_557' title='bbox 3346 1023 3561 1080; x_wconf 84' lang='lat' dir='ltr'><strong>dilectio</strong></span> <span class='ocrx_word' id='word_1_558' title='bbox 3588 1035 3694 1081; x_wconf 89' lang='lat' dir='ltr'><strong>est.</strong></span> 
     </span>
    </p>
   </div>
   <div class='ocr_carea' id='block_1_69' title="bbox 2111 1099 3698 1186">
    <p class='ocr_par' dir='ltr' id='par_1_69' title="bbox 2111 1099 3698 1186">
     <span class='ocr_line' id='line_1_70' title="bbox 2111 1099 3698 1186; baseline 0.01 -31"><span class='ocrx_word' id='word_1_559' title='bbox 2111 1099 2310 1156; x_wconf 86' lang='lat' dir='ltr'><strong>Paucas</strong></span> <span class='ocrx_word' id='word_1_560' title='bbox 2338 1112 2512 1158; x_wconf 87' lang='lat' dir='ltr'><strong>autem</strong></span> <span class='ocrx_word' id='word_1_561' title='bbox 2544 1105 2667 1162; x_wconf 90' lang='lat' dir='ltr'><strong>inde</strong></span> <span class='ocrx_word' id='word_1_562' title='bbox 2699 1107 2930 1166; x_wconf 90' lang='lat' dir='ltr'><strong>chordas</strong></span> <span class='ocrx_word' id='word_1_563' title='bbox 2960 1126 3384 1170; x_wconf 84' lang='lat' dir='ltr'><strong>commemorare</strong></span> <span class='ocrx_word' id='word_1_564' title='bbox 3411 1117 3698 1186; x_wconf 81' lang='lat' dir='ltr'><strong>Apostolus</strong></span> 
     </span>
    </p>
   </div>
   <div class='ocr_carea' id='block_1_70' title="bbox 2109 1191 3693 1273">
    <p class='ocr_par' dir='ltr' id='par_1_70' title="bbox 2109 1191 3693 1273">
     <span class='ocr_line' id='line_1_71' title="bbox 2109 1191 3693 1273; baseline 0.012 -30"><span class='ocrx_word' id='word_1_565' title='bbox 2109 1191 2306 1259; x_wconf 88' lang='lat' dir='ltr'><strong>voluit,</strong></span> <span class='ocrx_word' id='word_1_566' title='bbox 2336 1203 2392 1248; x_wconf 92' lang='lat' dir='ltr'><strong>ut</strong></span> <span class='ocrx_word' id='word_1_567' title='bbox 2421 1211 2486 1250; x_wconf 87' lang='lat' dir='ltr'><strong>ex</strong></span> <span class='ocrx_word' id='word_1_568' title='bbox 2515 1197 2595 1251; x_wconf 90' lang='lat' dir='ltr'><strong>eis</strong></span> <span class='ocrx_word' id='word_1_569' title='bbox 2630 1207 2821 1254; x_wconf 63' lang='lat' dir='ltr'><strong>extera</strong></span> <span class='ocrx_word' id='word_1_570' title='bbox 2863 1201 3247 1272; x_wconf 80' lang='lat' dir='ltr'><strong>intelligantur,</strong></span> <span class='ocrx_word' id='word_1_571' title='bbox 3277 1205 3365 1260; x_wconf 88' lang='lat' dir='ltr'><strong>ubi</strong></span> <span class='ocrx_word' id='word_1_572' title='bbox 3392 1206 3496 1273; x_wconf 90' lang='lat' dir='ltr'><strong>ait,</strong></span> <span class='ocrx_word' id='word_1_573' title='bbox 3533 1206 3693 1273; x_wconf 82' lang='lat' dir='ltr'><strong>Nam,</strong></span> 
     </span>
    </p>
   </div>
   <div class='ocr_carea' id='block_1_71' title="bbox 2113 1281 3694 1367">
    <p class='ocr_par' dir='ltr' id='par_1_71' title="bbox 2113 1281 3694 1367">
     <span class='ocr_line' id='line_1_72' title="bbox 2113 1281 3694 1367; baseline 0.011 -32"><span class='ocrx_word' id='word_1_574' title='bbox 2113 1281 2232 1338; x_wconf 83' lang='lat' dir='ltr'><strong>Non</strong></span> <span class='ocrx_word' id='word_1_575' title='bbox 2273 1286 2610 1355; x_wconf 83' lang='lat' dir='ltr'><strong>adulterabis,</strong></span> <span class='ocrx_word' id='word_1_576' title='bbox 2658 1290 2778 1346; x_wconf 84' lang='lat' dir='ltr'><strong>Non</strong></span> <span class='ocrx_word' id='word_1_577' title='bbox 2819 1293 3147 1349; x_wconf 82' lang='lat' dir='ltr'><strong>homicidium</strong></span> <span class='ocrx_word' id='word_1_578' title='bbox 3189 1299 3377 1367; x_wconf 72' lang='lat' dir='ltr'><strong>(acies,</strong></span> <span class='ocrx_word' id='word_1_579' title='bbox 3409 1309 3512 1353; x_wconf 89' lang='lat' dir='ltr'><strong>etc.</strong></span> <span class='ocrx_word' id='word_1_580' title='bbox 3557 1299 3694 1353; x_wconf 83' lang='lat' dir='ltr'><strong>Nam</strong></span> 
     </span>
    </p>
   </div>
   <div class='ocr_carea' id='block_1_72' title="bbox 2107 1375 3694 1459">
    <p class='ocr_par' dir='ltr' id='par_1_72' title="bbox 2107 1375 3694 1459">
     <span class='ocr_line' id='line_1_73' title="bbox 2107 1375 3694 1459; baseline 0.009 -30"><span class='ocrx_word' id='word_1_581' title='bbox 2107 1375 2243 1430; x_wconf 89' lang='lat' dir='ltr'><strong>sicut</strong></span> <span class='ocrx_word' id='word_1_582' title='bbox 2268 1376 2376 1432; x_wconf 86' lang='lat' dir='ltr'><strong>duo</strong></span> <span class='ocrx_word' id='word_1_583' title='bbox 2401 1391 2523 1434; x_wconf 87' lang='grc' dir='ltr'>ειιιιι</span> <span class='ocrx_word' id='word_1_584' title='bbox 2559 1394 2816 1452; x_wconf 67' lang='lat' dir='ltr'><strong>praecepta</strong></span> <span class='ocrx_word' id='word_1_585' title='bbox 2843 1385 3171 1453; x_wconf 88' lang='lat' dir='ltr'><strong>dilectionis,</strong></span> <span class='ocrx_word' id='word_1_586' title='bbox 3198 1404 3263 1443; x_wconf 87' lang='lat' dir='ltr'><strong>ex</strong></span> <span class='ocrx_word' id='word_1_587' title='bbox 3293 1389 3482 1459; x_wconf 90' lang='lat' dir='ltr'><strong>quibus</strong></span> <span class='ocrx_word' id='word_1_588' title='bbox 3509 1390 3694 1444; x_wconf 85' lang='lat' dir='ltr'><strong>Domi-</strong></span> 
     </span>
    </p>
   </div>
   <div class='ocr_carea' id='block_1_73' title="bbox 2107 1467 3686 1551">
    <p class='ocr_par' dir='ltr' id='par_1_73' title="bbox 2107 1467 3686 1551">
     <span class='ocr_line' id='line_1_74' title="bbox 2107 1467 3686 1551; baseline 0.007 -31"><span class='ocrx_word' id='word_1_589' title='bbox 2107 1482 2210 1522; x_wconf 88' lang='lat' dir='ltr'><strong>nus</strong></span> <span class='ocrx_word' id='word_1_590' title='bbox 2231 1467 2360 1523; x_wconf 85' lang='lat' dir='ltr'><strong>dicit</strong></span> <span class='ocrx_word' id='word_1_591' title='bbox 2383 1477 2547 1526; x_wconf 86' lang='lat' dir='ltr'><strong>totam</strong></span> <span class='ocrx_word' id='word_1_592' title='bbox 2573 1473 2765 1544; x_wconf 84' lang='lat' dir='ltr'><strong>Legem</strong></span> <span class='ocrx_word' id='word_1_593' title='bbox 2792 1475 3187 1547; x_wconf 80' lang='lat' dir='ltr'><strong>Prophelasque</strong></span> <span class='ocrx_word' id='word_1_594' title='bbox 3216 1479 3448 1548; x_wconf 89' lang='lat' dir='ltr'><strong>pendere</strong></span> <span class='ocrx_word' id='word_1_595' title='bbox 3474 1479 3686 1551; x_wconf 79' lang='lat' dir='ltr'><strong>(Matth.</strong></span> 
     </span>
    </p>
   </div>
   <div class='ocr_carea' id='block_1_74' title="bbox 2107 1561 3687 1642">
    <p class='ocr_par' dir='ltr' id='par_1_74' title="bbox 2107 1561 3687 1642">
     <span class='ocr_line' id='line_1_75' title="bbox 2107 1561 3687 1642; baseline 0.008 -30"><span class='ocrx_word' id='word_1_596' title='bbox 2107 1574 2247 1626; x_wconf 77' lang='lat' dir='ltr'><strong>xxu,</strong></span> <span class='ocrx_word' id='word_1_597' title='bbox 2275 1561 2467 1633; x_wconf 63' lang='lat'><strong>37-40)</strong></span> <span class='ocrx_word' id='word_1_598' title='bbox 2488 1605 2502 1630; x_wconf 94' lang='lat'><strong>,</strong></span> <span class='ocrx_word' id='word_1_599' title='bbox 2534 1565 2664 1618; x_wconf 89' lang='lat' dir='ltr'><strong>satis</strong></span> <span class='ocrx_word' id='word_1_600' title='bbox 2689 1567 2975 1622; x_wconf 89' lang='lat' dir='ltr'><strong>ostendens</strong></span> <span class='ocrx_word' id='word_1_601' title='bbox 2999 1567 3333 1624; x_wconf 89' lang='lat' dir='ltr'><strong>dilectionem</strong></span> <span class='ocrx_word' id='word_1_602' title='bbox 3363 1585 3483 1626; x_wconf 88' lang='lat' dir='ltr'><strong>esse</strong></span> <span class='ocrx_word' id='word_1_603' title='bbox 3510 1571 3687 1642; x_wconf 90' lang='lat' dir='ltr'><strong>pleni-</strong></span> 
     </span>
    </p>
   </div>
   <div class='ocr_carea' id='block_1_75' title="bbox 2109 1650 3692 1730">
    <p class='ocr_par' dir='ltr' id='par_1_75' title="bbox 2109 1650 3692 1730">
     <span class='ocr_line' id='line_1_76' title="bbox 2109 1650 3692 1730; baseline 0.009 -28"><span class='ocrx_word' id='word_1_604' title='bbox 2109 1650 2343 1706; x_wconf 88' lang='lat' dir='ltr'><strong>tudinem</strong></span> <span class='ocrx_word' id='word_1_605' title='bbox 2382 1653 2534 1724; x_wconf 87' lang='lat' dir='ltr'><strong>Legis</strong></span> <span class='ocrx_word' id='word_1_606' title='bbox 2563 1673 2576 1709; x_wconf 91' lang='lat'><strong>:</strong></span> <span class='ocrx_word' id='word_1_607' title='bbox 2607 1655 2674 1710; x_wconf 92' lang='lat' dir='ltr'><strong>ita</strong></span> <span class='ocrx_word' id='word_1_608' title='bbox 2717 1657 2828 1726; x_wconf 87' lang='lat' dir='ltr'><strong>ipsa</strong></span> <span class='ocrx_word' id='word_1_609' title='bbox 2868 1657 3053 1714; x_wconf 88' lang='lat' dir='ltr'><strong>decem</strong></span> <span class='ocrx_word' id='word_1_610' title='bbox 3097 1669 3358 1730; x_wconf 58' lang='lat' dir='ltr'><strong>praecepta</strong></span> <span class='ocrx_word' id='word_1_611' title='bbox 3403 1662 3453 1715; x_wconf 91' lang='lat' dir='ltr'><strong>in</strong></span> <span class='ocrx_word' id='word_1_612' title='bbox 3484 1662 3692 1717; x_wconf 78' lang='lat' dir='ltr'><strong>duabus</strong></span> 
     </span>
    </p>
   </div>
   <div class='ocr_carea' id='block_1_76' title="bbox 2108 1743 3693 1822">
    <p class='ocr_par' dir='ltr' id='par_1_76' title="bbox 2108 1743 3693 1822">
     <span class='ocr_line' id='line_1_77' title="bbox 2108 1743 3693 1822; baseline 0.008 -25"><span class='ocrx_word' id='word_1_613' title='bbox 2108 1743 2298 1800; x_wconf 89' lang='lat' dir='ltr'><strong>tabulis</strong></span> <span class='ocrx_word' id='word_1_614' title='bbox 2326 1745 2447 1800; x_wconf 89' lang='lat' dir='ltr'><strong>data</strong></span> <span class='ocrx_word' id='word_1_615' title='bbox 2475 1757 2617 1802; x_wconf 87' lang='lat' dir='ltr'><strong>sunt.</strong></span> <span class='ocrx_word' id='word_1_616' title='bbox 2648 1749 2770 1804; x_wconf 88' lang='lat' dir='ltr'><strong>Tria</strong></span> <span class='ocrx_word' id='word_1_617' title='bbox 2797 1752 2991 1822; x_wconf 89' lang='lat' dir='ltr'><strong>quippe</strong></span> <span class='ocrx_word' id='word_1_618' title='bbox 3020 1753 3266 1808; x_wconf 84' lang='lat' dir='ltr'><strong>dicuntur</strong></span> <span class='ocrx_word' id='word_1_619' title='bbox 3292 1754 3343 1808; x_wconf 91' lang='lat' dir='ltr'><strong>in</strong></span> <span class='ocrx_word' id='word_1_620' title='bbox 3373 1770 3476 1809; x_wconf 89' lang='lat' dir='ltr'><strong>una</strong></span> <span class='ocrx_word' id='word_1_621' title='bbox 3516 1756 3693 1810; x_wconf 84' lang='lat' dir='ltr'><strong>tabula</strong></span> 
     </span>
    </p>
   </div>
   <div class='ocr_carea' id='block_1_77' title="bbox 2105 1838 3693 1911">
    <p class='ocr_par' dir='ltr' id='par_1_77' title="bbox 2105 1838 3693 1911">
     <span class='ocr_line' id='line_1_78' title="bbox 2105 1838 3693 1911; baseline 0.008 -21"><span class='ocrx_word' id='word_1_622' title='bbox 2105 1849 2228 1891; x_wconf 86' lang='lat' dir='ltr'><strong>esse</strong></span> <span class='ocrx_word' id='word_1_623' title='bbox 2247 1838 2572 1909; x_wconf 85' lang='lat' dir='ltr'><strong>conscripta,</strong></span> <span class='ocrx_word' id='word_1_624' title='bbox 2602 1850 2654 1894; x_wconf 89' lang='lat' dir='ltr'><strong>et</strong></span> <span class='ocrx_word' id='word_1_625' title='bbox 2679 1851 2881 1911; x_wconf 77' lang='lat' dir='ltr'><strong>septem</strong></span> <span class='ocrx_word' id='word_1_626' title='bbox 2912 1843 2965 1898; x_wconf 91' lang='lat' dir='ltr'><strong>in</strong></span> <span class='ocrx_word' id='word_1_627' title='bbox 2993 1844 3177 1899; x_wconf 89' lang='lat' dir='ltr'><strong>altera.</strong></span> <span class='ocrx_word' id='word_1_628' title='bbox 3215 1845 3362 1902; x_wconf 90' lang='lat' dir='ltr'><strong>Sicut</strong></span> <span class='ocrx_word' id='word_1_629' title='bbox 3399 1859 3572 1903; x_wconf 83' lang='lat' dir='ltr'><strong>autem</strong></span> <span class='ocrx_word' id='word_1_630' title='bbox 3603 1848 3693 1904; x_wconf 73' lang='lat' dir='ltr'><strong>illa</strong></span> 
     </span>
    </p>
   </div>
   <div class='ocr_carea' id='block_1_78' title="bbox 2107 1927 3694 2008">
    <p class='ocr_par' dir='ltr' id='par_1_78' title="bbox 2107 1927 3694 2008">
     <span class='ocr_line' id='line_1_79' title="bbox 2107 1927 3694 2008; baseline 0.01 -28"><span class='ocrx_word' id='word_1_631' title='bbox 2107 1927 2204 1981; x_wconf 90' lang='lat' dir='ltr'><strong>tria</strong></span> <span class='ocrx_word' id='word_1_632' title='bbox 2235 1929 2500 1999; x_wconf 89' lang='lat' dir='ltr'><strong>pertinent</strong></span> <span class='ocrx_word' id='word_1_633' title='bbox 2528 1931 2592 1986; x_wconf 86' lang='lat' dir='ltr'><strong>ad</strong></span> <span class='ocrx_word' id='word_1_634' title='bbox 2619 1931 2957 1989; x_wconf 84' lang='lat' dir='ltr'><strong>dilectionem</strong></span> <span class='ocrx_word' id='word_1_635' title='bbox 2985 1936 3108 2005; x_wconf 88' lang='lat' dir='ltr'><strong>Dei,</strong></span> <span class='ocrx_word' id='word_1_636' title='bbox 3147 1938 3216 1992; x_wconf 90' lang='lat' dir='ltr'><strong>ita</strong></span> <span class='ocrx_word' id='word_1_637' title='bbox 3256 1947 3460 2008; x_wconf 86' lang='lat' dir='ltr'><strong>septem</strong></span> <span class='ocrx_word' id='word_1_638' title='bbox 3497 1951 3694 1996; x_wconf 70' lang='lat' dir='ltr'><strong>cwtcra</strong></span> 
     </span>
    </p>
   </div>
   <div class='ocr_carea' id='block_1_79' title="bbox 2106 2019 3003 2097">
    <p class='ocr_par' dir='ltr' id='par_1_79' title="bbox 2106 2019 3003 2097">
     <span class='ocr_line' id='line_1_80' title="bbox 2106 2019 3003 2097; baseline 0.01 -23"><span class='ocrx_word' id='word_1_639' title='bbox 2106 2019 2375 2077; x_wconf 78' lang='lat' dir='ltr'><strong>dilectioni</strong></span> <span class='ocrx_word' id='word_1_640' title='bbox 2408 2024 2630 2093; x_wconf 81' lang='lat' dir='ltr'><strong>proximi</strong></span> <span class='ocrx_word' id='word_1_641' title='bbox 2661 2025 3003 2097; x_wconf 88' lang='lat' dir='ltr'><strong>deputantur.</strong></span> 
     </span>
    </p>
   </div>
   <div class='ocr_carea' id='block_1_80' title="bbox 2175 2109 3696 2201">
    <p class='ocr_par' dir='ltr' id='par_1_80' title="bbox 2175 2109 3696 2201">
     <span class='ocr_line' id='line_1_81' title="bbox 2175 2109 3696 2201; baseline 0.01 -35"><span class='ocrx_word' id='word_1_642' title='bbox 2175 2109 2404 2169; x_wconf 84' lang='lat' dir='ltr'><strong>CAPUT</strong></span> <span class='ocrx_word' id='word_1_643' title='bbox 2434 2113 2521 2169; x_wconf 88' lang='lat' dir='ltr'><strong>Ill.</strong></span> <span class='ocrx_word' id='word_1_644' title='bbox 2549 2147 2620 2156; x_wconf 97' lang='lat'><strong>—</strong></span> <span class='ocrx_word' id='word_1_645' title='bbox 2650 2117 2703 2172; x_wconf 83' lang='lat'><strong>5.</strong></span> <span class='ocrx_word' id='word_1_646' title='bbox 2738 2116 3002 2190; x_wconf 75' lang='lat' dir='ltr'><strong>Prwcepta</strong></span> <span class='ocrx_word' id='word_1_647' title='bbox 3027 2121 3125 2175; x_wconf 87' lang='lat' dir='ltr'><strong>tria</strong></span> <span class='ocrx_word' id='word_1_648' title='bbox 3156 2123 3225 2176; x_wconf 88' lang='lat' dir='ltr'><strong>ad</strong></span> <span class='ocrx_word' id='word_1_649' title='bbox 3253 2121 3411 2201; x_wconf 79' lang='lat' dir='ltr'><strong>Deum</strong></span> <span class='ocrx_word' id='word_1_650' title='bbox 3440 2125 3696 2196; x_wconf 84' lang='lat' dir='ltr'><strong>pertinen-</strong></span> 
     </span>
    </p>
   </div>
   <div class='ocr_carea' id='block_1_81' title="bbox 2106 2201 3696 2279">
    <p class='ocr_par' dir='ltr' id='par_1_81' title="bbox 2106 2201 3696 2279">
     <span class='ocr_line' id='line_1_82' title="bbox 2106 2201 3696 2279; baseline 0.011 -23"><span class='ocrx_word' id='word_1_651' title='bbox 2106 2203 2196 2257; x_wconf 87' lang='lat' dir='ltr'><strong>tia.</strong></span> <span class='ocrx_word' id='word_1_652' title='bbox 2240 2201 2522 2261; x_wconf 87' lang='lat' dir='ltr'><strong>Sabbatum</strong></span> <span class='ocrx_word' id='word_1_653' title='bbox 2558 2209 2838 2279; x_wconf 84' lang='lat' dir='ltr'><strong>spiritualc.</strong></span> <span class='ocrx_word' id='word_1_654' title='bbox 2880 2211 3158 2267; x_wconf 84' lang='lat' dir='ltr'><strong>Sabbatum</strong></span> <span class='ocrx_word' id='word_1_655' title='bbox 3197 2216 3536 2272; x_wconf 83' lang='lat' dir='ltr'><strong>sabbatorum.</strong></span> <span class='ocrx_word' id='word_1_656' title='bbox 3577 2219 3696 2273; x_wconf 83' lang='lat' dir='ltr'><strong>Pri-</strong></span> 
     </span>
    </p>
   </div>
   <div class='ocr_carea' id='block_1_82' title="bbox 2107 2298 3696 2370">
    <p class='ocr_par' dir='ltr' id='par_1_82' title="bbox 2107 2298 3696 2370">
     <span class='ocr_line' id='line_1_83' title="bbox 2107 2298 3696 2370; baseline 0.009 -20"><span class='ocrx_word' id='word_1_657' title='bbox 2107 2311 2252 2351; x_wconf 88' lang='lat' dir='ltr'><strong>tnum</strong></span> <span class='ocrx_word' id='word_1_658' title='bbox 2281 2307 2361 2352; x_wconf 89' lang='lat' dir='ltr'><strong>est</strong></span> <span class='ocrx_word' id='word_1_659' title='bbox 2388 2298 2596 2354; x_wconf 86' lang='lat' dir='ltr'><strong>illorum</strong></span> <span class='ocrx_word' id='word_1_660' title='bbox 2629 2301 2785 2356; x_wconf 89' lang='lat' dir='ltr'><strong>trium</strong></span> <span class='ocrx_word' id='word_1_661' title='bbox 2817 2319 2830 2355; x_wconf 91' lang='lat'><strong>:</strong></span> <span class='ocrx_word' id='word_1_662' title='bbox 2859 2303 3021 2366; x_wconf 75' lang='lat' dir='ltr'><strong>Audi,</strong></span> <span class='ocrx_word' id='word_1_663' title='bbox 3054 2303 3248 2370; x_wconf 80' lang='lat' dir='ltr'><strong>Israel;</strong></span> <span class='ocrx_word' id='word_1_664' title='bbox 3277 2306 3526 2363; x_wconf 89' lang='lat' dir='ltr'><strong>Dominus</strong></span> <span class='ocrx_word' id='word_1_665' title='bbox 3552 2309 3696 2365; x_wconf 85' lang='lat' dir='ltr'><strong>Deus</strong></span> 
     </span>
    </p>
   </div>
   <div class='ocr_carea' id='block_1_83' title="bbox 2107 2388 3701 2471">
    <p class='ocr_par' dir='ltr' id='par_1_83' title="bbox 2107 2388 3701 2471">
     <span class='ocr_line' id='line_1_84' title="bbox 2107 2388 3701 2471; baseline 0.009 -31"><span class='ocrx_word' id='word_1_666' title='bbox 2107 2395 2224 2442; x_wconf 84' lang='lat' dir='ltr'><strong>tuus</strong></span> <span class='ocrx_word' id='word_1_667' title='bbox 2241 2426 2256 2452; x_wconf 88' lang='lat'><strong>,</strong></span> <span class='ocrx_word' id='word_1_668' title='bbox 2289 2388 2536 2445; x_wconf 82' lang='lat' dir='ltr'><strong>Dominus</strong></span> <span class='ocrx_word' id='word_1_669' title='bbox 2563 2407 2693 2447; x_wconf 88' lang='lat' dir='ltr'><strong>unus</strong></span> <span class='ocrx_word' id='word_1_670' title='bbox 2720 2402 2792 2448; x_wconf 87' lang='lat' dir='ltr'><strong>est</strong></span> <span class='ocrx_word' id='word_1_671' title='bbox 2819 2393 2996 2463; x_wconf 84' lang='lat' dir='ltr'><strong>(Deut.</strong></span> <span class='ocrx_word' id='word_1_672' title='bbox 3019 2412 3070 2451; x_wconf 88' lang='lat' dir='ltr'><strong>vt</strong></span> <span class='ocrx_word' id='word_1_673' title='bbox 3092 2440 3107 2463; x_wconf 89' lang='lat'><strong>,</strong></span> <span class='ocrx_word' id='word_1_674' title='bbox 3140 2397 3217 2467; x_wconf 71' lang='grc'><strong>4).</strong></span> <span class='ocrx_word' id='word_1_675' title='bbox 3264 2396 3384 2452; x_wconf 80' lang='lat' dir='ltr'><strong>Non</strong></span> <span class='ocrx_word' id='word_1_676' title='bbox 3421 2399 3576 2471; x_wconf 81' lang='lat' dir='ltr'><strong>facies</strong></span> <span class='ocrx_word' id='word_1_677' title='bbox 3603 2403 3701 2456; x_wconf 66' lang='lat' dir='ltr'><strong>tibi</strong></span> 
     </span>
    </p>
   </div>
   <div class='ocr_carea' id='block_1_84' title="bbox 2107 2478 3696 2561">
    <p class='ocr_par' dir='ltr' id='par_1_84' title="bbox 2107 2478 3696 2561">
     <span class='ocr_line' id='line_1_85' title="bbox 2107 2478 3696 2561; baseline 0.011 -31"><span class='ocrx_word' id='word_1_678' title='bbox 2107 2478 2297 2532; x_wconf 87' lang='lat' dir='ltr'><strong>idolum</strong></span> <span class='ocrx_word' id='word_1_679' title='bbox 2320 2489 2407 2534; x_wconf 88' lang='lat' dir='ltr'><strong>attt</strong></span> <span class='ocrx_word' id='word_1_680' title='bbox 2426 2482 2727 2553; x_wconf 79' lang='lat' dir='ltr'><strong>cujusquam</strong></span> <span class='ocrx_word' id='word_1_681' title='bbox 2752 2486 3151 2554; x_wconf 82' lang='lat' dir='ltr'><strong>similitudinem,</strong></span> <span class='ocrx_word' id='word_1_682' title='bbox 3181 2504 3337 2560; x_wconf 80' lang='lat' dir='ltr'><strong>neque</strong></span> <span class='ocrx_word' id='word_1_683' title='bbox 3362 2507 3476 2561; x_wconf 75' lang='lat' dir='ltr'><strong>qua:</strong></span> <span class='ocrx_word' id='word_1_684' title='bbox 3495 2497 3547 2545; x_wconf 89' lang='lat' dir='ltr'><strong>in</strong></span> <span class='ocrx_word' id='word_1_685' title='bbox 3567 2494 3696 2547; x_wconf 68' lang='lat' dir='ltr'><strong>cado</strong></span> 
     </span>
    </p>
   </div>
   <div class='ocr_carea' id='block_1_85' title="bbox 2106 2575 3698 2652">
    <p class='ocr_par' dir='ltr' id='par_1_85' title="bbox 2106 2575 3698 2652">
     <span class='ocr_line' id='line_1_86' title="bbox 2106 2575 3698 2652; baseline 0.009 -30"><span class='ocrx_word' id='word_1_686' title='bbox 2106 2586 2327 2636; x_wconf 86' lang='lat' dir='ltr'><strong>sursum,</strong></span> <span class='ocrx_word' id='word_1_687' title='bbox 2360 2588 2518 2643; x_wconf 85' lang='lat' dir='ltr'><strong>neque</strong></span> <span class='ocrx_word' id='word_1_688' title='bbox 2537 2589 2651 2644; x_wconf 71' lang='lat' dir='ltr'><strong>quia</strong></span> <span class='ocrx_word' id='word_1_689' title='bbox 2677 2575 2727 2628; x_wconf 86' lang='lat' dir='ltr'><strong>in</strong></span> <span class='ocrx_word' id='word_1_690' title='bbox 2753 2585 2883 2630; x_wconf 85' lang='lat' dir='ltr'><strong>terra</strong></span> <span class='ocrx_word' id='word_1_691' title='bbox 2907 2579 3177 2644; x_wconf 87' lang='lat' dir='ltr'><strong>deorsum;</strong></span> <span class='ocrx_word' id='word_1_692' title='bbox 3203 2589 3257 2634; x_wconf 90' lang='lat' dir='ltr'><strong>et</strong></span> <span class='ocrx_word' id='word_1_693' title='bbox 3283 2591 3473 2636; x_wconf 63' lang='lat' dir='ltr'><strong>cattera</strong></span> <span class='ocrx_word' id='word_1_694' title='bbox 3502 2583 3698 2652; x_wconf 85' lang='lat' dir='ltr'><strong>quibus</strong></span> 
     </span>
    </p>
   </div>
   <div class='ocr_carea' id='block_1_86' title="bbox 2107 2659 3698 2727">
    <p class='ocr_par' dir='ltr' id='par_1_86' title="bbox 2107 2659 3698 2727">
     <span class='ocr_line' id='line_1_87' title="bbox 2107 2659 3698 2727; baseline 0.009 -14"><span class='ocrx_word' id='word_1_695' title='bbox 2107 2659 2172 2714; x_wconf 91' lang='lat' dir='ltr'><strong>ad</strong></span> <span class='ocrx_word' id='word_1_696' title='bbox 2219 2661 2376 2715; x_wconf 91' lang='lat' dir='ltr'><strong>unius</strong></span> <span class='ocrx_word' id='word_1_697' title='bbox 2421 2663 2513 2717; x_wconf 92' lang='lat' dir='ltr'><strong>Dei</strong></span> <span class='ocrx_word' id='word_1_698' title='bbox 2556 2665 2756 2719; x_wconf 90' lang='lat' dir='ltr'><strong>cultum</strong></span> <span class='ocrx_word' id='word_1_699' title='bbox 2808 2666 2985 2721; x_wconf 87' lang='lat' dir='ltr'><strong>relicta</strong></span> <span class='ocrx_word' id='word_1_700' title='bbox 3034 2668 3294 2724; x_wconf 84' lang='lat' dir='ltr'><strong>idolorum</strong></span> <span class='ocrx_word' id='word_1_701' title='bbox 3345 2669 3698 2727; x_wconf 86' lang='lat' dir='ltr'><strong>fornicatione</strong></span> 
     </span>
    </p>
   </div>
   <div class='ocr_carea' id='block_1_87' title="bbox 2107 2753 3696 2829">
    <p class='ocr_par' dir='ltr' id='par_1_87' title="bbox 2107 2753 3696 2829">
     <span class='ocr_line' id='line_1_88' title="bbox 2107 2753 3696 2829; baseline 0.006 -24"><span class='ocrx_word' id='word_1_702' title='bbox 2107 2753 2438 2822; x_wconf 86' lang='lat' dir='ltr'><strong>constringit.</strong></span> <span class='ocrx_word' id='word_1_703' title='bbox 2482 2754 2784 2809; x_wconf 89' lang='lat' dir='ltr'><strong>Secundum</strong></span> <span class='ocrx_word' id='word_1_704' title='bbox 2828 2768 3004 2812; x_wconf 89' lang='lat' dir='ltr'><strong>autem</strong></span> <span class='ocrx_word' id='word_1_705' title='bbox 3050 2772 3369 2829; x_wconf 70' lang='lat' dir='ltr'><strong>prteceptum</strong></span> <span class='ocrx_word' id='word_1_706' title='bbox 3410 2773 3492 2816; x_wconf 92' lang='lat' dir='ltr'><strong>est</strong></span> <span class='ocrx_word' id='word_1_707' title='bbox 3524 2779 3536 2814; x_wconf 94' lang='lat'><strong>:</strong></span> <span class='ocrx_word' id='word_1_708' title='bbox 3569 2761 3696 2815; x_wconf 88' lang='lat' dir='ltr'><strong>Non</strong></span> 
     </span>
    </p>
   </div>
   <div class='ocr_carea' id='block_1_88' title="bbox 2107 2845 3697 2917">
    <p class='ocr_par' dir='ltr' id='par_1_88' title="bbox 2107 2845 3697 2917">
     <span class='ocr_line' id='line_1_89' title="bbox 2107 2845 3697 2917; baseline 0.008 -22"><span class='ocrx_word' id='word_1_709' title='bbox 2107 2845 2322 2914; x_wconf 85' lang='lat' dir='ltr'><strong>accipies</strong></span> <span class='ocrx_word' id='word_1_710' title='bbox 2352 2861 2530 2900; x_wconf 86' lang='lat' dir='ltr'><strong>nomen</strong></span> <span class='ocrx_word' id='word_1_711' title='bbox 2558 2845 2766 2901; x_wconf 88' lang='lat' dir='ltr'><strong>Domini</strong></span> <span class='ocrx_word' id='word_1_712' title='bbox 2791 2847 2887 2902; x_wconf 82' lang='lat' dir='ltr'><strong>Dei</strong></span> <span class='ocrx_word' id='word_1_713' title='bbox 2913 2850 2985 2902; x_wconf 89' lang='lat' dir='ltr'><strong>tui</strong></span> <span class='ocrx_word' id='word_1_714' title='bbox 3013 2851 3062 2903; x_wconf 90' lang='lat' dir='ltr'><strong>in</strong></span> <span class='ocrx_word' id='word_1_715' title='bbox 3090 2867 3292 2906; x_wconf 82' lang='lat' dir='ltr'><strong>vanum.</strong></span> <span class='ocrx_word' id='word_1_716' title='bbox 3326 2853 3559 2908; x_wconf 83' lang='lat' dir='ltr'><strong>Tertium</strong></span> <span class='ocrx_word' id='word_1_717' title='bbox 3583 2897 3595 2917; x_wconf 88' lang='lat'><strong>,</strong></span> <span class='ocrx_word' id='word_1_718' title='bbox 3623 2854 3697 2908; x_wconf 89' lang='lat' dir='ltr'><strong>de</strong></span> 
     </span>
    </p>
   </div>
   <div class='ocr_carea' id='block_1_89' title="bbox 2107 2935 3700 3014">
    <p class='ocr_par' dir='ltr' id='par_1_89' title="bbox 2107 2935 3700 3014">
     <span class='ocr_line' id='line_1_90' title="bbox 2107 2935 3700 3014; baseline 0.008 -26"><span class='ocrx_word' id='word_1_719' title='bbox 2107 2935 2478 2992; x_wconf 67' lang='lat' dir='ltr'><strong>observatione</strong></span> <span class='ocrx_word' id='word_1_720' title='bbox 2506 2937 2711 2993; x_wconf 89' lang='lat' dir='ltr'><strong>sabbati</strong></span> <span class='ocrx_word' id='word_1_721' title='bbox 2739 2938 2930 3012; x_wconf 67' lang='lat' dir='ltr'><strong>(Exod.</strong></span> <span class='ocrx_word' id='word_1_722' title='bbox 2960 2957 3049 3008; x_wconf 75' lang='lat' dir='ltr'><strong>xx,</strong></span> <span class='ocrx_word' id='word_1_723' title='bbox 3075 2941 3255 3012; x_wconf 70' lang='lat' dir='ltr'><strong>2-H).</strong></span> <span class='ocrx_word' id='word_1_724' title='bbox 3283 2942 3454 2998; x_wconf 88' lang='lat' dir='ltr'><strong>Credo</strong></span> <span class='ocrx_word' id='word_1_725' title='bbox 3477 2954 3700 3014; x_wconf 87' lang='lat' dir='ltr'><strong>propter</strong></span> 
     </span>
    </p>
   </div>
   <div class='ocr_carea' id='block_1_90' title="bbox 2108 3025 3693 3100">
    <p class='ocr_par' dir='ltr' id='par_1_90' title="bbox 2108 3025 3693 3100">
     <span class='ocr_line' id='line_1_91' title="bbox 2108 3025 3693 3100; baseline 0.007 -21"><span class='ocrx_word' id='word_1_726' title='bbox 2108 3025 2419 3080; x_wconf 74' lang='lat' dir='ltr'><strong>Trinimtem</strong></span> <span class='ocrx_word' id='word_1_727' title='bbox 2444 3028 2539 3082; x_wconf 87' lang='lat' dir='ltr'><strong>tria</strong></span> <span class='ocrx_word' id='word_1_728' title='bbox 2564 3039 2825 3100; x_wconf 60' lang='lat' dir='ltr'><strong>praecepta</strong></span> <span class='ocrx_word' id='word_1_729' title='bbox 2847 3033 3114 3100; x_wconf 84' lang='lat' dir='ltr'><strong>pertinent</strong></span> <span class='ocrx_word' id='word_1_730' title='bbox 3133 3034 3198 3088; x_wconf 90' lang='lat' dir='ltr'><strong>ad</strong></span> <span class='ocrx_word' id='word_1_731' title='bbox 3219 3033 3552 3090; x_wconf 88' lang='lat' dir='ltr'><strong>dilectionem</strong></span> <span class='ocrx_word' id='word_1_732' title='bbox 3575 3036 3693 3092; x_wconf 90' lang='lat' dir='ltr'><strong>Dei.</strong></span> 
     </span>
    </p>
   </div>
   <div class='ocr_carea' id='block_1_91' title="bbox 2108 3117 3699 3184">
    <p class='ocr_par' dir='ltr' id='par_1_91' title="bbox 2108 3117 3699 3184">
     <span class='ocr_line' id='line_1_92' title="bbox 2108 3117 3699 3184; baseline 0.006 -11"><span class='ocrx_word' id='word_1_733' title='bbox 2108 3117 2294 3173; x_wconf 88' lang='lat' dir='ltr'><strong>Unitas</strong></span> <span class='ocrx_word' id='word_1_734' title='bbox 2323 3119 2463 3174; x_wconf 89' lang='lat' dir='ltr'><strong>enim</strong></span> <span class='ocrx_word' id='word_1_735' title='bbox 2491 3119 2780 3175; x_wconf 87' lang='lat' dir='ltr'><strong>divinitatis</strong></span> <span class='ocrx_word' id='word_1_736' title='bbox 2808 3138 2837 3176; x_wconf 92' lang='lat' dir='ltr'><strong>a</strong></span> <span class='ocrx_word' id='word_1_737' title='bbox 2868 3123 3020 3178; x_wconf 85' lang='lat' dir='ltr'><strong>Patre</strong></span> <span class='ocrx_word' id='word_1_738' title='bbox 3049 3125 3204 3180; x_wconf 90' lang='lat' dir='ltr'><strong>habet</strong></span> <span class='ocrx_word' id='word_1_739' title='bbox 3229 3127 3504 3182; x_wconf 79' lang='lat' dir='ltr'><strong>exordium</strong></span> <span class='ocrx_word' id='word_1_740' title='bbox 3529 3145 3542 3182; x_wconf 91' lang='lat'><strong>:</strong></span> <span class='ocrx_word' id='word_1_741' title='bbox 3569 3128 3699 3184; x_wconf 88' lang='lat' dir='ltr'><strong>inde</strong></span> 
     </span>
    </p>
   </div>
   <div class='ocr_carea' id='block_1_92' title="bbox 2109 3209 3699 3286">
    <p class='ocr_par' dir='ltr' id='par_1_92' title="bbox 2109 3209 3699 3286">
     <span class='ocr_line' id='line_1_93' title="bbox 2109 3209 3699 3286; baseline 0.008 -25"><span class='ocrx_word' id='word_1_742' title='bbox 2109 3209 2338 3278; x_wconf 87' lang='lat' dir='ltr'><strong>primum</strong></span> <span class='ocrx_word' id='word_1_743' title='bbox 2367 3220 2688 3281; x_wconf 70' lang='lat' dir='ltr'><strong>prmceptum</strong></span> <span class='ocrx_word' id='word_1_744' title='bbox 2717 3212 2784 3268; x_wconf 89' lang='lat' dir='ltr'><strong>de</strong></span> <span class='ocrx_word' id='word_1_745' title='bbox 2807 3228 2911 3268; x_wconf 91' lang='lat' dir='ltr'><strong>uno</strong></span> <span class='ocrx_word' id='word_1_746' title='bbox 2934 3214 3041 3268; x_wconf 88' lang='lat' dir='ltr'><strong>Deo</strong></span> <span class='ocrx_word' id='word_1_747' title='bbox 3067 3217 3296 3270; x_wconf 78' lang='lat' dir='ltr'><strong>maxime</strong></span> <span class='ocrx_word' id='word_1_748' title='bbox 3317 3217 3564 3286; x_wconf 81' lang='lat' dir='ltr'><strong>loquitur.</strong></span> <span class='ocrx_word' id='word_1_749' title='bbox 3593 3220 3699 3274; x_wconf 82' lang='lat' dir='ltr'><strong>Ad-</strong></span> 
     </span>
    </p>
   </div>
   <div class='ocr_carea' id='block_1_93' title="bbox 2110 3306 3694 3377">
    <p class='ocr_par' dir='ltr' id='par_1_93' title="bbox 2110 3306 3694 3377">
     <span class='ocr_line' id='line_1_94' title="bbox 2110 3306 3694 3377; baseline 0.008 -24"><span class='ocrx_word' id='word_1_750' title='bbox 2110 3316 2393 3355; x_wconf 88' lang='lat' dir='ltr'><strong>tnoncmur</strong></span> <span class='ocrx_word' id='word_1_751' title='bbox 2433 3313 2610 3357; x_wconf 88' lang='lat' dir='ltr'><strong>autem</strong></span> <span class='ocrx_word' id='word_1_752' title='bbox 2653 3306 2888 3359; x_wconf 88' lang='lat' dir='ltr'><strong>secundo</strong></span> <span class='ocrx_word' id='word_1_753' title='bbox 2932 3316 3228 3377; x_wconf 64' lang='lat' dir='ltr'><strong>prarcepto,</strong></span> <span class='ocrx_word' id='word_1_754' title='bbox 3258 3323 3325 3362; x_wconf 90' lang='lat' dir='ltr'><strong>ne</strong></span> <span class='ocrx_word' id='word_1_755' title='bbox 3365 3307 3554 3363; x_wconf 77' lang='lat' dir='ltr'><strong>Filium</strong></span> <span class='ocrx_word' id='word_1_756' title='bbox 3595 3311 3694 3366; x_wconf 84' lang='lat' dir='ltr'><strong>Dei</strong></span> 
     </span>
    </p>
   </div>
   <div class='ocr_carea' id='block_1_94' title="bbox 2108 3396 3696 3471">
    <p class='ocr_par' dir='ltr' id='par_1_94' title="bbox 2108 3396 3696 3471">
     <span class='ocr_line' id='line_1_95' title="bbox 2108 3396 3696 3471; baseline 0.008 -26"><span class='ocrx_word' id='word_1_757' title='bbox 2108 3402 2402 3447; x_wconf 87' lang='lat' dir='ltr'><strong>creaturam</strong></span> <span class='ocrx_word' id='word_1_758' title='bbox 2443 3404 2718 3464; x_wconf 86' lang='lat' dir='ltr'><strong>putemus,</strong></span> <span class='ocrx_word' id='word_1_759' title='bbox 2749 3396 2792 3450; x_wconf 91' lang='lat' dir='ltr'><strong>si</strong></span> <span class='ocrx_word' id='word_1_760' title='bbox 2823 3411 2943 3450; x_wconf 91' lang='lat' dir='ltr'><strong>eum</strong></span> <span class='ocrx_word' id='word_1_761' title='bbox 2974 3399 3336 3466; x_wconf 81' lang='lat' dir='ltr'><strong>acceperimus</strong></span> <span class='ocrx_word' id='word_1_762' title='bbox 3379 3401 3696 3471; x_wconf 69' lang='lat' dir='ltr'><strong>ina-qualem</strong></span> 
     </span>
    </p>
   </div>
   <div class='ocr_carea' id='block_1_95' title="bbox 2110 3482 3696 3563">
    <p class='ocr_par' dir='ltr' id='par_1_95' title="bbox 2110 3482 3696 3563">
     <span class='ocr_line' id='line_1_96' title="bbox 2110 3482 3696 3563; baseline 0.008 -26"><span class='ocrx_word' id='word_1_763' title='bbox 2110 3482 2273 3538; x_wconf 80' lang='lat' dir='ltr'><strong>Patri.</strong></span> <span class='ocrx_word' id='word_1_764' title='bbox 2306 3483 2484 3541; x_wconf 88' lang='lat' dir='ltr'><strong>Omnis</strong></span> <span class='ocrx_word' id='word_1_765' title='bbox 2509 3488 2640 3540; x_wconf 88' lang='lat' dir='ltr'><strong>enim</strong></span> <span class='ocrx_word' id='word_1_766' title='bbox 2667 3499 2926 3556; x_wconf 83' lang='lat' dir='ltr'><strong>creatura,</strong></span> <span class='ocrx_word' id='word_1_767' title='bbox 2960 3491 3096 3544; x_wconf 89' lang='lat' dir='ltr'><strong>sicut</strong></span> <span class='ocrx_word' id='word_1_768' title='bbox 3121 3491 3250 3546; x_wconf 90' lang='lat' dir='ltr'><strong>dicit</strong></span> <span class='ocrx_word' id='word_1_769' title='bbox 3273 3495 3576 3563; x_wconf 75' lang='lat' dir='ltr'><strong>Apostolus,</strong></span> <span class='ocrx_word' id='word_1_770' title='bbox 3606 3512 3696 3550; x_wconf 67' lang='lat' dir='ltr'><strong>om</strong></span> 
     </span>
    </p>
   </div>
   <div class='ocr_carea' id='block_1_96' title="bbox 2107 3575 3696 3658">
    <p class='ocr_par' dir='ltr' id='par_1_96' title="bbox 2107 3575 3696 3658">
     <span class='ocr_line' id='line_1_97' title="bbox 2107 3575 3696 3658; baseline 0.01 -31"><span class='ocrx_word' id='word_1_771' title='bbox 2107 3575 2254 3628; x_wconf 82' lang='lat' dir='ltr'><strong>uitali</strong></span> <span class='ocrx_word' id='word_1_772' title='bbox 2273 3577 2472 3630; x_wconf 84' lang='lat' dir='ltr'><strong>subdita</strong></span> <span class='ocrx_word' id='word_1_773' title='bbox 2491 3588 2563 3632; x_wconf 87' lang='lat' dir='ltr'><strong>est</strong></span> <span class='ocrx_word' id='word_1_774' title='bbox 2586 3578 2760 3645; x_wconf 79' lang='lat' dir='ltr'><strong>(Rom.</strong></span> <span class='ocrx_word' id='word_1_775' title='bbox 2783 3595 2891 3646; x_wconf 88' lang='lat' dir='ltr'><strong>vnt,</strong></span> <span class='ocrx_word' id='word_1_776' title='bbox 2915 3580 3012 3651; x_wconf 80' lang='lat'><strong>‘20)</strong></span> <span class='ocrx_word' id='word_1_777' title='bbox 3037 3599 3050 3638; x_wconf 93' lang='lat'><strong>:</strong></span> <span class='ocrx_word' id='word_1_778' title='bbox 3076 3583 3144 3638; x_wconf 91' lang='lat' dir='ltr'><strong>ibi</strong></span> <span class='ocrx_word' id='word_1_779' title='bbox 3165 3593 3342 3640; x_wconf 87' lang='lat' dir='ltr'><strong>autem</strong></span> <span class='ocrx_word' id='word_1_780' title='bbox 3368 3588 3696 3658; x_wconf 71' lang='lat' dir='ltr'><strong>prmcipitur,</strong></span> 
     </span>
    </p>
   </div>
   <div class='ocr_carea' id='block_1_97' title="bbox 2109 3669 3694 3750">
    <p class='ocr_par' dir='ltr' id='par_1_97' title="bbox 2109 3669 3694 3750">
     <span class='ocr_line' id='line_1_98' title="bbox 2109 3669 3694 3750; baseline 0.009 -31"><span class='ocrx_word' id='word_1_781' title='bbox 2109 3682 2175 3720; x_wconf 90' lang='lat' dir='ltr'><strong>ne</strong></span> <span class='ocrx_word' id='word_1_782' title='bbox 2206 3681 2398 3723; x_wconf 90' lang='lat' dir='ltr'><strong>nomen</strong></span> <span class='ocrx_word' id='word_1_783' title='bbox 2430 3669 2637 3726; x_wconf 85' lang='lat' dir='ltr'><strong>Domini</strong></span> <span class='ocrx_word' id='word_1_784' title='bbox 2672 3672 2760 3726; x_wconf 89' lang='lat' dir='ltr'><strong>Dei</strong></span> <span class='ocrx_word' id='word_1_785' title='bbox 2803 3675 2970 3728; x_wconf 86' lang='lat' dir='ltr'><strong>nostri</strong></span> <span class='ocrx_word' id='word_1_786' title='bbox 3015 3673 3066 3730; x_wconf 89' lang='lat' dir='ltr'><strong>in</strong></span> <span class='ocrx_word' id='word_1_787' title='bbox 3109 3669 3694 3750; x_wconf 17' lang='lat' dir='ltr'><strong>vanum‘aecipiamus.</strong></span> 
     </span>
    </p>
   </div>
   <div class='ocr_carea' id='block_1_98' title="bbox 2106 3756 3698 3842">
    <p class='ocr_par' dir='ltr' id='par_1_98' title="bbox 2106 3756 3698 3842">
     <span class='ocr_line' id='line_1_99' title="bbox 2106 3756 3698 3842; baseline 0.009 -30"><span class='ocrx_word' id='word_1_788' title='bbox 2106 3756 2224 3813; x_wconf 83' lang='lat' dir='ltr'><strong>Jam</strong></span> <span class='ocrx_word' id='word_1_789' title='bbox 2254 3775 2384 3815; x_wconf 90' lang='lat' dir='ltr'><strong>vero</strong></span> <span class='ocrx_word' id='word_1_790' title='bbox 2408 3761 2605 3816; x_wconf 87' lang='lat' dir='ltr'><strong>donum</strong></span> <span class='ocrx_word' id='word_1_791' title='bbox 2636 3763 2750 3830; x_wconf 88' lang='lat' dir='ltr'><strong>Dei,</strong></span> <span class='ocrx_word' id='word_1_792' title='bbox 2777 3764 2919 3834; x_wconf 91' lang='lat' dir='ltr'><strong>quod</strong></span> <span class='ocrx_word' id='word_1_793' title='bbox 2948 3775 3031 3821; x_wconf 89' lang='lat' dir='ltr'><strong>est</strong></span> <span class='ocrx_word' id='word_1_794' title='bbox 3053 3766 3284 3836; x_wconf 86' lang='lat' dir='ltr'><strong>Spiritus</strong></span> <span class='ocrx_word' id='word_1_795' title='bbox 3311 3780 3546 3836; x_wconf 88' lang='lat' dir='ltr'><strong>sanctus,</strong></span> <span class='ocrx_word' id='word_1_796' title='bbox 3569 3787 3698 3842; x_wconf 89' lang='lat' dir='ltr'><strong>pro-</strong></span> 
     </span>
    </p>
   </div>
   <div class='ocr_carea' id='block_1_99' title="bbox 2107 3852 3694 3934">
    <p class='ocr_par' dir='ltr' id='par_1_99' title="bbox 2107 3852 3694 3934">
     <span class='ocr_line' id='line_1_100' title="bbox 2107 3852 3694 3934; baseline 0.009 -29"><span class='ocrx_word' id='word_1_797' title='bbox 2107 3852 2268 3906; x_wconf 91' lang='lat' dir='ltr'><strong>mittit</strong></span> <span class='ocrx_word' id='word_1_798' title='bbox 2303 3854 2540 3924; x_wconf 83' lang='lat' dir='ltr'><strong>requiem</strong></span> <span class='ocrx_word' id='word_1_799' title='bbox 2570 3857 2977 3926; x_wconf 88' lang='lat' dir='ltr'><strong>sempiternam,</strong></span> <span class='ocrx_word' id='word_1_800' title='bbox 3005 3874 3123 3929; x_wconf 68' lang='lat' dir='ltr'><strong>qute</strong></span> <span class='ocrx_word' id='word_1_801' title='bbox 3149 3860 3370 3917; x_wconf 89' lang='lat' dir='ltr'><strong>sabbato</strong></span> <span class='ocrx_word' id='word_1_802' title='bbox 3401 3862 3694 3934; x_wconf 82' lang='lat' dir='ltr'><strong>figuratur:</strong></span> 
     </span>
    </p>
   </div>
   <div class='ocr_carea' id='block_1_100' title="bbox 2108 3943 3696 4020">
    <p class='ocr_par' dir='ltr' id='par_1_100' title="bbox 2108 3943 3696 4020">
     <span class='ocr_line' id='line_1_101' title="bbox 2108 3943 3696 4020; baseline 0.009 -25"><span class='ocrx_word' id='word_1_803' title='bbox 2108 3943 2248 3997; x_wconf 87' lang='lat' dir='ltr'><strong>unde</strong></span> <span class='ocrx_word' id='word_1_804' title='bbox 2277 3959 2375 3998; x_wconf 91' lang='lat' dir='ltr'><strong>nos</strong></span> <span class='ocrx_word' id='word_1_805' title='bbox 2403 3943 2680 3999; x_wconf 87' lang='lat' dir='ltr'><strong>sabbatum</strong></span> <span class='ocrx_word' id='word_1_806' title='bbox 2721 3947 3065 4017; x_wconf 83' lang='lat' dir='ltr'><strong>spiritualiter</strong></span> <span class='ocrx_word' id='word_1_807' title='bbox 3098 3950 3479 4020; x_wconf 90' lang='lat' dir='ltr'><strong>observamus,</strong></span> <span class='ocrx_word' id='word_1_808' title='bbox 3510 3954 3553 4008; x_wconf 89' lang='lat' dir='ltr'><strong>si</strong></span> <span class='ocrx_word' id='word_1_809' title='bbox 3585 3971 3696 4011; x_wconf 86' lang='lat' dir='ltr'><strong>non</strong></span> 
     </span>
    </p>
   </div>
   <div class='ocr_carea' id='block_1_101' title="bbox 2108 4030 3696 4104">
    <p class='ocr_par' dir='ltr' id='par_1_101' title="bbox 2108 4030 3696 4104">
     <span class='ocr_line' id='line_1_102' title="bbox 2108 4030 3696 4104; baseline 0.009 -19"><span class='ocrx_word' id='word_1_810' title='bbox 2108 4030 2363 4089; x_wconf 86' lang='lat' dir='ltr'><strong>faciamus</strong></span> <span class='ocrx_word' id='word_1_811' title='bbox 2404 4049 2565 4104; x_wconf 84' lang='lat' dir='ltr'><strong>opera</strong></span> <span class='ocrx_word' id='word_1_812' title='bbox 2607 4037 2840 4092; x_wconf 88' lang='lat' dir='ltr'><strong>servilia.</strong></span> <span class='ocrx_word' id='word_1_813' title='bbox 2881 4038 2964 4094; x_wconf 86' lang='lat' dir='ltr'><strong>Ab</strong></span> <span class='ocrx_word' id='word_1_814' title='bbox 2993 4040 3075 4094; x_wconf 92' lang='lat' dir='ltr'><strong>his</strong></span> <span class='ocrx_word' id='word_1_815' title='bbox 3107 4041 3250 4096; x_wconf 89' lang='lat' dir='ltr'><strong>enim</strong></span> <span class='ocrx_word' id='word_1_816' title='bbox 3289 4043 3448 4098; x_wconf 87' lang='lat' dir='ltr'><strong>etiam</strong></span> <span class='ocrx_word' id='word_1_817' title='bbox 3488 4046 3696 4101; x_wconf 90' lang='lat' dir='ltr'><strong>carnali</strong></span> 
     </span>
    </p>
   </div>
   <div class='ocr_carea' id='block_1_102' title="bbox 2107 4125 3699 4206">
    <p class='ocr_par' dir='ltr' id='par_1_102' title="bbox 2107 4125 3699 4206">
     <span class='ocr_line' id='line_1_103' title="bbox 2107 4125 3699 4206; baseline 0.007 -26"><span class='ocrx_word' id='word_1_818' title='bbox 2107 4125 2374 4181; x_wconf 88' lang='lat' dir='ltr'><strong>intellectu</strong></span> <span class='ocrx_word' id='word_1_819' title='bbox 2394 4125 2564 4181; x_wconf 74' lang='lat' dir='ltr'><strong>Judari</strong></span> <span class='ocrx_word' id='word_1_820' title='bbox 2585 4128 2806 4184; x_wconf 88' lang='lat' dir='ltr'><strong>sabbato</strong></span> <span class='ocrx_word' id='word_1_821' title='bbox 2828 4129 3194 4200; x_wconf 89' lang='lat' dir='ltr'><strong>prohibentur.</strong></span> <span class='ocrx_word' id='word_1_822' title='bbox 3222 4132 3353 4200; x_wconf 85' lang='lat' dir='ltr'><strong>Quia</strong></span> <span class='ocrx_word' id='word_1_823' title='bbox 3379 4143 3556 4191; x_wconf 89' lang='lat' dir='ltr'><strong>autem</strong></span> <span class='ocrx_word' id='word_1_824' title='bbox 3583 4137 3699 4206; x_wconf 86' lang='lat' dir='ltr'><strong>spi-</strong></span> 
     </span>
    </p>
   </div>
   <div class='ocr_carea' id='block_1_103' title="bbox 2106 4215 3690 4293">
    <p class='ocr_par' dir='ltr' id='par_1_103' title="bbox 2106 4215 3690 4293">
     <span class='ocr_line' id='line_1_104' title="bbox 2106 4215 3690 4293; baseline 0.008 -22"><span class='ocrx_word' id='word_1_825' title='bbox 2106 4215 2312 4271; x_wconf 85' lang='lat' dir='ltr'><strong>ritualia</strong></span> <span class='ocrx_word' id='word_1_826' title='bbox 2339 4217 2451 4272; x_wconf 92' lang='lat' dir='ltr'><strong>vult</strong></span> <span class='ocrx_word' id='word_1_827' title='bbox 2491 4219 2786 4289; x_wconf 83' lang='lat' dir='ltr'><strong>intelligere</strong></span> <span class='ocrx_word' id='word_1_828' title='bbox 2826 4235 2988 4293; x_wconf 88' lang='lat' dir='ltr'><strong>opera</strong></span> <span class='ocrx_word' id='word_1_829' title='bbox 3016 4224 3257 4291; x_wconf 86' lang='lat' dir='ltr'><strong>servilia,</strong></span> <span class='ocrx_word' id='word_1_830' title='bbox 3289 4225 3471 4281; x_wconf 89' lang='lat' dir='ltr'><strong>audiat</strong></span> <span class='ocrx_word' id='word_1_831' title='bbox 3499 4226 3690 4283; x_wconf 79' lang='lat' dir='ltr'><strong>Domi-</strong></span> 
     </span>
    </p>
   </div>
   <div class='ocr_carea' id='block_1_104' title="bbox 2106 4310 3696 4389">
    <p class='ocr_par' dir='ltr' id='par_1_104' title="bbox 2106 4310 3696 4389">
     <span class='ocr_line' id='line_1_105' title="bbox 2106 4310 3696 4389; baseline 0.008 -24"><span class='ocrx_word' id='word_1_832' title='bbox 2106 4327 2233 4366; x_wconf 89' lang='lat' dir='ltr'><strong>num</strong></span> <span class='ocrx_word' id='word_1_833' title='bbox 2258 4310 2522 4367; x_wconf 86' lang='lat' dir='ltr'><strong>dicentem</strong></span> <span class='ocrx_word' id='word_1_834' title='bbox 2543 4355 2557 4377; x_wconf 88' lang='lat'><strong>,</strong></span> <span class='ocrx_word' id='word_1_835' title='bbox 2593 4312 2770 4368; x_wconf 86' lang='lat' dir='ltr'><strong>Omnis</strong></span> <span class='ocrx_word' id='word_1_836' title='bbox 2807 4317 2894 4386; x_wconf 81' lang='lat' dir='ltr'><strong>qui</strong></span> <span class='ocrx_word' id='word_1_837' title='bbox 2925 4317 3048 4388; x_wconf 76' lang='lat' dir='ltr'><strong>facit</strong></span> <span class='ocrx_word' id='word_1_838' title='bbox 3085 4329 3372 4389; x_wconf 85' lang='lat' dir='ltr'><strong>peccatum,</strong></span> <span class='ocrx_word' id='word_1_839' title='bbox 3409 4337 3581 4376; x_wconf 78' lang='lat' dir='ltr'><strong>servus</strong></span> <span class='ocrx_word' id='word_1_840' title='bbox 3617 4332 3696 4377; x_wconf 82' lang='lat' dir='ltr'><strong>est</strong></span> 
     </span>
    </p>
   </div>
   <div class='ocr_carea' id='block_1_105' title="bbox 2107 4403 2796 4479">
    <p class='ocr_par' dir='ltr' id='par_1_105' title="bbox 2107 4403 2796 4479">
     <span class='ocr_line' id='line_1_106' title="bbox 2107 4403 2796 4479; baseline 0.009 -22"><span class='ocrx_word' id='word_1_841' title='bbox 2107 4404 2294 4474; x_wconf 84' lang='lat' dir='ltr'><strong>peccati</strong></span> <span class='ocrx_word' id='word_1_842' title='bbox 2323 4403 2502 4476; x_wconf 80' lang='lat' dir='ltr'><strong>(Joan.</strong></span> <span class='ocrx_word' id='word_1_843' title='bbox 2532 4421 2652 4472; x_wconf 80' lang='lat' dir='ltr'><strong>vni,</strong></span> <span class='ocrx_word' id='word_1_844' title='bbox 2683 4405 2796 4479; x_wconf 66' lang='lat'><strong>55).</strong></span> 
     </span>
    </p>
   </div>
   <div class='ocr_carea' id='block_1_106' title="bbox 2174 4496 3692 4562">
    <p class='ocr_par' dir='ltr' id='par_1_106' title="bbox 2174 4496 3692 4562">
     <span class='ocr_line' id='line_1_107' title="bbox 2174 4496 3692 4562; baseline 0.007 -11"><span class='ocrx_word' id='word_1_845' title='bbox 2174 4496 2401 4553; x_wconf 84' lang='lat' dir='ltr'><strong>CAPUT</strong></span> <span class='ocrx_word' id='word_1_846' title='bbox 2441 4497 2528 4553; x_wconf 85' lang='lat' dir='ltr'><strong>IV.</strong></span> <span class='ocrx_word' id='word_1_847' title='bbox 2555 4528 2628 4540; x_wconf 86' lang='lat'><strong>—-</strong></span> <span class='ocrx_word' id='word_1_848' title='bbox 2655 4499 2935 4555; x_wconf 87' lang='lat' dir='ltr'><strong>Peccatum</strong></span> <span class='ocrx_word' id='word_1_849' title='bbox 2963 4509 3140 4557; x_wconf 87' lang='lat' dir='ltr'><strong>autem</strong></span> <span class='ocrx_word' id='word_1_850' title='bbox 3187 4518 3293 4558; x_wconf 88' lang='lat' dir='ltr'><strong>non</strong></span> <span class='ocrx_word' id='word_1_851' title='bbox 3337 4503 3509 4559; x_wconf 89' lang='lat' dir='ltr'><strong>solum</strong></span> <span class='ocrx_word' id='word_1_852' title='bbox 3557 4505 3692 4562; x_wconf 89' lang='lat' dir='ltr'><strong>illud</strong></span> 
     </span>
    </p>
   </div>
   <div class='ocr_carea' id='block_1_107' title="bbox 2106 4589 3698 4667">
    <p class='ocr_par' dir='ltr' id='par_1_107' title="bbox 2106 4589 3698 4667">
     <span class='ocr_line' id='line_1_108' title="bbox 2106 4589 3698 4667; baseline 0.006 -23"><span class='ocrx_word' id='word_1_853' title='bbox 2106 4598 2215 4654; x_wconf 88' lang='lat' dir='ltr'><strong>est,</strong></span> <span class='ocrx_word' id='word_1_854' title='bbox 2263 4589 2403 4660; x_wconf 92' lang='lat' dir='ltr'><strong>quod</strong></span> <span class='ocrx_word' id='word_1_855' title='bbox 2451 4592 2504 4646; x_wconf 90' lang='lat' dir='ltr'><strong>in</strong></span> <span class='ocrx_word' id='word_1_856' title='bbox 2535 4592 2672 4662; x_wconf 91' lang='lat' dir='ltr'><strong>turpi</strong></span> <span class='ocrx_word' id='word_1_857' title='bbox 2715 4603 2808 4648; x_wconf 91' lang='lat' dir='ltr'><strong>aut</strong></span> <span class='ocrx_word' id='word_1_858' title='bbox 2837 4594 3016 4664; x_wconf 90' lang='lat' dir='ltr'><strong>iniquo</strong></span> <span class='ocrx_word' id='word_1_859' title='bbox 3045 4595 3182 4650; x_wconf 79' lang='lat' dir='ltr'><strong>facto</strong></span> <span class='ocrx_word' id='word_1_860' title='bbox 3209 4607 3430 4667; x_wconf 86' lang='lat' dir='ltr'><strong>apparet</strong></span> <span class='ocrx_word' id='word_1_861' title='bbox 3457 4597 3698 4653; x_wconf 83' lang='lat' dir='ltr'><strong>homini-</strong></span> 
     </span>
    </p>
   </div>
   <div class='ocr_carea' id='block_1_108' title="bbox 2105 4681 3696 4764">
    <p class='ocr_par' dir='ltr' id='par_1_108' title="bbox 2105 4681 3696 4764">
     <span class='ocr_line' id='line_1_109' title="bbox 2105 4681 3696 4764; baseline 0.006 -28"><span class='ocrx_word' id='word_1_862' title='bbox 2105 4682 2238 4747; x_wconf 88' lang='lat' dir='ltr'><strong>bus;</strong></span> <span class='ocrx_word' id='word_1_863' title='bbox 2266 4681 2359 4737; x_wconf 89' lang='lat' dir='ltr'><strong>sed</strong></span> <span class='ocrx_word' id='word_1_864' title='bbox 2395 4682 2554 4738; x_wconf 89' lang='lat' dir='ltr'><strong>etiam</strong></span> <span class='ocrx_word' id='word_1_865' title='bbox 2590 4683 2635 4738; x_wconf 89' lang='lat' dir='ltr'><strong>si</strong></span> <span class='ocrx_word' id='word_1_866' title='bbox 2666 4683 2863 4740; x_wconf 89' lang='lat' dir='ltr'><strong>habeat</strong></span> <span class='ocrx_word' id='word_1_867' title='bbox 2888 4686 3118 4755; x_wconf 89' lang='lat' dir='ltr'><strong>speciem</strong></span> <span class='ocrx_word' id='word_1_868' title='bbox 3147 4687 3269 4764; x_wconf 84' lang='lat' dir='ltr'><strong>boni</strong></span> <span class='ocrx_word' id='word_1_869' title='bbox 3297 4689 3497 4758; x_wconf 88' lang='lat' dir='ltr'><strong>operis,</strong></span> <span class='ocrx_word' id='word_1_870' title='bbox 3526 4700 3581 4745; x_wconf 89' lang='lat' dir='ltr'><strong>et</strong></span> <span class='ocrx_word' id='word_1_871' title='bbox 3609 4697 3696 4745; x_wconf 82' lang='lat' dir='ltr'><strong>ta-</strong></span> 
     </span>
    </p>
   </div>
   <div class='ocr_carea' id='block_1_109' title="bbox 2106 4774 3698 4852">
    <p class='ocr_par' dir='ltr' id='par_1_109' title="bbox 2106 4774 3698 4852">
     <span class='ocr_line' id='line_1_110' title="bbox 2106 4774 3698 4852; baseline 0.006 -25"><span class='ocrx_word' id='word_1_872' title='bbox 2106 4788 2227 4828; x_wconf 89' lang='lat' dir='ltr'><strong>men</strong></span> <span class='ocrx_word' id='word_1_873' title='bbox 2255 4783 2469 4845; x_wconf 84' lang='lat' dir='ltr'><strong>propter</strong></span> <span class='ocrx_word' id='word_1_874' title='bbox 2493 4774 2792 4830; x_wconf 86' lang='lat' dir='ltr'><strong>mercedem</strong></span> <span class='ocrx_word' id='word_1_875' title='bbox 2822 4777 3164 4846; x_wconf 89' lang='lat' dir='ltr'><strong>temporalem</strong></span> <span class='ocrx_word' id='word_1_876' title='bbox 3195 4779 3304 4846; x_wconf 84' lang='lat' dir='ltr'><strong>llat,</strong></span> <span class='ocrx_word' id='word_1_877' title='bbox 3335 4795 3439 4834; x_wconf 92' lang='lat' dir='ltr'><strong>non</strong></span> <span class='ocrx_word' id='word_1_878' title='bbox 3473 4790 3698 4852; x_wconf 83' lang='lat' dir='ltr'><strong>prepter</strong></span> 
     </span>
    </p>
   </div>
   <div class='ocr_carea' id='block_1_110' title="bbox 2106 4865 3694 4943">
    <p class='ocr_par' dir='ltr' id='par_1_110' title="bbox 2106 4865 3694 4943">
     <span class='ocr_line' id='line_1_111' title="bbox 2106 4865 3694 4943; baseline 0.008 -25"><span class='ocrx_word' id='word_1_879' title='bbox 2106 4865 2339 4934; x_wconf 80' lang='lat' dir='ltr'><strong>requiem</strong></span> <span class='ocrx_word' id='word_1_880' title='bbox 2371 4866 2769 4936; x_wconf 86' lang='lat' dir='ltr'><strong>sempiternam.</strong></span> <span class='ocrx_word' id='word_1_881' title='bbox 2792 4866 3077 4935; x_wconf 89' lang='lat' dir='ltr'><strong>Quodlibet</strong></span> <span class='ocrx_word' id='word_1_882' title='bbox 3103 4869 3246 4924; x_wconf 90' lang='lat' dir='ltr'><strong>enim</strong></span> <span class='ocrx_word' id='word_1_883' title='bbox 3275 4873 3497 4943; x_wconf 89' lang='lat' dir='ltr'><strong>quisque</strong></span> <span class='ocrx_word' id='word_1_884' title='bbox 3527 4873 3654 4930; x_wconf 91' lang='lat' dir='ltr'><strong>facit</strong></span> <span class='ocrx_word' id='word_1_885' title='bbox 3677 4919 3694 4942; x_wconf 94' lang='lat'><strong>,</strong></span> 
     </span>
    </p>
   </div>
   <div class='ocr_carea' id='block_1_111' title="bbox 2105 4955 3699 5023">
    <p class='ocr_par' dir='ltr' id='par_1_111' title="bbox 2105 4955 3699 5023">
     <span class='ocr_line' id='line_1_112' title="bbox 2105 4955 3699 5023; baseline 0.009 -15"><span class='ocrx_word' id='word_1_886' title='bbox 2105 4956 2149 5009; x_wconf 90' lang='lat' dir='ltr'><strong>si</strong></span> <span class='ocrx_word' id='word_1_887' title='bbox 2177 4956 2278 5011; x_wconf 85' lang='lat' dir='ltr'><strong>hoc</strong></span> <span class='ocrx_word' id='word_1_888' title='bbox 2302 4955 2480 5011; x_wconf 90' lang='lat' dir='ltr'><strong>animo</strong></span> <span class='ocrx_word' id='word_1_889' title='bbox 2507 4957 2650 5023; x_wconf 82' lang='lat' dir='ltr'><strong>facit,</strong></span> <span class='ocrx_word' id='word_1_890' title='bbox 2675 4967 2731 5012; x_wconf 93' lang='lat' dir='ltr'><strong>ut</strong></span> <span class='ocrx_word' id='word_1_891' title='bbox 2755 4967 3026 5015; x_wconf 86' lang='lat' dir='ltr'><strong>terrenum</strong></span> <span class='ocrx_word' id='word_1_892' title='bbox 3057 4963 3473 5018; x_wconf 88' lang='lat' dir='ltr'><strong>emolumentum</strong></span> <span class='ocrx_word' id='word_1_893' title='bbox 3499 4981 3699 5022; x_wconf 88' lang='lat' dir='ltr'><strong>consc-</strong></span> 
     </span>
    </p>
   </div>
   <div class='ocr_carea' id='block_1_112' title="bbox 2105 5047 3698 5120">
    <p class='ocr_par' dir='ltr' id='par_1_112' title="bbox 2105 5047 3698 5120">
     <span class='ocr_line' id='line_1_113' title="bbox 2105 5047 3698 5120; baseline 0.009 -19"><span class='ocrx_word' id='word_1_894' title='bbox 2105 5058 2316 5120; x_wconf 85' lang='lat' dir='ltr'><strong>quatur,</strong></span> <span class='ocrx_word' id='word_1_895' title='bbox 2351 5047 2616 5103; x_wconf 88' lang='lat' dir='ltr'><strong>serviliter</strong></span> <span class='ocrx_word' id='word_1_896' title='bbox 2645 5048 2784 5114; x_wconf 89' lang='lat' dir='ltr'><strong>facit,</strong></span> <span class='ocrx_word' id='word_1_897' title='bbox 2827 5059 2880 5106; x_wconf 89' lang='lat' dir='ltr'><strong>et</strong></span> <span class='ocrx_word' id='word_1_898' title='bbox 2909 5051 3027 5106; x_wconf 89' lang='lat' dir='ltr'><strong>ideo</strong></span> <span class='ocrx_word' id='word_1_899' title='bbox 3054 5053 3332 5109; x_wconf 89' lang='lat' dir='ltr'><strong>sabbatum</strong></span> <span class='ocrx_word' id='word_1_900' title='bbox 3373 5072 3478 5111; x_wconf 90' lang='lat' dir='ltr'><strong>non</strong></span> <span class='ocrx_word' id='word_1_901' title='bbox 3507 5057 3698 5114; x_wconf 88' lang='lat' dir='ltr'><strong>obser-</strong></span> 
     </span>
    </p>
   </div>
   <div class='ocr_carea' id='block_1_113' title="bbox 2106 5139 3695 5221">
    <p class='ocr_par' dir='ltr' id='par_1_113' title="bbox 2106 5139 3695 5221">
     <span class='ocr_line' id='line_1_114' title="bbox 2106 5139 3695 5221; baseline 0.006 -26"><span class='ocrx_word' id='word_1_902' title='bbox 2106 5150 2214 5196; x_wconf 88' lang='lat' dir='ltr'><strong>vat.</strong></span> <span class='ocrx_word' id='word_1_903' title='bbox 2239 5139 2416 5196; x_wconf 88' lang='lat' dir='ltr'><strong>Gratis</strong></span> <span class='ocrx_word' id='word_1_904' title='bbox 2446 5141 2587 5195; x_wconf 92' lang='lat' dir='ltr'><strong>enim</strong></span> <span class='ocrx_word' id='word_1_905' title='bbox 2627 5142 2886 5197; x_wconf 86' lang='lat' dir='ltr'><strong>amandus</strong></span> <span class='ocrx_word' id='word_1_906' title='bbox 2921 5154 3004 5199; x_wconf 89' lang='grc' dir='ltr'><strong>εει</strong></span> <span class='ocrx_word' id='word_1_907' title='bbox 3039 5144 3216 5200; x_wconf 83' lang='lat' dir='ltr'><strong>Deus:</strong></span> <span class='ocrx_word' id='word_1_908' title='bbox 3250 5162 3350 5202; x_wconf 90' lang='lat' dir='ltr'><strong>nec</strong></span> <span class='ocrx_word' id='word_1_909' title='bbox 3381 5148 3557 5204; x_wconf 84' lang='lat' dir='ltr'><strong>anima</strong></span> <span class='ocrx_word' id='word_1_910' title='bbox 3591 5166 3695 5221; x_wconf 88' lang='lat' dir='ltr'><strong>po-</strong></span> 
     </span>
    </p>
   </div>
   <div class='ocr_carea' id='block_1_114' title="bbox 2109 5231 3696 5306">
    <p class='ocr_par' dir='ltr' id='par_1_114' title="bbox 2109 5231 3696 5306">
     <span class='ocr_line' id='line_1_115' title="bbox 2109 5231 3696 5306; baseline 0.006 -18"><span class='ocrx_word' id='word_1_911' title='bbox 2109 5242 2211 5288; x_wconf 90' lang='lat' dir='ltr'><strong>test</strong></span> <span class='ocrx_word' id='word_1_912' title='bbox 2229 5233 2328 5287; x_wconf 89' lang='lat' dir='ltr'><strong>nisi</strong></span> <span class='ocrx_word' id='word_1_913' title='bbox 2355 5233 2407 5286; x_wconf 93' lang='lat' dir='ltr'><strong>in</strong></span> <span class='ocrx_word' id='word_1_914' title='bbox 2431 5246 2494 5288; x_wconf 88' lang='lat' dir='ltr'><strong>eo</strong></span> <span class='ocrx_word' id='word_1_915' title='bbox 2515 5231 2655 5302; x_wconf 89' lang='lat' dir='ltr'><strong>quod</strong></span> <span class='ocrx_word' id='word_1_916' title='bbox 2677 5231 2866 5305; x_wconf 84' lang='lat' dir='ltr'><strong>diligit,</strong></span> <span class='ocrx_word' id='word_1_917' title='bbox 2885 5235 3237 5306; x_wconf 88' lang='lat' dir='ltr'><strong>requiescere.</strong></span> <span class='ocrx_word' id='word_1_918' title='bbox 3261 5235 3486 5294; x_wconf 62' lang='lat' dir='ltr'><strong>Eterna</strong></span> <span class='ocrx_word' id='word_1_919' title='bbox 3511 5253 3696 5298; x_wconf 86' lang='lat' dir='ltr'><strong>autem</strong></span> 
     </span>
    </p>
   </div>
   <div class='ocr_carea' id='block_1_115' title="bbox 2109 5323 3698 5403">
    <p class='ocr_par' dir='ltr' id='par_1_115' title="bbox 2109 5323 3698 5403">
     <span class='ocr_line' id='line_1_116' title="bbox 2109 5323 3698 5403; baseline 0.006 -23"><span class='ocrx_word' id='word_1_920' title='bbox 2109 5325 2321 5395; x_wconf 87' lang='lat' dir='ltr'><strong>requies</strong></span> <span class='ocrx_word' id='word_1_921' title='bbox 2346 5323 2394 5379; x_wconf 89' lang='lat' dir='ltr'><strong>ei</strong></span> <span class='ocrx_word' id='word_1_922' title='bbox 2422 5339 2526 5379; x_wconf 90' lang='lat' dir='ltr'><strong>non</strong></span> <span class='ocrx_word' id='word_1_923' title='bbox 2552 5323 2726 5392; x_wconf 89' lang='lat' dir='ltr'><strong>datur,</strong></span> <span class='ocrx_word' id='word_1_924' title='bbox 2757 5326 2857 5381; x_wconf 78' lang='lat' dir='ltr'><strong>nisi</strong></span> <span class='ocrx_word' id='word_1_925' title='bbox 2887 5327 2940 5381; x_wconf 94' lang='lat' dir='ltr'><strong>in</strong></span> <span class='ocrx_word' id='word_1_926' title='bbox 2969 5327 3252 5384; x_wconf 82' lang='lat' dir='ltr'><strong>dilectione</strong></span> <span class='ocrx_word' id='word_1_927' title='bbox 3281 5330 3396 5396; x_wconf 86' lang='lat' dir='ltr'><strong>Det,</strong></span> <span class='ocrx_word' id='word_1_928' title='bbox 3431 5334 3517 5403; x_wconf 90' lang='lat' dir='ltr'><strong>qui</strong></span> <span class='ocrx_word' id='word_1_929' title='bbox 3544 5335 3698 5392; x_wconf 89' lang='lat' dir='ltr'><strong>solus</strong></span> 
     </span>
    </p>
   </div>
   <div class='ocr_carea' id='block_1_116' title="bbox 2109 5415 3698 5497">
    <p class='ocr_par' dir='ltr' id='par_1_116' title="bbox 2109 5415 3698 5497">
     <span class='ocr_line' id='line_1_117' title="bbox 2109 5415 3698 5497; baseline 0.01 -29"><span class='ocrx_word' id='word_1_930' title='bbox 2109 5422 2342 5468; x_wconf 66' lang='lat' dir='ltr'><strong>aeternus</strong></span> <span class='ocrx_word' id='word_1_931' title='bbox 2371 5423 2453 5469; x_wconf 90' lang='lat' dir='ltr'><strong>est</strong></span> <span class='ocrx_word' id='word_1_932' title='bbox 2475 5431 2489 5480; x_wconf 91' lang='lat'><strong>;</strong></span> <span class='ocrx_word' id='word_1_933' title='bbox 2515 5423 2571 5470; x_wconf 91' lang='lat' dir='ltr'><strong>et</strong></span> <span class='ocrx_word' id='word_1_934' title='bbox 2595 5415 2706 5486; x_wconf 88' lang='lat' dir='ltr'><strong>ipsa</strong></span> <span class='ocrx_word' id='word_1_935' title='bbox 2733 5425 2816 5472; x_wconf 89' lang='lat' dir='ltr'><strong>est</strong></span> <span class='ocrx_word' id='word_1_936' title='bbox 2844 5417 3077 5488; x_wconf 89' lang='lat' dir='ltr'><strong>perfecta</strong></span> <span class='ocrx_word' id='word_1_937' title='bbox 3104 5422 3474 5492; x_wconf 79' lang='lat' dir='ltr'><strong>sanctificatio,</strong></span> <span class='ocrx_word' id='word_1_938' title='bbox 3499 5435 3555 5480; x_wconf 89' lang='lat' dir='ltr'><strong>et</strong></span> <span class='ocrx_word' id='word_1_939' title='bbox 3578 5428 3698 5497; x_wconf 76' lang='lat' dir='ltr'><strong>Spi-</strong></span> 
     </span>
    </p>
   </div>
   <div class='ocr_carea' id='block_1_117' title="bbox 2107 5509 3698 5588">
    <p class='ocr_par' dir='ltr' id='par_1_117' title="bbox 2107 5509 3698 5588">
     <span class='ocr_line' id='line_1_118' title="bbox 2107 5509 3698 5588; baseline 0.009 -25"><span class='ocrx_word' id='word_1_940' title='bbox 2107 5509 2302 5564; x_wconf 84' lang='lat' dir='ltr'><strong>rituale</strong></span> <span class='ocrx_word' id='word_1_941' title='bbox 2326 5509 2604 5564; x_wconf 80' lang='lat' dir='ltr'><strong>sabbatum</strong></span> <span class='ocrx_word' id='word_1_942' title='bbox 2631 5511 2990 5566; x_wconf 85' lang='lat' dir='ltr'><strong>sabbatorum.</strong></span> <span class='ocrx_word' id='word_1_943' title='bbox 3013 5512 3350 5587; x_wconf 85' lang='lat' dir='ltr'><strong>Quapropter</strong></span> <span class='ocrx_word' id='word_1_944' title='bbox 3364 5520 3612 5588; x_wconf 89' lang='lat' dir='ltr'><strong>quoniam</strong></span> <span class='ocrx_word' id='word_1_945' title='bbox 3639 5522 3698 5578; x_wconf 85' lang='lat' dir='ltr'><strong>in</strong></span> 
     </span>
    </p>
   </div>
   <div class='ocr_carea' id='block_1_118' title="bbox 2111 5600 3700 5678">
    <p class='ocr_par' dir='ltr' id='par_1_118' title="bbox 2111 5600 3700 5678">
     <span class='ocr_line' id='line_1_119' title="bbox 2111 5600 3700 5678; baseline 0.006 -22"><span class='ocrx_word' id='word_1_946' title='bbox 2111 5600 2311 5672; x_wconf 86' lang='lat' dir='ltr'><strong>Spiritu</strong></span> <span class='ocrx_word' id='word_1_947' title='bbox 2337 5610 2522 5656; x_wconf 88' lang='lat' dir='ltr'><strong>sancto</strong></span> <span class='ocrx_word' id='word_1_948' title='bbox 2549 5602 2958 5669; x_wconf 83' lang='lat' dir='ltr'><strong>sanctilicamur,</strong></span> <span class='ocrx_word' id='word_1_949' title='bbox 2996 5604 3116 5674; x_wconf 88' lang='lat' dir='ltr'><strong>quis</strong></span> <span class='ocrx_word' id='word_1_950' title='bbox 3141 5618 3220 5661; x_wconf 93' lang='lat' dir='ltr'><strong>cst</strong></span> <span class='ocrx_word' id='word_1_951' title='bbox 3247 5623 3405 5678; x_wconf 88' lang='lat' dir='ltr'><strong>quem</strong></span> <span class='ocrx_word' id='word_1_952' title='bbox 3433 5625 3539 5665; x_wconf 88' lang='lat' dir='ltr'><strong>non</strong></span> <span class='ocrx_word' id='word_1_953' title='bbox 3573 5628 3700 5667; x_wconf 57' lang='lat' dir='ltr'><strong>tuo.</strong></span> 
     </span>
    </p>
   </div>
   <div class='ocr_carea' id='block_1_119' title="bbox 2111 5693 3698 5772">
    <p class='ocr_par' dir='ltr' id='par_1_119' title="bbox 2111 5693 3698 5772">
     <span class='ocr_line' id='line_1_120' title="bbox 2111 5693 3698 5772; baseline 0.008 -24"><span class='ocrx_word' id='word_1_954' title='bbox 2111 5703 2231 5748; x_wconf 85' lang='lat' dir='ltr'><strong>veat</strong></span> <span class='ocrx_word' id='word_1_955' title='bbox 2255 5693 2320 5746; x_wconf 86' lang='lat' dir='ltr'><strong>ad</strong></span> <span class='ocrx_word' id='word_1_956' title='bbox 2345 5709 2590 5763; x_wconf 85' lang='lat' dir='ltr'><strong>magnum</strong></span> <span class='ocrx_word' id='word_1_957' title='bbox 2617 5705 3006 5750; x_wconf 87' lang='lat' dir='ltr'><strong>sacramentum</strong></span> <span class='ocrx_word' id='word_1_958' title='bbox 3031 5697 3451 5769; x_wconf 83' lang='lat' dir='ltr'><strong>intelligendum,</strong></span> <span class='ocrx_word' id='word_1_959' title='bbox 3473 5704 3616 5772; x_wconf 87' lang='lat' dir='ltr'><strong>quod</strong></span> <span class='ocrx_word' id='word_1_960' title='bbox 3643 5705 3698 5762; x_wconf 88' lang='lat' dir='ltr'><strong>in</strong></span> 
     </span>
    </p>
   </div>
   <div class='ocr_carea' id='block_1_120' title="bbox 2114 5784 3701 5869">
    <p class='ocr_par' dir='ltr' id='par_1_120' title="bbox 2114 5784 3701 5869">
     <span class='ocr_line' id='line_1_121' title="bbox 2114 5784 3701 5869; baseline 0.011 -30"><span class='ocrx_word' id='word_1_961' title='bbox 2114 5791 2283 5839; x_wconf 76' lang='grc' dir='ltr'>ιιιιιυε</span> <span class='ocrx_word' id='word_1_962' title='bbox 2314 5786 2592 5857; x_wconf 74' lang='lat' dir='ltr'><strong>pra-copiis</strong></span> <span class='ocrx_word' id='word_1_963' title='bbox 2617 5784 2683 5841; x_wconf 89' lang='lat' dir='ltr'><strong>ad</strong></span> <span class='ocrx_word' id='word_1_964' title='bbox 2715 5786 2877 5842; x_wconf 87' lang='lat' dir='ltr'><strong>Deum</strong></span> <span class='ocrx_word' id='word_1_965' title='bbox 2911 5791 3294 5860; x_wconf 83' lang='lat' dir='ltr'><strong>pertinentibus</strong></span> <span class='ocrx_word' id='word_1_966' title='bbox 3322 5796 3529 5852; x_wconf 87' lang='lat' dir='ltr'><strong>tertium</strong></span> <span class='ocrx_word' id='word_1_967' title='bbox 3555 5813 3701 5869; x_wconf 68' lang='lat' dir='ltr'><strong>prae-</strong></span> 
     </span>
    </p>
   </div>
  </div>
