4012 6338
302 359 402 414 sua

300 481 521 540 ceptum
544 477 630 523 est
650 468 717 522 de
744 463 1000 520 sabbato?
1026 462 1093 517 Et
1126 462 1179 515 iu
1210 459 1295 514 his
1319 458 1567 513 omnibus
1595 471 1712 527 qua:
1740 455 1889 510 Scri-

302 575 459 632 ptura
495 563 547 615 in
592 560 727 614 libro
771 555 994 612 Genesis
1034 553 1200 608 Deum
1246 551 1435 606 fecisse
1474 554 1889 611 commemorat,

300 670 411 709 non
442 653 514 707 ibi
536 651 725 705 dicitur
747 646 1109 703 sanctificasse
1134 643 1234 698 nisi
1260 642 1399 697 diem
1430 640 1733 711 septimum,
1750 635 1891 725 quod

302 744 642 816 significabat
669 740 946 795 sabbatum
977 738 996 807 (
1022 735 1148 790 Gen.
1179 751 1238 803 ιι,
1269 733 1359 800 5).

378 837 431 889 4.
475 832 744 901 Pus-cepta
788 838 977 899 septem
1018 842 1131 897 qua:
1176 824 1460 896 proximum
1503 830 1750 894 spectant.
1796 818 1892 875 Str

304 938 457 989 ptem
488 938 618 978 vero
636 928 1023 994 praceptorum
1053 934 1172 986 qua:
1200 915 1470 971 dilectioni
1500 913 1754 984 proximis
1798 911 1894 966 tri-

314 1026 571 1081 Juuutur,
593 1013 823 1085 primum
848 1017 969 1065 est:
998 1008 1210 1063 Honora
1234 1016 1590 1078 patremJuum
1615 1015 1660 1058 et
1686 1014 1897 1058 matrem

306 1119 472 1163 tum.
506 1103 807 1161 Secundum
838 1120 852 1156 :
886 1100 1008 1154 Non
1038 1099 1252 1154 occides.
1282 1097 1518 1152 Tertium
1547 1114 1560 1151 :
1608 1094 1727 1149 Non
1772 1110 1897 1149 nue-

305 1199 559 1253 clscberis.
603 1196 858 1263 Quartum
893 1210 907 1246 :
956 1192 1081 1245 Non
1125 1190 1392 1262 furaberis.
1436 1188 1728 1255 Quintum:
1778 1184 1900 1239 Non

307 1293 502 1362 [chum
544 1288 884 1344 testimonium
928 1287 1079 1339 dices.
1121 1285 1377 1339 Sextum:
1420 1281 1543 1336 Non
1584 1280 1901 1350 concupisces

309 1401 529 1439 uxorem
554 1381 773 1452 proximi
796 1380 890 1433 tui.
918 1378 1215 1448 Septimum
1248 1394 1262 1430 :
1306 1375 1426 1430 Non
1449 1374 1769 1444 concupisces
1798 1388 1903 1426 rem

312 1476 539 1546 proximi
569 1474 643 1527 tui
680 1473 701 1543 (
734 1470 903 1525 Exod.
940 1485 1008 1523 xx
1031 1509 1047 1535 ,
1100 1467 1322 1536 12-17).
1369 1465 1504 1521 Huic
1544 1463 1903 1520 distributioni

311 1566 601 1622 manifeste
625 1572 906 1620 attestatur
929 1560 1234 1632 Apostolus.
1263 1559 1349 1614 ubi
1376 1557 1537 1622 dicit,
1573 1555 1783 1611 llonora
1808 1572 1904 1625 pa-

315 1670 444 1714 trem
473 1669 613 1713 tuum
634 1666 679 1713 et
699 1667 909 1711 matrem
934 1665 1092 1720 luant;
1113 1652 1247 1725 quod
1276 1661 1346 1708 est
1365 1650 1657 1705 mandatum
1688 1650 1907 1722 primunt

314 1753 554 1827 (Ephes.
584 1769 655 1815 vr,
683 1750 719 1804 2
739 1750 781 1823 ).

392 1843 624 1899 CAPUT
665 1841 732 1897 V.
758 1871 831 1881 --
865 1840 1131 1908 Quaeritur
1162 1838 1337 1902 enim,
1368 1846 1420 1893 et
1449 1851 1553 1892 non
1586 1835 1636 1890 in
1668 1843 1776 1890 toto
1808 1835 1910 1891 De-

317 1936 511 2005 ealogo
540 1934 808 1989 invenitur
837 1934 1067 2005 primum
1095 1951 1108 1986 :
1156 1933 1277 2002 quia
1316 1931 1501 1986 decem
1539 1929 1908 1984 mandaturum

322 2028 452 2083 illud
480 2034 567 2082 est
591 2026 817 2096 primum
846 2024 932 2079 ubi
960 2024 1028 2079 de
1058 2039 1163 2078 uno
1195 2023 1303 2077 Deo
1330 2020 1554 2077 colendo
1584 2020 1905 2090 pr:ecipitur.

324 2119 399 2174 Et
420 2118 543 2172 ideo
569 2117 638 2172 de
663 2115 988 2173 honorandis
1012 2114 1321 2185 parentibus
1342 2114 1597 2183 scriptum
1627 2114 1676 2166 in
1702 2113 1803 2166 alia
1834 2120 1913 2166 ta-

322 2209 471 2273 bula,
512 2209 848 2279 primumque
880 2216 984 2273 est,
1025 2206 1151 2276 quia
1189 2204 1312 2261 inde
1354 2205 1612 2275 incipiunt
1642 2202 1910 2276 praecepta

320 2319 448 2373 qua:
477 2302 545 2355 ad
572 2301 909 2358 dilectionem
939 2300 1164 2370 proximi
1196 2298 1517 2353 referuntur.

396 2396 450 2450 5.
474 2394 757 2465 Canticum
786 2409 975 2447 uorum-
989 2402 1205 2447 cantare
1223 2395 1495 2463 cujusnam
1512 2391 1596 2445 sit.
1625 2391 1909 2446 Donatistte

320 2485 459 2541 illud
487 2502 590 2540 non
618 2494 842 2543 cantans.
890 2484 1179 2540 Cantemus
1218 2500 1345 2554 ergo
1386 2485 1661 2540 canticum
1692 2500 1909 2552 novum,

326 2577 621 2647 psallentes
650 2576 900 2646 psalterio
937 2576 1121 2631 decem
1158 2575 1501 2631 chordarum.
1540 2576 1652 2630 lloc
1679 2584 1762 2630 est
1789 2591 1915 2630 can-

326 2670 492 2722 ticum
527 2683 739 2730 novum,
767 2667 933 2737 gratia
962 2666 1083 2722 novi
1103 2666 1448 2730 Tcstamenti,
1471 2665 1612 2735 quod
1643 2681 1741 2720 nos
1767 2682 1796 2719 ιι
1825 2680 1914 2720 ve-

328 2771 445 2815 tere
472 2760 689 2815 homine
714 2760 987 2825 discernit,
1020 2759 1109 2829 qui
1139 2759 1338 2829 primus
1370 2758 1539 2813 factus
1567 2769 1648 2813 est
1676 2757 1743 2811 de
1774 2766 1914 2811 terra

328 2864 602 2911 terrenus.
639 2856 711 2910 De
739 2855 865 2909 limo
888 2855 1030 2910 enim
1061 2854 1228 2908 iactus
1250 2862 1361 2918 est,
1387 2862 1442 2907 et
1464 2852 1657 2906 amissa
1685 2851 1913 2906 beatitu-

327 2948 455 3001 dine
484 2948 538 3000 in
580 2946 848 3002 miseriam
876 2945 998 3016 jure
1038 2944 1305 3015 projectus
1347 2952 1461 3007 est,
1491 2943 1739 3013 quoniam
1782 2957 1917 3011 pra:-

328 3038 475 3107 cepti
498 3038 873 3107 praevaricator
892 3037 1184 3091 exstiterat.
1208 3034 1311 3089 Sed
1335 3034 1456 3105 quid
1482 3034 1609 3088 dicit
1631 3033 1768 3103 apud
1797 3048 1919 3103 pro-

330 3131 549 3199 phetam
570 3169 586 3194 ,
619 3129 706 3198 qui
735 3128 931 3198 gratias
954 3127 1063 3197 agit
1094 3126 1275 3197 gratia:
1303 3126 1393 3180 Dei
1422 3141 1517 3195 per
1546 3125 1914 3180 remissionem

330 3232 672 3291 pecs-sitorum
705 3219 1069 3276 reconcilianti
1098 3233 1196 3273 nos
1223 3219 1360 3285 Deo,
1390 3228 1445 3274 et
1473 3218 1745 3272 renovanti
1778 3232 1917 3287 prie-

330 3316 547 3371 teritam
576 3315 932 3370 vetustatem?
962 3313 1153 3368 Eduxit
1182 3329 1277 3379 me,
1307 3312 1509 3383 inquit,
1538 3313 1603 3365 de
1624 3311 1738 3365 lacu
1764 3311 1920 3366 misc-

329 3409 442 3470 τετε,
472 3418 519 3461 et
546 3408 608 3462 de
632 3408 736 3461 luto
757 3406 862 3460 limi
888 3422 907 3460 :
934 3416 981 3460 et
1006 3406 1173 3477 posuit
1202 3421 1354 3475 super
1375 3413 1564 3475 petram
1588 3404 1737 3474 pedes
1759 3419 1917 3471 meos,

330 3511 378 3553 et
416 3500 604 3553 direxit
652 3515 853 3569 gressus
880 3515 1013 3552 meos
1034 3514 1053 3551 :
1081 3507 1125 3551 et
1153 3497 1356 3552 immisit
1382 3497 1436 3551 in
1464 3513 1520 3552 os
1552 3513 1715 3551 meum
1754 3497 1920 3551 canti—

331 3609 451 3646 cum
478 3607 683 3655 novum,
710 3592 952 3663 hymnum
980 3590 1085 3644 Deo
1114 3600 1283 3644 nostro
1316 3589 1335 3661 (
1358 3588 1498 3644 Psal.
1532 3606 1719 3663 xxxix,
1746 3591 1801 3656 3,
1827 3588 1917 3661 4).

332 3680 447 3735 [Ioc
468 3690 553 3737 est
572 3657 838 3735 canticum
864 3695 1081 3743 novum,
1104 3679 1244 3749 quod
1266 3657 1440 3749 psallit
1468 3681 1520 3734 in
1539 3657 1801 3751 psalterio
1820 3657 1919 3736 de-

330 3788 448 3827 cem
478 3771 821 3827 chordarum.
869 3770 1039 3826 Nemo
1081 3771 1223 3825 enim
1269 3770 1448 3825 laudat
1492 3771 1685 3835 Deum,
1719 3771 1770 3826 id
1813 3781 1917 3838 cst,

333 3866 462 3920 dicit
484 3866 775 3937 hymnum,
800 3865 904 3920 nisi
931 3865 1009 3919 ori
1036 3879 1132 3919 suo
1156 3864 1306 3919 factis
1331 3864 1645 3927 consentiat,
1675 3864 1837 3919 Demn
1866 3874 1919 3920 et

336 3957 641 4026 proximum
677 3954 965 4026 diligendo.
996 3954 1104 4010 Nec
1127 3970 1187 4010 se
1214 3954 1540 4009 arbitrentur
1567 3955 1919 4024 rebaptizato-

332 4064 424 4103 res
465 4047 759 4102 Donatista:
801 4047 869 4101 ad
912 4062 1105 4101 novum
1153 4048 1415 4103 canticum
1455 4048 1721 4117 pertinere
1756 4067 1769 4103 :
1814 4064 1918 4105 non

334 4138 482 4193 enim
506 4145 727 4193 cantant
748 4138 1010 4192 canticum
1039 4154 1256 4205 novum,
1274 4138 1363 4208 qui
1382 4141 1451 4192 ah
1476 4139 1733 4204 Ecclesia,
1760 4156 1918 4212 quam

338 4228 483 4283 Deus
504 4229 559 4282 in
580 4228 724 4283 omni
749 4236 889 4284 terra
910 4243 1027 4284 esse
1044 4228 1227 4293 voluit,
1247 4230 1472 4301 superba
1495 4231 1765 4301 impietate
1787 4249 1921 4303 pra:-

337 4319 437 4374 cisi
463 4326 609 4373 sunt.
634 4318 845 4374 Etenim
874 4320 977 4375 alio
1003 4320 1120 4375 loco
1146 4320 1287 4375 idem
1315 4322 1573 4393 prepheta
1594 4323 1757 4379 dicit:
1788 4325 1922 4380 Can-

337 4418 441 4463 tate
469 4408 690 4464 Domino
715 4410 969 4464 canticum
995 4427 1217 4478 nouum;
1245 4423 1446 4467 cantate
1472 4413 1709 4483 Domino,
1760 4419 1921 4473 onmis

341 4510 498 4556 terra.
534 4502 633 4568 Qui
669 4518 800 4573 ergo
826 4510 1044 4558 cantare
1084 4519 1204 4559 cum
1235 4505 1378 4560 omni
1408 4513 1546 4561 terra
1578 4523 1680 4563 non
1711 4510 1851 4578 vult,
1890 4526 1921 4565 a

336 4602 521 4647 vetere
561 4592 777 4649 homine
823 4609 929 4649 non
972 4594 1263 4661 recedens,
1294 4611 1400 4651 non
1430 4607 1608 4653 cantat
1658 4602 1921 4657 canticum

339 4701 569 4749 novum,
597 4701 698 4741 nec
739 4686 917 4755 psallit
953 4686 1005 4741 in
1038 4688 1289 4757 psalterio
1318 4688 1501 4745 decem
1552 4692 1871 4749 chordarum
1904 4713 1918 4749 :

335 4776 459 4845 quia
492 4775 664 4830 hostis
685 4786 767 4831 est
789 4776 1097 4843 charitatis,
1135 4794 1255 4849 qua:
1293 4781 1403 4834 sola
1434 4781 1590 4851 Legis
1629 4796 1711 4838 est
1753 4786 1921 4855 pleni-

338 4866 488 4935 tudo,
506 4885 667 4938 quam
679 4868 864 4923 decem
892 4872 1172 4941 pratceptis
1197 4871 1263 4926 ad
1292 4872 1603 4929 charitatem
1624 4876 1716 4932 Dei
1733 4888 1784 4933 et
1798 4894 1923 4949 pro-

339 4960 466 5014 ximi
492 4961 881 5030 pertinentibus
909 4962 1136 5016 dicimus
1158 4964 1441 5019 contineri.

792 5052 1025 5109 διςιιιιο
1061 5053 1280 5109 ιιιιχιν
1311 5060 1329 5079 ο
1368 5057 1470 5127 (a).

342 5143 406 5199 ιη
429 5142 538 5198 hex
567 5143 715 5197 uerba
738 5142 936 5199 Psatmi
954 5161 1138 5212 cxux,
1164 5147 1215 5211 1,
1236 5147 1291 5211 2,
1312 5147 1536 5205 Cantate
1558 5151 1778 5209 Domino
1802 5169 1927 5210 can-

410 5235 575 5288 ticum
606 5250 822 5301 novmn,
850 5235 966 5292 laus
989 5236 1105 5306 eius
1132 5236 1182 5290 in
1208 5236 1446 5293 Ecclesia
1472 5250 1796 5311 sanctorum,
1830 5255 1925 5300 etc.

406 5324 491 5383 De
515 5328 713 5381 cantico
744 5344 870 5382 novo
892 5338 940 5381 et
968 5330 1065 5382 vita
1092 5345 1237 5383 nova.

742 5419 936 5468 Habitus
965 5421 1214 5484 Cartagiue
1237 5422 1296 5471 ad
1320 5427 1532 5488 majores.

407 5499 638 5555 CAPUT
708 5501 990 5558 PRIMUM.
1023 5535 1092 5544 —
1136 5507 1188 5560 1.
1249 5507 1510 5565 Canticum
1575 5532 1753 5570 novum
1810 5537 1930 5575 rau-

396 5688 418 5757 '_
446 5695 691 5757 netu-rtus
709 5689 755 5737 in
788 5696 869 5757 ius.
896 5705 971 5757 gr.
990 5700 1045 5757 et
1067 5695 1114 5746 in
1142 5694 1284 5749 editis
1304 5698 1438 5753 Uini.
1464 5707 1565 5749 Far.
1591 5706 1699 5755 Lor.

395 5751 474 5810 (al
496 5751 624 5800 Alias
662 5751 725 5799 de
750 5754 955 5802 Diversis
977 5754 1022 5803 ‘2.

1682 338 1910 397 sentio
1948 314 2196 390 xxxn.’

3468 338 3575 391 210

1998 458 2140 513 tare,
2186 449 2331 519 cujus
2372 456 2455 503 stt.
2511 449 2779 505 Admoniti
2818 464 3003 505 sumus
3061 460 3281 506 cantare
3346 450 3577 506 Domino

1997 542 2264 597 canticum
2307 556 2523 597 novum.
2564 543 2733 598 llomo
2774 559 2940 600 novus
2985 544 3131 599 novit
3168 545 3432 600 canticum
3480 558 3579 599 no-

1999 650 2144 688 vum.
2191 633 2489 702 Canticum,
2538 652 2624 690 res
2651 645 2731 691 est
2770 637 3086 702 hilaritatis;
3118 649 3173 693 et
3199 639 3244 692 si
3274 639 3579 709 diligentius

1998 725 2420 793 Consideremus,
2452 742 2538 781 res
2565 736 2648 781 est
2675 728 2891 782 amoris.
2919 727 3020 794 Qui
3054 744 3181 800 ergo
3215 729 3361 784 novit
3387 744 3580 784 novam

2001 816 2162 870 vitam
2188 831 2390 881 amare,
2421 817 2567 871 novit
2588 818 2851 871 canticum
2883 834 3075 873 novum
3100 829 3336 876 cantare.
3364 820 3492 888 Qua:
3513 821 3584 874 sit

2001 921 2129 975 ergo
2155 906 2259 963 vita
2288 922 2445 971 nova,
2468 908 2840 962 commonendi
2869 925 3053 965 sumus
3084 920 3299 980 preptcr
3317 910 3583 965 canticum

2004 1011 2222 1050 novum.
2262 996 2344 1051 Ad
2385 1013 2546 1052 unum
2587 998 2728 1052 enim
2776 1013 2994 1067 regnum
3056 1000 3323 1068 pertinent
3368 1001 3583 1065 omnia,

2006 1088 2166 1141 homo
2192 1103 2383 1155 novus,
2410 1090 2673 1143 canticum
2701 1104 2915 1156 novum,
2943 1090 3339 1146 Testamentum
3365 1107 3582 1145 novum.

2006 1177 2148 1247 Ergo
2178 1178 2339 1233 homo
2380 1195 2569 1246 novus,
2614 1188 2669 1234 et
2700 1181 2934 1235 cantabit
2968 1181 3232 1237 canticum
3269 1199 3483 1249 novmn,
3528 1192 3582 1239 et

2009 1269 2296 1339 pertinebit
2323 1271 2388 1327 ad
2419 1272 2820 1327 Testamentum
2849 1288 3065 1328 novum.

2078 1361 2133 1415 2.
2161 1362 2392 1417 Charitas
2416 1378 2479 1418 ea:
2507 1362 2634 1417 Deo.
2663 1363 2830 1419 Nemo
2866 1373 2950 1420 est
2988 1365 3076 1436 qui
3124 1382 3227 1421 non
3269 1376 3411 1422 amet
3448 1386 3463 1423 ;
3492 1382 3583 1423 sec

2009 1452 2264 1522 qua-ritur
2297 1453 2421 1522 quid
2462 1464 2626 1509 amet.
2660 1454 2774 1509 Non
2812 1470 2945 1526 ergo
2974 1456 3342 1520 admonemur,
3387 1468 3446 1512 ut
3483 1472 3589 1513 non

2010 1559 2281 1601 amemus:
2315 1544 2408 1599 sed
2441 1554 2499 1599 ut
2513 1546 2772 1616 eligamus
2787 1546 2919 1616 quid
2941 1562 3199 1602 amemus.
3224 1547 3329 1603 Sed
3350 1549 3475 1618 quid
3495 1550 3592 1604 cli-

2010 1636 2205 1705 gimns,
2235 1636 2339 1693 nisi
2370 1637 2512 1706 prius
2542 1638 2834 1708 eligantur?
2866 1638 2999 1706 Quia
3039 1654 3139 1693 nec
3176 1638 3462 1709 diligimus,
3492 1641 3594 1694 nisi

2014 1729 2160 1797 prius
2185 1728 2485 1798 diligamur.
2527 1729 2789 1786 Joannem
2815 1731 3114 1800 apostolum
3141 1731 3340 1786 audite.
3386 1731 3477 1785 Ille
3512 1740 3597 1787 est

2014 1821 2305 1888 apostolus,
2327 1821 2416 1890 qui
2437 1837 2596 1891 super
2617 1833 2802 1891 pectus
2824 1822 3029 1876 Domini
3051 1822 3415 1877 discumbebat
3431 1864 3446 1889 ,
3467 1832 3522 1878 et
3542 1823 3595 1878 in

2014 1926 2081 1970 00
2107 1912 2354 1967 convivio
2379 1913 2616 1967 cmlestia
2655 1922 2858 1989 secreta
2889 1914 3099 1969 bibebat
3134 1912 3306 1985 (Joan.
3330 1914 3533 1980 χιιι,Ξὸ
3553 1915 3594 1983 ).

2015 2003 2093 2064 Ex
2137 2003 2229 2060 illo
2257 2014 2417 2075 potu,
2454 2014 2509 2060 et
2547 2022 2609 2061 ex
2641 2005 2730 2059 illa
2759 2005 2894 2060 felici
2947 2000 3203 2062 ebrietate
3236 2006 3458 2060 ructavit
3480 2046 3495 2071 ,
3532 2004 3597 2059 In

2017 2098 2266 2169 principio
2292 2107 2396 2152 erat
2440 2097 2653 2152 Verbum
2680 2097 2791 2168 (Id.
2824 2115 2860 2164 ι,
2890 2099 3265 2167 l).Humilitas
3294 2099 3521 2163 excelsa,
3544 2106 3601 2153 et

1984 2192 2251 2251 .ebrielas
2289 2191 2496 2247 sobria!
2541 2192 2631 2246 Ille
2670 2207 2801 2262 ergo
2828 2208 3048 2262 magnus
3077 2202 3331 2256 ructatur,
3378 2192 3477 2246 hoc
3518 2200 3603 2247 est

2021 2281 2356 2350 praedicator,
2394 2282 2533 2336 inter
2557 2291 2749 2336 caetera
2776 2298 2894 2353 qum
2922 2282 3046 2337 bibit
3075 2282 3142 2337 de
3171 2283 3444 2337 Dominieo
3471 2298 3599 2351 pce-

2018 2382 2187 2436 ctore,
2201 2374 2360 2427 ctiam
2377 2373 2476 2428 hoc
2491 2374 2620 2427 dixit
2647 2392 2674 2428 ες
2688 2372 2798 2428 Nos
2818 2374 3093 2445 diligimus,
3108 2376 3224 2445 quia
3241 2376 3349 2445 ipse
3365 2377 3502 2445 prior
3517 2376 3600 2429 di-

2021 2464 2143 2519 tcin
2166 2482 2257 2520 nos
2284 2465 2303 2537 (
2329 2466 2346 2519 1
2373 2465 2529 2519 Joan.
2560 2483 2633 2530 tv,
2663 2468 2729 2522 10
2749 2466 2788 2539 ).
2824 2467 3040 2521 Multum
3072 2469 3210 2522 enim
3244 2468 3463 2523 dederat
3501 2468 3601 2522 ho-

2022 2556 2150 2611 mini
2176 2598 2191 2622 ,
2235 2556 2665 2625 quandoquidem
2713 2556 2780 2611 de
2822 2558 2933 2613 Deo
2977 2558 3304 2628 loquebatur,
3350 2560 3599 2625 dicendo,

2026 2645 2136 2699 Nos
2161 2646 2437 2717 diligimus.
2466 2648 2598 2715 Qui?
2622 2650 2820 2719 quem?
2848 2650 3098 2704 Homines
3128 2652 3311 2713 Deum,
3349 2650 3601 2704 mortales

2022 2736 2414 2805 immortalem,
2464 2749 2769 2808 peceatores
2810 2740 3046 2809 justum,
3098 2742 3311 2811 fragiles
3354 2742 3602 2796 immobi-

2022 2831 2161 2894 lem.
2200 2830 2400 2886 factura
2444 2832 2669 2886 fabrum.
2712 2833 2820 2887 Nus
2853 2833 3138 2889 dileximus
3160 2836 3177 2865 "
3207 2853 3219 2888 :
3253 2842 3307 2887 et
3334 2834 3433 2889 hoc
3465 2834 3604 2889 mide

2024 2921 2212 2976 nobis?
2246 2921 2380 2988 Quia
2403 2923 2511 2992 ipse
2539 2924 2677 2992 prior
2711 2924 2887 2978 dilexit
2924 2942 3033 2978 nos.
3079 2926 3269 2997 Quatre
3313 2926 3452 2979 unde
3496 2925 3599 2980 ho-

2023 3014 2153 3069 mini
2181 3013 2402 3084 diligere
2429 3016 2596 3070 Deum
2624 3035 2637 3069 :
2667 3032 2765 3072 nec
2795 3017 3031 3073 invenies
3060 3021 3276 3074 omnino
3296 3061 3310 3084 ,
3356 3020 3456 3074 nisi
3482 3021 3602 3090 quia

2025 3104 2172 3175 prior
2192 3105 2340 3160 illum
2368 3105 2553 3161 dilexit
2586 3108 2743 3162 Deus.
2776 3109 2927 3163 Dedit
2953 3126 3011 3165 se
3039 3111 3208 3180 ipsum
3235 3127 3390 3181 quem
3412 3112 3604 3166 dilexi-

2023 3212 2180 3252 mus:
2210 3197 2357 3253 dedit
2383 3198 2524 3253 unde
2547 3199 2906 3269 diligeremus.
2937 3202 3071 3270 Quid
3095 3203 3237 3257 enim
3268 3202 3435 3268 dedit,
3462 3201 3604 3257 unde

2024 3288 2382 3361 diligeremus,
2416 3291 2651 3360 apertius
2678 3292 2857 3347 audite
2884 3309 2980 3363 per
3008 3294 3304 3362 apostolum
3336 3294 3554 3349 Paulum
3589 3310 3602 3346 :

2023 3377 2280 3447 Charitas,
2326 3380 2515 3450 inquit,
2553 3382 2647 3435 Dei
2686 3382 2873 3449 di/fnsa
2919 3393 2991 3438 est
3029 3384 3081 3438 in
3124 3384 3357 3439 cordibus
3401 3385 3606 3439 nostris.

2028 3471 2215 3527 Unde?
2241 3487 2366 3525 num
2394 3471 2533 3527 forte
2557 3488 2585 3527 a
2611 3474 2797 3528 nobis?
2822 3473 2958 3528 Non.
2990 3476 3126 3546 Ergo
3154 3475 3327 3531 unde?
3351 3475 3454 3532 Per
3479 3477 3607 3547 Spi-

2026 3562 2179 3615 ritum
2202 3573 2431 3615 sauctum
2460 3565 2546 3633 qui
2574 3564 2723 3617 datus
2748 3576 2819 3619 est
2845 3566 2986 3619 nobis
3012 3568 3185 3637 (liam.
3208 3584 3262 3634 v,
3292 3567 3325 3623 5

2097 3654 2321 3710 CAPUT
2361 3655 2423 3710 ll.
2450 3685 2523 3696 —
2548 3659 2599 3713 5.
2628 3658 2868 3713 Amamus
2893 3657 3057 3714 Deum
3082 3661 3144 3713 de
3174 3661 3298 3716 Deo.
3323 3662 3475 3716 Idala
3496 3680 3610 3718 σοιν

2030 3748 2129 3802 dis.
2155 3747 2421 3803 Habentes
2471 3763 2598 3819 ergo
2649 3756 2845 3803 tantam
2888 3750 3153 3818 fiduciam,
3175 3768 3416 3811 amemus
3440 3753 3605 3812 Deum

2026 3838 2095 3893 de
2122 3839 2230 3893 Deo
2254 3855 2268 3892 :
2298 3839 2403 3894 imo
2429 3840 2548 3909 quia
2576 3839 2802 3909 Spiritus
2831 3840 3045 3896 sanctus
3074 3843 3213 3897 Deus
3240 3852 3343 3911 est,
3367 3859 3609 3900 amemus

2029 3929 2198 3985 Deum
2223 3929 2291 3985 de
2316 3930 2445 3984 Deo.
2469 3930 2605 4000 Quid
2632 3931 2771 3985 enim
2799 3932 2913 4002 plus
2938 3932 3142 3999 dicam;
3175 3950 3415 3990 amemus
3444 3937 3608 3993 Deum

2026 4019 2093 4074 de
2124 4020 2273 4074 Deo?
2300 4020 2456 4075 Certe
2494 4022 2616 4091 quia
2642 4021 2748 4076 dixi
2770 4063 2783 4088 ,
2816 4022 3049 4077 Charitas
3092 4023 3186 4077 Bri
3214 4023 3403 4092 cii/fusa
3444 4035 3515 4080 est
3552 4028 3605 4086 in

2026 4110 2259 4164 cordibus
2283 4111 2467 4166 nostris
2495 4128 2583 4181 per
2608 4112 2857 4183 Spiritum
2885 4123 3111 4168 sanctum
3134 4116 3230 4185 qui
3245 4116 3393 4179 datus
3416 4126 3487 4171 cst
3513 4133 3609 4171 uo-

2028 4201 2139 4266 bis;
2182 4201 2303 4255 ideo
2348 4210 2432 4257 est
2473 4218 2808 4274 consequens
2851 4214 2912 4259 ut
2952 4207 3075 4284 quia
3120 4206 3349 4284 Spiritus
3394 4218 3611 4265 sanctus

2030 4293 2174 4349 Deus
2200 4304 2301 4359 est,
2331 4311 2430 4350 nec
2452 4294 2677 4366 diligere
2701 4280 2996 4367 possumus
3013 4280 3198 4367 Deum,
3237 4300 3335 4356 nisi
3374 4316 3470 4379 per
3492 4299 3614 4371 Spi-

2028 4385 2188 4440 ritum
2216 4400 2479 4453 sanctum,
2511 4389 2941 4445 amemustDeum
2964 4390 3031 4446 de
3061 4392 3190 4447 Dco.
3217 4392 3349 4448 Hinc
3378 4402 3459 4449 est
3484 4409 3613 4465 ergo

2029 4493 2384 4548 consequens.
2413 4480 2608 4535 Audite
2650 4482 2882 4551 apertius
2928 4482 3099 4552 ipsum
3136 4483 3398 4546 Joannem
3429 4501 3442 4538 :
3474 4484 3613 4543 Deus

2028 4570 2251 4624 charitas
2273 4578 2378 4637 est;
2407 4580 2455 4625 et
2475 4573 2572 4642 qui“
2592 4580 2755 4626 manet
2775 4572 2829 4626 in
2854 4573 3114 4641 charilatc,
3143 4574 3195 4628 in
3224 4574 3331 4631 Deo
3353 4584 3538 4639 manet,
3565 4585 3616 4638 tt

2031 4661 2169 4715 Deus
2197 4661 2249 4714 in
2276 4662 2366 4715 illo
2394 4671 2560 4715 manet
2590 4663 2607 4732 (
2630 4662 2832 4717 IJoan.
2866 4680 2938 4730 tv,
2974 4665 3027 4733 8,
3064 4665 3172 4736 f6).
3199 4665 3390 4720 Parum
3419 4674 3500 4721 est
3527 4665 3613 4720 di-

2030 4767 2176 4818 cere,
2204 4751 2451 4807 Charitas
2476 4768 2540 4808 ex
2570 4753 2682 4809 Deo
2710 4763 2810 4809 est.
2852 4754 2982 4823 Quis
3022 4764 3261 4810 nostrum
3287 4755 3505 4809 auderet
3529 4755 3615 4809 di-

2031 4858 2155 4897 cere
2179 4842 2320 4913 quod
2347 4843 2546 4898 dictum
2572 4853 2675 4905 est.
2701 4843 2835 4899 Deus
2864 4846 3085 4899 charitas
3111 4848 3223 4900 est?
3243 4846 3383 4900 Dixit
3407 4846 3493 4914 qui
3520 4863 3616 4900 no-

2032 4943 2181 4987 verat
2209 4934 2351 5003 quod
2380 4934 2627 4989 habebat.
2648 4936 2795 5003 Quid
2822 4951 2950 5007 ergo
2977 4936 3204 4991 humana
3234 4936 3538 5005 imaginatio
3562 4947 3618 5003 et

2034 5024 2261 5079 volatiea
2305 5025 2562 5094 cogitatio
2597 5026 2743 5096 tingit
2787 5027 2887 5081 sibi
2925 5027 3091 5082 Deum
3113 5068 3127 5091 ,
3164 5034 3217 5082 et
3247 5027 3299 5081 in
3330 5030 3491 5082 corde
3517 5042 3617 5082 suo

2036 5116 2269 5169 fabricat
2302 5115 2530 5182 idolum,
2563 5132 2890 5188 componens
2918 5117 3129 5187 qualem
3160 5118 3614 5188 potem-cogitare.

2038 5223 2142 5261 nun
2174 5207 2384 5275 qualem
2420 5207 2614 5263 meruit
2646 5208 2916 5264 invenire?
2955 5208 3097 5263 Talis
3138 5217 3223 5264 est
3262 5209 3434 5264 Deus?
3465 5210 3618 5277 Non,

2037 5296 2132 5352 sed
2161 5297 2280 5351 talis
2308 5306 2409 5352 est.
2451 5297 2587 5366 Quid
2632 5298 2952 5353 lineamenta
2983 5298 3408 5369 disponis?»quid
3451 5314 3618 5353 mem-

2040 5388 2132 5443 bra
2161 5389 2477 5458 componis?
2503 5389 2628 5460 quid
2656 5400 2915 5445 staturam
2947 5391 3192 5460 plac-itam
3226 5391 3466 5446 formas?
3493 5390 3619 5462 quid

2044 5479 2491 5549 pulchritudinem
2514 5481 2753 5550 corporis
2775 5481 3115 5551 imaginaris?
3135 5482 3269 5537 Deus
3291 5482 3615 5540 charitasest.

2041 5571 2170 5638 Quis
2197 5573 2437 5627 colorest
2464 5571 2517 5627 in
2540 5572 2833 5627 charitate?
2856 5589 2974 5643 qua:
2998 5574 3352 5631 lineamenta?
3372 5590 3489 5647 qua:
3510 5572 3611 5637 for-

2044 5664 2163 5718 ma?
2190 5663 2328 5718 Nihil
2356 5662 2542 5723 horum
2569 5663 2841 5731 videmus;
2865 5676 2918 5722 et
2943 5675 3118 5722 tamen
3148 5681 3408 5727 amamus.

2108 5775 2123 5807 ⁸
2146 5775 2275 5839 Apud
2300 5782 2430 5836 ιβιδ,
2456 5773 2712 5839 diligimus.
2779 5784 2836 5829 Μ.
