3994 6462
491 530 545 582 4.
578 527 732 581 Amor
781 525 1002 594 inﬁmus.
1046 520 1230 576 Auden
1280 518 1456 572 dicere
1482 514 1739 570 Charitati
1768 524 1996 570 vestrae:

428 617 480 671 in
522 616 860 673 inferioribus
887 608 1241 675 attendamus,
1273 608 1413 679 quod
1445 608 1496 662 in
1531 605 1891 676 superioribus
1916 603 2001 657 in-

424 708 723 763 veniamus.
764 706 880 775 lpse
922 718 1072 757 amor
1115 702 1325 755 intimus
1361 709 1519 769 atque
1562 708 1841 762 terrenus,
1888 697 2002 764 ipse

424 814 577 853 amor
602 797 847 853 sordidus
870 805 921 847 et
947 793 1257 863 ﬂagitiosus,
1284 790 1373 860 qui
1398 788 1638 858 corporis
1661 784 2003 856 pulchritudi-

427 904 526 944 nes
548 894 904 947 consectatur,
941 882 1136 953 aliquid
1182 895 1278 935 nos
1306 879 1559 935 admonet
1582 878 1722 932 unde
1749 876 1815 930 ad
1842 890 1999 945 supe-

421 978 563 1031 riora
585 985 638 1031 et
664 974 942 1029 mundiora
973 986 1271 1042 surgamus.
1296 972 1452 1024 Amat
1479 967 1669 1038 aliquis
1693 967 1921 1021 lascivus
1946 974 2001 1021 et

421 1067 719 1137 impudicus
766 1063 1175 1135 pulcherrimam
1228 1060 1521 1115 feminam:
1563 1066 1738 1112 movet
1786 1056 1999 1127 quidem

420 1160 664 1229 corporis
699 1156 1031 1228 pulchritudo
1052 1198 1069 1222 ,
1109 1154 1203 1208 sed
1244 1154 1384 1208 intus
1412 1152 1667 1221 quzeritur
1692 1150 1888 1203 amoris
1917 1148 1998 1201 vi-

419 1250 696 1307 cissitudo.
728 1250 783 1304 Si
806 1250 949 1303 enim
978 1247 1157 1301 audiat
1178 1245 1318 1316 quod
1341 1245 1426 1298 illa
1451 1243 1624 1297 oderit
1651 1257 1792 1306 eum,
1824 1254 2001 1295 nonne

418 1344 594 1397 omnis
637 1343 724 1396 ille
764 1351 927 1396 wstus
965 1348 1021 1395 et
1063 1340 1290 1408 impetus
1325 1337 1464 1391 circa
1504 1334 1738 1389 membra
1783 1332 1998 1403 pulchra

418 1433 680 1503 frigescit,
710 1442 763 1487 et
790 1432 858 1487 ab
887 1447 953 1486 eo
980 1430 1121 1503 quod
1151 1428 1447 1483 intenderat
1470 1426 1697 1497 quodam
1724 1425 1882 1480 modo
1910 1440 1999 1479 re-

418 1526 552 1589 silit,
574 1525 852 1588 avertitur,
878 1521 1197 1584 oll'euditur,
1242 1519 1421 1574 odisse
1458 1519 1615 1573 etiam
1655 1518 1767 1586 ipse
1813 1516 2000 1585 incipit

420 1614 564 1684 quod
594 1613 840 1669 amabat?
862 1612 1123 1682 Numquid
1154 1610 1319 1664 forma
1347 1618 1544 1664 mutata
1572 1609 1687 1664 est?
1714 1607 1899 1662 Nonne
1926 1607 1997 1662 ibi

421 1714 549 1761 sunt
570 1705 747 1760 omnia
776 1720 894 1774 qua:
923 1703 1232 1758 illexerant?
1261 1701 1336 1755 lbi
1361 1710 1519 1755 sunt:
1546 1709 1601 1755 et
1634 1709 1808 1755 tamen
1841 1699 1997 1755 arde-

420 1797 509 1852 bat
537 1797 589 1853 in
616 1812 682 1852 eo
710 1796 848 1866 quod
879 1795 1110 1860 videbat,
1143 1804 1196 1850 et
1232 1794 1301 1849 de
1334 1794 1497 1848 corde
1537 1792 1820 1862 exigebat‘
1857 1790 1998 1862 quod

422 1906 530 1946 non
558 1890 787 1946 videbat.
818 1889 874 1945 Si
900 1904 1028 1943 vero
1052 1894 1335 1957 cognoscat
1359 1886 1477 1955 quia
1506 1884 1739 1940 vicissim
1768 1892 1995 1951 amatur,

420 1981 691 2051 quomodo
720 1980 1083 2035 vehementius
1122 1976 1441 2033 inardescit?
1481 1974 1638 2031 Videt
1681 1974 1769 2028 illa
1810 1974 1995 2041 illum,

420 2072 561 2126 videt
601 2071 691 2125 ille
732 2071 898 2135 illam,
930 2070 1164 2123 amorem
1194 2082 1349 2122 nemo
1376 2066 1517 2122 thct
1546 2084 1557 2118 ε
1590 2075 1643 2120 et
1674 2076 1848 2121 tamen
1885 2064 1999 2134 ipse

417 2173 625 2217 amatur
644 2162 731 2229 qui
759 2176 863 2216 non
886 2161 1110 2215 videtur.

488 2252 714 2308 CAPUT
754 2251 839 2308 111.
866 2282 939 2291 -
968 2252 1020 2306 5.
1064 2249 1199 2303 Deus
1228 2251 1485 2314 continuo,
1514 2265 1630 2302 cum
1655 2258 1874 2314 amatur,
1904 2248 1998 2300 Ita-

418 2347 577 2396 betur.
634 2341 833 2411 Erigite
882 2356 976 2395 vos
1014 2340 1080 2393 ab
1116 2339 1215 2393 ista
1266 2339 1518 2392 lutulenta
1572 2337 1898 2407 cupiditate,
1941 2346 2000 2393 ut

420 2433 682 2487 maneatis
708 2433 758 2486 in
803 2431 1245 2485 illuminatissima
1274 2429 1550 2484 charitate.
1583 2428 1746 2482 Deum
1779 2443 1883 2482 non
1924 2428 2001 2481 vi-

419 2525 515 2577 des
538 2540 552 2586 ;
579 2538 719 2586 ama,
742 2530 796 2576 et
827 2522 1007 2576 habes.
1032 2520 1198 2588 Quam
1228 2520 1393 2574 multa
1421 2519 1470 2573 in
1499 2517 1891 2572 datnnabilibus
1910 2534 2000 2572 cu-

421 2613 729 2684 piditatibus
755 2624 1019 2676 amantur,
1059 2622 1113 2665 et
1143 2627 1245 2665 non
1277 2610 1570 2675 habentur;
1616 2609 1829 2664 sordide
1856 2625 2001 2679 qum-

420 2714 643 2770 runtur,
682 2720 781 2759 nec
822 2714 996 2759 tamen
1036 2703 1287 2757 continuo
1325 2702 1695 2772 possidentur?
1737 2701 2000 2772 Numquid

420 2798 524 2851 hoc
563 2804 644 2850 est
679 2812 868 2849 aurum
918 2810 1119 2855 amare,
1169 2793 1308 2864 quod
1350 2809 1535 2847 aurum
1578 2793 1813 2847 habere?
1854 2792 2001 2846 Multi

420 2897 630 2952 amant,
653 2897 707 2941 et
735 2903 839 2941 non
869 2887 1084 2940 habent.
1116 2884 1377 2955 Numquid
1406 2885 1506 2939 hoc
1530 2894 1613 2939 est
1640 2884 1835 2939 habere
1856 2884 2002 2937 latis-

419 2980 555 3033 sima
581 2988 635 3033 et
661 2978 950 3032 lautissima
980 2977 1173 3046 praedia
1198 3019 1214 3043 ,
1243 2976 1382 3046 quod
1413 2977 1563 3030 multi
1594 2985 1774 3030 amant
1813 2976 1910 3047 (τι),
1947 2985 2002 3029 et

422 3083 530 3123 non
560 3068 789 3122 habent?
815 3066 1079 3137 Numquid
1111 3067 1211 3121 hoc
1234 3074 1318 3122 est
1338 3081 1517 3120 amare
1540 3066 1792 3120 honorem
1815 3108 1829 3131 ,
1860 3065 1999 3135 quod

423 3162 621 3216 habere
648 3161 938 3215 honorem?
976 3160 1119 3214 Multi
1155 3160 1270 3214 sine
1299 3160 1501 3214 honore
1542 3158 1882 3213 inardescunt
1906 3158 2001 3213 ha-

422 3252 548 3308 bere
576 3270 588 3306 :
616 3263 859 3323 quaerunt
882 3252 1103 3318 habere,
1123 3263 1176 3308 et
1205 3254 1514 3322 plerumque
1535 3261 1657 3307 ante
1678 3253 1997 3319 moriuntur,

420 3358 579 3412 quam
601 3343 1026 3413 inveniantquod
1050 3343 1376 3413 quaerebant.
1411 3344 1548 3398 Deus
1577 3343 1730 3397 nobis
1758 3342 1825 3398 de
1862 3359 2001 3397 com.

422 3434 619 3504 peudio
634 3450 693 3488 se
712 3434 867 3489 oll'ert
888 3454 900 3488 :
923 3436 1115 3489 clamat
1134 3435 1305 3501 nobis,
1330 3438 1517 3491 Amate
1538 3451 1643 3499 me,
1670 3446 1725 3490 et
1742 3436 2000 3492 habebitis

422 3543 539 3589 me;
566 3527 686 3597 quia
713 3541 811 3581 nec
842 3529 1061 3597 potestis
1091 3540 1270 3582 amare
1297 3542 1401 3588 me,
1435 3527 1533 3585 nisi
1570 3527 1862 3583 habueritis
1893 3543 1995 3583 me.

492 3619 546 3673 6.
597 3618 917 3672 Caulaudum
978 3618 1220 3684 Domino,
1258 3628 1304 3671 et
1345 3618 1511 3672 oribus
1556 3628 1605 3672 et
1666 3620 1904 3673 moribus.
1957 3619 2001 3675 Ο

420 3711 643 3772 fratres,
683 3724 716 3763 o
771 3709 896 3776 lilii,
946 3725 978 3764 ο
1024 3709 1280 3763 catholica
1321 3709 1590 3778 germina,
1639 3724 1671 3763 0
1731 3719 1909 3763 sancta
1948 3719 2002 3764 et

418 3815 651 3869 superna
677 3802 879 3854 sentina
904 3843 919 3867 ,
952 3815 984 3855 ο
1014 3801 1064 3855 in
1091 3798 1305 3854 Christo
1348 3800 1642 3869 regenerati
1685 3810 1738 3855 ct
1770 3801 2001 3872 desuper

420 3891 565 3944 nati!
598 3890 773 3945 audite
803 3907 920 3955 me;
954 3892 1059 3945 imo
1104 3906 1197 3960 per
1234 3905 1319 3945 me
1352 3900 1551 3945 cantate
1587 3890 1799 3945 Domino
1835 3893 1999 3945 cauti-

418 3999 533 4035 cum
560 3998 759 4035 novum.
784 3983 921 4037 Ecce
940 4024 955 4047 ,
988 3983 1193 4053 inquis,
1222 3992 1400 4037 cauto.
1442 3981 1636 4053 Cantas
1655 4022 1670 4047 ,
1701 3984 1853 4052 plane
1874 3999 2001 4038 can-

420 4082 522 4127 tas.
572 4073 746 4127 Audio
796 4089 809 4125 :
850 4073 943 4127 sed
989 4083 1171 4127 contra
1213 4073 1442 4143 linguam
1488 4052 1843 4128 tiastimonium
1895 4090 1998 4128 non

421 4163 565 4217 dicat
594 4162 718 4216 vita.
749 4163 970 4217 Cantate
998 4162 1249 4229 vocibus,
1290 4172 1501 4218 cantate
1539 4164 1786 4218 cordibus
1807 4205 1820 4228 ,
1871 4180 1997 4219 ean.

431 4263 541 4309 tate
588 4254 769 4309 oribus
791 4296 806 4320 ,
836 4264 1047 4310 cantate
1099 4254 1337 4309 moribus
1365 4271 1378 4308 :
1408 4253 1617 4310 Caritate
1637 4255 1855 4310 Domino
1883 4274 2004 4311 can-

423 4345 577 4399 ticum
603 4360 802 4398 novum.
832 4344 1077 4411 Qumritis
1109 4345 1232 4415 quid
1272 4345 1565 4401 dccautetis
1604 4345 1671 4401 de
1715 4347 1805 4401 illo
1843 4362 2001 4417 quem

423 4435 652 4490 amatis?
687 4436 812 4490 Siue
842 4435 1002 4490 dubio
1031 4436 1097 4491 de
1120 4436 1210 4491 illo
1237 4452 1393 4506 quem
1421 4451 1568 4490 amas
1587 4477 1602 4501 ,
1632 4434 1847 4493 cantare
1877 4438 1958 4492 vis
1985 4456 1998 4492 :

422 4527 607 4583 laudes
645 4527 761 4598 ejus
798 4529 1026 4599 quaeris,
1070 4544 1202 4599 quas
1242 4538 1444 4583 cautes.
1486 4529 1753 4595 Audistis,
1795 4529 2004 4585 Caritate

422 4620 645 4674 Domino
670 4620 917 4673 canticum
943 4637 1145 4673 novum.
1181 4620 1388 4676 Laudes
1416 4622 1694 4692 qumritis?
1721 4621 1857 4677 Laus
1892 4625 2004 4693 ejus

421 4712 475 4765 in
502 4711 727 4766 Ecclesia
768 4721 1074 4765 sanctorum.
1116 4711 1256 4767 Laus
1283 4713 1528 4768 cantandi
1556 4756 1570 4779 ,
1599 4722 1683 4767 est
1724 4715 1836 4783 ipse
1872 4729 2003 4768 can.-

421 4811 581 4857 tator.
631 4801 838 4857 Laudes
882 4803 1040 4857 vultis
1092 4803 1269 4859 dicere
1321 4804 1466 4859 Deo?
1507 4805 1611 4859 Vos
1648 4815 1818 4860 estote
1864 4807 2003 4877 quod

422 4895 631 4950 dicatis.
665 4895 801 4949 Laus
830 4895 994 4965 ipsius
1021 4896 1149 4949 estis
1170 4938 1182 4956 .
1211 4898 1255 4949 si
1280 4896 1415 4951 bene
1444 4896 1650 4950 vivatis.
1692 4897 1833 4951 Laus
1863 4899 2002 4951 enim

423 4988 545 5056 ejus
565 5004 669 5042 nou
694 4998 774 5042 est
789 4988 839 5041 in
855 4986 1473 5058 synagogisludmorum,
1492 5003 1594 5041 non
1617 4996 1697 5042 cst
1726 4988 1777 5041 in
1802 4988 2004 5043 insania

424 5081 758 5152 l‘aganorum
778 5122 794 5145 ,
826 5089 1035 5135 nonest
1070 5080 1120 5134 in
1158 5079 1429 5133 erroribus
1460 5079 1828 5133 haereticorum
1850 5121 1865 5146 ,
1899 5096 2003 5134 non

421 5184 506 5228 est
550 5174 602 5226 in
633 5173 904 5243 plausibus
940 5172 1287 5227 theatrorum.
1333 5172 1581 5239 Qu-.rritis
1633 5173 1722 5227 ubi
1772 5174 1871 5227 sit?
1902 5174 2005 5227 Vos

426 5265 708 5328 attendite,
735 5280 832 5320 vos
857 5273 1047 5319 estote.
1072 5263 1209 5317 Laus
1230 5264 1340 5333 ejus
1363 5264 1415 5316 in
1442 5262 1670 5317 Ecclesia
1696 5275 2002 5318 sanctorum.

422 5356 628 5424 Quaeris
649 5356 788 5409 unde
806 5355 1035 5425 gaudeas
1050 5354 1261 5423 quando
1277 5356 1498 5410 cantas?
1519 5354 1738 5409 Laetetur
1770 5355 1935 5410 Israel
1956 5359 2007 5410 in

425 5463 485 5500 eo
502 5447 591 5517 qui
608 5446 721 5515 fecit
742 5462 852 5499 eum
870 5456 950 5499 :et
968 5446 1106 5501 unde
1128 5446 1333 5501 laetetur
1347 5461 1456 5500 non
1479 5446 1682 5500 invenit
1698 5446 1795 5500 nisi
1819 5447 2001 5502 Deum.

499 5535 723 5591 CAPUT
756 5534 992 5589 lV.-7.
1018 5536 1243 5591 Pretium
1271 5554 1369 5607 quo
1397 5536 1619 5590 charitas
1644 5538 2003 5607 comparanda.

424 5628 590 5692 Bene,
624 5627 813 5682 fratres
827 5629 951 5694 mei,
972 5631 1292 5699 interrogate
1309 5646 1401 5685 vos
1433 5631 1597 5700 ipsos,
1612 5630 1773 5687 cellas
1794 5631 2010 5686 interio-

490 5761 504 5791 ³
530 5761 599 5808 sic
620 5760 956 5808 Gcrntaneusis
977 5766 1057 5807 Ms.
1084 5760 1196 5809 Fditi
1222 5775 1357 5819 vero,
1379 5760 1556 5810 ea'ibut.

485 5820 560 5883 (α)
583 5828 720 5872 t-‘ortc
757 5819 884 5882 quod
907 5822 1102 5873 arnore?
1127 5823 1257 5873 Multi
1280 5830 1459 5885 ainant,
1486 5832 1579 5874 etc.

1655 403 1712 457 s.
1754 380 2113 457 AUGUSTINI
2154 396 2454 456 EPISCOPI

3577 406 3680 462 9ιὲ

2114 530 2200 569 res
2229 514 2476 569 discutite
2494 530 2508 568 :
2533 514 2725 581 videte,
2743 522 2797 569 et
2810 515 3063 571 attendite
3078 514 3201 586 quid
3219 514 3453 572 habeatis
3468 515 3535 572 de
3551 516 3680 573 cha-

2106 606 2295 669 ritate,
2329 604 2511 660 ethoc
2551 605 2689 676 quod
2737 606 3043 662 inveneritis
3068 616 3274 678 augete.
3319 609 3588 666 Attendite
3612 610 3682 667 ad

2109 696 2267 750 talem
2298 694 2631 761 thesaurum,
2674 705 2729 751 ut
2757 697 2897 753 intus
2922 698 3115 754 divites
3135 699 3269 753 sitis.
3308 699 3508 755 Caetera
3538 709 3684 758 certe

2106 803 2225 858 qure
2254 802 2499 857 magnum
2548 788 2746 844 habent
2792 789 3051 859 pretium,
3094 805 3217 845 cara
3253 790 3532 858 dicuntur;
3581 807 3683 849 nec

2109 878 2319 932 frustra.
2344 879 2578 947 Aspicite
2608 879 3041 935 consuetudinem
3070 880 3331 935 sermonis
3357 882 3519 936 vestri
3550 897 3683 937 :ca-

2106 970 2217 1024 rius
2237 978 2321 1024 est
2349 970 2473 1025 illud
2496 1011 2510 1035 ,
2537 985 2694 1040 quam
2726 969 2871 1023 illud.
2896 969 3031 1037 Quid
3056 979 3167 1038 est,
3189 971 3375 1025 Carius
3401 980 3516 1037 est,
3539 971 3681 1038 nisi,

2107 1063 2387 1133 pretiosius
2410 1063 2530 1117 est?
2558 1062 2614 1118 Si
2644 1063 2816 1117 carius
2845 1062 3038 1117 dicitur
3063 1104 3079 1130 ,
3110 1062 3367 1133 quidquid
3397 1062 3684 1132 pretiosius

2106 1162 2223 1221 est;
2269 1154 2395 1225 quid
2432 1155 2607 1209 carius
2641 1156 2750 1225 ipsa
2790 1154 3084 1219 charitate,
3131 1154 3321 1209 fratres
3357 1154 3499 1209 mei?
3528 1153 3684 1221 Quod

2105 1256 2187 1301 est
2205 1288 2220 1312 ,
2254 1255 2498 1316 putamus
2518 1289 2531 1311 ,
2558 1247 2784 1316 pretium
2808 1246 2923 1316 ejus
2943 1246 2971 1298 ?
2995 1245 3137 1301 unde
3157 1246 3425 1300 invenitur
3449 1244 3682 1316 pretium

2105 1340 2259 1407 ejus?
2288 1338 2519 1394 Pretium
2556 1338 2743 1404 tritici,
2772 1354 3020 1394 nummus
3042 1347 3205 1403 tuus;
3236 1338 3460 1409 pretium
3488 1337 3633 1393 fundi
3663 1378 3681 1405 ,

2104 1438 2384 1500 argentum
2414 1440 2559 1485 tuum
2584 1447 2599 1496 ;
2630 1430 2860 1501 pretium
2888 1430 3186 1500 margarita:
3209 1471 3223 1495 ,
3270 1444 3454 1484 aurum
3486 1437 3631 1483 tuum
3663 1444 3681 1483 :

2104 1522 2329 1593 pretium
2359 1521 2661 1589 charitatis,
2709 1531 2784 1576 tu.
2814 1522 3020 1589 Quaeris
3050 1535 3177 1591 ergo
3220 1520 3363 1576 unde
3405 1519 3685 1590 possideas

2105 1612 2353 1677 fundum,
2376 1628 2637 1684 gemmam
2657 1654 2671 1679 ,
2698 1614 2995 1682 juinentum
3027 1611 3280 1667 :lundum
3315 1612 3506 1681 quau-is
3541 1609 3686 1667 unde

2104 1718 2283 1769 emas,
2311 1712 2365 1758 et
2389 1704 2585 1773 quarris
2610 1701 2746 1772 apud
2778 1710 2848 1757 te.
2876 1702 2932 1758 Si
2958 1702 3037 1756 vis
3060 1710 3237 1756 autem
3282 1700 3478 1755 habere
3502 1699 3684 1755 chari-

2106 1803 2264 1848 tatcm
2283 1836 2296 1859 ,
2329 1809 2505 1864 qurere
2526 1802 2575 1847 te
2599 1834 2613 1857 ,
2636 1801 2690 1847 et
2719 1792 2893 1846 inveni
2928 1799 2998 1847 te.
3029 1790 3167 1859 Quid
3190 1790 3329 1845 enim
3378 1790 3533 1844 times
3550 1789 3686 1845 dare

2105 1894 2158 1940 te
2186 1926 2200 1950 ,
2248 1899 2314 1939 ne
2347 1898 2632 1939 consumas
2655 1880 2748 1937 te?
2780 1880 2888 1936 Imo
2911 1880 2953 1935 si
2984 1890 3034 1935 te
3060 1895 3166 1934 non
3193 1877 3403 1934 dederis
3432 1918 3447 1944 ,
3501 1877 3686 1948 perdis

2106 1986 2178 2032 te.
2211 1976 2325 2045 Ipsa
2354 1976 2585 2030 charitas
2612 1990 2709 2044 per
2756 1973 3077 2043 Sapientiam
3128 1971 3363 2041 loquitur
3386 2012 3403 2037 ,
3449 1977 3504 2024 et
3553 1968 3687 2024 dicit

2106 2070 2197 2123 tibi
2226 2068 2420 2139 aliquid
2448 2110 2462 2134 ,
2489 2067 2628 2123 unde
2654 2081 2759 2121 non
2785 2078 3113 2135 expavescas
3135 2062 3275 2133 quod
3306 2061 3505 2116 dictum
3552 2069 3639 2115 est
3664 2076 3683 2115 :

2108 2162 2179 2215 Da
2213 2172 2262 2217 te
2292 2162 2483 2230 ipsum.
2517 2160 2571 2215 Si
2596 2160 2713 2229 quis
2732 2158 2871 2213 enim
2890 2155 3049 2211 vellet
3069 2155 3160 2209 tibi
3185 2152 3402 2208 l‘undum
3425 2151 3681 2218 vendere,

2103 2258 2303 2312 diceret
2324 2257 2413 2311 tibi
2444 2298 2459 2323 ,
2492 2255 2565 2309 Da
2606 2254 2734 2308 mihi
2780 2264 2962 2306 aurum
2994 2261 3142 2305 tuum
3174 2268 3188 2305 :
3219 2256 3272 2303 et
3299 2248 3343 2302 si
3390 2246 3507 2317 quis
3532 2244 3685 2301 aliud

2105 2347 2299 2417 aliquid
2325 2390 2340 2414 ,
2374 2348 2446 2400 Da
2476 2345 2603 2400 mihi
2635 2359 2906 2399 nummum
2938 2351 3086 2396 tuum
3113 2380 3129 2407 ,
3157 2340 3225 2394 da
3249 2338 3380 2394 mihi
3402 2344 3684 2408 argentum

2107 2449 2273 2493 tamn.
2306 2442 2339 2489 Α
2351 2435 2437 2490 udi
2458 2435 2580 2505 quid
2602 2435 2691 2489 tibi
2720 2433 2863 2488 dicat
2887 2447 2953 2486 ex
2976 2446 3072 2486 ore
3100 2429 3383 2499 Sapientiae
3404 2426 3633 2481 charitas
3666 2443 3685 2479 :

2110 2531 2188 2584 Da
2214 2530 2337 2584 milii
2367 2572 2382 2596 ,
2412 2529 2487 2597 [ili
2515 2570 2528 2591 ,
2570 2543 2656 2580 cor
2677 2536 2816 2579 tuum
2858 2523 3038 2595 (Prov.
3080 2537 3215 2577 χχιιι
3243 2564 3257 2588 ,
3285 2519 3402 2592 '26).
3429 2519 3509 2573 Da
3533 2519 3684 2583 mihi,

2107 2621 2274 2689 inquit
2304 2638 2317 2673 :
2351 2619 2473 2688 quid
2500 2618 2522 2671 ?
2554 2617 2660 2671 Fili
2690 2659 2704 2683 ,
2750 2632 2838 2670 cor
2864 2625 3025 2668 tuum.
3056 2613 3191 2668 Male
3231 2619 3347 2667 erat
3371 2652 3384 2676 ,
3416 2610 3626 2681 quando
3650 2623 3688 2663 τι

2108 2721 2158 2766 lc
2182 2719 2294 2764 erat
2317 2752 2331 2775 ,
2359 2707 2571 2778 quando
2590 2707 2683 2761 tibi
2708 2716 2822 2762 erat
2846 2724 2857 2758 :
2892 2720 2987 2775 per
3015 2717 3182 2773 nugas
3209 2703 3350 2757 enim
3380 2710 3435 2756 et
3471 2714 3688 2757 amores

2108 2804 2331 2857 lascivos
2385 2799 2819 2871 peruiciososque
2872 2796 3183 2851 trahebaris.
3215 2788 3363 2849 Tolle
3410 2793 3553 2848 inde.
3580 2792 3689 2849 Ubi

2108 2891 2423 2947 U‘:l|li$?llbi
2468 2890 2657 2959 ponis?
2712 2887 2789 2940 Da
2814 2888 2977 2951 mihi,
3025 2885 3220 2955 inquit,
3274 2901 3362 2938 cor
3391 2893 3549 2939 tuum.
3601 2883 3691 2940 Sit

2106 2983 2269 3047 mihi,
2300 2991 2353 3037 et
2384 2997 2486 3035 non
2516 2980 2650 3049 perit
2679 2978 2791 3032 tibi.
2822 2977 2956 3031 Vide
2993 2976 3134 3030 enim
3164 3016 3179 3041 ,
3217 2974 3261 3029 si
3288 2974 3486 3044 aliquid
3514 2973 3690 3028 voluit

2104 3074 2370 3129 dimittere
2394 3071 2445 3125 in
2471 3080 2522 3125 te
2545 3111 2560 3134 ,
2591 3067 2731 3123 unde
2773 3082 2921 3122 ames
2961 3066 3048 3122 vel
3074 3074 3126 3120 te
3149 3107 3165 3131 ,
3204 3064 3295 3135 qui
3347 3065 3439 3120 tibi
3460 3064 3586 3119 dicit
3614 3065 3631 3096 ⁸
3667 3081 3685 3118 :

2106 3166 2297 3237 Diliges
2325 3164 2595 3219 Dominum
2625 3163 2787 3217 Deum
2817 3170 2956 3216 tuum
2987 3176 3050 3214 ea:
3078 3169 3184 3214 toto
3214 3159 3364 3213 corde
3388 3168 3474 3211 tuo
3501 3198 3517 3224 ,
3542 3167 3593 3211 et
3618 3173 3692 3213 ea:

2105 3266 2211 3313 tota
2258 3258 2431 3311 anima
2468 3266 2553 3310 tua
2581 3297 2597 3323 ,
2627 3264 2675 3309 et
2704 3271 2767 3309 ea:
2791 3264 2896 3307 tota
2938 3261 3100 3307 mente
3142 3260 3247 3305 tua.
3281 3251 3416 3318 Quid
3445 3258 3692 3307 remanet

2105 3351 2172 3406 de
2197 3349 2360 3405 corde
2391 3359 2482 3403 tuo
2504 3390 2517 3413 ,
2552 3347 2690 3403 unde
2714 3346 2901 3415 diligas
2929 3353 2979 3399 te
3008 3343 3223 3413 ipsum?
3249 3342 3372 3412 quid
3397 3341 3464 3397 de
3508 3341 3690 3396 anima

2105 3443 2238 3497 tua?
2284 3441 2410 3513 quid
2459 3441 2526 3496 de
2554 3448 2732 3495 mente
2770 3437 2901 3493 tua?
2930 3434 3015 3491 Ea:
3062 3445 3202 3503 toto,
3247 3434 3439 3505 inquit.
3489 3434 3688 3490 Totum

2105 3533 2271 3604 exigit
2322 3544 2372 3587 te
2396 3572 2412 3597 ,
2442 3530 2533 3601 qui
2562 3530 2687 3586 fecit
2736 3538 2809 3585 te.

2174 3622 2396 3679 CAPUT
2426 3623 2467 3677 ν
2498 3652 2565 3661 -
2588 3621 2693 3676 Sed
2722 3619 2827 3676 uoli
2857 3618 3022 3674 tristis
3048 3632 3190 3688 esse,
3215 3615 3363 3686 quasi
3391 3615 3519 3671 nihil
3545 3616 3693 3675 unde

2103 3718 2334 3789 gaudeas
2364 3699 2636 3773 remaneat
2654 3717 2706 3770 in
2733 3725 2803 3771 te.
2835 3714 3055 3769 Laztetur
3087 3712 3255 3768 Israel
3280 3754 3296 3779 ,
3344 3727 3450 3768 non
3480 3712 3533 3767 in
3583 3726 3645 3768 se
3667 3752 3690 3780 ,

2106 3809 2199 3865 sed
2230 3810 2281 3862 in
2308 3826 2366 3863 eo
2389 3809 2474 3879 qui
2500 3808 2615 3879 fecit
2631 3824 2763 3861 eum.

2177 3902 2229 3955 8.
2288 3898 2562 3954 Proximus
2620 3906 2865 3968 quantum
2911 3895 3217 3967 diligendus.
3274 3891 3641 3964 Respondebis
3666 3932 3689 3961 ,

2105 4002 2159 4048 et
2182 3992 2329 4047 dices
2358 4011 2371 4045 :
2401 3991 2456 4045 Si
2485 3991 2614 4045 nihil
2646 3990 2774 4044 mihi
2817 3988 3113 4054 remansit,
3142 3986 3282 4042 unde
3316 3986 3530 4057 diligam
3549 4000 3638 4041 me
3666 4003 3685 4051 ;

2104 4083 2225 4152 quia
2253 4097 2319 4135 ex
2372 4089 2481 4135 toto
2528 4078 2690 4134 eorde
2718 4119 2732 4143 ,
2777 4087 2832 4132 et
2875 4093 2939 4132 ex
2968 4086 3075 4131 tota
3122 4078 3335 4142 anima,
3382 4085 3438 4131 et
3481 4091 3545 4129 ex
3577 4082 3690 4130 tota

2105 4172 2498 4241 mentejubeor
2526 4170 2743 4241 diligere
2775 4184 2894 4225 eum
2925 4169 3015 4239 qui
3064 4168 3191 4224 fecit
3240 4183 3366 4234 me;
3416 4167 3691 4238 quomodo

2106 4265 2342 4321 secundo
2371 4275 2636 4335 prmeepto
2655 4263 2847 4334 jubeor
2868 4264 3087 4335 diligere
3112 4264 3409 4334 proximum
3433 4272 3688 4332 tanquam

2106 4355 2235 4411 me?
2263 4355 2374 4410 Hoc
2401 4364 2482 4411 est
2510 4356 2676 4425 magis
2696 4355 2835 4410 unde
2854 4354 3018 4409 debes
3044 4368 3108 4408 ex
3146 4361 3256 4407 toto
3296 4352 3456 4407 corde
3482 4394 3497 4419 ,
3541 4360 3596 4406 et
3620 4366 3690 4406 ex

2109 4455 2215 4500 tota
2242 4446 2416 4499 anima
2444 4486 2459 4510 ,
2488 4453 2542 4501 et
2588 4462 2655 4501 ex
2702 4454 2809 4501 tota
2857 4435 3034 4500 mente
3079 4446 3339 4514 proximo.
3366 4442 3644 4509 Quomodo
3664 4444 3694 4499 ?

2107 4533 2301 4605 Diliges
2322 4535 2608 4604 proximum
2637 4544 2777 4589 tuum
2803 4545 3040 4606 tanquam
3062 4543 3109 4587 te
3131 4535 3295 4603 ipsum
3314 4533 3523 4605 (Matth.
3550 4548 3687 4599 xx",

2108 4629 2210 4694 57,
2243 4626 2334 4696 '59)
2384 4628 2547 4683 Deum
2599 4643 2662 4682 ex
2704 4634 2813 4681 toto
2841 4640 2929 4681 me
2978 4642 2993 4681 :
3045 4626 3345 4695 proximum
3398 4624 3537 4679 sicut
3576 4639 3690 4680 me.

2110 4719 2261 4774 L'nde
2292 4735 2375 4774 me
2400 4761 2413 4782 ,
2443 4718 2582 4774 unde
2610 4718 2703 4773 te?
2732 4719 2822 4773 Vis
2850 4717 3035 4773 audire
3066 4717 3209 4772 unde
3257 4717 3443 4788 diligas
3488 4717 3582 4773 te?
3609 4717 3693 4772 Ex

2110 4810 2211 4865 hoc
2235 4811 2409 4880 diligis
2441 4819 2522 4874 te,
2578 4810 2700 4879 quia
2748 4809 2912 4863 Deum
2962 4808 3135 4879 diligis
3165 4824 3228 4862 ex
3262 4816 3374 4862 toto
3404 4817 3477 4863 te.
3530 4808 3695 4862 Putas

2108 4900 2248 4956 enim
2284 4901 2390 4954 Deo
2421 4900 2677 4970 proﬁcere
2697 4940 2713 4963 ,
2735 4898 2874 4967 quod
2898 4897 3070 4967 diligis
3102 4898 3312 4951 Deum?
3340 4907 3395 4951 et
3419 4898 3537 4965 quia
3565 4897 3692 4950 dili-

2108 4994 2188 5063 gis
2216 4994 2378 5047 [leum
2405 5034 2419 5057 ,
2451 4992 2559 5046 Deo
2584 4990 2780 5060 aliquid
2809 4988 3054 5045 accedit?
3080 4997 3132 5042 et
3164 4988 3209 5042 si
3233 4996 3286 5042 tu
3312 5004 3415 5043 non
3456 4988 3643 5057 diligas
3671 5028 3692 5055 ,

2111 5085 2283 5139 minus
2310 5083 2553 5137 habebit?
2579 5082 2710 5137 Cum
2737 5080 2911 5151 diligis
2936 5122 2951 5147 ,
2990 5088 3044 5134 tu
3076 5079 3287 5150 proﬁcis
3316 5098 3327 5131 :
3355 5088 3408 5133 tu
3441 5080 3509 5132 ibi
3545 5080 3652 5133 eris
3674 5120 3692 5146 ,

2111 5176 2198 5231 ubi
2228 5191 2330 5227 non
2358 5174 2517 5243 peris.
2563 5172 2667 5227 Sed
2715 5170 3060 5241 respondebis
3088 5212 3103 5238 ,
3152 5179 3207 5225 et
3254 5170 3400 5225 dices
3422 5210 3437 5233 ,
3467 5169 3697 5238 Quando

2109 5266 2249 5322 enim
2302 5281 2404 5319 non
2458 5263 2617 5320 dilexi
2674 5263 2797 5319 me?
2846 5264 3071 5318 Prorsus
3130 5277 3236 5316 non
3292 5260 3550 5331 diligebas
3601 5270 3685 5317 te.

2111 5355 2321 5425 quando
2361 5354 2524 5408 Deum
2566 5369 2669 5406 nou
2696 5351 3101 5423 diligebas,qui
3146 5351 3269 5405 fecit
3316 5360 3387 5405 te.
3419 5350 3522 5405 Sed
3568 5366 3701 5405 cum

2111 5448 2317 5501 odisses
2348 5453 2397 5500 te
2424 5487 2436 5509 ,
2471 5443 2690 5513 putabas
2718 5442 2856 5513 quod
2883 5457 3091 5497 amares
3123 5451 3192 5495 te.
3220 5440 3320 5507 Qui
3340 5440 3479 5494 enim
3528 5440 3701 5512 diligit

2114 5542 2422 5605 iniquitatem
2446 5581 2460 5604 ,
2492 5537 2596 5591 odit
2626 5538 2845 5591 animam
2870 5551 3014 5589 suam
3039 5533 3207 5606 (Psal.
3234 5550 3262 5587 κ
3289 5574 3303 5598 ,
3326 5533 3406 5603 6).

2117 5826 2147 5874 ά
2180 5760 2363 5829 t_F.diti,
2406 5768 2497 5810 Lex
2539 5756 2686 5817 dicit;
2720 5769 2825 5819 ITI‘O'
2851 5766 2946 5817 quo
2981 5761 3062 5803 MS.
3096 5757 3462 5811 Germaucnsts,
3509 5756 3595 5813 (pit
3621 5751 3708 5801 tibi

2152 5830 2251 5874 ιω.

2152 5830 2251 5874 ιω.
