  <div class='ocr_page' id='page_1' title='image "/cluster/home/n/w/nwhite01/storage/ocr_20150623/38/hvd.32044015706294/112.png"; bbox 0 0 4012 6338; ppageno 0'>
   <div class='ocr_carea' id='block_1_1' title="bbox 284 352 395 416">
    <p class='ocr_par' dir='ltr' id='par_1_1' title="bbox 284 352 395 416">
     <span class='ocr_line' id='line_1_1' title="bbox 284 352 395 416; baseline -0.009 -2"><span class='ocrx_word' id='word_1_1' title='bbox 284 352 395 416; x_wconf 58' lang='lat' dir='ltr'><strong>illi</strong></span> 
     </span>
    </p>
   </div>
   <div class='ocr_carea' id='block_1_2' title="bbox 356 439 1874 531">
    <p class='ocr_par' dir='ltr' id='par_1_2' title="bbox 356 439 1874 531">
     <span class='ocr_line' id='line_1_2' title="bbox 356 439 1874 531; baseline -0.026 -2"><span class='ocrx_word' id='word_1_2' title='bbox 356 474 411 528; x_wconf 88' lang='lat'><strong>9.</strong></span> <span class='ocrx_word' id='word_1_3' title='bbox 471 464 706 523; x_wconf 79' lang='lat' dir='ltr'><strong>Precatio</strong></span> <span class='ocrx_word' id='word_1_4' title='bbox 774 467 886 531; x_wconf 82' lang='lat' dir='ltr'><strong>post</strong></span> <span class='ocrx_word' id='word_1_5' title='bbox 952 465 1247 509; x_wconf 82' lang='lat' dir='ltr'><strong>sermonem.</strong></span> <span class='ocrx_word' id='word_1_6' title='bbox 1315 443 1569 503; x_wconf 79' lang='lat' dir='ltr'><strong>Conversi</strong></span> <span class='ocrx_word' id='word_1_7' title='bbox 1637 440 1703 495; x_wconf 89' lang='lat' dir='ltr'><strong>ad</strong></span> <span class='ocrx_word' id='word_1_8' title='bbox 1764 439 1874 531; x_wconf 85' lang='lat' dir='ltr'><strong>Do-</strong></span> 
     </span>
    </p>
   </div>
   <div class='ocr_carea' id='block_1_3' title="bbox 286 529 1869 617">
    <p class='ocr_par' dir='ltr' id='par_1_3' title="bbox 286 529 1869 617">
     <span class='ocr_line' id='line_1_3' title="bbox 286 529 1869 617; baseline -0.022 0"><span class='ocrx_word' id='word_1_9' title='bbox 286 562 490 617; x_wconf 81' lang='lat' dir='ltr'><strong>minum</strong></span> <span class='ocrx_word' id='word_1_10' title='bbox 518 558 683 611; x_wconf 88' lang='lat' dir='ltr'><strong>Deum</strong></span> <span class='ocrx_word' id='word_1_11' title='bbox 713 529 924 607; x_wconf 79' lang='lat' dir='ltr'><strong>Patrem</strong></span> <span class='ocrx_word' id='word_1_12' title='bbox 954 542 1375 612; x_wconf 76' lang='lat' dir='ltr'><strong>omnipotentem</strong></span> <span class='ocrx_word' id='word_1_13' title='bbox 1398 550 1530 607; x_wconf 87' lang='lat' dir='ltr'><strong>puro</strong></span> <span class='ocrx_word' id='word_1_14' title='bbox 1550 532 1710 589; x_wconf 91' lang='lat' dir='ltr'><strong>corde</strong></span> <span class='ocrx_word' id='word_1_15' title='bbox 1735 571 1750 596; x_wconf 93' lang='lat'><strong>,</strong></span> <span class='ocrx_word' id='word_1_16' title='bbox 1771 529 1821 584; x_wconf 88' lang='lat' dir='ltr'><strong>ei</strong></span> <span class='ocrx_word' id='word_1_17' title='bbox 1854 570 1869 592; x_wconf 84' lang='lat'><strong>,</strong></span> 
     </span>
    </p>
   </div>
   <div class='ocr_carea' id='block_1_4' title="bbox 284 619 1870 721">
    <p class='ocr_par' dir='ltr' id='par_1_4' title="bbox 284 619 1870 721">
     <span class='ocr_line' id='line_1_4' title="bbox 284 619 1870 721; baseline -0.021 -14"><span class='ocrx_word' id='word_1_18' title='bbox 284 660 540 721; x_wconf 82' lang='lat' dir='ltr'><strong>quantum</strong></span> <span class='ocrx_word' id='word_1_19' title='bbox 569 652 747 716; x_wconf 89' lang='lat' dir='ltr'><strong>potest</strong></span> <span class='ocrx_word' id='word_1_20' title='bbox 770 638 1001 710; x_wconf 83' lang='lat' dir='ltr'><strong>parvitas</strong></span> <span class='ocrx_word' id='word_1_21' title='bbox 1031 641 1210 688; x_wconf 90' lang='lat' dir='ltr'><strong>nostra</strong></span> <span class='ocrx_word' id='word_1_22' title='bbox 1236 670 1251 696; x_wconf 92' lang='lat'><strong>,</strong></span> <span class='ocrx_word' id='word_1_23' title='bbox 1278 627 1536 683; x_wconf 87' lang='lat' dir='ltr'><strong>maximas</strong></span> <span class='ocrx_word' id='word_1_24' title='bbox 1556 631 1712 692; x_wconf 89' lang='lat' dir='ltr'><strong>atque</strong></span> <span class='ocrx_word' id='word_1_25' title='bbox 1737 619 1870 674; x_wconf 88' lang='lat' dir='ltr'><strong>ube-</strong></span> 
     </span>
    </p>
   </div>
   <div class='ocr_carea' id='block_1_5' title="bbox 286 713 1873 811">
    <p class='ocr_par' dir='ltr' id='par_1_5' title="bbox 286 713 1873 811">
     <span class='ocr_line' id='line_1_5' title="bbox 286 713 1873 811; baseline -0.022 -13"><span class='ocrx_word' id='word_1_26' title='bbox 286 713 371 798; x_wconf 67' lang='lat' dir='ltr'><strong>res</strong></span> <span class='ocrx_word' id='word_1_27' title='bbox 392 713 589 811; x_wconf 75' lang='lat' dir='ltr'><strong>gratias</strong></span> <span class='ocrx_word' id='word_1_28' title='bbox 610 746 827 804; x_wconf 77' lang='lat' dir='ltr'><strong>agamus</strong></span> <span class='ocrx_word' id='word_1_29' title='bbox 856 747 868 783; x_wconf 92' lang='lat'>:</span> <span class='ocrx_word' id='word_1_30' title='bbox 894 734 1172 799; x_wconf 73' lang='lat' dir='ltr'><strong>precantes</strong></span> <span class='ocrx_word' id='word_1_31' title='bbox 1200 729 1312 775; x_wconf 89' lang='lat' dir='ltr'><strong>toto</strong></span> <span class='ocrx_word' id='word_1_32' title='bbox 1341 719 1519 772; x_wconf 92' lang='lat' dir='ltr'><strong>animo</strong></span> <span class='ocrx_word' id='word_1_33' title='bbox 1553 713 1873 784; x_wconf 82' lang='lat' dir='ltr'><strong>singularem</strong></span> 
     </span>
    </p>
   </div>
   <div class='ocr_carea' id='block_1_6' title="bbox 288 803 1873 893">
    <p class='ocr_par' dir='ltr' id='par_1_6' title="bbox 288 803 1873 893">
     <span class='ocr_line' id='line_1_6' title="bbox 288 803 1873 893; baseline -0.022 -3"><span class='ocrx_word' id='word_1_34' title='bbox 288 803 747 889; x_wconf 58' lang='lat' dir='ltr'><strong>mansuetudinem</strong></span> <span class='ocrx_word' id='word_1_35' title='bbox 774 824 891 893; x_wconf 79' lang='lat' dir='ltr'><strong>eius</strong></span> <span class='ocrx_word' id='word_1_36' title='bbox 916 863 929 885; x_wconf 94' lang='lat'><strong>,</strong></span> <span class='ocrx_word' id='word_1_37' title='bbox 961 828 1019 873; x_wconf 90' lang='lat' dir='ltr'><strong>ut</strong></span> <span class='ocrx_word' id='word_1_38' title='bbox 1046 829 1230 886; x_wconf 85' lang='lat' dir='ltr'><strong>preces</strong></span> <span class='ocrx_word' id='word_1_39' title='bbox 1280 814 1490 867; x_wconf 59' lang='lat' dir='ltr'><strong>nostras</strong></span> <span class='ocrx_word' id='word_1_40' title='bbox 1527 809 1581 861; x_wconf 89' lang='lat' dir='ltr'><strong>in</strong></span> <span class='ocrx_word' id='word_1_41' title='bbox 1621 803 1873 872; x_wconf 87' lang='lat' dir='ltr'><strong>benepla-</strong></span> 
     </span>
    </p>
   </div>
   <div class='ocr_carea' id='block_1_7' title="bbox 287 904 1870 983">
    <p class='ocr_par' dir='ltr' id='par_1_7' title="bbox 287 904 1870 983">
     <span class='ocr_line' id='line_1_7' title="bbox 287 904 1870 983; baseline -0.02 -4"><span class='ocrx_word' id='word_1_42' title='bbox 287 926 394 979; x_wconf 87' lang='lat' dir='ltr'><strong>cito</strong></span> <span class='ocrx_word' id='word_1_43' title='bbox 426 938 528 977; x_wconf 87' lang='lat' dir='ltr'><strong>suo</strong></span> <span class='ocrx_word' id='word_1_44' title='bbox 552 917 807 976; x_wconf 78' lang='lat' dir='ltr'><strong>exaudire</strong></span> <span class='ocrx_word' id='word_1_45' title='bbox 835 913 1081 983; x_wconf 77' lang='lat' dir='ltr'><strong>dignetur</strong></span> <span class='ocrx_word' id='word_1_46' title='bbox 1109 924 1124 973; x_wconf 90' lang='lat'><strong>;</strong></span> <span class='ocrx_word' id='word_1_47' title='bbox 1149 904 1418 960; x_wconf 86' lang='lat' dir='ltr'><strong>inimicum</strong></span> <span class='ocrx_word' id='word_1_48' title='bbox 1447 912 1659 969; x_wconf 90' lang='lat' dir='ltr'><strong>quoque</strong></span> <span class='ocrx_word' id='word_1_49' title='bbox 1687 910 1715 948; x_wconf 90' lang='lat' dir='ltr'><strong>a</strong></span> <span class='ocrx_word' id='word_1_50' title='bbox 1741 910 1870 948; x_wconf 78' lang='lat' dir='ltr'><strong>nas-</strong></span> 
     </span>
    </p>
   </div>
   <div class='ocr_carea' id='block_1_8' title="bbox 286 985 1869 1073">
    <p class='ocr_par' dir='ltr' id='par_1_8' title="bbox 286 985 1869 1073">
     <span class='ocr_line' id='line_1_8' title="bbox 286 985 1869 1073; baseline -0.022 -3"><span class='ocrx_word' id='word_1_51' title='bbox 286 1016 382 1069; x_wconf 78' lang='lat' dir='ltr'><strong>tris</strong></span> <span class='ocrx_word' id='word_1_52' title='bbox 424 1012 633 1068; x_wconf 89' lang='lat' dir='ltr'><strong>actibus</strong></span> <span class='ocrx_word' id='word_1_53' title='bbox 667 1017 723 1063; x_wconf 90' lang='lat' dir='ltr'><strong>et</strong></span> <span class='ocrx_word' id='word_1_54' title='bbox 767 1000 1175 1073; x_wconf 75' lang='lat' dir='ltr'><strong>cogitationibus</strong></span> <span class='ocrx_word' id='word_1_55' title='bbox 1222 1010 1315 1049; x_wconf 91' lang='lat' dir='ltr'><strong>sua</strong></span> <span class='ocrx_word' id='word_1_56' title='bbox 1358 991 1555 1045; x_wconf 82' lang='lat' dir='ltr'><strong>virtute</strong></span> <span class='ocrx_word' id='word_1_57' title='bbox 1596 985 1820 1055; x_wconf 84' lang='lat' dir='ltr'><strong>expellat</strong></span> <span class='ocrx_word' id='word_1_58' title='bbox 1854 1025 1869 1050; x_wconf 89' lang='lat'><strong>,</strong></span> 
     </span>
    </p>
   </div>
   <div class='ocr_carea' id='block_1_9' title="bbox 285 1079 1874 1172">
    <p class='ocr_par' dir='ltr' id='par_1_9' title="bbox 285 1079 1874 1172">
     <span class='ocr_line' id='line_1_9' title="bbox 285 1079 1874 1172; baseline -0.021 -10"><span class='ocrx_word' id='word_1_59' title='bbox 285 1109 441 1164; x_wconf 82' lang='lat' dir='ltr'><strong>nobis</strong></span> <span class='ocrx_word' id='word_1_60' title='bbox 468 1102 785 1172; x_wconf 74' lang='lat' dir='ltr'><strong>milltiplicet</strong></span> <span class='ocrx_word' id='word_1_61' title='bbox 810 1097 969 1152; x_wconf 80' lang='lat' dir='ltr'><strong>ﬁdem</strong></span> <span class='ocrx_word' id='word_1_62' title='bbox 992 1136 1007 1160; x_wconf 92' lang='lat'><strong>,</strong></span> <span class='ocrx_word' id='word_1_63' title='bbox 1031 1098 1263 1146; x_wconf 89' lang='lat' dir='ltr'><strong>mentem</strong></span> <span class='ocrx_word' id='word_1_64' title='bbox 1306 1085 1592 1157; x_wconf 85' lang='lat' dir='ltr'><strong>gubernet,</strong></span> <span class='ocrx_word' id='word_1_65' title='bbox 1625 1079 1874 1149; x_wconf 77' lang='lat' dir='ltr'><strong>Spiritua-</strong></span> 
     </span>
    </p>
   </div>
   <div class='ocr_carea' id='block_1_10' title="bbox 284 1173 1872 1268">
    <p class='ocr_par' dir='ltr' id='par_1_10' title="bbox 284 1173 1872 1268">
     <span class='ocr_line' id='line_1_10' title="bbox 284 1173 1872 1268; baseline -0.024 -11"><span class='ocrx_word' id='word_1_66' title='bbox 284 1203 363 1256; x_wconf 86' lang='lat' dir='ltr'><strong>les</strong></span> <span class='ocrx_word' id='word_1_67' title='bbox 392 1196 742 1268; x_wconf 75' lang='lat' dir='ltr'><strong>cogitationes</strong></span> <span class='ocrx_word' id='word_1_68' title='bbox 787 1186 1140 1248; x_wconf 89' lang='lat' dir='ltr'><strong>conecdat,et</strong></span> <span class='ocrx_word' id='word_1_69' title='bbox 1191 1180 1256 1233; x_wconf 87' lang='lat' dir='ltr'><strong>ad</strong></span> <span class='ocrx_word' id='word_1_70' title='bbox 1298 1173 1675 1232; x_wconf 82' lang='lat' dir='ltr'><strong>beatitudinem</strong></span> <span class='ocrx_word' id='word_1_71' title='bbox 1723 1182 1872 1268; x_wconf 80' lang='lat' dir='ltr'><strong>suam</strong></span> 
     </span>
    </p>
   </div>
   <div class='ocr_carea' id='block_1_11' title="bbox 283 1257 1875 1360">
    <p class='ocr_par' dir='ltr' id='par_1_11' title="bbox 283 1257 1875 1360">
     <span class='ocr_line' id='line_1_11' title="bbox 283 1257 1875 1360; baseline -0.023 -14"><span class='ocrx_word' id='word_1_72' title='bbox 283 1257 540 1360; x_wconf 69' lang='lat' dir='ltr'><strong>perducat</strong></span> <span class='ocrx_word' id='word_1_73' title='bbox 566 1304 579 1338; x_wconf 92' lang='lat'>:</span> <span class='ocrx_word' id='word_1_74' title='bbox 613 1300 708 1353; x_wconf 88' lang='lat' dir='ltr'><strong>per</strong></span> <span class='ocrx_word' id='word_1_75' title='bbox 734 1281 913 1336; x_wconf 83' lang='lat' dir='ltr'><strong>Jesum</strong></span> <span class='ocrx_word' id='word_1_76' title='bbox 959 1274 1228 1331; x_wconf 86' lang='lat' dir='ltr'><strong>Christum</strong></span> <span class='ocrx_word' id='word_1_77' title='bbox 1257 1267 1444 1323; x_wconf 83' lang='lat' dir='ltr'><strong>Filium</strong></span> <span class='ocrx_word' id='word_1_78' title='bbox 1466 1278 1619 1318; x_wconf 87' lang='lat' dir='ltr'><strong>suum</strong></span> <span class='ocrx_word' id='word_1_79' title='bbox 1644 1303 1659 1329; x_wconf 94' lang='lat'><strong>,</strong></span> <span class='ocrx_word' id='word_1_80' title='bbox 1691 1257 1875 1314; x_wconf 75' lang='lat' dir='ltr'><strong>Domi-</strong></span> 
     </span>
    </p>
   </div>
   <div class='ocr_carea' id='block_1_12' title="bbox 281 1352 1876 1442">
    <p class='ocr_par' dir='ltr' id='par_1_12' title="bbox 281 1352 1876 1442">
     <span class='ocr_line' id='line_1_12' title="bbox 281 1352 1876 1442; baseline -0.021 -5"><span class='ocrx_word' id='word_1_81' title='bbox 281 1352 411 1437; x_wconf 77' lang='lat' dir='ltr'><strong>num</strong></span> <span class='ocrx_word' id='word_1_82' title='bbox 438 1352 681 1434; x_wconf 80' lang='lat' dir='ltr'><strong>nostrum</strong></span> <span class='ocrx_word' id='word_1_83' title='bbox 710 1416 725 1439; x_wconf 95' lang='lat'><strong>,</strong></span> <span class='ocrx_word' id='word_1_84' title='bbox 753 1373 841 1442; x_wconf 89' lang='lat' dir='ltr'><strong>qui</strong></span> <span class='ocrx_word' id='word_1_85' title='bbox 871 1383 989 1424; x_wconf 92' lang='lat' dir='ltr'><strong>eum</strong></span> <span class='ocrx_word' id='word_1_86' title='bbox 1015 1381 1082 1421; x_wconf 91' lang='lat' dir='ltr'><strong>eo</strong></span> <span class='ocrx_word' id='word_1_87' title='bbox 1108 1363 1233 1417; x_wconf 85' lang='lat' dir='ltr'><strong>vivit</strong></span> <span class='ocrx_word' id='word_1_88' title='bbox 1261 1369 1314 1414; x_wconf 89' lang='lat' dir='ltr'><strong>et</strong></span> <span class='ocrx_word' id='word_1_89' title='bbox 1342 1364 1527 1427; x_wconf 85' lang='lat' dir='ltr'><strong>regnat</strong></span> <span class='ocrx_word' id='word_1_90' title='bbox 1574 1355 1626 1409; x_wconf 91' lang='lat' dir='ltr'><strong>in</strong></span> <span class='ocrx_word' id='word_1_91' title='bbox 1674 1352 1876 1405; x_wconf 85' lang='lat' dir='ltr'><strong>unitate</strong></span> 
     </span>
    </p>
   </div>
   <div class='ocr_carea' id='block_1_13' title="bbox 280 1443 1871 1543">
    <p class='ocr_par' dir='ltr' id='par_1_13' title="bbox 280 1443 1871 1543">
     <span class='ocr_line' id='line_1_13' title="bbox 280 1443 1871 1543; baseline -0.022 -15"><span class='ocrx_word' id='word_1_92' title='bbox 280 1474 516 1543; x_wconf 85' lang='lat' dir='ltr'><strong>Spiritus</strong></span> <span class='ocrx_word' id='word_1_93' title='bbox 545 1467 711 1523; x_wconf 82' lang='lat' dir='ltr'><strong>sancti</strong></span> <span class='ocrx_word' id='word_1_94' title='bbox 742 1465 883 1519; x_wconf 87' lang='lat' dir='ltr'><strong>Deus</strong></span> <span class='ocrx_word' id='word_1_95' title='bbox 906 1502 921 1527; x_wconf 88' lang='lat'><strong>,</strong></span> <span class='ocrx_word' id='word_1_96' title='bbox 969 1473 1061 1528; x_wconf 89' lang='lat' dir='ltr'><strong>per</strong></span> <span class='ocrx_word' id='word_1_97' title='bbox 1086 1453 1262 1509; x_wconf 90' lang='lat' dir='ltr'><strong>omnia</strong></span> <span class='ocrx_word' id='word_1_98' title='bbox 1290 1449 1482 1505; x_wconf 60' lang='lat' dir='ltr'><strong>satcnla</strong></span> <span class='ocrx_word' id='word_1_99' title='bbox 1534 1443 1871 1501; x_wconf 75' lang='lat' dir='ltr'><strong>szeculorum.</strong></span> 
     </span>
    </p>
   </div>
   <div class='ocr_carea' id='block_1_14' title="bbox 277 1565 525 1625">
    <p class='ocr_par' dir='ltr' id='par_1_14' title="bbox 277 1565 525 1625">
     <span class='ocr_line' id='line_1_14' title="bbox 277 1565 525 1625; baseline -0.024 -4"><span class='ocrx_word' id='word_1_100' title='bbox 277 1568 456 1625; x_wconf 76' lang='lat' dir='ltr'><strong>Amen</strong></span> <span class='ocrx_word' id='word_1_101' title='bbox 486 1565 525 1615; x_wconf 81' lang='lat'><strong>‘.</strong></span> 
     </span>
    </p>
   </div>
   <div class='ocr_carea' id='block_1_15' title="bbox 748 1679 1385 1751">
    <p class='ocr_par' dir='ltr' id='par_1_15' title="bbox 748 1679 1385 1751">
     <span class='ocr_line' id='line_1_15' title="bbox 748 1679 1385 1751; baseline -0.022 -6"><span class='ocrx_word' id='word_1_102' title='bbox 748 1686 977 1746; x_wconf 65' lang='grc' dir='ltr'>διεμιιο</span> <span class='ocrx_word' id='word_1_103' title='bbox 1014 1682 1246 1738; x_wconf 77' lang='lat' dir='ltr'><strong>xxxv-</strong></span> <span class='ocrx_word' id='word_1_104' title='bbox 1281 1679 1385 1751; x_wconf 90' lang='lat' dir='ltr'><strong>(a).</strong></span> 
     </span>
    </p>
   </div>
   <div class='ocr_carea' id='block_1_16' title="bbox 284 1799 1875 1896">
    <p class='ocr_par' dir='ltr' id='par_1_16' title="bbox 284 1799 1875 1896">
     <span class='ocr_line' id='line_1_16' title="bbox 284 1799 1875 1896; baseline -0.021 -10"><span class='ocrx_word' id='word_1_105' title='bbox 284 1832 367 1885; x_wconf 82' lang='lat' dir='ltr'><strong>De</strong></span> <span class='ocrx_word' id='word_1_106' title='bbox 393 1846 451 1883; x_wconf 84' lang='lat' dir='ltr'><strong>eo</strong></span> <span class='ocrx_word' id='word_1_107' title='bbox 471 1827 608 1896; x_wconf 83' lang='lat' dir='ltr'><strong>quod</strong></span> <span class='ocrx_word' id='word_1_108' title='bbox 632 1824 877 1891; x_wconf 82' lang='lat' dir='ltr'><strong>scriptum</strong></span> <span class='ocrx_word' id='word_1_109' title='bbox 919 1826 993 1873; x_wconf 87' lang='lat' dir='ltr'><strong>est</strong></span> <span class='ocrx_word' id='word_1_110' title='bbox 1041 1818 1094 1869; x_wconf 90' lang='lat' dir='ltr'><strong>in</strong></span> <span class='ocrx_word' id='word_1_111' title='bbox 1122 1811 1406 1867; x_wconf 78' lang='lat' dir='ltr'><strong>Proverbiis</strong></span> <span class='ocrx_word' id='word_1_112' title='bbox 1448 1805 1737 1863; x_wconf 88' lang='lat' dir='ltr'><strong>Salomonis</strong></span> <span class='ocrx_word' id='word_1_113' title='bbox 1766 1844 1780 1867; x_wconf 87' lang='lat'><strong>,</strong></span> <span class='ocrx_word' id='word_1_114' title='bbox 1819 1799 1875 1854; x_wconf 89' lang='lat' dir='ltr'><strong>Si</strong></span> 
     </span>
    </p>
   </div>
   <div class='ocr_carea' id='block_1_17' title="bbox 356 1895 1875 1990">
    <p class='ocr_par' dir='ltr' id='par_1_17' title="bbox 356 1895 1875 1990">
     <span class='ocr_line' id='line_1_17' title="bbox 356 1895 1875 1990; baseline -0.022 -14"><span class='ocrx_word' id='word_1_115' title='bbox 356 1895 575 1990; x_wconf 82' lang='lat' dir='ltr'><strong>sapiens</strong></span> <span class='ocrx_word' id='word_1_116' title='bbox 606 1916 767 1970; x_wconf 79' lang='lat' dir='ltr'><strong>fueris</strong></span> <span class='ocrx_word' id='word_1_117' title='bbox 792 1955 805 1977; x_wconf 89' lang='lat'><strong>,</strong></span> <span class='ocrx_word' id='word_1_118' title='bbox 834 1910 926 1965; x_wconf 87' lang='lat' dir='ltr'><strong>tibi</strong></span> <span class='ocrx_word' id='word_1_119' title='bbox 956 1916 1011 1964; x_wconf 89' lang='lat' dir='ltr'><strong>et</strong></span> <span class='ocrx_word' id='word_1_120' title='bbox 1037 1904 1291 1977; x_wconf 78' lang='lat' dir='ltr'><strong>proximis</strong></span> <span class='ocrx_word' id='word_1_121' title='bbox 1320 1901 1422 1955; x_wconf 88' lang='lat' dir='ltr'><strong>tuis</strong></span> <span class='ocrx_word' id='word_1_122' title='bbox 1445 1898 1552 1953; x_wconf 88' lang='lat' dir='ltr'><strong>eris</strong></span> <span class='ocrx_word' id='word_1_123' title='bbox 1579 1913 1593 1962; x_wconf 89' lang='lat'><strong>;</strong></span> <span class='ocrx_word' id='word_1_124' title='bbox 1625 1895 1668 1949; x_wconf 94' lang='lat' dir='ltr'><strong>si</strong></span> <span class='ocrx_word' id='word_1_125' title='bbox 1701 1903 1875 1946; x_wconf 90' lang='lat' dir='ltr'><strong>autem</strong></span> 
     </span>
    </p>
   </div>
   <div class='ocr_carea' id='block_1_18' title="bbox 354 1982 1877 2068">
    <p class='ocr_par' dir='ltr' id='par_1_18' title="bbox 354 1982 1877 2068">
     <span class='ocr_line' id='line_1_18' title="bbox 354 1982 1877 2068; baseline -0.022 0"><span class='ocrx_word' id='word_1_126' title='bbox 354 2011 536 2067; x_wconf 82' lang='lat' dir='ltr'><strong>malus</strong></span> <span class='ocrx_word' id='word_1_127' title='bbox 563 2005 797 2064; x_wconf 77' lang='lat' dir='ltr'><strong>evaseris</strong></span> <span class='ocrx_word' id='word_1_128' title='bbox 820 2044 833 2068; x_wconf 95' lang='lat'><strong>,</strong></span> <span class='ocrx_word' id='word_1_129' title='bbox 862 2002 1007 2056; x_wconf 88' lang='lat' dir='ltr'><strong>solus</strong></span> <span class='ocrx_word' id='word_1_130' title='bbox 1038 1997 1251 2052; x_wconf 90' lang='lat' dir='ltr'><strong>hauries</strong></span> <span class='ocrx_word' id='word_1_131' title='bbox 1270 1992 1430 2048; x_wconf 87' lang='lat' dir='ltr'><strong>mala.</strong></span> <span class='ocrx_word' id='word_1_132' title='bbox 1455 1988 1583 2059; x_wconf 88' lang='lat' dir='ltr'><strong>Cap.</strong></span> <span class='ocrx_word' id='word_1_133' title='bbox 1616 2002 1670 2041; x_wconf 79' lang='lat' dir='ltr'><strong>ix</strong></span> <span class='ocrx_word' id='word_1_134' title='bbox 1695 1985 1761 2053; x_wconf 61' lang='lat'><strong>,7</strong></span> <span class='ocrx_word' id='word_1_135' title='bbox 1790 1982 1877 2049; x_wconf 69' lang='grc'><strong>12,</strong></span> 
     </span>
    </p>
   </div>
   <div class='ocr_carea' id='block_1_19' title="bbox 354 2096 757 2169">
    <p class='ocr_par' dir='ltr' id='par_1_19' title="bbox 354 2096 757 2169">
     <span class='ocr_line' id='line_1_19' title="bbox 354 2096 757 2169; baseline -0.025 -11"><span class='ocrx_word' id='word_1_136' title='bbox 354 2121 459 2158; x_wconf 85' lang='lat' dir='ltr'><strong>sec.</strong></span> <span class='ocrx_word' id='word_1_137' title='bbox 486 2101 627 2156; x_wconf 77' lang='lat' dir='ltr'><strong>Lxx</strong></span> <span class='ocrx_word' id='word_1_138' title='bbox 658 2096 757 2169; x_wconf 87' lang='lat' dir='ltr'><strong>(b).</strong></span> 
     </span>
    </p>
   </div>
   <div class='ocr_carea' id='block_1_20' title="bbox 363 2216 1875 2301">
    <p class='ocr_par' dir='ltr' id='par_1_20' title="bbox 363 2216 1875 2301">
     <span class='ocr_line' id='line_1_20' title="bbox 363 2216 1875 2301; baseline -0.018 -8"><span class='ocrx_word' id='word_1_139' title='bbox 363 2241 418 2293; x_wconf 81' lang='grc' dir='ltr'>ι.</span> <span class='ocrx_word' id='word_1_140' title='bbox 452 2236 639 2291; x_wconf 85' lang='lat' dir='ltr'><strong>Divina</strong></span> <span class='ocrx_word' id='word_1_141' title='bbox 683 2231 890 2301; x_wconf 68' lang='lat' dir='ltr'><strong>eloquia</strong></span> <span class='ocrx_word' id='word_1_142' title='bbox 934 2227 979 2282; x_wconf 87' lang='lat' dir='ltr'><strong>si</strong></span> <span class='ocrx_word' id='word_1_143' title='bbox 1026 2241 1129 2280; x_wconf 90' lang='lat' dir='ltr'><strong>non</strong></span> <span class='ocrx_word' id='word_1_144' title='bbox 1180 2222 1509 2293; x_wconf 77' lang='lat' dir='ltr'><strong>negligenter</strong></span> <span class='ocrx_word' id='word_1_145' title='bbox 1555 2216 1875 2279; x_wconf 85' lang='lat' dir='ltr'><strong>audiantur,</strong></span> 
     </span>
    </p>
   </div>
   <div class='ocr_carea' id='block_1_21' title="bbox 284 2308 1875 2387">
    <p class='ocr_par' dir='ltr' id='par_1_21' title="bbox 284 2308 1875 2387">
     <span class='ocr_line' id='line_1_21' title="bbox 284 2308 1875 2387; baseline -0.018 0"><span class='ocrx_word' id='word_1_146' title='bbox 284 2348 400 2387; x_wconf 87' lang='lat' dir='ltr'><strong>non</strong></span> <span class='ocrx_word' id='word_1_147' title='bbox 430 2326 700 2383; x_wconf 88' lang='lat' dir='ltr'><strong>immerito</strong></span> <span class='ocrx_word' id='word_1_148' title='bbox 756 2321 973 2377; x_wconf 75' lang='lat' dir='ltr'><strong>forsitan</strong></span> <span class='ocrx_word' id='word_1_149' title='bbox 1015 2324 1223 2372; x_wconf 89' lang='lat' dir='ltr'><strong>moveat</strong></span> <span class='ocrx_word' id='word_1_150' title='bbox 1266 2312 1393 2367; x_wconf 90' lang='lat' dir='ltr'><strong>illud</strong></span> <span class='ocrx_word' id='word_1_151' title='bbox 1441 2309 1581 2381; x_wconf 88' lang='lat' dir='ltr'><strong>quod</strong></span> <span class='ocrx_word' id='word_1_152' title='bbox 1620 2308 1875 2377; x_wconf 89' lang='lat' dir='ltr'><strong>scriptum</strong></span> 
     </span>
    </p>
   </div>
   <div class='ocr_carea' id='block_1_22' title="bbox 282 2397 1875 2486">
    <p class='ocr_par' dir='ltr' id='par_1_22' title="bbox 282 2397 1875 2486">
     <span class='ocr_line' id='line_1_22' title="bbox 282 2397 1875 2486; baseline -0.018 -9"><span class='ocrx_word' id='word_1_153' title='bbox 282 2433 371 2477; x_wconf 84' lang='lat' dir='ltr'><strong>est</strong></span> <span class='ocrx_word' id='word_1_154' title='bbox 398 2463 412 2486; x_wconf 91' lang='lat'><strong>,</strong></span> <span class='ocrx_word' id='word_1_155' title='bbox 446 2417 552 2472; x_wconf 77' lang='lat' dir='ltr'><strong>Fili</strong></span> <span class='ocrx_word' id='word_1_156' title='bbox 574 2459 587 2482; x_wconf 92' lang='lat'><strong>,</strong></span> <span class='ocrx_word' id='word_1_157' title='bbox 618 2416 662 2469; x_wconf 90' lang='lat' dir='ltr'><strong>si</strong></span> <span class='ocrx_word' id='word_1_158' title='bbox 683 2414 882 2481; x_wconf 84' lang='lat' dir='ltr'><strong>sapiens</strong></span> <span class='ocrx_word' id='word_1_159' title='bbox 909 2408 1065 2482; x_wconf 79' lang='lat' dir='ltr'><strong>fueris</strong></span> <span class='ocrx_word' id='word_1_160' title='bbox 1084 2450 1098 2472; x_wconf 90' lang='lat'><strong>,</strong></span> <span class='ocrx_word' id='word_1_161' title='bbox 1127 2405 1215 2459; x_wconf 97' lang='lat' dir='ltr'><strong>tibi</strong></span> <span class='ocrx_word' id='word_1_162' title='bbox 1244 2404 1445 2475; x_wconf 80' lang='lat' dir='ltr'><strong>sapiens</strong></span> <span class='ocrx_word' id='word_1_163' title='bbox 1472 2403 1568 2455; x_wconf 86' lang='lat' dir='ltr'><strong>eris</strong></span> <span class='ocrx_word' id='word_1_164' title='bbox 1594 2442 1609 2465; x_wconf 89' lang='lat'><strong>,</strong></span> <span class='ocrx_word' id='word_1_165' title='bbox 1633 2409 1678 2453; x_wconf 89' lang='lat' dir='ltr'><strong>et</strong></span> <span class='ocrx_word' id='word_1_166' title='bbox 1699 2397 1875 2468; x_wconf 72' lang='lat' dir='ltr'><strong>proxi-</strong></span> 
     </span>
    </p>
   </div>
   <div class='ocr_carea' id='block_1_23' title="bbox 284 2486 1877 2571">
    <p class='ocr_par' dir='ltr' id='par_1_23' title="bbox 284 2486 1877 2571">
     <span class='ocr_line' id='line_1_23' title="bbox 284 2486 1877 2571; baseline -0.017 -6"><span class='ocrx_word' id='word_1_167' title='bbox 284 2513 385 2565; x_wconf 87' lang='lat' dir='ltr'><strong>mis</strong></span> <span class='ocrx_word' id='word_1_168' title='bbox 413 2509 512 2562; x_wconf 85' lang='lat' dir='ltr'><strong>tuis</strong></span> <span class='ocrx_word' id='word_1_169' title='bbox 537 2523 557 2571; x_wconf 89' lang='grc'><em>;</em></span> <span class='ocrx_word' id='word_1_170' title='bbox 586 2507 629 2559; x_wconf 87' lang='lat' dir='ltr'><strong>si</strong></span> <span class='ocrx_word' id='word_1_171' title='bbox 657 2513 821 2556; x_wconf 88' lang='lat' dir='ltr'><strong>autem</strong></span> <span class='ocrx_word' id='word_1_172' title='bbox 851 2500 1014 2553; x_wconf 87' lang='lat' dir='ltr'><strong>malus</strong></span> <span class='ocrx_word' id='word_1_173' title='bbox 1045 2496 1258 2550; x_wconf 79' lang='lat' dir='ltr'><strong>evaseris</strong></span> <span class='ocrx_word' id='word_1_174' title='bbox 1279 2535 1293 2558; x_wconf 92' lang='lat'><strong>,</strong></span> <span class='ocrx_word' id='word_1_175' title='bbox 1327 2492 1462 2547; x_wconf 88' lang='lat' dir='ltr'><strong>solus</strong></span> <span class='ocrx_word' id='word_1_176' title='bbox 1492 2489 1695 2542; x_wconf 85' lang='lat' dir='ltr'><strong>lmuries</strong></span> <span class='ocrx_word' id='word_1_177' title='bbox 1723 2486 1877 2540; x_wconf 90' lang='lat' dir='ltr'><strong>mala.</strong></span> 
     </span>
    </p>
   </div>
   <div class='ocr_carea' id='block_1_24' title="bbox 284 2576 1883 2669">
    <p class='ocr_par' dir='ltr' id='par_1_24' title="bbox 284 2576 1883 2669">
     <span class='ocr_line' id='line_1_24' title="bbox 284 2576 1883 2669; baseline -0.018 -13"><span class='ocrx_word' id='word_1_178' title='bbox 284 2597 572 2669; x_wconf 80' lang='lat' dir='ltr'><strong>Quomodo</strong></span> <span class='ocrx_word' id='word_1_179' title='bbox 603 2596 702 2649; x_wconf 86' lang='lat' dir='ltr'><strong>hoc</strong></span> <span class='ocrx_word' id='word_1_180' title='bbox 731 2593 871 2647; x_wconf 89' lang='lat' dir='ltr'><strong>enim</strong></span> <span class='ocrx_word' id='word_1_181' title='bbox 919 2597 1063 2643; x_wconf 88' lang='lat' dir='ltr'><strong>recte</strong></span> <span class='ocrx_word' id='word_1_182' title='bbox 1104 2586 1269 2655; x_wconf 88' lang='lat' dir='ltr'><strong>possit</strong></span> <span class='ocrx_word' id='word_1_183' title='bbox 1315 2581 1583 2650; x_wconf 82' lang='lat' dir='ltr'><strong>intelligi?</strong></span> <span class='ocrx_word' id='word_1_184' title='bbox 1633 2576 1883 2646; x_wconf 85' lang='lat' dir='ltr'><strong>Quando-</strong></span> 
     </span>
    </p>
   </div>
   <div class='ocr_carea' id='block_1_25' title="bbox 288 2671 1881 2765">
    <p class='ocr_par' dir='ltr' id='par_1_25' title="bbox 288 2671 1881 2765">
     <span class='ocr_line' id='line_1_25' title="bbox 288 2671 1881 2765; baseline -0.016 -18"><span class='ocrx_word' id='word_1_185' title='bbox 288 2694 508 2765; x_wconf 79' lang='lat' dir='ltr'><strong>quidem</strong></span> <span class='ocrx_word' id='word_1_186' title='bbox 558 2690 696 2744; x_wconf 87' lang='lat' dir='ltr'><strong>sicut</strong></span> <span class='ocrx_word' id='word_1_187' title='bbox 741 2700 839 2740; x_wconf 88' lang='lat' dir='ltr'><strong>nos</strong></span> <span class='ocrx_word' id='word_1_188' title='bbox 885 2684 1022 2736; x_wconf 88' lang='lat' dir='ltr'><strong>bona</strong></span> <span class='ocrx_word' id='word_1_189' title='bbox 1073 2678 1297 2751; x_wconf 80' lang='lat' dir='ltr'><strong>proximi</strong></span> <span class='ocrx_word' id='word_1_190' title='bbox 1354 2674 1586 2730; x_wconf 75' lang='lat' dir='ltr'><strong>laetiﬁcat</strong></span> <span class='ocrx_word' id='word_1_191' title='bbox 1628 2672 1771 2738; x_wconf 90' lang='lat' dir='ltr'><strong>vita,</strong></span> <span class='ocrx_word' id='word_1_192' title='bbox 1813 2671 1881 2723; x_wconf 90' lang='lat' dir='ltr'><strong>ita</strong></span> 
     </span>
    </p>
   </div>
   <div class='ocr_carea' id='block_1_26' title="bbox 292 2761 1883 2853">
    <p class='ocr_par' dir='ltr' id='par_1_26' title="bbox 292 2761 1883 2853">
     <span class='ocr_line' id='line_1_26' title="bbox 292 2761 1883 2853; baseline -0.017 -13"><span class='ocrx_word' id='word_1_193' title='bbox 292 2761 453 2841; x_wconf 79' lang='lat' dir='ltr'><strong>etiam</strong></span> <span class='ocrx_word' id='word_1_194' title='bbox 483 2794 732 2853; x_wconf 85' lang='lat' dir='ltr'><strong>perversa</strong></span> <span class='ocrx_word' id='word_1_195' title='bbox 764 2774 1063 2831; x_wconf 84' lang='lat' dir='ltr'><strong>contristat.</strong></span> <span class='ocrx_word' id='word_1_196' title='bbox 1092 2773 1198 2824; x_wconf 85' lang='lat' dir='ltr'><strong>Aut</strong></span> <span class='ocrx_word' id='word_1_197' title='bbox 1223 2768 1266 2821; x_wconf 90' lang='lat' dir='ltr'><strong>si</strong></span> <span class='ocrx_word' id='word_1_198' title='bbox 1299 2767 1399 2820; x_wconf 91' lang='lat' dir='ltr'><strong>hoc</strong></span> <span class='ocrx_word' id='word_1_199' title='bbox 1440 2773 1653 2835; x_wconf 89' lang='lat' dir='ltr'><strong>propter</strong></span> <span class='ocrx_word' id='word_1_200' title='bbox 1681 2761 1883 2817; x_wconf 83' lang='lat' dir='ltr'><strong>suasio—</strong></span> 
     </span>
    </p>
   </div>
   <div class='ocr_carea' id='block_1_27' title="bbox 290 2857 1886 2941">
    <p class='ocr_par' dir='ltr' id='par_1_27' title="bbox 290 2857 1886 2941">
     <span class='ocr_line' id='line_1_27' title="bbox 290 2857 1886 2941; baseline -0.015 -9"><span class='ocrx_word' id='word_1_201' title='bbox 290 2894 415 2932; x_wconf 86' lang='lat' dir='ltr'><strong>nem</strong></span> <span class='ocrx_word' id='word_1_202' title='bbox 444 2876 646 2929; x_wconf 91' lang='lat' dir='ltr'><strong>dictum</strong></span> <span class='ocrx_word' id='word_1_203' title='bbox 678 2880 890 2941; x_wconf 81' lang='lat' dir='ltr'><strong>putatur</strong></span> <span class='ocrx_word' id='word_1_204' title='bbox 912 2908 928 2931; x_wconf 91' lang='lat'><strong>,</strong></span> <span class='ocrx_word' id='word_1_205' title='bbox 960 2864 1079 2936; x_wconf 85' lang='lat' dir='ltr'><strong>quia</strong></span> <span class='ocrx_word' id='word_1_206' title='bbox 1109 2862 1320 2933; x_wconf 87' lang='lat' dir='ltr'><strong>sapiens</strong></span> <span class='ocrx_word' id='word_1_207' title='bbox 1358 2870 1414 2914; x_wconf 90' lang='lat' dir='ltr'><strong>et</strong></span> <span class='ocrx_word' id='word_1_208' title='bbox 1456 2858 1555 2912; x_wconf 89' lang='lat' dir='ltr'><strong>sibi</strong></span> <span class='ocrx_word' id='word_1_209' title='bbox 1603 2864 1685 2912; x_wconf 90' lang='lat' dir='ltr'><strong>est</strong></span> <span class='ocrx_word' id='word_1_210' title='bbox 1711 2857 1731 2885; x_wconf 87' lang='grc'><strong><em>²</em></strong></span> <span class='ocrx_word' id='word_1_211' title='bbox 1753 2895 1770 2920; x_wconf 90' lang='grc'><strong><em>,</em></strong></span> <span class='ocrx_word' id='word_1_212' title='bbox 1829 2861 1886 2909; x_wconf 88' lang='lat' dir='ltr'><strong>et</strong></span> 
     </span>
    </p>
   </div>
   <div class='ocr_carea' id='block_1_28' title="bbox 292 2947 1887 3037">
    <p class='ocr_par' dir='ltr' id='par_1_28' title="bbox 292 2947 1887 3037">
     <span class='ocr_line' id='line_1_28' title="bbox 292 2947 1887 3037; baseline -0.014 -14"><span class='ocrx_word' id='word_1_213' title='bbox 292 2970 374 3023; x_wconf 84' lang='lat' dir='ltr'><strong>eis</strong></span> <span class='ocrx_word' id='word_1_214' title='bbox 394 2967 587 3037; x_wconf 88' lang='lat' dir='ltr'><strong>quibus</strong></span> <span class='ocrx_word' id='word_1_215' title='bbox 614 2960 897 3033; x_wconf 82' lang='lat' dir='ltr'><strong>persuadet</strong></span> <span class='ocrx_word' id='word_1_216' title='bbox 923 2956 1238 3026; x_wconf 73' lang='lat' dir='ltr'><strong>sapientiam</strong></span> <span class='ocrx_word' id='word_1_217' title='bbox 1262 2970 1276 3018; x_wconf 88' lang='lat'><strong>;</strong></span> <span class='ocrx_word' id='word_1_218' title='bbox 1320 2967 1427 3022; x_wconf 91' lang='lat' dir='ltr'><strong>quo</strong></span> <span class='ocrx_word' id='word_1_219' title='bbox 1457 2957 1612 3019; x_wconf 86' lang='lat' dir='ltr'><strong>pacto</strong></span> <span class='ocrx_word' id='word_1_220' title='bbox 1642 2948 1685 3003; x_wconf 92' lang='lat' dir='ltr'><strong>si</strong></span> <span class='ocrx_word' id='word_1_221' title='bbox 1714 2947 1887 3001; x_wconf 86' lang='lat' dir='ltr'><strong>malus</strong></span> 
     </span>
    </p>
   </div>
   <div class='ocr_carea' id='block_1_29' title="bbox 293 3041 1886 3121">
    <p class='ocr_par' dir='ltr' id='par_1_29' title="bbox 293 3041 1886 3121">
     <span class='ocr_line' id='line_1_29' title="bbox 293 3041 1886 3121; baseline -0.013 -8"><span class='ocrx_word' id='word_1_222' title='bbox 293 3058 527 3113; x_wconf 88' lang='lat' dir='ltr'><strong>evaserit</strong></span> <span class='ocrx_word' id='word_1_223' title='bbox 549 3098 564 3121; x_wconf 85' lang='lat'><strong>,</strong></span> <span class='ocrx_word' id='word_1_224' title='bbox 612 3054 758 3108; x_wconf 92' lang='lat' dir='ltr'><strong>solus</strong></span> <span class='ocrx_word' id='word_1_225' title='bbox 803 3050 1011 3104; x_wconf 87' lang='lat' dir='ltr'><strong>hauriet</strong></span> <span class='ocrx_word' id='word_1_226' title='bbox 1034 3047 1166 3101; x_wconf 88' lang='lat' dir='ltr'><strong>mala</strong></span> <span class='ocrx_word' id='word_1_227' title='bbox 1190 3086 1203 3111; x_wconf 95' lang='lat'><strong>,</strong></span> <span class='ocrx_word' id='word_1_228' title='bbox 1221 3060 1342 3098; x_wconf 90' lang='lat' dir='ltr'><strong>cum</strong></span> <span class='ocrx_word' id='word_1_229' title='bbox 1367 3041 1432 3096; x_wconf 91' lang='lat' dir='ltr'><strong>de</strong></span> <span class='ocrx_word' id='word_1_230' title='bbox 1460 3041 1639 3095; x_wconf 86' lang='lat' dir='ltr'><strong>talium</strong></span> <span class='ocrx_word' id='word_1_231' title='bbox 1670 3052 1886 3108; x_wconf 85' lang='lat' dir='ltr'><strong>persua-</strong></span> 
     </span>
    </p>
   </div>
   <div class='ocr_carea' id='block_1_30' title="bbox 293 3131 1889 3208">
    <p class='ocr_par' dir='ltr' id='par_1_30' title="bbox 293 3131 1889 3208">
     <span class='ocr_line' id='line_1_30' title="bbox 293 3131 1889 3208; baseline -0.01 -6"><span class='ocrx_word' id='word_1_232' title='bbox 293 3146 536 3203; x_wconf 89' lang='lat' dir='ltr'><strong>sionibus</strong></span> <span class='ocrx_word' id='word_1_233' title='bbox 557 3146 753 3201; x_wconf 90' lang='lat' dir='ltr'><strong>dictum</strong></span> <span class='ocrx_word' id='word_1_234' title='bbox 775 3143 878 3207; x_wconf 86' lang='lat' dir='ltr'><strong>sit,</strong></span> <span class='ocrx_word' id='word_1_235' title='bbox 906 3141 1249 3208; x_wconf 85' lang='lat' dir='ltr'><strong>Corrumpunt</strong></span> <span class='ocrx_word' id='word_1_236' title='bbox 1274 3152 1436 3189; x_wconf 87' lang='lat' dir='ltr'><strong>mores</strong></span> <span class='ocrx_word' id='word_1_237' title='bbox 1458 3134 1609 3188; x_wconf 87' lang='lat' dir='ltr'><strong>bonos</strong></span> <span class='ocrx_word' id='word_1_238' title='bbox 1634 3131 1889 3201; x_wconf 84' lang='lat' dir='ltr'><strong>colloquia</strong></span> 
     </span>
    </p>
   </div>
   <div class='ocr_carea' id='block_1_31' title="bbox 296 3222 1887 3311">
    <p class='ocr_par' dir='ltr' id='par_1_31' title="bbox 296 3222 1887 3311">
     <span class='ocr_line' id='line_1_31' title="bbox 296 3222 1887 3311; baseline -0.009 -18"><span class='ocrx_word' id='word_1_239' title='bbox 296 3241 432 3293; x_wconf 84' lang='lat' dir='ltr'><strong>mata</strong></span> <span class='ocrx_word' id='word_1_240' title='bbox 455 3239 497 3311; x_wconf 89' lang='grc' dir='ltr'><strong>(Ι</strong></span> <span class='ocrx_word' id='word_1_241' title='bbox 522 3238 641 3292; x_wconf 90' lang='lat' dir='ltr'><strong>Cor.</strong></span> <span class='ocrx_word' id='word_1_242' title='bbox 676 3252 766 3299; x_wconf 81' lang='lat' dir='ltr'><strong>xv,</strong></span> <span class='ocrx_word' id='word_1_243' title='bbox 796 3231 933 3304; x_wconf 76' lang='lat'><strong>3&#39;5)?</strong></span> <span class='ocrx_word' id='word_1_244' title='bbox 958 3230 1095 3298; x_wconf 81' lang='lat' dir='ltr'><strong>Quid</strong></span> <span class='ocrx_word' id='word_1_245' title='bbox 1121 3230 1261 3284; x_wconf 91' lang='lat' dir='ltr'><strong>enim</strong></span> <span class='ocrx_word' id='word_1_246' title='bbox 1289 3226 1427 3280; x_wconf 90' lang='lat' dir='ltr'><strong>aliud</strong></span> <span class='ocrx_word' id='word_1_247' title='bbox 1449 3226 1641 3279; x_wconf 89' lang='lat' dir='ltr'><strong>clamat</strong></span> <span class='ocrx_word' id='word_1_248' title='bbox 1670 3240 1770 3277; x_wconf 89' lang='lat' dir='ltr'><strong>vox</strong></span> <span class='ocrx_word' id='word_1_249' title='bbox 1799 3222 1887 3278; x_wconf 86' lang='lat' dir='ltr'><strong>illa</strong></span> 
     </span>
    </p>
   </div>
   <div class='ocr_carea' id='block_1_32' title="bbox 296 3317 1887 3395">
    <p class='ocr_par' dir='ltr' id='par_1_32' title="bbox 296 3317 1887 3395">
     <span class='ocr_line' id='line_1_32' title="bbox 296 3317 1887 3395; baseline -0.011 -11"><span class='ocrx_word' id='word_1_250' title='bbox 296 3328 571 3384; x_wconf 88' lang='lat' dir='ltr'><strong>charitatis</strong></span> <span class='ocrx_word' id='word_1_251' title='bbox 605 3340 618 3380; x_wconf 89' lang='lat'>:</span> <span class='ocrx_word' id='word_1_252' title='bbox 652 3326 713 3381; x_wconf 87' lang='lat' dir='ltr'><strong>Si</strong></span> <span class='ocrx_word' id='word_1_253' title='bbox 749 3325 1063 3395; x_wconf 81' lang='lat' dir='ltr'><strong>gloriﬁcatur</strong></span> <span class='ocrx_word' id='word_1_254' title='bbox 1109 3337 1265 3373; x_wconf 88' lang='lat' dir='ltr'><strong>unum</strong></span> <span class='ocrx_word' id='word_1_255' title='bbox 1310 3317 1616 3380; x_wconf 80' lang='lat' dir='ltr'><strong>membrum,</strong></span> <span class='ocrx_word' id='word_1_256' title='bbox 1664 3330 1887 3385; x_wconf 83' lang='lat' dir='ltr'><strong>congau-</strong></span> 
     </span>
    </p>
   </div>
   <div class='ocr_carea' id='block_1_33' title="bbox 296 3406 1883 3481">
    <p class='ocr_par' dir='ltr' id='par_1_33' title="bbox 296 3406 1883 3481">
     <span class='ocr_line' id='line_1_33' title="bbox 296 3406 1883 3481; baseline -0.01 -8"><span class='ocrx_word' id='word_1_257' title='bbox 296 3421 417 3473; x_wconf 79' lang='lat' dir='ltr'><strong>dent</strong></span> <span class='ocrx_word' id='word_1_258' title='bbox 449 3419 623 3472; x_wconf 87' lang='lat' dir='ltr'><strong>omnia</strong></span> <span class='ocrx_word' id='word_1_259' title='bbox 662 3414 924 3478; x_wconf 87' lang='lat' dir='ltr'><strong>membra;</strong></span> <span class='ocrx_word' id='word_1_260' title='bbox 972 3423 1017 3467; x_wconf 90' lang='lat' dir='ltr'><strong>et</strong></span> <span class='ocrx_word' id='word_1_261' title='bbox 1060 3412 1106 3465; x_wconf 88' lang='lat' dir='ltr'><strong>si</strong></span> <span class='ocrx_word' id='word_1_262' title='bbox 1148 3411 1336 3481; x_wconf 87' lang='lat' dir='ltr'><strong>patitur</strong></span> <span class='ocrx_word' id='word_1_263' title='bbox 1378 3424 1533 3461; x_wconf 89' lang='lat' dir='ltr'><strong>unum</strong></span> <span class='ocrx_word' id='word_1_264' title='bbox 1566 3406 1841 3459; x_wconf 88' lang='lat' dir='ltr'><strong>membrum</strong></span> <span class='ocrx_word' id='word_1_265' title='bbox 1868 3446 1883 3471; x_wconf 92' lang='lat'><strong>,</strong></span> 
     </span>
    </p>
   </div>
   <div class='ocr_carea' id='block_1_34' title="bbox 296 3496 1888 3579">
    <p class='ocr_par' dir='ltr' id='par_1_34' title="bbox 296 3496 1888 3579">
     <span class='ocr_line' id='line_1_34' title="bbox 296 3496 1888 3579; baseline -0.009 -13"><span class='ocrx_word' id='word_1_266' title='bbox 296 3511 673 3579; x_wconf 83' lang='lat' dir='ltr'><strong>compatiuntur</strong></span> <span class='ocrx_word' id='word_1_267' title='bbox 698 3508 866 3563; x_wconf 85' lang='lat' dir='ltr'><strong>omnia</strong></span> <span class='ocrx_word' id='word_1_268' title='bbox 899 3504 1117 3558; x_wconf 88' lang='lat' dir='ltr'><strong>membra</strong></span> <span class='ocrx_word' id='word_1_269' title='bbox 1144 3502 1250 3574; x_wconf 90' lang='lat' dir='ltr'><strong>(Id.</strong></span> <span class='ocrx_word' id='word_1_270' title='bbox 1282 3517 1356 3555; x_wconf 89' lang='lat' dir='ltr'><strong>xtl</strong></span> <span class='ocrx_word' id='word_1_271' title='bbox 1381 3542 1396 3568; x_wconf 92' lang='lat'><strong>,</strong></span> <span class='ocrx_word' id='word_1_272' title='bbox 1444 3498 1579 3570; x_wconf 69' lang='lat'><strong>26)?</strong></span> <span class='ocrx_word' id='word_1_273' title='bbox 1609 3496 1888 3567; x_wconf 86' lang='lat' dir='ltr'><strong>Quomodo</strong></span> 
     </span>
    </p>
   </div>
   <div class='ocr_carea' id='block_1_35' title="bbox 297 3590 1889 3673">
    <p class='ocr_par' dir='ltr' id='par_1_35' title="bbox 297 3590 1889 3673">
     <span class='ocr_line' id='line_1_35' title="bbox 297 3590 1889 3673; baseline -0.008 -16"><span class='ocrx_word' id='word_1_274' title='bbox 297 3620 427 3673; x_wconf 90' lang='lat' dir='ltr'><strong>ergo</strong></span> <span class='ocrx_word' id='word_1_275' title='bbox 456 3618 644 3658; x_wconf 86' lang='lat' dir='ltr'><strong>verum</strong></span> <span class='ocrx_word' id='word_1_276' title='bbox 665 3610 747 3655; x_wconf 89' lang='lat' dir='ltr'><strong>est</strong></span> <span class='ocrx_word' id='word_1_277' title='bbox 768 3642 782 3665; x_wconf 92' lang='lat'><strong>,</strong></span> <span class='ocrx_word' id='word_1_278' title='bbox 843 3598 947 3653; x_wconf 84' lang='lat' dir='ltr'><strong>Fili</strong></span> <span class='ocrx_word' id='word_1_279' title='bbox 972 3638 988 3664; x_wconf 91' lang='lat'><strong>,</strong></span> <span class='ocrx_word' id='word_1_280' title='bbox 1039 3598 1083 3651; x_wconf 89' lang='lat' dir='ltr'><strong>si</strong></span> <span class='ocrx_word' id='word_1_281' title='bbox 1112 3596 1312 3665; x_wconf 86' lang='lat' dir='ltr'><strong>sapiens</strong></span> <span class='ocrx_word' id='word_1_282' title='bbox 1332 3592 1488 3664; x_wconf 79' lang='lat' dir='ltr'><strong>fueris</strong></span> <span class='ocrx_word' id='word_1_283' title='bbox 1509 3634 1521 3658; x_wconf 88' lang='lat'><strong>,</strong></span> <span class='ocrx_word' id='word_1_284' title='bbox 1551 3591 1640 3645; x_wconf 83' lang='lat' dir='ltr'><strong>tibi</strong></span> <span class='ocrx_word' id='word_1_285' title='bbox 1690 3590 1889 3659; x_wconf 82' lang='lat' dir='ltr'><strong>sapiens</strong></span> 
     </span>
    </p>
   </div>
   <div class='ocr_carea' id='block_1_36' title="bbox 299 3681 1890 3763">
    <p class='ocr_par' dir='ltr' id='par_1_36' title="bbox 299 3681 1890 3763">
     <span class='ocr_line' id='line_1_36' title="bbox 299 3681 1890 3763; baseline -0.01 -14"><span class='ocrx_word' id='word_1_286' title='bbox 299 3696 398 3749; x_wconf 85' lang='lat' dir='ltr'><strong>eris</strong></span> <span class='ocrx_word' id='word_1_287' title='bbox 423 3738 437 3762; x_wconf 88' lang='lat'><strong>,</strong></span> <span class='ocrx_word' id='word_1_288' title='bbox 462 3702 511 3750; x_wconf 85' lang='lat' dir='ltr'><strong>et</strong></span> <span class='ocrx_word' id='word_1_289' title='bbox 534 3693 777 3763; x_wconf 76' lang='lat' dir='ltr'><strong>proximis</strong></span> <span class='ocrx_word' id='word_1_290' title='bbox 808 3691 940 3755; x_wconf 86' lang='lat' dir='ltr'><strong>tuis;</strong></span> <span class='ocrx_word' id='word_1_291' title='bbox 986 3689 1028 3743; x_wconf 88' lang='lat' dir='ltr'><strong>si</strong></span> <span class='ocrx_word' id='word_1_292' title='bbox 1053 3697 1218 3741; x_wconf 90' lang='lat' dir='ltr'><strong>autem</strong></span> <span class='ocrx_word' id='word_1_293' title='bbox 1261 3686 1425 3739; x_wconf 87' lang='lat' dir='ltr'><strong>malus</strong></span> <span class='ocrx_word' id='word_1_294' title='bbox 1472 3684 1686 3739; x_wconf 83' lang='lat' dir='ltr'><strong>evaseris</strong></span> <span class='ocrx_word' id='word_1_295' title='bbox 1709 3725 1723 3748; x_wconf 92' lang='lat'><strong>,</strong></span> <span class='ocrx_word' id='word_1_296' title='bbox 1753 3681 1890 3737; x_wconf 87' lang='lat' dir='ltr'><strong>solus</strong></span> 
     </span>
    </p>
   </div>
   <div class='ocr_carea' id='block_1_37' title="bbox 300 3772 1892 3852">
    <p class='ocr_par' dir='ltr' id='par_1_37' title="bbox 300 3772 1892 3852">
     <span class='ocr_line' id='line_1_37' title="bbox 300 3772 1892 3852; baseline -0.008 -11"><span class='ocrx_word' id='word_1_297' title='bbox 300 3790 503 3841; x_wconf 81' lang='lat' dir='ltr'><strong>lmuries</strong></span> <span class='ocrx_word' id='word_1_298' title='bbox 550 3786 687 3839; x_wconf 90' lang='lat' dir='ltr'><strong>mala</strong></span> <span class='ocrx_word' id='word_1_299' title='bbox 709 3786 733 3839; x_wconf 89' lang='lat'><strong><em>?</em></strong></span> <span class='ocrx_word' id='word_1_300' title='bbox 759 3781 1036 3852; x_wconf 85' lang='lat' dir='ltr'><strong>Quomodo</strong></span> <span class='ocrx_word' id='word_1_301' title='bbox 1076 3780 1192 3849; x_wconf 83' lang='lat' dir='ltr'><strong>ejus</strong></span> <span class='ocrx_word' id='word_1_302' title='bbox 1222 3779 1361 3833; x_wconf 89' lang='lat' dir='ltr'><strong>bono</strong></span> <span class='ocrx_word' id='word_1_303' title='bbox 1408 3776 1648 3848; x_wconf 80' lang='lat' dir='ltr'><strong>gaudebo</strong></span> <span class='ocrx_word' id='word_1_304' title='bbox 1673 3816 1689 3840; x_wconf 91' lang='lat'><strong>,</strong></span> <span class='ocrx_word' id='word_1_305' title='bbox 1740 3772 1892 3844; x_wconf 84' lang='lat' dir='ltr'><strong>cujus</strong></span> 
     </span>
    </p>
   </div>
   <div class='ocr_carea' id='block_1_38' title="bbox 302 3864 1892 3936">
    <p class='ocr_par' dir='ltr' id='par_1_38' title="bbox 302 3864 1892 3936">
     <span class='ocr_line' id='line_1_38' title="bbox 302 3864 1892 3936; baseline -0.011 -3"><span class='ocrx_word' id='word_1_306' title='bbox 302 3879 441 3932; x_wconf 89' lang='lat' dir='ltr'><strong>malo</strong></span> <span class='ocrx_word' id='word_1_307' title='bbox 466 3878 520 3932; x_wconf 92' lang='lat' dir='ltr'><strong>in</strong></span> <span class='ocrx_word' id='word_1_308' title='bbox 552 3892 638 3930; x_wconf 91' lang='lat' dir='ltr'><strong>me</strong></span> <span class='ocrx_word' id='word_1_309' title='bbox 668 3875 835 3929; x_wconf 90' lang='lat' dir='ltr'><strong>malus</strong></span> <span class='ocrx_word' id='word_1_310' title='bbox 862 3888 966 3926; x_wconf 91' lang='lat' dir='ltr'><strong>non</strong></span> <span class='ocrx_word' id='word_1_311' title='bbox 993 3886 1085 3924; x_wconf 88' lang='lat' dir='ltr'><strong>ero</strong></span> <span class='ocrx_word' id='word_1_312' title='bbox 1113 3868 1175 3922; x_wconf 70' lang='lat'><strong>3?</strong></span> <span class='ocrx_word' id='word_1_313' title='bbox 1228 3867 1503 3936; x_wconf 85' lang='lat' dir='ltr'><strong>Quomodo</strong></span> <span class='ocrx_word' id='word_1_314' title='bbox 1551 3880 1635 3919; x_wconf 89' lang='lat' dir='ltr'><strong>me</strong></span> <span class='ocrx_word' id='word_1_315' title='bbox 1663 3864 1892 3918; x_wconf 88' lang='lat' dir='ltr'><strong>delectat</strong></span> 
     </span>
    </p>
   </div>
   <div class='ocr_carea' id='block_1_39' title="bbox 301 3954 1891 4037">
    <p class='ocr_par' dir='ltr' id='par_1_39' title="bbox 301 3954 1891 4037">
     <span class='ocr_line' id='line_1_39' title="bbox 301 3954 1891 4037; baseline -0.011 -12"><span class='ocrx_word' id='word_1_316' title='bbox 301 3973 599 4036; x_wconf 73' lang='lat' dir='ltr'><strong>inventus,</strong></span> <span class='ocrx_word' id='word_1_317' title='bbox 652 3967 741 4037; x_wconf 87' lang='lat' dir='ltr'><strong>qui</strong></span> <span class='ocrx_word' id='word_1_318' title='bbox 789 3980 876 4020; x_wconf 89' lang='lat' dir='ltr'><strong>me</strong></span> <span class='ocrx_word' id='word_1_319' title='bbox 944 3978 1132 4018; x_wconf 88' lang='lat' dir='ltr'><strong>securo</strong></span> <span class='ocrx_word' id='word_1_320' title='bbox 1180 3961 1373 4030; x_wconf 89' lang='lat' dir='ltr'><strong>poterit</strong></span> <span class='ocrx_word' id='word_1_321' title='bbox 1441 3973 1561 4013; x_wconf 88' lang='lat' dir='ltr'><strong>esse</strong></span> <span class='ocrx_word' id='word_1_322' title='bbox 1617 3954 1891 4026; x_wconf 83' lang='lat' dir='ltr'><strong>perditus?</strong></span> 
     </span>
    </p>
   </div>
   <div class='ocr_carea' id='block_1_40' title="bbox 302 4046 1892 4129">
    <p class='ocr_par' dir='ltr' id='par_1_40' title="bbox 302 4046 1892 4129">
     <span class='ocr_line' id='line_1_40' title="bbox 302 4046 1892 4129; baseline -0.013 -10"><span class='ocrx_word' id='word_1_323' title='bbox 302 4065 491 4119; x_wconf 79' lang='lat' dir='ltr'><strong>Nonne</strong></span> <span class='ocrx_word' id='word_1_324' title='bbox 538 4062 581 4115; x_wconf 87' lang='lat' dir='ltr'><strong>si</strong></span> <span class='ocrx_word' id='word_1_325' title='bbox 610 4061 822 4129; x_wconf 87' lang='lat' dir='ltr'><strong>sapiens</strong></span> <span class='ocrx_word' id='word_1_326' title='bbox 849 4057 1040 4121; x_wconf 82' lang='lat' dir='ltr'><strong>fuerit,</strong></span> <span class='ocrx_word' id='word_1_327' title='bbox 1083 4070 1270 4109; x_wconf 87' lang='lat' dir='ltr'><strong>sanum</strong></span> <span class='ocrx_word' id='word_1_328' title='bbox 1300 4051 1594 4106; x_wconf 87' lang='lat' dir='ltr'><strong>membrum</strong></span> <span class='ocrx_word' id='word_1_329' title='bbox 1639 4048 1739 4103; x_wconf 90' lang='lat' dir='ltr'><strong>erit</strong></span> <span class='ocrx_word' id='word_1_330' title='bbox 1763 4088 1777 4112; x_wconf 90' lang='lat'><strong>,</strong></span> <span class='ocrx_word' id='word_1_331' title='bbox 1807 4046 1892 4100; x_wconf 82' lang='lat' dir='ltr'><strong>cui</strong></span> 
     </span>
    </p>
   </div>
   <div class='ocr_carea' id='block_1_41' title="bbox 303 4137 1894 4216">
    <p class='ocr_par' dir='ltr' id='par_1_41' title="bbox 303 4137 1894 4216">
     <span class='ocr_line' id='line_1_41' title="bbox 303 4137 1894 4216; baseline -0.011 -9"><span class='ocrx_word' id='word_1_332' title='bbox 303 4170 361 4207; x_wconf 69' lang='lat' dir='ltr'><strong>Cn</strong></span> <span class='ocrx_word' id='word_1_333' title='bbox 385 4163 496 4206; x_wconf 89' lang='lat' dir='ltr'><strong>tera</strong></span> <span class='ocrx_word' id='word_1_334' title='bbox 528 4149 766 4205; x_wconf 88' lang='lat' dir='ltr'><strong>membra</strong></span> <span class='ocrx_word' id='word_1_335' title='bbox 816 4144 1185 4216; x_wconf 80' lang='lat' dir='ltr'><strong>congaudent?</strong></span> <span class='ocrx_word' id='word_1_336' title='bbox 1215 4139 1491 4210; x_wconf 86' lang='lat' dir='ltr'><strong>Quomodo</strong></span> <span class='ocrx_word' id='word_1_337' title='bbox 1533 4140 1693 4208; x_wconf 84' lang='lat' dir='ltr'><strong>igitur</strong></span> <span class='ocrx_word' id='word_1_338' title='bbox 1724 4137 1894 4191; x_wconf 86' lang='lat' dir='ltr'><strong>malus</strong></span> 
     </span>
    </p>
   </div>
   <div class='ocr_carea' id='block_1_42' title="bbox 303 4231 1893 4305">
    <p class='ocr_par' dir='ltr' id='par_1_42' title="bbox 303 4231 1893 4305">
     <span class='ocr_line' id='line_1_42' title="bbox 303 4231 1893 4305; baseline -0.009 -9"><span class='ocrx_word' id='word_1_339' title='bbox 303 4243 452 4296; x_wconf 84' lang='lat' dir='ltr'><strong>solus</strong></span> <span class='ocrx_word' id='word_1_340' title='bbox 479 4241 690 4294; x_wconf 80' lang='lat' dir='ltr'><strong>hauriet</strong></span> <span class='ocrx_word' id='word_1_341' title='bbox 713 4239 877 4305; x_wconf 88' lang='lat' dir='ltr'><strong>mala,</strong></span> <span class='ocrx_word' id='word_1_342' title='bbox 912 4254 1031 4291; x_wconf 90' lang='lat' dir='ltr'><strong>cum</strong></span> <span class='ocrx_word' id='word_1_343' title='bbox 1064 4234 1307 4290; x_wconf 82' lang='lat' dir='ltr'><strong>similiter</strong></span> <span class='ocrx_word' id='word_1_344' title='bbox 1325 4248 1468 4303; x_wconf 58' lang='lat' dir='ltr'><strong>a&#39;gro</strong></span> <span class='ocrx_word' id='word_1_345' title='bbox 1490 4231 1729 4286; x_wconf 87' lang='lat' dir='ltr'><strong>membro</strong></span> <span class='ocrx_word' id='word_1_346' title='bbox 1748 4241 1893 4283; x_wconf 84' lang='lat' dir='ltr'><strong>cont-</strong></span> 
     </span>
    </p>
   </div>
   <div class='ocr_carea' id='block_1_43' title="bbox 304 4326 908 4404">
    <p class='ocr_par' dir='ltr' id='par_1_43' title="bbox 304 4326 908 4404">
     <span class='ocr_line' id='line_1_43' title="bbox 304 4326 908 4404; baseline -0.01 -17"><span class='ocrx_word' id='word_1_347' title='bbox 304 4334 577 4404; x_wconf 90' lang='lat' dir='ltr'><strong>patiautur</strong></span> <span class='ocrx_word' id='word_1_348' title='bbox 593 4339 646 4384; x_wconf 91' lang='lat' dir='ltr'><strong>et</strong></span> <span class='ocrx_word' id='word_1_349' title='bbox 673 4326 908 4384; x_wconf 80' lang='lat' dir='ltr'><strong>caetera?</strong></span> 
     </span>
    </p>
   </div>
   <div class='ocr_carea' id='block_1_44' title="bbox 373 4410 1894 4491">
    <p class='ocr_par' dir='ltr' id='par_1_44' title="bbox 373 4410 1894 4491">
     <span class='ocr_line' id='line_1_44' title="bbox 373 4410 1894 4491; baseline -0.007 -15"><span class='ocrx_word' id='word_1_350' title='bbox 373 4423 430 4476; x_wconf 78' lang='grc'><strong>2.</strong></span> <span class='ocrx_word' id='word_1_351' title='bbox 455 4423 583 4476; x_wconf 70' lang='lat' dir='ltr'><strong>llrec</strong></span> <span class='ocrx_word' id='word_1_352' title='bbox 613 4418 833 4491; x_wconf 87' lang='lat' dir='ltr'><strong>proinde</strong></span> <span class='ocrx_word' id='word_1_353' title='bbox 861 4416 1082 4489; x_wconf 70' lang='lat' dir='ltr'><strong>qumstio</strong></span> <span class='ocrx_word' id='word_1_354' title='bbox 1108 4416 1209 4470; x_wconf 88' lang='lat' dir='ltr'><strong>nisi</strong></span> <span class='ocrx_word' id='word_1_355' title='bbox 1235 4414 1389 4469; x_wconf 75' lang='lat' dir='ltr'><strong>fuerit</strong></span> <span class='ocrx_word' id='word_1_356' title='bbox 1414 4414 1581 4467; x_wconf 89' lang='lat' dir='ltr'><strong>soluta</strong></span> <span class='ocrx_word' id='word_1_357' title='bbox 1604 4454 1619 4479; x_wconf 89' lang='lat'><strong>,</strong></span> <span class='ocrx_word' id='word_1_358' title='bbox 1644 4410 1894 4466; x_wconf 86' lang='lat' dir='ltr'><strong>turbabit.</strong></span> 
     </span>
    </p>
   </div>
   <div class='ocr_carea' id='block_1_45' title="bbox 308 4500 1899 4581">
    <p class='ocr_par' dir='ltr' id='par_1_45' title="bbox 308 4500 1899 4581">
     <span class='ocr_line' id='line_1_45' title="bbox 308 4500 1899 4581; baseline -0.009 -11"><span class='ocrx_word' id='word_1_359' title='bbox 308 4514 540 4570; x_wconf 85' lang='lat' dir='ltr'><strong>Domino</strong></span> <span class='ocrx_word' id='word_1_360' title='bbox 583 4521 761 4567; x_wconf 91' lang='lat' dir='ltr'><strong>autem</strong></span> <span class='ocrx_word' id='word_1_361' title='bbox 791 4510 1074 4581; x_wconf 89' lang='lat' dir='ltr'><strong>adjuvante</strong></span> <span class='ocrx_word' id='word_1_362' title='bbox 1105 4508 1338 4561; x_wconf 87' lang='lat' dir='ltr'><strong>solvetur</strong></span> <span class='ocrx_word' id='word_1_363' title='bbox 1361 4546 1375 4572; x_wconf 92' lang='lat'><strong>,</strong></span> <span class='ocrx_word' id='word_1_364' title='bbox 1406 4505 1448 4559; x_wconf 91' lang='lat' dir='ltr'><strong>si</strong></span> <span class='ocrx_word' id='word_1_365' title='bbox 1476 4504 1720 4575; x_wconf 85' lang='lat' dir='ltr'><strong>primitus</strong></span> <span class='ocrx_word' id='word_1_366' title='bbox 1771 4500 1899 4556; x_wconf 85' lang='lat' dir='ltr'><strong>illud</strong></span> 
     </span>
    </p>
   </div>
   <div class='ocr_carea' id='block_1_46' title="bbox 306 4596 1900 4669">
    <p class='ocr_par' dir='ltr' id='par_1_46' title="bbox 306 4596 1900 4669">
     <span class='ocr_line' id='line_1_46' title="bbox 306 4596 1900 4669; baseline -0.006 -9"><span class='ocrx_word' id='word_1_367' title='bbox 306 4608 538 4662; x_wconf 86' lang='lat' dir='ltr'><strong>veritate</strong></span> <span class='ocrx_word' id='word_1_368' title='bbox 561 4605 858 4661; x_wconf 89' lang='lat' dir='ltr'><strong>certissima</strong></span> <span class='ocrx_word' id='word_1_369' title='bbox 890 4602 1167 4658; x_wconf 81' lang='lat' dir='ltr'><strong>deﬁnitum</strong></span> <span class='ocrx_word' id='word_1_370' title='bbox 1198 4642 1211 4666; x_wconf 93' lang='lat'><strong>,</strong></span> <span class='ocrx_word' id='word_1_371' title='bbox 1243 4600 1403 4655; x_wconf 78' lang='lat' dir='ltr'><strong>fixum</strong></span> <span class='ocrx_word' id='word_1_372' title='bbox 1429 4608 1590 4669; x_wconf 88' lang='lat' dir='ltr'><strong>atque</strong></span> <span class='ocrx_word' id='word_1_373' title='bbox 1630 4596 1900 4652; x_wconf 87' lang='lat' dir='ltr'><strong>immobile</strong></span> 
     </span>
    </p>
   </div>
   <div class='ocr_carea' id='block_1_47' title="bbox 306 4689 1901 4764">
    <p class='ocr_par' dir='ltr' id='par_1_47' title="bbox 306 4689 1901 4764">
     <span class='ocr_line' id='line_1_47' title="bbox 306 4689 1901 4764; baseline -0.006 -11"><span class='ocrx_word' id='word_1_374' title='bbox 306 4708 587 4753; x_wconf 81' lang='lat' dir='ltr'><strong>teneamus</strong></span> <span class='ocrx_word' id='word_1_375' title='bbox 612 4740 626 4762; x_wconf 95' lang='lat'><strong>,</strong></span> <span class='ocrx_word' id='word_1_376' title='bbox 660 4712 757 4751; x_wconf 86' lang='lat' dir='ltr'><strong>nec</strong></span> <span class='ocrx_word' id='word_1_377' title='bbox 790 4695 984 4748; x_wconf 89' lang='lat' dir='ltr'><strong>bonum</strong></span> <span class='ocrx_word' id='word_1_378' title='bbox 1016 4707 1336 4764; x_wconf 89' lang='lat' dir='ltr'><strong>quemquam</strong></span> <span class='ocrx_word' id='word_1_379' title='bbox 1354 4691 1495 4746; x_wconf 87' lang='lat' dir='ltr'><strong>bono</strong></span> <span class='ocrx_word' id='word_1_380' title='bbox 1517 4689 1768 4756; x_wconf 90' lang='lat' dir='ltr'><strong>alterius,</strong></span> <span class='ocrx_word' id='word_1_381' title='bbox 1800 4702 1901 4743; x_wconf 88' lang='lat' dir='ltr'><strong>nec</strong></span> 
     </span>
    </p>
   </div>
   <div class='ocr_carea' id='block_1_48' title="bbox 309 4783 1903 4856">
    <p class='ocr_par' dir='ltr' id='par_1_48' title="bbox 309 4783 1903 4856">
     <span class='ocr_line' id='line_1_48' title="bbox 309 4783 1903 4856; baseline -0.006 -10"><span class='ocrx_word' id='word_1_382' title='bbox 309 4793 507 4846; x_wconf 84' lang='lat' dir='ltr'><strong>malum</strong></span> <span class='ocrx_word' id='word_1_383' title='bbox 535 4791 675 4844; x_wconf 89' lang='lat' dir='ltr'><strong>malo</strong></span> <span class='ocrx_word' id='word_1_384' title='bbox 702 4789 919 4842; x_wconf 83' lang='lat' dir='ltr'><strong>alterius</strong></span> <span class='ocrx_word' id='word_1_385' title='bbox 963 4802 1083 4841; x_wconf 90' lang='lat' dir='ltr'><strong>esse</strong></span> <span class='ocrx_word' id='word_1_386' title='bbox 1126 4801 1303 4856; x_wconf 90' lang='lat' dir='ltr'><strong>posse.</strong></span> <span class='ocrx_word' id='word_1_387' title='bbox 1334 4785 1464 4840; x_wconf 88' lang='lat' dir='ltr'><strong>Hinc</strong></span> <span class='ocrx_word' id='word_1_388' title='bbox 1489 4784 1629 4839; x_wconf 88' lang='lat' dir='ltr'><strong>enim</strong></span> <span class='ocrx_word' id='word_1_389' title='bbox 1661 4783 1734 4837; x_wconf 87' lang='lat' dir='ltr'><strong>ait</strong></span> <span class='ocrx_word' id='word_1_390' title='bbox 1760 4784 1903 4852; x_wconf 45' lang='lat' dir='ltr'><strong>Apo.</strong></span> 
     </span>
    </p>
   </div>
   <div class='ocr_carea' id='block_1_49' title="bbox 308 4877 1902 4951">
    <p class='ocr_par' dir='ltr' id='par_1_49' title="bbox 308 4877 1902 4951">
     <span class='ocr_line' id='line_1_49' title="bbox 308 4877 1902 4951; baseline -0.005 -13"><span class='ocrx_word' id='word_1_391' title='bbox 308 4885 477 4938; x_wconf 85' lang='lat' dir='ltr'><strong>stolus</strong></span> <span class='ocrx_word' id='word_1_392' title='bbox 505 4925 521 4949; x_wconf 91' lang='lat'><strong>,</strong></span> <span class='ocrx_word' id='word_1_393' title='bbox 563 4881 915 4951; x_wconf 85' lang='lat' dir='ltr'><strong>Unusquisque</strong></span> <span class='ocrx_word' id='word_1_394' title='bbox 946 4893 1173 4934; x_wconf 86' lang='lat' dir='ltr'><strong>nostrum</strong></span> <span class='ocrx_word' id='word_1_395' title='bbox 1200 4878 1461 4950; x_wconf 86' lang='lat' dir='ltr'><strong>proprium</strong></span> <span class='ocrx_word' id='word_1_396' title='bbox 1502 4894 1636 4933; x_wconf 88' lang='lat' dir='ltr'><strong>onus</strong></span> <span class='ocrx_word' id='word_1_397' title='bbox 1684 4877 1902 4948; x_wconf 86' lang='lat' dir='ltr'><strong>portabit</strong></span> 
     </span>
    </p>
   </div>
   <div class='ocr_carea' id='block_1_50' title="bbox 311 4970 1903 5047">
    <p class='ocr_par' dir='ltr' id='par_1_50' title="bbox 311 4970 1903 5047">
     <span class='ocr_line' id='line_1_50' title="bbox 311 4970 1903 5047; baseline -0.005 -18"><span class='ocrx_word' id='word_1_398' title='bbox 311 4975 508 5047; x_wconf 77' lang='lat' dir='ltr'><strong>(Galat.</strong></span> <span class='ocrx_word' id='word_1_399' title='bbox 544 4990 591 5029; x_wconf 81' lang='lat' dir='ltr'><strong>vt</strong></span> <span class='ocrx_word' id='word_1_400' title='bbox 615 5016 629 5039; x_wconf 91' lang='lat'><strong>,</strong></span> <span class='ocrx_word' id='word_1_401' title='bbox 677 4975 734 5043; x_wconf 79' lang='grc'>5)</span> <span class='ocrx_word' id='word_1_402' title='bbox 766 4992 778 5025; x_wconf 86' lang='lat'>:</span> <span class='ocrx_word' id='word_1_403' title='bbox 806 4981 860 5027; x_wconf 89' lang='lat' dir='ltr'><strong>et</strong></span> <span class='ocrx_word' id='word_1_404' title='bbox 901 4972 1027 5026; x_wconf 84' lang='lat' dir='ltr'><strong>alibi</strong></span> <span class='ocrx_word' id='word_1_405' title='bbox 1053 5012 1067 5036; x_wconf 96' lang='lat'><strong>,</strong></span> <span class='ocrx_word' id='word_1_406' title='bbox 1098 4970 1267 5042; x_wconf 84' lang='lat' dir='ltr'><strong>Igitur</strong></span> <span class='ocrx_word' id='word_1_407' title='bbox 1314 4971 1649 5041; x_wconf 82' lang='lat' dir='ltr'><strong>unusquisque</strong></span> <span class='ocrx_word' id='word_1_408' title='bbox 1678 4977 1903 5024; x_wconf 86' lang='lat' dir='ltr'><strong>nostrum</strong></span> 
     </span>
    </p>
   </div>
   <div class='ocr_carea' id='block_1_51' title="bbox 370 5162 1905 5241">
    <p class='ocr_par' dir='ltr' id='par_1_51' title="bbox 370 5162 1905 5241">
     <span class='ocr_line' id='line_1_51' title="bbox 370 5162 1905 5241; baseline -0.009 -16"><span class='ocrx_word' id='word_1_409' title='bbox 370 5177 386 5241; x_wconf 55' lang='grc' dir='ltr'>ξ</span> <span class='ocrx_word' id='word_1_410' title='bbox 418 5174 585 5241; x_wconf 58' lang='lat' dir='ltr'><strong>Istbgee</strong></span> <span class='ocrx_word' id='word_1_411' title='bbox 610 5167 1152 5241; x_wconf 37' lang='lat' dir='ltr'><strong>[accaym-conversi”,</strong></span> <span class='ocrx_word' id='word_1_412' title='bbox 1176 5179 1335 5239; x_wconf 87' lang='lat' dir='ltr'><strong>usque</strong></span> <span class='ocrx_word' id='word_1_413' title='bbox 1354 5165 1431 5225; x_wconf 86' lang='lat' dir='ltr'><strong>ad,</strong></span> <span class='ocrx_word' id='word_1_414' title='bbox 1460 5175 1756 5241; x_wconf 46' lang='lat' dir='ltr'><strong>..tnwn,_quaa</strong></span> <span class='ocrx_word' id='word_1_415' title='bbox 1768 5162 1905 5241; x_wconf 69' lang='lat' dir='ltr'><strong>juxta</strong></span> 
     </span>
    </p>
   </div>
   <div class='ocr_carea' id='block_1_52' title="bbox 306 5207 1907 5304">
    <p class='ocr_par' dir='ltr' id='par_1_52' title="bbox 306 5207 1907 5304">
     <span class='ocr_line' id='line_1_52' title="bbox 306 5207 1907 5304; baseline -0.007 -18"><span class='ocrx_word' id='word_1_416' title='bbox 306 5207 632 5286; x_wconf 42' lang='lat' dir='ltr'><strong>ludﬁcari;</strong></span> <span class='ocrx_word' id='word_1_417' title='bbox 655 5232 797 5282; x_wconf 88' lang='lat' dir='ltr'><strong>estin</strong></span> <span class='ocrx_word' id='word_1_418' title='bbox 823 5207 957 5281; x_wconf 78' lang='lat' dir='ltr'><strong>libris</strong></span> <span class='ocrx_word' id='word_1_419' title='bbox 974 5207 1316 5304; x_wconf 47' lang='lat' dir='ltr'><strong>ﬁsi&#39;eiéiéls,</strong></span> <span class='ocrx_word' id='word_1_420' title='bbox 1337 5207 1698 5304; x_wconf 40' lang='lat' dir='ltr'><strong>nori‘rep‘ef‘i‘ttir</strong></span> <span class='ocrx_word' id='word_1_421' title='bbox 1719 5207 1907 5300; x_wconf 47' lang='lat' dir='ltr'><strong>m&#39;opt&#39;i:</strong></span> 
     </span>
    </p>
   </div>
   <div class='ocr_carea' id='block_1_53' title="bbox 306 5289 1906 5350">
    <p class='ocr_par' dir='ltr' id='par_1_53' title="bbox 306 5289 1906 5350">
     <span class='ocr_line' id='line_1_53' title="bbox 306 5289 1906 5350; baseline -0.007 -2"><span class='ocrx_word' id='word_1_422' title='bbox 306 5312 400 5348; x_wconf 83' lang='lat' dir='ltr'><strong>nre</strong></span> <span class='ocrx_word' id='word_1_423' title='bbox 414 5306 544 5347; x_wconf 73' lang='lat' dir='ltr'><strong>nota:</strong></span> <span class='ocrx_word' id='word_1_424' title='bbox 577 5304 658 5345; x_wconf 73' lang='lat' dir='ltr'><strong>Ms.</strong></span> <span class='ocrx_word' id='word_1_425' title='bbox 682 5289 991 5343; x_wconf 78' lang='lat' dir='ltr'><strong>Germneusi</strong></span> <span class='ocrx_word' id='word_1_426' title='bbox 1015 5300 1129 5343; x_wconf 86' lang='lat' dir='ltr'><strong>ante</strong></span> <span class='ocrx_word' id='word_1_427' title='bbox 1152 5303 1302 5341; x_wconf 85' lang='lat' dir='ltr'><strong>annos</strong></span> <span class='ocrx_word' id='word_1_428' title='bbox 1322 5290 1513 5341; x_wconf 87' lang='lat' dir='ltr'><strong>circiter</strong></span> <span class='ocrx_word' id='word_1_429' title='bbox 1533 5289 1625 5338; x_wconf 83' lang='lat'><strong>800</strong></span> <span class='ocrx_word' id='word_1_430' title='bbox 1646 5290 1906 5350; x_wconf 81' lang='lat' dir='ltr'><strong>descripto.</strong></span> 
     </span>
    </p>
   </div>
   <div class='ocr_carea' id='block_1_54' title="bbox 338 5351 1909 5435">
    <p class='ocr_par' dir='ltr' id='par_1_54' title="bbox 338 5351 1909 5435">
     <span class='ocr_line' id='line_1_54' title="bbox 338 5351 1909 5435; baseline -0.004 -28"><span class='ocrx_word' id='word_1_431' title='bbox 338 5358 558 5435; x_wconf 23' lang='lat' dir='ltr'><strong>Auditi,</strong></span> <span class='ocrx_word' id='word_1_432' title='bbox 584 5363 632 5408; x_wconf 88' lang='lat' dir='ltr'><strong>et</strong></span> <span class='ocrx_word' id='word_1_433' title='bbox 647 5354 739 5408; x_wconf 80' lang='lat' dir='ltr'><strong>sibi</strong></span> <span class='ocrx_word' id='word_1_434' title='bbox 763 5354 908 5406; x_wconf 85' lang='lat' dir='ltr'><strong>bonus</strong></span> <span class='ocrx_word' id='word_1_435' title='bbox 930 5361 1016 5407; x_wconf 81' lang='lat' dir='ltr'><strong>est.</strong></span> <span class='ocrx_word' id='word_1_436' title='bbox 1038 5363 1156 5416; x_wconf 71' lang='lat' dir='ltr'><strong>Vox,</strong></span> <span class='ocrx_word' id='word_1_437' title='bbox 1188 5351 1353 5414; x_wconf 87' lang='lat' dir='ltr'><strong>bonas,</strong></span> <span class='ocrx_word' id='word_1_438' title='bbox 1394 5352 1537 5402; x_wconf 88' lang='lat' dir='ltr'><strong>abest</strong></span> <span class='ocrx_word' id='word_1_439' title='bbox 1559 5352 1622 5401; x_wconf 79' lang='lat' dir='ltr'><strong>ab</strong></span> <span class='ocrx_word' id='word_1_440' title='bbox 1641 5351 1909 5414; x_wconf 84' lang='lat' dir='ltr'><strong>exemplari</strong></span> 
     </span>
    </p>
   </div>
   <div class='ocr_carea' id='block_1_55' title="bbox 310 5428 1910 5543">
    <p class='ocr_par' dir='ltr' id='par_1_55' title="bbox 310 5428 1910 5543">
     <span class='ocr_line' id='line_1_55' title="bbox 310 5428 1910 5543; baseline -0.001 -13"><span class='ocrx_word' id='word_1_441' title='bbox 310 5428 598 5541; x_wconf 45' lang='grc' dir='ltr'><strong>ῃῗωεὲιῖῗ,</strong></span> <span class='ocrx_word' id='word_1_442' title='bbox 620 5478 762 5543; x_wconf 77' lang='lat' dir='ltr'><strong>cujus</strong></span> <span class='ocrx_word' id='word_1_443' title='bbox 784 5476 903 5529; x_wconf 85' lang='lat' dir='ltr'><strong>mali</strong></span> <span class='ocrx_word' id='word_1_444' title='bbox 938 5476 1185 5531; x_wconf 70' lang='lat' dir='ltr'><strong>imitemur</strong></span> <span class='ocrx_word' id='word_1_445' title='bbox 1208 5488 1300 5528; x_wconf 89' lang='lat' dir='ltr'><strong>non</strong></span> <span class='ocrx_word' id='word_1_446' title='bbox 1323 5487 1423 5528; x_wconf 89' lang='lat' dir='ltr'><strong>ero.</strong></span> <span class='ocrx_word' id='word_1_447' title='bbox 1473 5473 1760 5525; x_wconf 82' lang='lat' dir='ltr'><strong>Emendatur</strong></span> <span class='ocrx_word' id='word_1_448' title='bbox 1783 5472 1841 5523; x_wconf 86' lang='lat' dir='ltr'><strong>ad</strong></span> <span class='ocrx_word' id='word_1_449' title='bbox 1858 5487 1910 5530; x_wconf 71' lang='grc' dir='ltr'><strong>ν.</strong></span> 
     </span>
    </p>
   </div>
   <div class='ocr_carea' id='block_1_56' title="bbox 377 5564 987 5615">
    <p class='ocr_par' dir='ltr' id='par_1_56' title="bbox 377 5564 987 5615">
     <span class='ocr_line' id='line_1_56' title="bbox 377 5564 987 5615; baseline -0.007 1"><span class='ocrx_word' id='word_1_450' title='bbox 377 5567 394 5584; x_wconf 87' lang='grc'><strong>⁹</strong></span> <span class='ocrx_word' id='word_1_451' title='bbox 418 5567 583 5615; x_wconf 82' lang='lat' dir='ltr'><strong>Editus</strong></span> <span class='ocrx_word' id='word_1_452' title='bbox 605 5578 671 5614; x_wconf 81' lang='lat' dir='ltr'><strong>ex</strong></span> <span class='ocrx_word' id='word_1_453' title='bbox 696 5579 741 5614; x_wconf 79' lang='grc' dir='ltr'><strong>ν.</strong></span> <span class='ocrx_word' id='word_1_454' title='bbox 770 5572 821 5614; x_wconf 88' lang='lat' dir='ltr'><strong>et</strong></span> <span class='ocrx_word' id='word_1_455' title='bbox 852 5564 987 5612; x_wconf 84' lang='lat' dir='ltr'><strong>sirm.</strong></span> 
     </span>
    </p>
   </div>
   <div class='ocr_carea' id='block_1_57' title="bbox 375 5644 1170 5764">
    <p class='ocr_par' dir='ltr' id='par_1_57' title="bbox 375 5644 1170 5764">
     <span class='ocr_line' id='line_1_57' title="bbox 375 5644 1170 5764; baseline -0.008 -68"><span class='ocrx_word' id='word_1_456' title='bbox 375 5649 449 5764; x_wconf 50' lang='grc' dir='ltr'><strong>ἱα)</strong></span> <span class='ocrx_word' id='word_1_457' title='bbox 481 5646 628 5707; x_wconf 78' lang='lat' dir='ltr'><strong>Alias,</strong></span> <span class='ocrx_word' id='word_1_458' title='bbox 651 5646 710 5696; x_wconf 77' lang='grc'><strong>10</strong></span> <span class='ocrx_word' id='word_1_459' title='bbox 728 5658 791 5695; x_wconf 81' lang='lat' dir='ltr'><strong>ex</strong></span> <span class='ocrx_word' id='word_1_460' title='bbox 814 5644 1170 5695; x_wconf 79' lang='lat' dir='ltr'><strong>Sirmondianis.</strong></span> 
     </span>
     <span class='ocr_line' id='line_1_58' title="bbox 401 5707 1170 5764; baseline -0.016 0"><span class='ocrx_word' id='word_1_461' title='bbox 401 5708 451 5764; x_wconf 69' lang='grc' dir='ltr'><strong>ὓ)</strong></span> <span class='ocrx_word' id='word_1_462' title='bbox 484 5715 620 5758; x_wconf 72' lang='lat' dir='ltr'><strong>&quot;uno</strong></span> <span class='ocrx_word' id='word_1_463' title='bbox 642 5707 879 5758; x_wconf 80' lang='lat' dir='ltr'><strong>Possidius</strong></span> <span class='ocrx_word' id='word_1_464' title='bbox 918 5718 1170 5757; x_wconf 82' lang='lat' dir='ltr'><strong>sermoneu</strong></span> 
     </span>
    </p>
   </div>
   <div class='ocr_carea' id='block_1_58' title="bbox 314 5701 1914 5822">
    <p class='ocr_par' dir='ltr' id='par_1_58' title="bbox 314 5701 1914 5822">
     <span class='ocr_line' id='line_1_59' title="bbox 376 5701 1914 5817; baseline -0.001 -62"><span class='ocrx_word' id='word_1_465' title='bbox 376 5701 451 5779; x_wconf 60' lang='grc' dir='ltr'><strong>(ρ)</strong></span> <span class='ocrx_word' id='word_1_466' title='bbox 484 5701 624 5817; x_wconf 45' lang='lat' dir='ltr'><strong>Ignoti</strong></span> <span class='ocrx_word' id='word_1_467' title='bbox 642 5707 879 5758; x_wconf 80' lang='lat' dir='ltr'><strong>Possidius</strong></span> <span class='ocrx_word' id='word_1_468' title='bbox 918 5718 1196 5757; x_wconf 82' lang='lat' dir='ltr'><strong>sermonem</strong></span> <span class='ocrx_word' id='word_1_469' title='bbox 1240 5710 1577 5752; x_wconf 86' lang='lat' dir='ltr'><strong>commemorat</strong></span> <span class='ocrx_word' id='word_1_470' title='bbox 1626 5704 1672 5751; x_wconf 90' lang='lat' dir='ltr'><strong>in</strong></span> <span class='ocrx_word' id='word_1_471' title='bbox 1721 5701 1914 5753; x_wconf 87' lang='lat' dir='ltr'><strong>tudiculi</strong></span> 
     </span>
     <span class='ocr_line' id='line_1_60' title="bbox 314 5779 553 5822; baseline -0.025 1"><span class='ocrx_word' id='word_1_472' title='bbox 314 5779 478 5822; x_wconf 66' lang='grc' dir='ltr'>ωυιιε</span> <span class='ocrx_word' id='word_1_473' title='bbox 540 5803 553 5817; x_wconf 88' lang='grc'><strong>.</strong></span> 
     </span>
    </p>
   </div>
   <div class='ocr_carea' id='block_1_59' title="bbox 1610 319 2150 379">
    <p class='ocr_par' dir='ltr' id='par_1_59' title="bbox 1610 319 2150 379">
     <span class='ocr_line' id='line_1_61' title="bbox 1610 319 2150 379; baseline -0.013 0"><span class='ocrx_word' id='word_1_474' title='bbox 1610 366 1615 369; x_wconf 51' lang='grc' dir='ltr'><strong>μ</strong></span> <span class='ocrx_word' id='word_1_475' title='bbox 1665 320 1895 379; x_wconf 72' lang='lat' dir='ltr'><strong>SEMIO</strong></span> <span class='ocrx_word' id='word_1_476' title='bbox 1933 319 2150 373; x_wconf 77' lang='lat' dir='ltr'><strong>XXXV.</strong></span> 
     </span>
    </p>
   </div>
   <div class='ocr_carea' id='block_1_60' title="bbox 3459 318 3564 374">
    <p class='ocr_par' dir='ltr' id='par_1_60' title="bbox 3459 318 3564 374">
     <span class='ocr_line' id='line_1_62' title="bbox 3459 318 3564 374; baseline 0.01 -3"><span class='ocrx_word' id='word_1_477' title='bbox 3459 318 3564 374; x_wconf 69' lang='grc' dir='ltr'>ΞΝ</span> 
     </span>
    </p>
   </div>
   <div class='ocr_carea' id='block_1_61' title="bbox 1980 434 3558 507">
    <p class='ocr_par' dir='ltr' id='par_1_61' title="bbox 1980 434 3558 507">
     <span class='ocr_line' id='line_1_63' title="bbox 1980 434 3558 507; baseline 0.003 -20"><span class='ocrx_word' id='word_1_478' title='bbox 1980 452 2071 503; x_wconf 87' lang='lat' dir='ltr'><strong>pro</strong></span> <span class='ocrx_word' id='word_1_479' title='bbox 2105 452 2158 489; x_wconf 87' lang='lat' dir='ltr'><strong>se</strong></span> <span class='ocrx_word' id='word_1_480' title='bbox 2197 437 2442 491; x_wconf 89' lang='lat' dir='ltr'><strong>rationem</strong></span> <span class='ocrx_word' id='word_1_481' title='bbox 2487 436 2660 492; x_wconf 83' lang='lat' dir='ltr'><strong>reddet</strong></span> <span class='ocrx_word' id='word_1_482' title='bbox 2707 434 2881 507; x_wconf 84' lang='lat' dir='ltr'><strong>(Rom.</strong></span> <span class='ocrx_word' id='word_1_483' title='bbox 2916 437 3152 505; x_wconf 71' lang='lat' dir='ltr'><strong>xlv,12)</strong></span> <span class='ocrx_word' id='word_1_484' title='bbox 3182 453 3196 490; x_wconf 90' lang='lat'><strong>:</strong></span> <span class='ocrx_word' id='word_1_485' title='bbox 3234 444 3288 491; x_wconf 89' lang='lat' dir='ltr'><strong>et</strong></span> <span class='ocrx_word' id='word_1_486' title='bbox 3334 436 3558 499; x_wconf 66' lang='lat' dir='ltr'><strong>iterum,</strong></span> 
     </span>
    </p>
   </div>
   <div class='ocr_carea' id='block_1_62' title="bbox 1981 526 3556 599">
    <p class='ocr_par' dir='ltr' id='par_1_62' title="bbox 1981 526 3556 599">
     <span class='ocr_line' id='line_1_64' title="bbox 1981 526 3556 599; baseline -0.001 -18"><span class='ocrx_word' id='word_1_487' title='bbox 1981 526 2124 598; x_wconf 86' lang='lat' dir='ltr'><strong>Opus</strong></span> <span class='ocrx_word' id='word_1_488' title='bbox 2147 538 2313 581; x_wconf 85' lang='lat' dir='ltr'><strong>autem</strong></span> <span class='ocrx_word' id='word_1_489' title='bbox 2339 545 2483 582; x_wconf 85' lang='lat' dir='ltr'><strong>suum</strong></span> <span class='ocrx_word' id='word_1_490' title='bbox 2509 529 2682 599; x_wconf 87' lang='lat' dir='ltr'><strong>probet</strong></span> <span class='ocrx_word' id='word_1_491' title='bbox 2707 528 3083 597; x_wconf 83' lang='lat' dir='ltr'><strong>unusquisque;</strong></span> <span class='ocrx_word' id='word_1_492' title='bbox 3134 536 3178 580; x_wconf 78' lang='lat' dir='ltr'><strong>et</strong></span> <span class='ocrx_word' id='word_1_493' title='bbox 3207 536 3323 580; x_wconf 86' lang='lat' dir='ltr'><strong>tunc</strong></span> <span class='ocrx_word' id='word_1_494' title='bbox 3367 527 3421 579; x_wconf 89' lang='lat' dir='ltr'><strong>in</strong></span> <span class='ocrx_word' id='word_1_495' title='bbox 3478 542 3556 580; x_wconf 82' lang='lat' dir='ltr'><strong>se-</strong></span> 
     </span>
    </p>
   </div>
   <div class='ocr_carea' id='block_1_63' title="bbox 1978 617 3558 693">
    <p class='ocr_par' dir='ltr' id='par_1_63' title="bbox 1978 617 3558 693">
     <span class='ocr_line' id='line_1_65' title="bbox 1978 617 3558 693; baseline -0.001 -19"><span class='ocrx_word' id='word_1_496' title='bbox 1978 622 2188 691; x_wconf 85' lang='lat' dir='ltr'><strong>metipso</strong></span> <span class='ocrx_word' id='word_1_497' title='bbox 2218 630 2410 675; x_wconf 90' lang='lat' dir='ltr'><strong>tantum</strong></span> <span class='ocrx_word' id='word_1_498' title='bbox 2433 622 2652 693; x_wconf 86' lang='lat' dir='ltr'><strong>gloriam</strong></span> <span class='ocrx_word' id='word_1_499' title='bbox 2677 622 2907 686; x_wconf 79' lang='lat' dir='ltr'><strong>habebit,</strong></span> <span class='ocrx_word' id='word_1_500' title='bbox 2937 630 2983 674; x_wconf 90' lang='lat' dir='ltr'><strong>et</strong></span> <span class='ocrx_word' id='word_1_501' title='bbox 3026 636 3127 673; x_wconf 87' lang='lat' dir='ltr'><strong>non</strong></span> <span class='ocrx_word' id='word_1_502' title='bbox 3154 621 3206 673; x_wconf 91' lang='lat' dir='ltr'><strong>in</strong></span> <span class='ocrx_word' id='word_1_503' title='bbox 3232 620 3390 673; x_wconf 89' lang='lat' dir='ltr'><strong>altera</strong></span> <span class='ocrx_word' id='word_1_504' title='bbox 3427 617 3558 687; x_wconf 68' lang='lat' dir='ltr'><strong>(Cu-</strong></span> 
     </span>
    </p>
   </div>
   <div class='ocr_carea' id='block_1_64' title="bbox 1979 708 3561 783">
    <p class='ocr_par' dir='ltr' id='par_1_64' title="bbox 1979 708 3561 783">
     <span class='ocr_line' id='line_1_66' title="bbox 1979 708 3561 783; baseline -0.002 -19"><span class='ocrx_word' id='word_1_505' title='bbox 1979 710 2068 766; x_wconf 86' lang='lat' dir='ltr'><strong>lat.</strong></span> <span class='ocrx_word' id='word_1_506' title='bbox 2098 728 2181 778; x_wconf 77' lang='lat' dir='ltr'><strong>v1,</strong></span> <span class='ocrx_word' id='word_1_507' title='bbox 2209 713 2283 783; x_wconf 72' lang='grc'><strong>4).</strong></span> <span class='ocrx_word' id='word_1_508' title='bbox 2317 712 2427 767; x_wconf 82' lang='lat' dir='ltr'><strong>Hoc</strong></span> <span class='ocrx_word' id='word_1_509' title='bbox 2448 712 2606 767; x_wconf 88' lang='lat' dir='ltr'><strong>etiam</strong></span> <span class='ocrx_word' id='word_1_510' title='bbox 2645 728 2740 781; x_wconf 89' lang='lat' dir='ltr'><strong>per</strong></span> <span class='ocrx_word' id='word_1_511' title='bbox 2768 711 3080 781; x_wconf 86' lang='lat' dir='ltr'><strong>prophetam</strong></span> <span class='ocrx_word' id='word_1_512' title='bbox 3119 708 3450 765; x_wconf 85' lang='lat' dir='ltr'><strong>Ezechielem</strong></span> <span class='ocrx_word' id='word_1_513' title='bbox 3477 708 3561 761; x_wconf 43' lang='lat' dir='ltr'><strong>dir</strong></span> 
     </span>
    </p>
   </div>
   <div class='ocr_carea' id='block_1_65' title="bbox 1979 799 3561 872">
    <p class='ocr_par' dir='ltr' id='par_1_65' title="bbox 1979 799 3561 872">
     <span class='ocr_line' id='line_1_67' title="bbox 1979 799 3561 872; baseline -0.004 -16"><span class='ocrx_word' id='word_1_514' title='bbox 1979 803 2162 856; x_wconf 88' lang='lat' dir='ltr'><strong>citur:</strong></span> <span class='ocrx_word' id='word_1_515' title='bbox 2208 802 2389 856; x_wconf 81' lang='lat' dir='ltr'><strong>Anima</strong></span> <span class='ocrx_word' id='word_1_516' title='bbox 2421 806 2578 872; x_wconf 85' lang='lat' dir='ltr'><strong>patris</strong></span> <span class='ocrx_word' id='word_1_517' title='bbox 2630 817 2739 855; x_wconf 88' lang='lat' dir='ltr'><strong>mea</strong></span> <span class='ocrx_word' id='word_1_518' title='bbox 2765 810 2875 864; x_wconf 86' lang='lat' dir='ltr'><strong>est,</strong></span> <span class='ocrx_word' id='word_1_519' title='bbox 2932 800 3101 853; x_wconf 87' lang='lat' dir='ltr'><strong>anima</strong></span> <span class='ocrx_word' id='word_1_520' title='bbox 3154 799 3249 868; x_wconf 83' lang='lat' dir='ltr'><strong>ﬁlii</strong></span> <span class='ocrx_word' id='word_1_521' title='bbox 3293 815 3401 853; x_wconf 75' lang='lat' dir='ltr'><strong>inea</strong></span> <span class='ocrx_word' id='word_1_522' title='bbox 3444 806 3561 860; x_wconf 83' lang='lat' dir='ltr'><strong>est;</strong></span> 
     </span>
    </p>
   </div>
   <div class='ocr_carea' id='block_1_66' title="bbox 1980 888 3560 963">
    <p class='ocr_par' dir='ltr' id='par_1_66' title="bbox 1980 888 3560 963">
     <span class='ocr_line' id='line_1_68' title="bbox 1980 888 3560 963; baseline -0.001 -18"><span class='ocrx_word' id='word_1_523' title='bbox 1980 895 2150 946; x_wconf 90' lang='lat' dir='ltr'><strong>anima</strong></span> <span class='ocrx_word' id='word_1_524' title='bbox 2178 910 2290 963; x_wconf 78' lang='lat' dir='ltr'><strong>qnw</strong></span> <span class='ocrx_word' id='word_1_525' title='bbox 2315 894 2618 963; x_wconf 83' lang='lat' dir='ltr'><strong>peccaverit,</strong></span> <span class='ocrx_word' id='word_1_526' title='bbox 2643 893 2753 961; x_wconf 87' lang='lat' dir='ltr'><strong>ipsa</strong></span> <span class='ocrx_word' id='word_1_527' title='bbox 2773 892 3008 945; x_wconf 76' lang='lat' dir='ltr'><strong>morietur</strong></span> <span class='ocrx_word' id='word_1_528' title='bbox 3028 891 3241 961; x_wconf 77' lang='lat' dir='ltr'><strong>(Ezecli.</strong></span> <span class='ocrx_word' id='word_1_529' title='bbox 3284 907 3417 945; x_wconf 78' lang='lat' dir='ltr'><strong>xvut</strong></span> <span class='ocrx_word' id='word_1_530' title='bbox 3443 930 3458 955; x_wconf 87' lang='lat'><strong>,</strong></span> <span class='ocrx_word' id='word_1_531' title='bbox 3482 888 3560 960; x_wconf 60' lang='grc' dir='ltr'><strong>ὦ)</strong></span> 
     </span>
    </p>
   </div>
   <div class='ocr_carea' id='block_1_67' title="bbox 1981 981 3566 1051">
    <p class='ocr_par' dir='ltr' id='par_1_67' title="bbox 1981 981 3566 1051">
     <span class='ocr_line' id='line_1_69' title="bbox 1981 981 3566 1051; baseline -0.002 -13"><span class='ocrx_word' id='word_1_532' title='bbox 1981 985 2171 1039; x_wconf 89' lang='lat' dir='ltr'><strong>Totum</strong></span> <span class='ocrx_word' id='word_1_533' title='bbox 2218 985 2364 1040; x_wconf 90' lang='lat' dir='ltr'><strong>illum</strong></span> <span class='ocrx_word' id='word_1_534' title='bbox 2418 985 2592 1039; x_wconf 90' lang='lat' dir='ltr'><strong>locum</strong></span> <span class='ocrx_word' id='word_1_535' title='bbox 2647 983 2725 1037; x_wconf 85' lang='lat' dir='ltr'><strong>sic</strong></span> <span class='ocrx_word' id='word_1_536' title='bbox 2768 983 3025 1051; x_wconf 74' lang='lat' dir='ltr'><strong>explicat,</strong></span> <span class='ocrx_word' id='word_1_537' title='bbox 3073 991 3130 1036; x_wconf 92' lang='lat' dir='ltr'><strong>ut</strong></span> <span class='ocrx_word' id='word_1_538' title='bbox 3170 981 3417 1036; x_wconf 91' lang='lat' dir='ltr'><strong>ostendat</strong></span> <span class='ocrx_word' id='word_1_539' title='bbox 3466 994 3566 1035; x_wconf 78' lang='lat' dir='ltr'><strong>nec</strong></span> 
     </span>
    </p>
   </div>
   <div class='ocr_carea' id='block_1_68' title="bbox 1981 1074 3563 1147">
    <p class='ocr_par' dir='ltr' id='par_1_68' title="bbox 1981 1074 3563 1147">
     <span class='ocr_line' id='line_1_70' title="bbox 1981 1074 3563 1147; baseline -0.003 -16"><span class='ocrx_word' id='word_1_540' title='bbox 1981 1076 2137 1131; x_wconf 83' lang='lat' dir='ltr'><strong>bonis</strong></span> <span class='ocrx_word' id='word_1_541' title='bbox 2168 1085 2445 1147; x_wconf 90' lang='lat' dir='ltr'><strong>parentum</strong></span> <span class='ocrx_word' id='word_1_542' title='bbox 2472 1075 2736 1131; x_wconf 87' lang='lat' dir='ltr'><strong>sublevari</strong></span> <span class='ocrx_word' id='word_1_543' title='bbox 2763 1075 2900 1129; x_wconf 83' lang='lat' dir='ltr'><strong>ﬁlios</strong></span> <span class='ocrx_word' id='word_1_544' title='bbox 2921 1074 3088 1129; x_wconf 88' lang='lat' dir='ltr'><strong>malos</strong></span> <span class='ocrx_word' id='word_1_545' title='bbox 3115 1115 3134 1140; x_wconf 86' lang='lat'><strong>,</strong></span> <span class='ocrx_word' id='word_1_546' title='bbox 3166 1090 3262 1129; x_wconf 87' lang='lat' dir='ltr'><strong>nec</strong></span> <span class='ocrx_word' id='word_1_547' title='bbox 3287 1074 3441 1128; x_wconf 89' lang='lat' dir='ltr'><strong>malis</strong></span> <span class='ocrx_word' id='word_1_548' title='bbox 3463 1088 3563 1142; x_wconf 83' lang='lat' dir='ltr'><strong>op-</strong></span> 
     </span>
    </p>
   </div>
   <div class='ocr_carea' id='block_1_69' title="bbox 1981 1164 3562 1239">
    <p class='ocr_par' dir='ltr' id='par_1_69' title="bbox 1981 1164 3562 1239">
     <span class='ocr_line' id='line_1_71' title="bbox 1981 1164 3562 1239; baseline -0.003 -18"><span class='ocrx_word' id='word_1_549' title='bbox 1981 1170 2136 1239; x_wconf 91' lang='lat' dir='ltr'><strong>primi</strong></span> <span class='ocrx_word' id='word_1_550' title='bbox 2164 1170 2350 1225; x_wconf 85' lang='lat' dir='ltr'><strong>bonos.</strong></span> <span class='ocrx_word' id='word_1_551' title='bbox 2375 1169 2486 1237; x_wconf 87' lang='lat' dir='ltr'><strong>Qua</strong></span> <span class='ocrx_word' id='word_1_552' title='bbox 2514 1168 2853 1223; x_wconf 85' lang='lat' dir='ltr'><strong>veraeissima</strong></span> <span class='ocrx_word' id='word_1_553' title='bbox 2889 1164 3149 1220; x_wconf 88' lang='lat' dir='ltr'><strong>sententia</strong></span> <span class='ocrx_word' id='word_1_554' title='bbox 3192 1173 3409 1234; x_wconf 82' lang='lat' dir='ltr'><strong>propter</strong></span> <span class='ocrx_word' id='word_1_555' title='bbox 3433 1179 3562 1217; x_wconf 85' lang='lat' dir='ltr'><strong>nos-</strong></span> 
     </span>
    </p>
   </div>
   <div class='ocr_carea' id='block_1_70' title="bbox 1981 1254 3567 1329">
    <p class='ocr_par' dir='ltr' id='par_1_70' title="bbox 1981 1254 3567 1329">
     <span class='ocr_line' id='line_1_72' title="bbox 1981 1254 3567 1329; baseline -0.004 -16"><span class='ocrx_word' id='word_1_556' title='bbox 1981 1259 2236 1329; x_wconf 89' lang='lat' dir='ltr'><strong>metipsos</strong></span> <span class='ocrx_word' id='word_1_557' title='bbox 2287 1260 2531 1329; x_wconf 89' lang='lat' dir='ltr'><strong>primitus</strong></span> <span class='ocrx_word' id='word_1_558' title='bbox 2581 1273 2645 1313; x_wconf 86' lang='lat' dir='ltr'><strong>ac</strong></span> <span class='ocrx_word' id='word_1_559' title='bbox 2694 1256 3002 1312; x_wconf 74' lang='lat' dir='ltr'><strong>firmissime</strong></span> <span class='ocrx_word' id='word_1_560' title='bbox 3052 1254 3567 1318; x_wconf 89' lang='lat' dir='ltr'><strong>constituta,restat</strong></span> 
     </span>
    </p>
   </div>
   <div class='ocr_carea' id='block_1_71' title="bbox 1981 1345 3565 1421">
    <p class='ocr_par' dir='ltr' id='par_1_71' title="bbox 1981 1345 3565 1421">
     <span class='ocr_line' id='line_1_73' title="bbox 1981 1345 3565 1421; baseline -0.004 -15"><span class='ocrx_word' id='word_1_561' title='bbox 1981 1351 2243 1420; x_wconf 79' lang='lat' dir='ltr'><strong>inSpieere</strong></span> <span class='ocrx_word' id='word_1_562' title='bbox 2268 1350 2394 1421; x_wconf 87' lang='lat' dir='ltr'><strong>quid</strong></span> <span class='ocrx_word' id='word_1_563' title='bbox 2415 1351 2531 1405; x_wconf 86' lang='lat' dir='ltr'><strong>aliis</strong></span> <span class='ocrx_word' id='word_1_564' title='bbox 2554 1349 2917 1421; x_wconf 88' lang='lat' dir='ltr'><strong>impertiamur</strong></span> <span class='ocrx_word' id='word_1_565' title='bbox 2946 1346 3139 1411; x_wconf 76' lang='lat' dir='ltr'><strong>oliicii;</strong></span> <span class='ocrx_word' id='word_1_566' title='bbox 3167 1345 3565 1415; x_wconf 83' lang='lat' dir='ltr'><strong>diligentissime</strong></span> 
     </span>
    </p>
   </div>
   <div class='ocr_carea' id='block_1_72' title="bbox 1981 1437 3565 1515">
    <p class='ocr_par' dir='ltr' id='par_1_72' title="bbox 1981 1437 3565 1515">
     <span class='ocr_line' id='line_1_74' title="bbox 1981 1437 3565 1515; baseline -0.003 -18"><span class='ocrx_word' id='word_1_567' title='bbox 1981 1442 2366 1513; x_wconf 86' lang='lat' dir='ltr'><strong>distinguentes</strong></span> <span class='ocrx_word' id='word_1_568' title='bbox 2394 1458 2551 1515; x_wconf 86' lang='lat' dir='ltr'><strong>quem</strong></span> <span class='ocrx_word' id='word_1_569' title='bbox 2580 1452 2775 1497; x_wconf 70' lang='lat' dir='ltr'><strong>nostrm</strong></span> <span class='ocrx_word' id='word_1_570' title='bbox 2823 1441 3015 1507; x_wconf 79' lang='lat' dir='ltr'><strong>salutis</strong></span> <span class='ocrx_word' id='word_1_571' title='bbox 3064 1447 3376 1509; x_wconf 88' lang='lat' dir='ltr'><strong>appetamus</strong></span> <span class='ocrx_word' id='word_1_572' title='bbox 3403 1437 3565 1493; x_wconf 76' lang='lat' dir='ltr'><strong>ell‘ec-</strong></span> 
     </span>
    </p>
   </div>
   <div class='ocr_carea' id='block_1_73' title="bbox 1982 1529 3569 1605">
    <p class='ocr_par' dir='ltr' id='par_1_73' title="bbox 1982 1529 3569 1605">
     <span class='ocr_line' id='line_1_75' title="bbox 1982 1529 3569 1605; baseline -0.004 -16"><span class='ocrx_word' id='word_1_573' title='bbox 1982 1543 2092 1589; x_wconf 87' lang='lat' dir='ltr'><strong>tum</strong></span> <span class='ocrx_word' id='word_1_574' title='bbox 2119 1576 2132 1600; x_wconf 91' lang='lat'><strong>,</strong></span> <span class='ocrx_word' id='word_1_575' title='bbox 2178 1550 2335 1605; x_wconf 89' lang='lat' dir='ltr'><strong>quem</strong></span> <span class='ocrx_word' id='word_1_576' title='bbox 2367 1534 2620 1605; x_wconf 80' lang='lat' dir='ltr'><strong>proximis</strong></span> <span class='ocrx_word' id='word_1_577' title='bbox 2666 1533 2954 1588; x_wconf 89' lang='lat' dir='ltr'><strong>reddamus</strong></span> <span class='ocrx_word' id='word_1_578' title='bbox 2998 1530 3265 1586; x_wconf 78' lang='lat' dir='ltr'><strong>aliectum.</strong></span> <span class='ocrx_word' id='word_1_579' title='bbox 3296 1529 3354 1584; x_wconf 87' lang='lat' dir='ltr'><strong>Si</strong></span> <span class='ocrx_word' id='word_1_580' title='bbox 3397 1529 3569 1583; x_wconf 86' lang='lat' dir='ltr'><strong>bonus</strong></span> 
     </span>
    </p>
   </div>
   <div class='ocr_carea' id='block_1_74' title="bbox 1982 1622 3565 1697">
    <p class='ocr_par' dir='ltr' id='par_1_74' title="bbox 1982 1622 3565 1697">
     <span class='ocr_line' id='line_1_76' title="bbox 1982 1622 3565 1697; baseline -0.006 -15"><span class='ocrx_word' id='word_1_581' title='bbox 1982 1643 2074 1693; x_wconf 91' lang='lat' dir='ltr'><strong>es,</strong></span> <span class='ocrx_word' id='word_1_582' title='bbox 2103 1643 2210 1682; x_wconf 91' lang='lat' dir='ltr'><strong>non</strong></span> <span class='ocrx_word' id='word_1_583' title='bbox 2249 1628 2460 1697; x_wconf 88' lang='lat' dir='ltr'><strong>quidem</strong></span> <span class='ocrx_word' id='word_1_584' title='bbox 2500 1626 2718 1681; x_wconf 90' lang='lat' dir='ltr'><strong>alterius</strong></span> <span class='ocrx_word' id='word_1_585' title='bbox 2766 1626 2907 1680; x_wconf 90' lang='lat' dir='ltr'><strong>bono</strong></span> <span class='ocrx_word' id='word_1_586' title='bbox 2930 1668 2945 1689; x_wconf 94' lang='lat'><strong>,</strong></span> <span class='ocrx_word' id='word_1_587' title='bbox 2997 1623 3092 1678; x_wconf 86' lang='lat' dir='ltr'><strong>sed</strong></span> <span class='ocrx_word' id='word_1_588' title='bbox 3142 1632 3233 1677; x_wconf 89' lang='lat' dir='ltr'><strong>tuo</strong></span> <span class='ocrx_word' id='word_1_589' title='bbox 3259 1622 3429 1676; x_wconf 90' lang='lat' dir='ltr'><strong>bonus</strong></span> <span class='ocrx_word' id='word_1_590' title='bbox 3452 1635 3512 1675; x_wconf 91' lang='lat' dir='ltr'><strong>es</strong></span> <span class='ocrx_word' id='word_1_591' title='bbox 3552 1638 3565 1673; x_wconf 91' lang='lat'><strong>:</strong></span> 
     </span>
    </p>
   </div>
   <div class='ocr_carea' id='block_1_75' title="bbox 1982 1712 3568 1790">
    <p class='ocr_par' dir='ltr' id='par_1_75' title="bbox 1982 1712 3568 1790">
     <span class='ocr_line' id='line_1_77' title="bbox 1982 1712 3568 1790; baseline -0.006 -17"><span class='ocrx_word' id='word_1_592' title='bbox 1982 1729 2346 1775; x_wconf 88' lang='lat' dir='ltr'><strong>verumtamen</strong></span> <span class='ocrx_word' id='word_1_593' title='bbox 2382 1735 2447 1774; x_wconf 88' lang='lat' dir='ltr'><strong>eo</strong></span> <span class='ocrx_word' id='word_1_594' title='bbox 2477 1720 2589 1790; x_wconf 88' lang='lat' dir='ltr'><strong>ipso</strong></span> <span class='ocrx_word' id='word_1_595' title='bbox 2635 1728 2725 1773; x_wconf 91' lang='lat' dir='ltr'><strong>tuo</strong></span> <span class='ocrx_word' id='word_1_596' title='bbox 2770 1718 2910 1773; x_wconf 87' lang='lat' dir='ltr'><strong>bono</strong></span> <span class='ocrx_word' id='word_1_597' title='bbox 2938 1731 3044 1786; x_wconf 90' lang='lat' dir='ltr'><strong>quo</strong></span> <span class='ocrx_word' id='word_1_598' title='bbox 3087 1714 3259 1770; x_wconf 85' lang='lat' dir='ltr'><strong>bonus</strong></span> <span class='ocrx_word' id='word_1_599' title='bbox 3293 1729 3383 1777; x_wconf 88' lang='lat' dir='ltr'><strong>es,</strong></span> <span class='ocrx_word' id='word_1_600' title='bbox 3408 1712 3568 1767; x_wconf 87' lang='lat' dir='ltr'><strong>etiam</strong></span> 
     </span>
    </p>
   </div>
   <div class='ocr_carea' id='block_1_76' title="bbox 1983 1804 3572 1877">
    <p class='ocr_par' dir='ltr' id='par_1_76' title="bbox 1983 1804 3572 1877">
     <span class='ocr_line' id='line_1_78' title="bbox 1983 1804 3572 1877; baseline -0.006 -11"><span class='ocrx_word' id='word_1_601' title='bbox 1983 1812 2123 1866; x_wconf 89' lang='lat' dir='ltr'><strong>bono</strong></span> <span class='ocrx_word' id='word_1_602' title='bbox 2149 1812 2366 1866; x_wconf 82' lang='lat' dir='ltr'><strong>alterius</strong></span> <span class='ocrx_word' id='word_1_603' title='bbox 2387 1851 2403 1877; x_wconf 91' lang='lat'><strong>,</strong></span> <span class='ocrx_word' id='word_1_604' title='bbox 2428 1826 2532 1865; x_wconf 88' lang='lat' dir='ltr'><strong>non</strong></span> <span class='ocrx_word' id='word_1_605' title='bbox 2564 1818 2798 1864; x_wconf 87' lang='lat' dir='ltr'><strong>mutuata</strong></span> <span class='ocrx_word' id='word_1_606' title='bbox 2839 1808 3074 1863; x_wconf 80' lang='lat' dir='ltr'><strong>bonitate</strong></span> <span class='ocrx_word' id='word_1_607' title='bbox 3100 1848 3113 1869; x_wconf 85' lang='lat'><strong>,</strong></span> <span class='ocrx_word' id='word_1_608' title='bbox 3155 1804 3249 1861; x_wconf 88' lang='lat' dir='ltr'><strong>sed</strong></span> <span class='ocrx_word' id='word_1_609' title='bbox 3280 1813 3457 1857; x_wconf 89' lang='lat' dir='ltr'><strong>mutua</strong></span> <span class='ocrx_word' id='word_1_610' title='bbox 3491 1804 3572 1857; x_wconf 89' lang='lat' dir='ltr'><strong>di-</strong></span> 
     </span>
    </p>
   </div>
   <div class='ocr_carea' id='block_1_77' title="bbox 1983 1894 3571 1971">
    <p class='ocr_par' dir='ltr' id='par_1_77' title="bbox 1983 1894 3571 1971">
     <span class='ocr_line' id='line_1_79' title="bbox 1983 1894 3571 1971; baseline -0.006 -15"><span class='ocrx_word' id='word_1_611' title='bbox 1983 1901 2209 1956; x_wconf 83' lang='lat' dir='ltr'><strong>lectione</strong></span> <span class='ocrx_word' id='word_1_612' title='bbox 2232 1900 2552 1971; x_wconf 88' lang='lat' dir='ltr'><strong>cougaudes.</strong></span> <span class='ocrx_word' id='word_1_613' title='bbox 2582 1900 2710 1954; x_wconf 87' lang='lat' dir='ltr'><strong>Item</strong></span> <span class='ocrx_word' id='word_1_614' title='bbox 2754 1899 2799 1953; x_wconf 91' lang='lat' dir='ltr'><strong>si</strong></span> <span class='ocrx_word' id='word_1_615' title='bbox 2845 1898 3014 1953; x_wconf 88' lang='lat' dir='ltr'><strong>malus</strong></span> <span class='ocrx_word' id='word_1_616' title='bbox 3044 1912 3137 1962; x_wconf 91' lang='lat' dir='ltr'><strong>es,</strong></span> <span class='ocrx_word' id='word_1_617' title='bbox 3168 1910 3272 1949; x_wconf 93' lang='lat' dir='ltr'><strong>non</strong></span> <span class='ocrx_word' id='word_1_618' title='bbox 3304 1894 3475 1949; x_wconf 88' lang='lat' dir='ltr'><strong>malus</strong></span> <span class='ocrx_word' id='word_1_619' title='bbox 3512 1909 3571 1947; x_wconf 89' lang='lat' dir='ltr'><strong>es</strong></span> 
     </span>
    </p>
   </div>
   <div class='ocr_carea' id='block_1_78' title="bbox 1984 1985 3569 2059">
    <p class='ocr_par' dir='ltr' id='par_1_78' title="bbox 1984 1985 3569 2059">
     <span class='ocr_line' id='line_1_80' title="bbox 1984 1985 3569 2059; baseline -0.007 -11"><span class='ocrx_word' id='word_1_620' title='bbox 1984 1995 2125 2048; x_wconf 87' lang='lat' dir='ltr'><strong>malo</strong></span> <span class='ocrx_word' id='word_1_621' title='bbox 2148 1993 2356 2059; x_wconf 88' lang='lat' dir='ltr'><strong>alieno,</strong></span> <span class='ocrx_word' id='word_1_622' title='bbox 2402 1992 2498 2048; x_wconf 91' lang='lat' dir='ltr'><strong>sed</strong></span> <span class='ocrx_word' id='word_1_623' title='bbox 2530 2001 2619 2046; x_wconf 92' lang='lat' dir='ltr'><strong>tuo</strong></span> <span class='ocrx_word' id='word_1_624' title='bbox 2661 2008 2673 2042; x_wconf 91' lang='lat'>:</span> <span class='ocrx_word' id='word_1_625' title='bbox 2710 1990 2899 2045; x_wconf 89' lang='lat' dir='ltr'><strong>eodem</strong></span> <span class='ocrx_word' id='word_1_626' title='bbox 2921 2002 3132 2059; x_wconf 86' lang='lat' dir='ltr'><strong>quoque</strong></span> <span class='ocrx_word' id='word_1_627' title='bbox 3159 1995 3252 2043; x_wconf 89' lang='lat' dir='ltr'><strong>tuo</strong></span> <span class='ocrx_word' id='word_1_628' title='bbox 3296 1985 3436 2042; x_wconf 88' lang='lat' dir='ltr'><strong>malo</strong></span> <span class='ocrx_word' id='word_1_629' title='bbox 3464 2000 3569 2038; x_wconf 87' lang='lat' dir='ltr'><strong>non</strong></span> 
     </span>
    </p>
   </div>
   <div class='ocr_carea' id='block_1_79' title="bbox 1983 2075 3570 2153">
    <p class='ocr_par' dir='ltr' id='par_1_79' title="bbox 1983 2075 3570 2153">
     <span class='ocr_line' id='line_1_81' title="bbox 1983 2075 3570 2153; baseline -0.004 -18"><span class='ocrx_word' id='word_1_630' title='bbox 1983 2083 2159 2153; x_wconf 86' lang='lat' dir='ltr'><strong>diligis</strong></span> <span class='ocrx_word' id='word_1_631' title='bbox 2181 2083 2479 2152; x_wconf 83' lang='lat' dir='ltr'><strong>proximum</strong></span> <span class='ocrx_word' id='word_1_632' title='bbox 2509 2090 2758 2152; x_wconf 89' lang='lat' dir='ltr'><strong>tanquam</strong></span> <span class='ocrx_word' id='word_1_633' title='bbox 2792 2090 2841 2134; x_wconf 92' lang='lat' dir='ltr'><strong>te</strong></span> <span class='ocrx_word' id='word_1_634' title='bbox 2869 2079 3074 2150; x_wconf 88' lang='lat' dir='ltr'><strong>ipsum;</strong></span> <span class='ocrx_word' id='word_1_635' title='bbox 3117 2093 3288 2148; x_wconf 82' lang='lat' dir='ltr'><strong>neque</strong></span> <span class='ocrx_word' id='word_1_636' title='bbox 3316 2076 3456 2131; x_wconf 88' lang='lat' dir='ltr'><strong>enim</strong></span> <span class='ocrx_word' id='word_1_637' title='bbox 3485 2075 3570 2131; x_wconf 57' lang='lat' dir='ltr'><strong>di-</strong></span> 
     </span>
    </p>
   </div>
   <div class='ocr_carea' id='block_1_80' title="bbox 1984 2166 3568 2243">
    <p class='ocr_par' dir='ltr' id='par_1_80' title="bbox 1984 2166 3568 2243">
     <span class='ocr_line' id='line_1_82' title="bbox 1984 2166 3568 2243; baseline -0.004 -16"><span class='ocrx_word' id='word_1_638' title='bbox 1984 2174 2101 2243; x_wconf 89' lang='lat' dir='ltr'><strong>ligis</strong></span> <span class='ocrx_word' id='word_1_639' title='bbox 2124 2174 2204 2228; x_wconf 86' lang='lat' dir='ltr'><strong>vel</strong></span> <span class='ocrx_word' id='word_1_640' title='bbox 2236 2182 2287 2227; x_wconf 91' lang='lat' dir='ltr'><strong>te</strong></span> <span class='ocrx_word' id='word_1_641' title='bbox 2314 2173 2504 2243; x_wconf 89' lang='lat' dir='ltr'><strong>ipsum.</strong></span> <span class='ocrx_word' id='word_1_642' title='bbox 2547 2172 2729 2242; x_wconf 89' lang='lat' dir='ltr'><strong>Diligis</strong></span> <span class='ocrx_word' id='word_1_643' title='bbox 2773 2171 2967 2241; x_wconf 89' lang='lat' dir='ltr'><strong>quippe</strong></span> <span class='ocrx_word' id='word_1_644' title='bbox 3010 2169 3338 2239; x_wconf 90' lang='lat' dir='ltr'><strong>iniquitatem</strong></span> <span class='ocrx_word' id='word_1_645' title='bbox 3368 2166 3568 2221; x_wconf 82' lang='lat' dir='ltr'><strong>acerri-</strong></span> 
     </span>
    </p>
   </div>
   <div class='ocr_carea' id='block_1_81' title="bbox 1984 2257 3572 2329">
    <p class='ocr_par' dir='ltr' id='par_1_81' title="bbox 1984 2257 3572 2329">
     <span class='ocr_line' id='line_1_83' title="bbox 1984 2257 3572 2329; baseline -0.004 -11"><span class='ocrx_word' id='word_1_646' title='bbox 1984 2278 2125 2319; x_wconf 89' lang='lat' dir='ltr'><strong>mam</strong></span> <span class='ocrx_word' id='word_1_647' title='bbox 2156 2262 2425 2318; x_wconf 88' lang='lat' dir='ltr'><strong>inimicam</strong></span> <span class='ocrx_word' id='word_1_648' title='bbox 2448 2303 2464 2329; x_wconf 89' lang='lat'><strong>,</strong></span> <span class='ocrx_word' id='word_1_649' title='bbox 2497 2280 2600 2317; x_wconf 84' lang='lat' dir='ltr'><strong>non</strong></span> <span class='ocrx_word' id='word_1_650' title='bbox 2631 2263 2721 2317; x_wconf 88' lang='lat' dir='ltr'><strong>tibi</strong></span> <span class='ocrx_word' id='word_1_651' title='bbox 2750 2262 3081 2317; x_wconf 79' lang='lat' dir='ltr'><strong>extrinsecus</strong></span> <span class='ocrx_word' id='word_1_652' title='bbox 3130 2259 3430 2324; x_wconf 88' lang='lat' dir='ltr'><strong>admotam,</strong></span> <span class='ocrx_word' id='word_1_653' title='bbox 3477 2257 3572 2312; x_wconf 88' lang='lat' dir='ltr'><strong>sed</strong></span> 
     </span>
    </p>
   </div>
   <div class='ocr_carea' id='block_1_82' title="bbox 1984 2349 3577 2422">
    <p class='ocr_par' dir='ltr' id='par_1_82' title="bbox 1984 2349 3577 2422">
     <span class='ocr_line' id='line_1_84' title="bbox 1984 2349 3577 2422; baseline -0.004 -15"><span class='ocrx_word' id='word_1_654' title='bbox 1984 2354 2081 2410; x_wconf 87' lang='lat' dir='ltr'><strong>abs</strong></span> <span class='ocrx_word' id='word_1_655' title='bbox 2110 2363 2160 2409; x_wconf 90' lang='lat' dir='ltr'><strong>te</strong></span> <span class='ocrx_word' id='word_1_656' title='bbox 2188 2354 2278 2408; x_wconf 88' lang='lat' dir='ltr'><strong>tibi</strong></span> <span class='ocrx_word' id='word_1_657' title='bbox 2308 2354 2625 2409; x_wconf 88' lang='lat' dir='ltr'><strong>intrinsecus</strong></span> <span class='ocrx_word' id='word_1_658' title='bbox 2656 2352 2845 2407; x_wconf 81' lang='lat' dir='ltr'><strong>laetam</strong></span> <span class='ocrx_word' id='word_1_659' title='bbox 2874 2370 2887 2405; x_wconf 88' lang='lat'><strong>:</strong></span> <span class='ocrx_word' id='word_1_660' title='bbox 2917 2367 3036 2422; x_wconf 73' lang='lat' dir='ltr'><strong>qua:</strong></span> <span class='ocrx_word' id='word_1_661' title='bbox 3062 2360 3121 2405; x_wconf 90' lang='lat' dir='ltr'><strong>ut</strong></span> <span class='ocrx_word' id='word_1_662' title='bbox 3164 2350 3367 2404; x_wconf 76' lang='lat' dir='ltr'><strong>facilius</strong></span> <span class='ocrx_word' id='word_1_663' title='bbox 3403 2349 3577 2403; x_wconf 84' lang='lat' dir='ltr'><strong>vincat</strong></span> 
     </span>
    </p>
   </div>
   <div class='ocr_carea' id='block_1_83' title="bbox 1988 2441 3572 2515">
    <p class='ocr_par' dir='ltr' id='par_1_83' title="bbox 1988 2441 3572 2515">
     <span class='ocr_line' id='line_1_85' title="bbox 1988 2441 3572 2515; baseline -0.005 -15"><span class='ocrx_word' id='word_1_664' title='bbox 1988 2455 2066 2511; x_wconf 90' lang='lat' dir='ltr'><strong>te,</strong></span> <span class='ocrx_word' id='word_1_665' title='bbox 2103 2445 2253 2501; x_wconf 82' lang='lat' dir='ltr'><strong>faves</strong></span> <span class='ocrx_word' id='word_1_666' title='bbox 2281 2446 2328 2500; x_wconf 89' lang='lat' dir='ltr'><strong>ei</strong></span> <span class='ocrx_word' id='word_1_667' title='bbox 2350 2454 2534 2501; x_wconf 88' lang='lat' dir='ltr'><strong>contra</strong></span> <span class='ocrx_word' id='word_1_668' title='bbox 2566 2454 2636 2499; x_wconf 89' lang='lat' dir='ltr'><strong>te.</strong></span> <span class='ocrx_word' id='word_1_669' title='bbox 2669 2444 2740 2498; x_wconf 89' lang='lat' dir='ltr'><strong>Ita</strong></span> <span class='ocrx_word' id='word_1_670' title='bbox 2762 2442 2902 2515; x_wconf 88' lang='lat' dir='ltr'><strong>quod</strong></span> <span class='ocrx_word' id='word_1_671' title='bbox 2948 2450 2998 2498; x_wconf 90' lang='lat' dir='ltr'><strong>te</strong></span> <span class='ocrx_word' id='word_1_672' title='bbox 3024 2441 3202 2496; x_wconf 89' lang='lat' dir='ltr'><strong>oderis</strong></span> <span class='ocrx_word' id='word_1_673' title='bbox 3232 2449 3416 2511; x_wconf 84' lang='lat' dir='ltr'><strong>aperte</strong></span> <span class='ocrx_word' id='word_1_674' title='bbox 3441 2454 3572 2495; x_wconf 78' lang='lat' dir='ltr'><strong>con-</strong></span> 
     </span>
    </p>
   </div>
   <div class='ocr_carea' id='block_1_84' title="bbox 1987 2531 3570 2605">
    <p class='ocr_par' dir='ltr' id='par_1_84' title="bbox 1987 2531 3570 2605">
     <span class='ocr_line' id='line_1_86' title="bbox 1987 2531 3570 2605; baseline -0.005 -13"><span class='ocrx_word' id='word_1_675' title='bbox 1987 2539 2219 2594; x_wconf 88' lang='lat' dir='ltr'><strong>vinceris</strong></span> <span class='ocrx_word' id='word_1_676' title='bbox 2241 2580 2254 2604; x_wconf 94' lang='lat'><strong>,</strong></span> <span class='ocrx_word' id='word_1_677' title='bbox 2288 2554 2409 2593; x_wconf 92' lang='lat' dir='ltr'><strong>cum</strong></span> <span class='ocrx_word' id='word_1_678' title='bbox 2442 2552 2560 2593; x_wconf 86' lang='lat' dir='ltr'><strong>eam</strong></span> <span class='ocrx_word' id='word_1_679' title='bbox 2594 2536 2767 2605; x_wconf 87' lang='lat' dir='ltr'><strong>diligis</strong></span> <span class='ocrx_word' id='word_1_680' title='bbox 2788 2577 2801 2599; x_wconf 91' lang='lat'><strong>,</strong></span> <span class='ocrx_word' id='word_1_681' title='bbox 2847 2550 2878 2588; x_wconf 90' lang='lat' dir='ltr'><strong>a</strong></span> <span class='ocrx_word' id='word_1_682' title='bbox 2909 2549 3010 2604; x_wconf 92' lang='lat' dir='ltr'><strong>qua</strong></span> <span class='ocrx_word' id='word_1_683' title='bbox 3048 2533 3270 2603; x_wconf 87' lang='lat' dir='ltr'><strong>turpiter</strong></span> <span class='ocrx_word' id='word_1_684' title='bbox 3318 2531 3570 2585; x_wconf 86' lang='lat' dir='ltr'><strong>vinceris.</strong></span> 
     </span>
    </p>
   </div>
   <div class='ocr_carea' id='block_1_85' title="bbox 1987 2620 3573 2699">
    <p class='ocr_par' dir='ltr' id='par_1_85' title="bbox 1987 2620 3573 2699">
     <span class='ocr_line' id='line_1_87' title="bbox 1987 2620 3573 2699; baseline -0.007 -16"><span class='ocrx_word' id='word_1_685' title='bbox 1987 2629 2168 2699; x_wconf 89' lang='lat' dir='ltr'><strong>Neque</strong></span> <span class='ocrx_word' id='word_1_686' title='bbox 2196 2628 2340 2683; x_wconf 90' lang='lat' dir='ltr'><strong>enim</strong></span> <span class='ocrx_word' id='word_1_687' title='bbox 2368 2628 2601 2682; x_wconf 84' lang='lat' dir='ltr'><strong>divinum</strong></span> <span class='ocrx_word' id='word_1_688' title='bbox 2631 2626 2897 2699; x_wconf 64' lang='lat' dir='ltr'><strong>eloquium</strong></span> <span class='ocrx_word' id='word_1_689' title='bbox 2930 2623 3183 2686; x_wconf 83' lang='lat' dir='ltr'><strong>falsetur,</strong></span> <span class='ocrx_word' id='word_1_690' title='bbox 3226 2636 3331 2691; x_wconf 88' lang='lat' dir='ltr'><strong>quo</strong></span> <span class='ocrx_word' id='word_1_691' title='bbox 3373 2620 3573 2675; x_wconf 83' lang='lat' dir='ltr'><strong>dictum</strong></span> 
     </span>
    </p>
   </div>
   <div class='ocr_carea' id='block_1_86' title="bbox 1987 2712 3578 2787">
    <p class='ocr_par' dir='ltr' id='par_1_86' title="bbox 1987 2712 3578 2787">
     <span class='ocr_line' id='line_1_88' title="bbox 1987 2712 3578 2787; baseline -0.007 -14"><span class='ocrx_word' id='word_1_692' title='bbox 1987 2728 2066 2773; x_wconf 83' lang='lat' dir='ltr'><strong>est</strong></span> <span class='ocrx_word' id='word_1_693' title='bbox 2089 2760 2103 2783; x_wconf 90' lang='lat'><strong>,</strong></span> <span class='ocrx_word' id='word_1_694' title='bbox 2136 2718 2234 2784; x_wconf 84' lang='lat' dir='ltr'><strong>Qui</strong></span> <span class='ocrx_word' id='word_1_695' title='bbox 2259 2728 2425 2772; x_wconf 87' lang='lat' dir='ltr'><strong>autem</strong></span> <span class='ocrx_word' id='word_1_696' title='bbox 2454 2717 2619 2787; x_wconf 84' lang='lat' dir='ltr'><strong>diligit</strong></span> <span class='ocrx_word' id='word_1_697' title='bbox 2651 2715 3002 2787; x_wconf 87' lang='lat' dir='ltr'><strong>iniquitatem,</strong></span> <span class='ocrx_word' id='word_1_698' title='bbox 3035 2712 3140 2766; x_wconf 89' lang='lat' dir='ltr'><strong>odit</strong></span> <span class='ocrx_word' id='word_1_699' title='bbox 3168 2712 3388 2765; x_wconf 85' lang='lat' dir='ltr'><strong>animam</strong></span> <span class='ocrx_word' id='word_1_700' title='bbox 3433 2727 3578 2764; x_wconf 88' lang='lat' dir='ltr'><strong>suam</strong></span> 
     </span>
    </p>
   </div>
   <div class='ocr_carea' id='block_1_87' title="bbox 1990 2808 2367 2879">
    <p class='ocr_par' dir='ltr' id='par_1_87' title="bbox 1990 2808 2367 2879">
     <span class='ocr_line' id='line_1_89' title="bbox 1990 2808 2367 2879; baseline 0.003 -17"><span class='ocrx_word' id='word_1_701' title='bbox 1990 2808 2159 2879; x_wconf 82' lang='lat' dir='ltr'><strong>(Psal.</strong></span> <span class='ocrx_word' id='word_1_702' title='bbox 2189 2826 2258 2876; x_wconf 73' lang='grc' dir='ltr'><strong>χ,</strong></span> <span class='ocrx_word' id='word_1_703' title='bbox 2289 2809 2367 2879; x_wconf 85' lang='lat'><strong>6).</strong></span> 
     </span>
    </p>
   </div>
   <div class='ocr_carea' id='block_1_88' title="bbox 2062 2895 3581 2970">
    <p class='ocr_par' dir='ltr' id='par_1_88' title="bbox 2062 2895 3581 2970">
     <span class='ocr_line' id='line_1_90' title="bbox 2062 2895 3581 2970; baseline -0.005 -13"><span class='ocrx_word' id='word_1_704' title='bbox 2062 2904 2113 2957; x_wconf 78' lang='grc'><strong>5.</strong></span> <span class='ocrx_word' id='word_1_705' title='bbox 2142 2902 2276 2956; x_wconf 86' lang='lat' dir='ltr'><strong>llinc</strong></span> <span class='ocrx_word' id='word_1_706' title='bbox 2300 2909 2383 2956; x_wconf 88' lang='lat' dir='ltr'><strong>est</strong></span> <span class='ocrx_word' id='word_1_707' title='bbox 2408 2915 2568 2969; x_wconf 87' lang='lat' dir='ltr'><strong>ergo,</strong></span> <span class='ocrx_word' id='word_1_708' title='bbox 2600 2899 2741 2970; x_wconf 87' lang='lat' dir='ltr'><strong>quod</strong></span> <span class='ocrx_word' id='word_1_709' title='bbox 2772 2898 2943 2953; x_wconf 88' lang='lat' dir='ltr'><strong>bonus</strong></span> <span class='ocrx_word' id='word_1_710' title='bbox 2984 2912 3049 2951; x_wconf 93' lang='lat' dir='ltr'><strong>eo</strong></span> <span class='ocrx_word' id='word_1_711' title='bbox 3096 2896 3238 2951; x_wconf 89' lang='lat' dir='ltr'><strong>bono</strong></span> <span class='ocrx_word' id='word_1_712' title='bbox 3277 2911 3382 2966; x_wconf 90' lang='lat' dir='ltr'><strong>quo</strong></span> <span class='ocrx_word' id='word_1_713' title='bbox 3408 2895 3581 2951; x_wconf 87' lang='lat' dir='ltr'><strong>bonus</strong></span> 
     </span>
    </p>
   </div>
   <div class='ocr_carea' id='block_1_89' title="bbox 1989 2987 3582 3060">
    <p class='ocr_par' dir='ltr' id='par_1_89' title="bbox 1989 2987 3582 3060">
     <span class='ocr_line' id='line_1_91' title="bbox 1989 2987 3582 3060; baseline -0.004 -14"><span class='ocrx_word' id='word_1_714' title='bbox 1989 2999 2070 3046; x_wconf 90' lang='lat' dir='ltr'><strong>est</strong></span> <span class='ocrx_word' id='word_1_715' title='bbox 2090 3033 2104 3056; x_wconf 92' lang='lat'><strong>,</strong></span> <span class='ocrx_word' id='word_1_716' title='bbox 2130 3000 2183 3047; x_wconf 90' lang='lat' dir='ltr'><strong>et</strong></span> <span class='ocrx_word' id='word_1_717' title='bbox 2202 2991 2342 3046; x_wconf 88' lang='lat' dir='ltr'><strong>bono</strong></span> <span class='ocrx_word' id='word_1_718' title='bbox 2369 2990 2586 3044; x_wconf 88' lang='lat' dir='ltr'><strong>alterius</strong></span> <span class='ocrx_word' id='word_1_719' title='bbox 2611 2989 2935 3060; x_wconf 86' lang='lat' dir='ltr'><strong>gratulatur,</strong></span> <span class='ocrx_word' id='word_1_720' title='bbox 2964 2995 3013 3041; x_wconf 91' lang='lat' dir='ltr'><strong>et</strong></span> <span class='ocrx_word' id='word_1_721' title='bbox 3042 2987 3181 3042; x_wconf 86' lang='lat' dir='ltr'><strong>malo</strong></span> <span class='ocrx_word' id='word_1_722' title='bbox 3211 2987 3429 3041; x_wconf 86' lang='lat' dir='ltr'><strong>alterius</strong></span> <span class='ocrx_word' id='word_1_723' title='bbox 3453 3001 3582 3040; x_wconf 90' lang='lat' dir='ltr'><strong>con-</strong></span> 
     </span>
    </p>
   </div>
   <div class='ocr_carea' id='block_1_90' title="bbox 1993 3077 3583 3150">
    <p class='ocr_par' dir='ltr' id='par_1_90' title="bbox 1993 3077 3583 3150">
     <span class='ocr_line' id='line_1_92' title="bbox 1993 3077 3583 3150; baseline -0.003 -15"><span class='ocrx_word' id='word_1_724' title='bbox 1993 3082 2254 3135; x_wconf 89' lang='lat' dir='ltr'><strong>tristatur.</strong></span> <span class='ocrx_word' id='word_1_725' title='bbox 2288 3082 2364 3135; x_wconf 86' lang='lat' dir='ltr'><strong>Ac</strong></span> <span class='ocrx_word' id='word_1_726' title='bbox 2411 3096 2503 3150; x_wconf 91' lang='lat' dir='ltr'><strong>per</strong></span> <span class='ocrx_word' id='word_1_727' title='bbox 2548 3079 2651 3134; x_wconf 92' lang='lat' dir='ltr'><strong>hoc</strong></span> <span class='ocrx_word' id='word_1_728' title='bbox 2699 3079 2789 3133; x_wconf 89' lang='lat' dir='ltr'><strong>tali</strong></span> <span class='ocrx_word' id='word_1_729' title='bbox 2832 3078 3114 3148; x_wconf 82' lang='lat' dir='ltr'><strong>proximo;</strong></span> <span class='ocrx_word' id='word_1_730' title='bbox 3160 3077 3411 3147; x_wconf 82' lang='lat' dir='ltr'><strong>quoniam</strong></span> <span class='ocrx_word' id='word_1_731' title='bbox 3469 3077 3583 3147; x_wconf 80' lang='lat' dir='ltr'><strong>ipse</strong></span> 
     </span>
    </p>
   </div>
   <div class='ocr_carea' id='block_1_91' title="bbox 1993 3167 3581 3243">
    <p class='ocr_par' dir='ltr' id='par_1_91' title="bbox 1993 3167 3581 3243">
     <span class='ocr_line' id='line_1_93' title="bbox 1993 3167 3581 3243; baseline -0.006 -14"><span class='ocrx_word' id='word_1_732' title='bbox 1993 3174 2168 3229; x_wconf 89' lang='lat' dir='ltr'><strong>verius</strong></span> <span class='ocrx_word' id='word_1_733' title='bbox 2190 3172 2383 3227; x_wconf 88' lang='lat' dir='ltr'><strong>dicitur</strong></span> <span class='ocrx_word' id='word_1_734' title='bbox 2414 3171 2686 3243; x_wconf 87' lang='lat' dir='ltr'><strong>proximus</strong></span> <span class='ocrx_word' id='word_1_735' title='bbox 2707 3210 2726 3237; x_wconf 89' lang='lat'><strong>,</strong></span> <span class='ocrx_word' id='word_1_736' title='bbox 2756 3170 2847 3240; x_wconf 91' lang='lat' dir='ltr'><strong>qui</strong></span> <span class='ocrx_word' id='word_1_737' title='bbox 2880 3179 2930 3225; x_wconf 93' lang='lat' dir='ltr'><strong>te</strong></span> <span class='ocrx_word' id='word_1_738' title='bbox 2955 3169 3020 3224; x_wconf 91' lang='lat' dir='ltr'><strong>de</strong></span> <span class='ocrx_word' id='word_1_739' title='bbox 3049 3168 3295 3240; x_wconf 84' lang='lat' dir='ltr'><strong>proximo</strong></span> <span class='ocrx_word' id='word_1_740' title='bbox 3313 3167 3581 3233; x_wconf 83' lang='lat' dir='ltr'><strong>attendit,</strong></span> 
     </span>
    </p>
   </div>
   <div class='ocr_carea' id='block_1_92' title="bbox 1993 3262 3585 3335">
    <p class='ocr_par' dir='ltr' id='par_1_92' title="bbox 1993 3262 3585 3335">
     <span class='ocr_line' id='line_1_94' title="bbox 1993 3262 3585 3335; baseline -0.003 -14"><span class='ocrx_word' id='word_1_741' title='bbox 1993 3268 2097 3323; x_wconf 90' lang='lat' dir='ltr'><strong>hoc</strong></span> <span class='ocrx_word' id='word_1_742' title='bbox 2122 3276 2202 3323; x_wconf 91' lang='lat' dir='ltr'><strong>est</strong></span> <span class='ocrx_word' id='word_1_743' title='bbox 2232 3265 2647 3322; x_wconf 87' lang='lat' dir='ltr'><strong>misericorditer</strong></span> <span class='ocrx_word' id='word_1_744' title='bbox 2673 3264 2913 3335; x_wconf 78' lang='lat' dir='ltr'><strong>respicit;</strong></span> <span class='ocrx_word' id='word_1_745' title='bbox 2941 3264 3027 3317; x_wconf 91' lang='lat' dir='ltr'><strong>tali</strong></span> <span class='ocrx_word' id='word_1_746' title='bbox 3058 3278 3185 3334; x_wconf 89' lang='lat' dir='ltr'><strong>ergo</strong></span> <span class='ocrx_word' id='word_1_747' title='bbox 3210 3263 3456 3334; x_wconf 87' lang='lat' dir='ltr'><strong>proximo</strong></span> <span class='ocrx_word' id='word_1_748' title='bbox 3481 3262 3585 3316; x_wconf 86' lang='lat' dir='ltr'><strong>uti—</strong></span> 
     </span>
    </p>
   </div>
   <div class='ocr_carea' id='block_1_93' title="bbox 1991 3352 3579 3431">
    <p class='ocr_par' dir='ltr' id='par_1_93' title="bbox 1991 3352 3579 3431">
     <span class='ocr_line' id='line_1_95' title="bbox 1991 3352 3579 3431; baseline -0.004 -20"><span class='ocrx_word' id='word_1_749' title='bbox 1991 3375 2094 3431; x_wconf 89' lang='lat' dir='ltr'><strong>que</strong></span> <span class='ocrx_word' id='word_1_750' title='bbox 2118 3399 2134 3423; x_wconf 85' lang='lat'><strong>,</strong></span> <span class='ocrx_word' id='word_1_751' title='bbox 2182 3358 2225 3412; x_wconf 90' lang='lat' dir='ltr'><strong>si</strong></span> <span class='ocrx_word' id='word_1_752' title='bbox 2268 3358 2466 3429; x_wconf 84' lang='lat' dir='ltr'><strong>sapiens</strong></span> <span class='ocrx_word' id='word_1_753' title='bbox 2498 3356 2652 3428; x_wconf 76' lang='lat' dir='ltr'><strong>fueris</strong></span> <span class='ocrx_word' id='word_1_754' title='bbox 2676 3397 2690 3420; x_wconf 91' lang='lat'><strong>,</strong></span> <span class='ocrx_word' id='word_1_755' title='bbox 2719 3366 2774 3410; x_wconf 90' lang='lat' dir='ltr'><strong>et</strong></span> <span class='ocrx_word' id='word_1_756' title='bbox 2819 3355 2908 3409; x_wconf 90' lang='lat' dir='ltr'><strong>tibi</strong></span> <span class='ocrx_word' id='word_1_757' title='bbox 2940 3364 2993 3409; x_wconf 90' lang='lat' dir='ltr'><strong>ct</strong></span> <span class='ocrx_word' id='word_1_758' title='bbox 3019 3354 3090 3408; x_wconf 90' lang='lat' dir='ltr'><strong>illi</strong></span> <span class='ocrx_word' id='word_1_759' title='bbox 3121 3355 3227 3408; x_wconf 88' lang='lat' dir='ltr'><strong>eris</strong></span> <span class='ocrx_word' id='word_1_760' title='bbox 3260 3371 3271 3406; x_wconf 91' lang='lat'><strong>:</strong></span> <span class='ocrx_word' id='word_1_761' title='bbox 3306 3369 3409 3406; x_wconf 86' lang='lat' dir='ltr'><strong>non</strong></span> <span class='ocrx_word' id='word_1_762' title='bbox 3458 3352 3579 3422; x_wconf 91' lang='lat' dir='ltr'><strong>quia</strong></span> 
     </span>
    </p>
   </div>
   <div class='ocr_carea' id='block_1_94' title="bbox 1994 3443 3583 3516">
    <p class='ocr_par' dir='ltr' id='par_1_94' title="bbox 1994 3443 3583 3516">
     <span class='ocr_line' id='line_1_96' title="bbox 1994 3443 3583 3516; baseline -0.004 -12"><span class='ocrx_word' id='word_1_763' title='bbox 1994 3452 2134 3505; x_wconf 88' lang='lat' dir='ltr'><strong>bono</strong></span> <span class='ocrx_word' id='word_1_764' title='bbox 2164 3458 2253 3504; x_wconf 92' lang='lat' dir='ltr'><strong>tuo</strong></span> <span class='ocrx_word' id='word_1_765' title='bbox 2280 3449 2450 3503; x_wconf 88' lang='lat' dir='ltr'><strong>bonus</strong></span> <span class='ocrx_word' id='word_1_766' title='bbox 2472 3448 2602 3511; x_wconf 85' lang='lat' dir='ltr'><strong>erit,</strong></span> <span class='ocrx_word' id='word_1_767' title='bbox 2634 3445 2728 3501; x_wconf 86' lang='lat' dir='ltr'><strong>sed</strong></span> <span class='ocrx_word' id='word_1_768' title='bbox 2749 3446 2873 3516; x_wconf 89' lang='lat' dir='ltr'><strong>quia</strong></span> <span class='ocrx_word' id='word_1_769' title='bbox 2910 3446 3049 3499; x_wconf 87' lang='lat' dir='ltr'><strong>bono</strong></span> <span class='ocrx_word' id='word_1_770' title='bbox 3076 3460 3173 3499; x_wconf 92' lang='lat' dir='ltr'><strong>suo</strong></span> <span class='ocrx_word' id='word_1_771' title='bbox 3205 3444 3328 3500; x_wconf 87' lang='lat' dir='ltr'><strong>boni</strong></span> <span class='ocrx_word' id='word_1_772' title='bbox 3375 3444 3451 3498; x_wconf 90' lang='lat' dir='ltr'><strong>tui</strong></span> <span class='ocrx_word' id='word_1_773' title='bbox 3499 3443 3583 3513; x_wconf 84' lang='lat' dir='ltr'><strong>di—</strong></span> 
     </span>
    </p>
   </div>
   <div class='ocr_carea' id='block_1_95' title="bbox 1995 3534 3584 3603">
    <p class='ocr_par' dir='ltr' id='par_1_95' title="bbox 1995 3534 3584 3603">
     <span class='ocr_line' id='line_1_97' title="bbox 1995 3534 3584 3603; baseline -0.006 -6"><span class='ocrx_word' id='word_1_774' title='bbox 1995 3543 2162 3597; x_wconf 90' lang='lat' dir='ltr'><strong>lector</strong></span> <span class='ocrx_word' id='word_1_775' title='bbox 2184 3542 2302 3596; x_wconf 92' lang='lat' dir='ltr'><strong>erit.</strong></span> <span class='ocrx_word' id='word_1_776' title='bbox 2346 3540 2406 3595; x_wconf 90' lang='lat' dir='ltr'><strong>Si</strong></span> <span class='ocrx_word' id='word_1_777' title='bbox 2444 3548 2620 3593; x_wconf 87' lang='lat' dir='ltr'><strong>autem</strong></span> <span class='ocrx_word' id='word_1_778' title='bbox 2648 3538 2811 3591; x_wconf 87' lang='lat' dir='ltr'><strong>malus</strong></span> <span class='ocrx_word' id='word_1_779' title='bbox 2853 3537 3099 3603; x_wconf 77' lang='lat' dir='ltr'><strong>evaseris,</strong></span> <span class='ocrx_word' id='word_1_780' title='bbox 3143 3551 3245 3590; x_wconf 91' lang='lat' dir='ltr'><strong>non</strong></span> <span class='ocrx_word' id='word_1_781' title='bbox 3285 3550 3406 3590; x_wconf 90' lang='lat' dir='ltr'><strong>cum</strong></span> <span class='ocrx_word' id='word_1_782' title='bbox 3448 3534 3537 3588; x_wconf 88' lang='lat' dir='ltr'><strong>illo</strong></span> <span class='ocrx_word' id='word_1_783' title='bbox 3566 3576 3584 3599; x_wconf 87' lang='lat'><strong>,</strong></span> 
     </span>
    </p>
   </div>
   <div class='ocr_carea' id='block_1_96' title="bbox 1995 3626 3587 3697">
    <p class='ocr_par' dir='ltr' id='par_1_96' title="bbox 1995 3626 3587 3697">
     <span class='ocr_line' id='line_1_98' title="bbox 1995 3626 3587 3697; baseline -0.005 -11"><span class='ocrx_word' id='word_1_784' title='bbox 1995 3632 2090 3687; x_wconf 87' lang='lat' dir='ltr'><strong>sed</strong></span> <span class='ocrx_word' id='word_1_785' title='bbox 2128 3632 2264 3685; x_wconf 84' lang='lat' dir='ltr'><strong>solus</strong></span> <span class='ocrx_word' id='word_1_786' title='bbox 2291 3630 2492 3683; x_wconf 74' lang='lat' dir='ltr'><strong>haurias</strong></span> <span class='ocrx_word' id='word_1_787' title='bbox 2533 3628 2686 3682; x_wconf 88' lang='lat' dir='ltr'><strong>mala.</strong></span> <span class='ocrx_word' id='word_1_788' title='bbox 2718 3628 2900 3697; x_wconf 85' lang='lat' dir='ltr'><strong>Neque</strong></span> <span class='ocrx_word' id='word_1_789' title='bbox 2947 3626 3088 3682; x_wconf 87' lang='lat' dir='ltr'><strong>enim</strong></span> <span class='ocrx_word' id='word_1_790' title='bbox 3120 3626 3259 3681; x_wconf 88' lang='lat' dir='ltr'><strong>malo</strong></span> <span class='ocrx_word' id='word_1_791' title='bbox 3287 3635 3378 3681; x_wconf 90' lang='lat' dir='ltr'><strong>tuo</strong></span> <span class='ocrx_word' id='word_1_792' title='bbox 3414 3626 3587 3679; x_wconf 81' lang='lat' dir='ltr'><strong>malus</strong></span> 
     </span>
    </p>
   </div>
   <div class='ocr_carea' id='block_1_97' title="bbox 1996 3718 3589 3791">
    <p class='ocr_par' dir='ltr' id='par_1_97' title="bbox 1996 3718 3589 3791">
     <span class='ocr_line' id='line_1_99' title="bbox 1996 3718 3589 3791; baseline -0.005 -12"><span class='ocrx_word' id='word_1_793' title='bbox 1996 3725 2099 3779; x_wconf 90' lang='lat' dir='ltr'><strong>erit</strong></span> <span class='ocrx_word' id='word_1_794' title='bbox 2121 3765 2136 3791; x_wconf 94' lang='lat'><strong>,</strong></span> <span class='ocrx_word' id='word_1_795' title='bbox 2164 3723 2256 3777; x_wconf 91' lang='lat' dir='ltr'><strong>sed</strong></span> <span class='ocrx_word' id='word_1_796' title='bbox 2282 3723 2332 3776; x_wconf 90' lang='lat' dir='ltr'><strong>in</strong></span> <span class='ocrx_word' id='word_1_797' title='bbox 2374 3730 2464 3777; x_wconf 91' lang='lat' dir='ltr'><strong>tuo</strong></span> <span class='ocrx_word' id='word_1_798' title='bbox 2504 3720 2807 3777; x_wconf 88' lang='lat' dir='ltr'><strong>misericors</strong></span> <span class='ocrx_word' id='word_1_799' title='bbox 2836 3719 2957 3775; x_wconf 89' lang='lat' dir='ltr'><strong>erit.</strong></span> <span class='ocrx_word' id='word_1_800' title='bbox 2988 3718 3290 3773; x_wconf 83' lang='lat' dir='ltr'><strong>Moestilieat</strong></span> <span class='ocrx_word' id='word_1_801' title='bbox 3326 3732 3447 3771; x_wconf 89' lang='lat' dir='ltr'><strong>eum</strong></span> <span class='ocrx_word' id='word_1_802' title='bbox 3475 3732 3589 3771; x_wconf 50' lang='lat' dir='ltr'><strong>ma.</strong></span> 
     </span>
    </p>
   </div>
   <div class='ocr_carea' id='block_1_98' title="bbox 1995 3804 3586 3881">
    <p class='ocr_par' dir='ltr' id='par_1_98' title="bbox 1995 3804 3586 3881">
     <span class='ocr_line' id='line_1_100' title="bbox 1995 3804 3586 3881; baseline -0.007 -12"><span class='ocrx_word' id='word_1_803' title='bbox 1995 3815 2137 3881; x_wconf 91' lang='lat' dir='ltr'><strong>litia,</strong></span> <span class='ocrx_word' id='word_1_804' title='bbox 2168 3814 2261 3868; x_wconf 90' lang='lat' dir='ltr'><strong>sed</strong></span> <span class='ocrx_word' id='word_1_805' title='bbox 2292 3827 2396 3866; x_wconf 93' lang='lat' dir='ltr'><strong>non</strong></span> <span class='ocrx_word' id='word_1_806' title='bbox 2426 3811 2663 3881; x_wconf 90' lang='lat' dir='ltr'><strong>sequitur</strong></span> <span class='ocrx_word' id='word_1_807' title='bbox 2694 3823 2849 3879; x_wconf 67' lang='lat' dir='ltr'><strong>pinna</strong></span> <span class='ocrx_word' id='word_1_808' title='bbox 2883 3823 2975 3862; x_wconf 88' lang='lat' dir='ltr'><strong>sua</strong></span> <span class='ocrx_word' id='word_1_809' title='bbox 3008 3825 3020 3860; x_wconf 91' lang='lat'>:</span> <span class='ocrx_word' id='word_1_810' title='bbox 3056 3807 3252 3876; x_wconf 85' lang='lat' dir='ltr'><strong>irrogat</strong></span> <span class='ocrx_word' id='word_1_811' title='bbox 3295 3806 3369 3859; x_wconf 90' lang='lat' dir='ltr'><strong>illi</strong></span> <span class='ocrx_word' id='word_1_812' title='bbox 3417 3804 3586 3859; x_wconf 90' lang='lat' dir='ltr'><strong>tristi-</strong></span> 
     </span>
    </p>
   </div>
   <div class='ocr_carea' id='block_1_99' title="bbox 1998 3896 3588 3970">
    <p class='ocr_par' dir='ltr' id='par_1_99' title="bbox 1998 3896 3588 3970">
     <span class='ocr_line' id='line_1_101' title="bbox 1998 3896 3588 3970; baseline -0.006 -11"><span class='ocrx_word' id='word_1_813' title='bbox 1998 3906 2124 3960; x_wconf 71' lang='lat' dir='ltr'><strong>tiam</strong></span> <span class='ocrx_word' id='word_1_814' title='bbox 2141 3946 2155 3970; x_wconf 92' lang='lat'><strong>,</strong></span> <span class='ocrx_word' id='word_1_815' title='bbox 2188 3919 2289 3959; x_wconf 91' lang='lat' dir='ltr'><strong>non</strong></span> <span class='ocrx_word' id='word_1_816' title='bbox 2312 3917 2431 3956; x_wconf 90' lang='lat' dir='ltr'><strong>cum</strong></span> <span class='ocrx_word' id='word_1_817' title='bbox 2453 3901 2543 3955; x_wconf 85' lang='lat' dir='ltr'><strong>illo</strong></span> <span class='ocrx_word' id='word_1_818' title='bbox 2566 3900 2921 3956; x_wconf 87' lang='lat' dir='ltr'><strong>communicat</strong></span> <span class='ocrx_word' id='word_1_819' title='bbox 2942 3898 3275 3968; x_wconf 85' lang='lat' dir='ltr'><strong>injustitiam.</strong></span> <span class='ocrx_word' id='word_1_820' title='bbox 3299 3896 3464 3951; x_wconf 86' lang='lat' dir='ltr'><strong>Malus</strong></span> <span class='ocrx_word' id='word_1_821' title='bbox 3493 3897 3588 3951; x_wconf 85' lang='lat' dir='ltr'><strong>ita-</strong></span> 
     </span>
    </p>
   </div>
   <div class='ocr_carea' id='block_1_100' title="bbox 1998 3988 3590 4067">
    <p class='ocr_par' dir='ltr' id='par_1_100' title="bbox 1998 3988 3590 4067">
     <span class='ocr_line' id='line_1_102' title="bbox 1998 3988 3590 4067; baseline -0.001 -24"><span class='ocrx_word' id='word_1_822' title='bbox 1998 4010 2100 4067; x_wconf 85' lang='lat' dir='ltr'><strong>que</strong></span> <span class='ocrx_word' id='word_1_823' title='bbox 2124 4010 2227 4048; x_wconf 88' lang='lat' dir='ltr'><strong>non</strong></span> <span class='ocrx_word' id='word_1_824' title='bbox 2254 4007 2372 4048; x_wconf 90' lang='lat' dir='ltr'><strong>cum</strong></span> <span class='ocrx_word' id='word_1_825' title='bbox 2401 3991 2643 4063; x_wconf 86' lang='lat' dir='ltr'><strong>proximo</strong></span> <span class='ocrx_word' id='word_1_826' title='bbox 2674 3990 2808 4044; x_wconf 84' lang='lat' dir='ltr'><strong>bona</strong></span> <span class='ocrx_word' id='word_1_827' title='bbox 2830 4031 2846 4057; x_wconf 92' lang='lat'><strong>,</strong></span> <span class='ocrx_word' id='word_1_828' title='bbox 2875 3988 2969 4044; x_wconf 89' lang='lat' dir='ltr'><strong>sed</strong></span> <span class='ocrx_word' id='word_1_829' title='bbox 2999 3988 3136 4043; x_wconf 84' lang='lat' dir='ltr'><strong>solus</strong></span> <span class='ocrx_word' id='word_1_830' title='bbox 3164 3988 3363 4041; x_wconf 87' lang='lat' dir='ltr'><strong>hanries</strong></span> <span class='ocrx_word' id='word_1_831' title='bbox 3403 3988 3538 4042; x_wconf 87' lang='lat' dir='ltr'><strong>mala</strong></span> <span class='ocrx_word' id='word_1_832' title='bbox 3569 4003 3590 4052; x_wconf 81' lang='lat'><strong>,&#39;</strong></span> 
     </span>
    </p>
   </div>
   <div class='ocr_carea' id='block_1_101' title="bbox 1998 4078 3590 4155">
    <p class='ocr_par' dir='ltr' id='par_1_101' title="bbox 1998 4078 3590 4155">
     <span class='ocr_line' id='line_1_103' title="bbox 1998 4078 3590 4155; baseline -0.003 -17"><span class='ocrx_word' id='word_1_833' title='bbox 1998 4085 2119 4155; x_wconf 88' lang='lat' dir='ltr'><strong>quia</strong></span> <span class='ocrx_word' id='word_1_834' title='bbox 2152 4083 2417 4138; x_wconf 86' lang='lat' dir='ltr'><strong>tristitiam</strong></span> <span class='ocrx_word' id='word_1_835' title='bbox 2461 4081 2639 4147; x_wconf 87' lang='lat' dir='ltr'><strong>illam,</strong></span> <span class='ocrx_word' id='word_1_836' title='bbox 2666 4095 2823 4151; x_wconf 88' lang='lat' dir='ltr'><strong>quam</strong></span> <span class='ocrx_word' id='word_1_837' title='bbox 2872 4078 2937 4135; x_wconf 89' lang='lat' dir='ltr'><strong>de</strong></span> <span class='ocrx_word' id='word_1_838' title='bbox 2975 4088 3027 4133; x_wconf 90' lang='lat' dir='ltr'><strong>te</strong></span> <span class='ocrx_word' id='word_1_839' title='bbox 3061 4078 3218 4132; x_wconf 89' lang='lat' dir='ltr'><strong>habet</strong></span> <span class='ocrx_word' id='word_1_840' title='bbox 3242 4079 3413 4133; x_wconf 87' lang='lat' dir='ltr'><strong>bonus</strong></span> <span class='ocrx_word' id='word_1_841' title='bbox 3435 4118 3451 4145; x_wconf 86' lang='lat'><strong>,</strong></span> <span class='ocrx_word' id='word_1_842' title='bbox 3492 4092 3590 4134; x_wconf 88' lang='lat' dir='ltr'><strong>suo</strong></span> 
     </span>
    </p>
   </div>
   <div class='ocr_carea' id='block_1_102' title="bbox 2000 4168 3591 4239">
    <p class='ocr_par' dir='ltr' id='par_1_102' title="bbox 2000 4168 3591 4239">
     <span class='ocr_line' id='line_1_104' title="bbox 2000 4168 3591 4239; baseline -0.004 -8"><span class='ocrx_word' id='word_1_843' title='bbox 2000 4177 2140 4232; x_wconf 88' lang='lat' dir='ltr'><strong>bono</strong></span> <span class='ocrx_word' id='word_1_844' title='bbox 2167 4173 2362 4239; x_wconf 90' lang='lat' dir='ltr'><strong>habet,</strong></span> <span class='ocrx_word' id='word_1_845' title='bbox 2393 4180 2448 4227; x_wconf 91' lang='lat' dir='ltr'><strong>et</strong></span> <span class='ocrx_word' id='word_1_846' title='bbox 2470 4180 2559 4226; x_wconf 92' lang='lat' dir='ltr'><strong>tuo</strong></span> <span class='ocrx_word' id='word_1_847' title='bbox 2584 4172 2744 4226; x_wconf 86' lang='lat' dir='ltr'><strong>malo.</strong></span> <span class='ocrx_word' id='word_1_848' title='bbox 2770 4170 2860 4226; x_wconf 87' lang='lat' dir='ltr'><strong>Illa</strong></span> <span class='ocrx_word' id='word_1_849' title='bbox 2892 4169 3100 4225; x_wconf 85' lang='lat' dir='ltr'><strong>tristitia</strong></span> <span class='ocrx_word' id='word_1_850' title='bbox 3130 4169 3269 4225; x_wconf 84' lang='lat' dir='ltr'><strong>illius</strong></span> <span class='ocrx_word' id='word_1_851' title='bbox 3296 4168 3591 4225; x_wconf 86' lang='lat' dir='ltr'><strong>iudicatdi-</strong></span> 
     </span>
    </p>
   </div>
   <div class='ocr_carea' id='block_1_103' title="bbox 2002 4260 3593 4332">
    <p class='ocr_par' dir='ltr' id='par_1_103' title="bbox 2002 4260 3593 4332">
     <span class='ocr_line' id='line_1_105' title="bbox 2002 4260 3593 4332; baseline -0.004 -9"><span class='ocrx_word' id='word_1_852' title='bbox 2002 4268 2282 4323; x_wconf 86' lang='lat' dir='ltr'><strong>lectionem</strong></span> <span class='ocrx_word' id='word_1_853' title='bbox 2309 4307 2325 4331; x_wconf 90' lang='lat'><strong>,</strong></span> <span class='ocrx_word' id='word_1_854' title='bbox 2362 4272 2504 4318; x_wconf 90' lang='lat' dir='ltr'><strong>tuam</strong></span> <span class='ocrx_word' id='word_1_855' title='bbox 2531 4261 2881 4332; x_wconf 90' lang='lat' dir='ltr'><strong>perditionem</strong></span> <span class='ocrx_word' id='word_1_856' title='bbox 2917 4277 2929 4315; x_wconf 92' lang='lat'>:</span> <span class='ocrx_word' id='word_1_857' title='bbox 2960 4270 3009 4315; x_wconf 90' lang='lat' dir='ltr'><strong>te</strong></span> <span class='ocrx_word' id='word_1_858' title='bbox 3034 4260 3285 4326; x_wconf 88' lang='lat' dir='ltr'><strong>damnat,</strong></span> <span class='ocrx_word' id='word_1_859' title='bbox 3327 4260 3473 4314; x_wconf 88' lang='lat' dir='ltr'><strong>illum</strong></span> <span class='ocrx_word' id='word_1_860' title='bbox 3501 4275 3593 4316; x_wconf 84' lang='lat' dir='ltr'><strong>co-</strong></span> 
     </span>
    </p>
   </div>
   <div class='ocr_carea' id='block_1_104' title="bbox 2000 4350 3591 4426">
    <p class='ocr_par' dir='ltr' id='par_1_104' title="bbox 2000 4350 3591 4426">
     <span class='ocr_line' id='line_1_106' title="bbox 2000 4350 3591 4426; baseline -0.004 -13"><span class='ocrx_word' id='word_1_861' title='bbox 2000 4367 2191 4423; x_wconf 88' lang='lat' dir='ltr'><strong>ronat;</strong></span> <span class='ocrx_word' id='word_1_862' title='bbox 2219 4366 2268 4412; x_wconf 88' lang='lat' dir='ltr'><strong>te</strong></span> <span class='ocrx_word' id='word_1_863' title='bbox 2299 4353 2588 4426; x_wconf 88' lang='lat' dir='ltr'><strong>deprimit,</strong></span> <span class='ocrx_word' id='word_1_864' title='bbox 2619 4353 2763 4408; x_wconf 91' lang='lat' dir='ltr'><strong>illum</strong></span> <span class='ocrx_word' id='word_1_865' title='bbox 2790 4351 2963 4423; x_wconf 89' lang='lat' dir='ltr'><strong>erigit.</strong></span> <span class='ocrx_word' id='word_1_866' title='bbox 2994 4350 3116 4407; x_wconf 85' lang='lat' dir='ltr'><strong>Ideo</strong></span> <span class='ocrx_word' id='word_1_867' title='bbox 3142 4352 3301 4407; x_wconf 88' lang='lat' dir='ltr'><strong>etiam</strong></span> <span class='ocrx_word' id='word_1_868' title='bbox 3336 4353 3591 4423; x_wconf 87' lang='lat' dir='ltr'><strong>scriptum</strong></span> 
     </span>
    </p>
   </div>
   <div class='ocr_carea' id='block_1_105' title="bbox 2004 4448 3594 4521">
    <p class='ocr_par' dir='ltr' id='par_1_105' title="bbox 2004 4448 3594 4521">
     <span class='ocr_line' id='line_1_107' title="bbox 2004 4448 3594 4521; baseline -0.005 -13"><span class='ocrx_word' id='word_1_869' title='bbox 2004 4460 2086 4508; x_wconf 88' lang='lat' dir='ltr'><strong>est</strong></span> <span class='ocrx_word' id='word_1_870' title='bbox 2110 4494 2124 4520; x_wconf 91' lang='lat'><strong>,</strong></span> <span class='ocrx_word' id='word_1_871' title='bbox 2158 4453 2451 4507; x_wconf 84' lang='lat' dir='ltr'><strong>Obedientes</strong></span> <span class='ocrx_word' id='word_1_872' title='bbox 2477 4461 2629 4508; x_wconf 85' lang='lat' dir='ltr'><strong>estote</strong></span> <span class='ocrx_word' id='word_1_873' title='bbox 2656 4450 2936 4521; x_wconf 70' lang='lat' dir='ltr'><strong>prapositis</strong></span> <span class='ocrx_word' id='word_1_874' title='bbox 2970 4449 3143 4505; x_wconf 79' lang='lat' dir='ltr'><strong>vestris</strong></span> <span class='ocrx_word' id='word_1_875' title='bbox 3182 4464 3201 4502; x_wconf 88' lang='lat'><strong><em>:</em></strong></span> <span class='ocrx_word' id='word_1_876' title='bbox 3228 4449 3324 4519; x_wconf 80' lang='lat' dir='ltr'><strong>ipsi</strong></span> <span class='ocrx_word' id='word_1_877' title='bbox 3355 4449 3486 4502; x_wconf 86' lang='lat' dir='ltr'><strong>enim</strong></span> <span class='ocrx_word' id='word_1_878' title='bbox 3516 4448 3594 4501; x_wconf 84' lang='lat' dir='ltr'><strong>vi-</strong></span> 
     </span>
    </p>
   </div>
   <div class='ocr_carea' id='block_1_106' title="bbox 2004 4540 3595 4616">
    <p class='ocr_par' dir='ltr' id='par_1_106' title="bbox 2004 4540 3595 4616">
     <span class='ocr_line' id='line_1_108' title="bbox 2004 4540 3595 4616; baseline -0.003 -18"><span class='ocrx_word' id='word_1_879' title='bbox 2004 4544 2162 4615; x_wconf 89' lang='lat' dir='ltr'><strong>gilant</strong></span> <span class='ocrx_word' id='word_1_880' title='bbox 2189 4561 2281 4616; x_wconf 87' lang='lat' dir='ltr'><strong>pro</strong></span> <span class='ocrx_word' id='word_1_881' title='bbox 2301 4544 2563 4599; x_wconf 85' lang='lat' dir='ltr'><strong>animabus</strong></span> <span class='ocrx_word' id='word_1_882' title='bbox 2584 4544 2756 4598; x_wconf 81' lang='lat' dir='ltr'><strong>vestris</strong></span> <span class='ocrx_word' id='word_1_883' title='bbox 2773 4552 3011 4612; x_wconf 88' lang='lat' dir='ltr'><strong>tanquam</strong></span> <span class='ocrx_word' id='word_1_884' title='bbox 3035 4542 3276 4596; x_wconf 88' lang='lat' dir='ltr'><strong>rationem</strong></span> <span class='ocrx_word' id='word_1_885' title='bbox 3306 4540 3553 4595; x_wconf 85' lang='lat' dir='ltr'><strong>reddituri</strong></span> <span class='ocrx_word' id='word_1_886' title='bbox 3574 4554 3595 4594; x_wconf 92' lang='lat'><strong><em>:</em></strong></span> 
     </span>
    </p>
   </div>
   <div class='ocr_carea' id='block_1_107' title="bbox 2006 4632 3595 4709">
    <p class='ocr_par' dir='ltr' id='par_1_107' title="bbox 2006 4632 3595 4709">
     <span class='ocr_line' id='line_1_109' title="bbox 2006 4632 3595 4709; baseline -0.003 -21"><span class='ocrx_word' id='word_1_887' title='bbox 2006 4646 2058 4689; x_wconf 91' lang='lat' dir='ltr'><strong>ut</strong></span> <span class='ocrx_word' id='word_1_888' title='bbox 2085 4652 2197 4688; x_wconf 85' lang='lat' dir='ltr'><strong>cum</strong></span> <span class='ocrx_word' id='word_1_889' title='bbox 2224 4636 2411 4707; x_wconf 86' lang='lat' dir='ltr'><strong>gaudio</strong></span> <span class='ocrx_word' id='word_1_890' title='bbox 2442 4635 2535 4689; x_wconf 87' lang='lat' dir='ltr'><strong>hoc</strong></span> <span class='ocrx_word' id='word_1_891' title='bbox 2560 4635 2783 4709; x_wconf 72' lang='lat' dir='ltr'><strong>faciant,</strong></span> <span class='ocrx_word' id='word_1_892' title='bbox 2815 4644 2859 4689; x_wconf 90' lang='lat' dir='ltr'><strong>et</strong></span> <span class='ocrx_word' id='word_1_893' title='bbox 2888 4651 2988 4688; x_wconf 89' lang='lat' dir='ltr'><strong>non</strong></span> <span class='ocrx_word' id='word_1_894' title='bbox 3031 4650 3148 4687; x_wconf 86' lang='lat' dir='ltr'><strong>eum</strong></span> <span class='ocrx_word' id='word_1_895' title='bbox 3170 4632 3408 4695; x_wconf 83' lang='lat' dir='ltr'><strong>tristitia;</strong></span> <span class='ocrx_word' id='word_1_896' title='bbox 3435 4646 3595 4699; x_wconf 78' lang='lat' dir='ltr'><strong>neque</strong></span> 
     </span>
    </p>
   </div>
   <div class='ocr_carea' id='block_1_108' title="bbox 2005 4725 3593 4799">
    <p class='ocr_par' dir='ltr' id='par_1_108' title="bbox 2005 4725 3593 4799">
     <span class='ocr_line' id='line_1_110' title="bbox 2005 4725 3593 4799; baseline -0.004 -17"><span class='ocrx_word' id='word_1_897' title='bbox 2005 4729 2138 4782; x_wconf 88' lang='lat' dir='ltr'><strong>enim</strong></span> <span class='ocrx_word' id='word_1_898' title='bbox 2167 4730 2365 4799; x_wconf 74' lang='lat' dir='ltr'><strong>expedit</strong></span> <span class='ocrx_word' id='word_1_899' title='bbox 2393 4729 2528 4783; x_wconf 70' lang='lat' dir='ltr'><strong>vobis</strong></span> <span class='ocrx_word' id='word_1_900' title='bbox 2573 4726 2757 4799; x_wconf 79' lang='lat' dir='ltr'><strong>(Hebr.</strong></span> <span class='ocrx_word' id='word_1_901' title='bbox 2791 4742 2918 4794; x_wconf 67' lang='grc' dir='ltr'>χιιι,</span> <span class='ocrx_word' id='word_1_902' title='bbox 2952 4728 3061 4798; x_wconf 80' lang='grc'><strong>17).</strong></span> <span class='ocrx_word' id='word_1_903' title='bbox 3110 4725 3274 4779; x_wconf 80' lang='lat' dir='ltr'><strong>Vobis</strong></span> <span class='ocrx_word' id='word_1_904' title='bbox 3316 4738 3443 4792; x_wconf 83' lang='lat' dir='ltr'><strong>ergo</strong></span> <span class='ocrx_word' id='word_1_905' title='bbox 3487 4737 3593 4776; x_wconf 90' lang='lat' dir='ltr'><strong>non</strong></span> 
     </span>
    </p>
   </div>
   <div class='ocr_carea' id='block_1_109' title="bbox 2008 4804 3596 4891">
    <p class='ocr_par' dir='ltr' id='par_1_109' title="bbox 2008 4804 3596 4891">
     <span class='ocr_line' id='line_1_111' title="bbox 2008 4804 3596 4891; baseline -0.006 -15"><span class='ocrx_word' id='word_1_906' title='bbox 2008 4804 2223 4891; x_wconf 81' lang='lat' dir='ltr'><strong>expedit</strong></span> <span class='ocrx_word' id='word_1_907' title='bbox 2244 4821 2453 4875; x_wconf 71' lang='lat' dir='ltr'><strong>illorum</strong></span> <span class='ocrx_word' id='word_1_908' title='bbox 2479 4819 2687 4875; x_wconf 86' lang='lat' dir='ltr'><strong>tristitia</strong></span> <span class='ocrx_word' id='word_1_909' title='bbox 2721 4818 3059 4889; x_wconf 56' lang='lat' dir='ltr'><strong>pra‘gravari.</strong></span> <span class='ocrx_word' id='word_1_910' title='bbox 3093 4815 3222 4870; x_wconf 80' lang='lat' dir='ltr'><strong>Nam</strong></span> <span class='ocrx_word' id='word_1_911' title='bbox 3255 4814 3358 4869; x_wconf 89' lang='lat' dir='ltr'><strong>illis</strong></span> <span class='ocrx_word' id='word_1_912' title='bbox 3378 4810 3596 4882; x_wconf 83' lang='lat' dir='ltr'><strong>expedit</strong></span> 
     </span>
    </p>
   </div>
   <div class='ocr_carea' id='block_1_110' title="bbox 2009 4904 3597 4977">
    <p class='ocr_par' dir='ltr' id='par_1_110' title="bbox 2009 4904 3597 4977">
     <span class='ocr_line' id='line_1_112' title="bbox 2009 4904 3597 4977; baseline -0.008 -7"><span class='ocrx_word' id='word_1_913' title='bbox 2009 4914 2075 4971; x_wconf 88' lang='lat' dir='ltr'><strong>de</strong></span> <span class='ocrx_word' id='word_1_914' title='bbox 2104 4914 2285 4969; x_wconf 66' lang='lat' dir='ltr'><strong>nostra</strong></span> <span class='ocrx_word' id='word_1_915' title='bbox 2324 4913 2522 4968; x_wconf 88' lang='lat' dir='ltr'><strong>malitia</strong></span> <span class='ocrx_word' id='word_1_916' title='bbox 2572 4911 2899 4968; x_wconf 80' lang='lat' dir='ltr'><strong>contristari.</strong></span> <span class='ocrx_word' id='word_1_917' title='bbox 2948 4910 3123 4965; x_wconf 83' lang='lat' dir='ltr'><strong>Bonos</strong></span> <span class='ocrx_word' id='word_1_918' title='bbox 3152 4920 3281 4977; x_wconf 88' lang='lat' dir='ltr'><strong>ergo</strong></span> <span class='ocrx_word' id='word_1_919' title='bbox 3322 4904 3597 4975; x_wconf 84' lang='lat' dir='ltr'><strong>proximos</strong></span> 
     </span>
    </p>
   </div>
   <div class='ocr_carea' id='block_1_111' title="bbox 2010 4997 3596 5078">
    <p class='ocr_par' dir='ltr' id='par_1_111' title="bbox 2010 4997 3596 5078">
     <span class='ocr_line' id='line_1_113' title="bbox 2010 4997 3596 5078; baseline -0.011 -14"><span class='ocrx_word' id='word_1_920' title='bbox 2010 5006 2237 5078; x_wconf 84' lang='lat' dir='ltr'><strong>deputa;</strong></span> <span class='ocrx_word' id='word_1_921' title='bbox 2287 5014 2341 5061; x_wconf 91' lang='lat' dir='ltr'><strong>et</strong></span> <span class='ocrx_word' id='word_1_922' title='bbox 2393 5014 2510 5061; x_wconf 77' lang='lat' dir='ltr'><strong>esto</strong></span> <span class='ocrx_word' id='word_1_923' title='bbox 2540 5005 2743 5071; x_wconf 86' lang='lat' dir='ltr'><strong>bonus,</strong></span> <span class='ocrx_word' id='word_1_924' title='bbox 2773 5011 2864 5059; x_wconf 86' lang='lat' dir='ltr'><strong>tuo</strong></span> <span class='ocrx_word' id='word_1_925' title='bbox 2892 5002 3104 5073; x_wconf 90' lang='lat' dir='ltr'><strong>quidem</strong></span> <span class='ocrx_word' id='word_1_926' title='bbox 3136 5000 3274 5055; x_wconf 88' lang='lat' dir='ltr'><strong>bono</strong></span> <span class='ocrx_word' id='word_1_927' title='bbox 3293 5040 3308 5064; x_wconf 92' lang='lat'><strong>,</strong></span> <span class='ocrx_word' id='word_1_928' title='bbox 3341 5013 3446 5052; x_wconf 87' lang='lat' dir='ltr'><strong>non</strong></span> <span class='ocrx_word' id='word_1_929' title='bbox 3474 4997 3596 5051; x_wconf 73' lang='lat' dir='ltr'><strong>illn-</strong></span> 
     </span>
    </p>
   </div>
   <div class='ocr_carea' id='block_1_112' title="bbox 2011 5090 3597 5168">
    <p class='ocr_par' dir='ltr' id='par_1_112' title="bbox 2011 5090 3597 5168">
     <span class='ocr_line' id='line_1_114' title="bbox 2011 5090 3597 5168; baseline -0.007 -13"><span class='ocrx_word' id='word_1_930' title='bbox 2011 5115 2161 5165; x_wconf 85' lang='lat' dir='ltr'><strong>rum;</strong></span> <span class='ocrx_word' id='word_1_931' title='bbox 2192 5109 2246 5153; x_wconf 90' lang='lat' dir='ltr'><strong>et</strong></span> <span class='ocrx_word' id='word_1_932' title='bbox 2272 5098 2386 5168; x_wconf 89' lang='lat' dir='ltr'><strong>ipso</strong></span> <span class='ocrx_word' id='word_1_933' title='bbox 2416 5113 2520 5153; x_wconf 91' lang='lat' dir='ltr'><strong>non</strong></span> <span class='ocrx_word' id='word_1_934' title='bbox 2548 5098 2648 5152; x_wconf 86' lang='lat' dir='ltr'><strong>abs</strong></span> <span class='ocrx_word' id='word_1_935' title='bbox 2672 5106 2723 5151; x_wconf 91' lang='lat' dir='ltr'><strong>te</strong></span> <span class='ocrx_word' id='word_1_936' title='bbox 2764 5096 2856 5151; x_wconf 88' lang='lat' dir='ltr'><strong>tibi</strong></span> <span class='ocrx_word' id='word_1_937' title='bbox 2884 5095 3040 5161; x_wconf 90' lang='lat' dir='ltr'><strong>dato,</strong></span> <span class='ocrx_word' id='word_1_938' title='bbox 3085 5091 3179 5148; x_wconf 86' lang='lat' dir='ltr'><strong>sed</strong></span> <span class='ocrx_word' id='word_1_939' title='bbox 3217 5090 3470 5146; x_wconf 88' lang='lat' dir='ltr'><strong>divinitus</strong></span> <span class='ocrx_word' id='word_1_940' title='bbox 3498 5090 3597 5145; x_wconf 81' lang='lat' dir='ltr'><strong>im-</strong></span> 
     </span>
    </p>
   </div>
   <div class='ocr_carea' id='block_1_113' title="bbox 2012 5181 3597 5261">
    <p class='ocr_par' dir='ltr' id='par_1_113' title="bbox 2012 5181 3597 5261">
     <span class='ocr_line' id='line_1_115' title="bbox 2012 5181 3597 5261; baseline -0.005 -17"><span class='ocrx_word' id='word_1_941' title='bbox 2012 5191 2227 5261; x_wconf 86' lang='lat' dir='ltr'><strong>pertito.</strong></span> <span class='ocrx_word' id='word_1_942' title='bbox 2260 5188 2397 5257; x_wconf 88' lang='lat' dir='ltr'><strong>Quid</strong></span> <span class='ocrx_word' id='word_1_943' title='bbox 2420 5187 2561 5243; x_wconf 90' lang='lat' dir='ltr'><strong>enim</strong></span> <span class='ocrx_word' id='word_1_944' title='bbox 2586 5187 2751 5242; x_wconf 85' lang='lat' dir='ltr'><strong>habes</strong></span> <span class='ocrx_word' id='word_1_945' title='bbox 2770 5185 2910 5257; x_wconf 90' lang='lat' dir='ltr'><strong>quod</strong></span> <span class='ocrx_word' id='word_1_946' title='bbox 2951 5201 3054 5239; x_wconf 90' lang='lat' dir='ltr'><strong>non</strong></span> <span class='ocrx_word' id='word_1_947' title='bbox 3081 5183 3333 5253; x_wconf 87' lang='lat' dir='ltr'><strong>accepisti</strong></span> <span class='ocrx_word' id='word_1_948' title='bbox 3387 5181 3404 5254; x_wconf 92' lang='lat'>(</span> <span class='ocrx_word' id='word_1_949' title='bbox 3430 5181 3445 5235; x_wconf 97' lang='grc' dir='ltr'><strong>Ι</strong></span> <span class='ocrx_word' id='word_1_950' title='bbox 3475 5181 3597 5238; x_wconf 86' lang='lat' dir='ltr'><strong>Cor.</strong></span> 
     </span>
    </p>
   </div>
   <div class='ocr_carea' id='block_1_114' title="bbox 2016 5273 3601 5351">
    <p class='ocr_par' dir='ltr' id='par_1_114' title="bbox 2016 5273 3601 5351">
     <span class='ocr_line' id='line_1_116' title="bbox 2016 5273 3601 5351; baseline -0.005 -16"><span class='ocrx_word' id='word_1_951' title='bbox 2016 5296 2067 5335; x_wconf 85' lang='lat' dir='ltr'><strong>tv</strong></span> <span class='ocrx_word' id='word_1_952' title='bbox 2086 5321 2101 5346; x_wconf 91' lang='lat'><strong>,</strong></span> <span class='ocrx_word' id='word_1_953' title='bbox 2128 5280 2220 5351; x_wconf 86' lang='lat'><strong>7)?</strong></span> <span class='ocrx_word' id='word_1_954' title='bbox 2250 5280 2422 5350; x_wconf 81' lang='lat' dir='ltr'><strong>Atque</strong></span> <span class='ocrx_word' id='word_1_955' title='bbox 2443 5278 2510 5334; x_wconf 91' lang='lat' dir='ltr'><strong>ita</strong></span> <span class='ocrx_word' id='word_1_956' title='bbox 2536 5320 2553 5346; x_wconf 91' lang='lat'><strong>,</strong></span> <span class='ocrx_word' id='word_1_957' title='bbox 2580 5277 2642 5333; x_wconf 89' lang='lat' dir='ltr'><strong>Si</strong></span> <span class='ocrx_word' id='word_1_958' title='bbox 2664 5277 2864 5347; x_wconf 82' lang='lat' dir='ltr'><strong>sapiens</strong></span> <span class='ocrx_word' id='word_1_959' title='bbox 2893 5275 3045 5348; x_wconf 77' lang='lat' dir='ltr'><strong>[ueris</strong></span> <span class='ocrx_word' id='word_1_960' title='bbox 3069 5316 3084 5341; x_wconf 91' lang='lat'><strong>,</strong></span> <span class='ocrx_word' id='word_1_961' title='bbox 3116 5274 3204 5328; x_wconf 88' lang='lat' dir='ltr'><strong>tibi</strong></span> <span class='ocrx_word' id='word_1_962' title='bbox 3231 5273 3432 5345; x_wconf 85' lang='lat' dir='ltr'><strong>sapiens</strong></span> <span class='ocrx_word' id='word_1_963' title='bbox 3459 5273 3559 5328; x_wconf 87' lang='lat' dir='ltr'><strong>eris</strong></span> <span class='ocrx_word' id='word_1_964' title='bbox 3584 5312 3601 5339; x_wconf 89' lang='lat'><strong>,</strong></span> 
     </span>
    </p>
   </div>
   <div class='ocr_carea' id='block_1_115' title="bbox 2017 5367 3602 5444">
    <p class='ocr_par' dir='ltr' id='par_1_115' title="bbox 2017 5367 3602 5444">
     <span class='ocr_line' id='line_1_117' title="bbox 2017 5367 3602 5444; baseline -0.003 -18"><span class='ocrx_word' id='word_1_965' title='bbox 2017 5381 2061 5427; x_wconf 86' lang='lat' dir='ltr'><strong>et</strong></span> <span class='ocrx_word' id='word_1_966' title='bbox 2087 5373 2331 5444; x_wconf 71' lang='lat' dir='ltr'><strong>proximis</strong></span> <span class='ocrx_word' id='word_1_967' title='bbox 2367 5372 2497 5437; x_wconf 86' lang='lat' dir='ltr'><strong>tuis,</strong></span> <span class='ocrx_word' id='word_1_968' title='bbox 2546 5371 2738 5442; x_wconf 89' lang='lat' dir='ltr'><strong>quibus</strong></span> <span class='ocrx_word' id='word_1_969' title='bbox 2758 5371 2955 5426; x_wconf 81' lang='lat' dir='ltr'><strong>bonum</strong></span> <span class='ocrx_word' id='word_1_970' title='bbox 3000 5377 3083 5423; x_wconf 90' lang='lat' dir='ltr'><strong>est</strong></span> <span class='ocrx_word' id='word_1_971' title='bbox 3120 5368 3186 5423; x_wconf 89' lang='lat' dir='ltr'><strong>de</strong></span> <span class='ocrx_word' id='word_1_972' title='bbox 3230 5377 3316 5423; x_wconf 89' lang='lat' dir='ltr'><strong>tua</strong></span> <span class='ocrx_word' id='word_1_973' title='bbox 3367 5367 3602 5423; x_wconf 81' lang='lat' dir='ltr'><strong>bonitate</strong></span> 
     </span>
    </p>
   </div>
   <div class='ocr_carea' id='block_1_116' title="bbox 2019 5458 3596 5527">
    <p class='ocr_par' dir='ltr' id='par_1_116' title="bbox 2019 5458 3596 5527">
     <span class='ocr_line' id='line_1_118' title="bbox 2019 5458 3596 5527; baseline -0.004 -10"><span class='ocrx_word' id='word_1_974' title='bbox 2019 5462 2204 5518; x_wconf 66' lang='lat' dir='ltr'><strong>lmtari.</strong></span> <span class='ocrx_word' id='word_1_975' title='bbox 2230 5461 2293 5518; x_wconf 88' lang='lat' dir='ltr'><strong>Si</strong></span> <span class='ocrx_word' id='word_1_976' title='bbox 2316 5472 2481 5517; x_wconf 87' lang='lat' dir='ltr'><strong>autem</strong></span> <span class='ocrx_word' id='word_1_977' title='bbox 2522 5461 2687 5517; x_wconf 85' lang='lat' dir='ltr'><strong>malus</strong></span> <span class='ocrx_word' id='word_1_978' title='bbox 2705 5461 2956 5527; x_wconf 68' lang='lat' dir='ltr'><strong>evaseris,</strong></span> <span class='ocrx_word' id='word_1_979' title='bbox 3000 5460 3137 5517; x_wconf 86' lang='lat' dir='ltr'><strong>solus</strong></span> <span class='ocrx_word' id='word_1_980' title='bbox 3172 5459 3374 5514; x_wconf 81' lang='lat' dir='ltr'><strong>hauries</strong></span> <span class='ocrx_word' id='word_1_981' title='bbox 3417 5458 3554 5512; x_wconf 80' lang='lat' dir='ltr'><strong>mala</strong></span> <span class='ocrx_word' id='word_1_982' title='bbox 3578 5499 3596 5522; x_wconf 89' lang='lat'><strong>,</strong></span> 
     </span>
    </p>
   </div>
   <div class='ocr_carea' id='block_1_117' title="bbox 2021 5554 3599 5627">
    <p class='ocr_par' dir='ltr' id='par_1_117' title="bbox 2021 5554 3599 5627">
     <span class='ocr_line' id='line_1_119' title="bbox 2021 5554 3599 5627; baseline 0.001 -18"><span class='ocrx_word' id='word_1_983' title='bbox 2021 5573 2124 5610; x_wconf 90' lang='lat' dir='ltr'><strong>non</strong></span> <span class='ocrx_word' id='word_1_984' title='bbox 2152 5557 2308 5610; x_wconf 88' lang='lat' dir='ltr'><strong>etiam</strong></span> <span class='ocrx_word' id='word_1_985' title='bbox 2341 5557 2410 5611; x_wconf 89' lang='lat' dir='ltr'><strong>illi</strong></span> <span class='ocrx_word' id='word_1_986' title='bbox 2438 5599 2452 5619; x_wconf 91' lang='lat'><strong>,</strong></span> <span class='ocrx_word' id='word_1_987' title='bbox 2501 5556 2691 5627; x_wconf 82' lang='lat' dir='ltr'><strong>quibus</strong></span> <span class='ocrx_word' id='word_1_988' title='bbox 2716 5564 2769 5613; x_wconf 89' lang='lat' dir='ltr'><strong>et</strong></span> <span class='ocrx_word' id='word_1_989' title='bbox 2798 5554 2898 5612; x_wconf 93' lang='lat' dir='ltr'><strong>hoc</strong></span> <span class='ocrx_word' id='word_1_990' title='bbox 2927 5555 3121 5612; x_wconf 86' lang='lat' dir='ltr'><strong>bonum</strong></span> <span class='ocrx_word' id='word_1_991' title='bbox 3152 5562 3235 5611; x_wconf 90' lang='lat' dir='ltr'><strong>est</strong></span> <span class='ocrx_word' id='word_1_992' title='bbox 3260 5554 3326 5610; x_wconf 92' lang='lat' dir='ltr'><strong>de</strong></span> <span class='ocrx_word' id='word_1_993' title='bbox 3350 5561 3439 5609; x_wconf 86' lang='lat' dir='ltr'><strong>tua</strong></span> <span class='ocrx_word' id='word_1_994' title='bbox 3484 5567 3599 5610; x_wconf 79' lang='lat' dir='ltr'><strong>ma-</strong></span> 
     </span>
    </p>
   </div>
   <div class='ocr_carea' id='block_1_118' title="bbox 2023 5648 2481 5705">
    <p class='ocr_par' dir='ltr' id='par_1_118' title="bbox 2023 5648 2481 5705">
     <span class='ocr_line' id='line_1_120' title="bbox 2023 5648 2481 5705; baseline -0.007 0"><span class='ocrx_word' id='word_1_995' title='bbox 2023 5649 2129 5705; x_wconf 86' lang='lat' dir='ltr'><strong>litia</strong></span> <span class='ocrx_word' id='word_1_996' title='bbox 2156 5648 2481 5705; x_wconf 89' lang='lat' dir='ltr'><strong>contristari.</strong></span> 
     </span>
    </p>
   </div>
  </div>
