4012 6338
466 286 573 345 91$

930 402 1156 457 δεκακιο
1199 403 1416 459 xxxvr
1446 409 1461 425 ο
1488 406 1585 477 (a).

1638 291 1695 346 S.
1739 292 2099 350 AUGUSTINI
2143 299 2443 361 EPISCOPI

3634 340 3742 398 ΞΙΒ

2161 414 2367 487 Pauper
2412 440 2505 492 pro
2545 429 2679 482 vobis
2720 435 2885 503 factus
2924 446 3026 501 est,
3054 456 3169 494 eum
3207 456 3333 500 esset
3369 448 3525 505 dives.
3553 451 3657 509 Sed
3697 454 3744 512 si

462 510 545 567 De
570 528 628 567 eo
655 514 791 585 quod
817 515 1057 585 scriptum
1082 524 1153 568 est
1182 514 1236 569 in
1270 514 1550 571 Proverbiis
1582 518 1893 585 Salomonis.
1914 520 2052 576 Sunt
2124 562 2129 567 -
2157 505 2246 561 me
2272 511 2435 578 50"”:
2463 517 2588 585 Ψιίά
2622 523 2856 589 Ρτοῖυίιῖ
2886 526 3019 584 Vide
3043 532 3169 600 quid
3198 538 3440 606 sequitur
3463 559 3477 594 :
3505 541 3573 598 Ut
3599 544 3743 602 illius

533 605 625 675 (pi
654 620 714 660 se
740 605 927 659 divites
952 605 1222 672 aﬂ‘ectant,
1253 607 1382 661 nihil
1412 608 1704 674 habentes;
1737 620 1790 664 et
1815 623 1936 664 sunt
1958 612 2046 681 qui

532 711 591 751 se
631 696 935 761 humiliant,
974 713 1093 751 eum
1136 700 1243 754 sint
1280 700 1488 756 divites.
1515 701 1831 771 Redemptio
1855 704 2045 759 anima:

532 790 631 843 viri
658 789 860 844 divitiae
886 791 1000 859 ejus
1031 809 1045 845 :
1074 807 1274 862 pauper
1296 803 1473 848 autem
1504 810 1608 849 non
1639 796 1825 850 suﬂ‘ert
1850 797 2040 851 minas.

526 878 653 949 Cap.
677 896 789 945 xui,
827 881 858 948 ᾖ
900 881 1046 949 7.7,
1077 882 1111 937 s
1142 883 1236 954 (b).

522 983 748 1039 CAPUT
788 986 1070 1041 PRIMUM.
1103 1018 1173 1029 --
1228 990 1279 1043 l.
1315 989 1579 1060 Expositio
1605 992 1862 1062 verborum
1892 993 2038 1048 Seri-

455 1084 637 1143 pturw.
678 1074 870 1131 Sancta
923 1076 1216 1147 Scriptura,
1246 1096 1365 1149 qua:
1406 1081 1565 1135 modo
1602 1082 1653 1136 in
1702 1083 1916 1137 auribus
1945 1098 2039 1139 ve-

449 1165 574 1218 stris
628 1166 761 1220 lecta
818 1176 928 1232 est,
960 1168 1235 1224 admonuit
1291 1186 1416 1237 nos,
1454 1172 1561 1225 imo
1592 1188 1686 1242 per
1722 1174 1862 1227 illam
1895 1175 2036 1229 Deus

447 1255 537 1323 qui
583 1255 735 1324 jubet
780 1257 931 1312 nobis
974 1259 1113 1329 loqui
1155 1260 1218 1313 ad
1251 1276 1365 1327 vos,
1396 1277 1635 1331 quaerere
1666 1264 1935 1318 vobiscum
1979 1274 2035 1320 et

445 1356 772 1416 pertractare
812 1350 936 1420 quid
966 1351 1062 1416 sit,
1095 1361 1147 1405 et
1175 1352 1301 1422 quid
1345 1352 1447 1407 sibi
1489 1355 1615 1409 velit
1654 1355 1792 1424 quod
1834 1357 2029 1411 lectum

442 1437 722 1494 est:Sunt
765 1441 853 1510 qui
896 1458 950 1496 se
993 1442 1167 1497 divites
1210 1442 1467 1509 alfectant.
1514 1446 1643 1499 nihil
1688 1446 1957 1511 habentes;
1984 1459 2031 1502 et

440 1539 561 1584 sunt
582 1532 668 1598 qui
691 1548 744 1586 se
768 1533 1053 1601 humi/iant,
1082 1552 1196 1588 cum
1224 1537 1322 1589 sint
1351 1537 1545 1591 diuites.
1578 1538 1692 1593 Non
1723 1540 1863 1594 enim
1886 1541 2028 1595 arbi-

441 1622 688 1677 trandum
715 1633 816 1687 est,
847 1641 1019 1695 neque
1046 1626 1264 1682 omnino
1289 1629 1633 1694 credendum,
1656 1631 1796 1700 quod
1824 1632 1890 1686 de
1913 1632 2026 1687 istis

438 1712 660 1780 divitiis,
700 1716 887 1784 quibus
931 1716 1183 1773 inﬂantur
1219 1720 1455 1788 superbi,
1487 1721 1555 1776 de
1584 1722 1879 1779 visibilibus
1908 1723 2025 1779 istis

435 1800 557 1857 dico
585 1812 744 1874 atque
799 1810 1050 1875 terrenis,
1080 1810 1342 1865 curaverit
1382 1811 1651 1882 Scriptura
1701 1824 1883 1868 sancta
1925 1829 2023 1869 nos

434 1892 745 1961 admonere,
774 1907 830 1951 ut
859 1897 939 1953 vel
982 1914 1075 1954 eas
1103 1915 1201 1970 pro
1227 1916 1418 1971 magno
1457 1903 1768 1967 habeamus,
1799 1905 1882 1960 vel
1914 1920 2019 1961 non

433 1982 633 2040 habere
662 1988 959 2043 timeamus.
988 1990 1123 2055 Quid
1153 1992 1294 2045 enim
1322 1993 1537 2062 prodest
1567 1993 1789 2059 homini,
1820 1995 1894 2049 ait
1919 1996 2018 2050 ali~

432 2078 573 2145 quis,
597 2080 685 2148 qui
711 2094 771 2134 se
792 2080 1006 2135 divitem
1031 2083 1194 2138 videri
1222 2084 1451 2152 aﬂ‘ectat,
1481 2100 1601 2140 cum
1634 2086 1765 2141 nihil
1793 2087 2018 2143 habeat?

431 2166 592 2223 Istum
633 2173 836 2226 notavit
869 2172 1141 2244 Scriptura
1185 2187 1344 2247 atque
1390 2178 1751 2248 reprehendit.
1783 2179 1885 2234 Sed
1917 2195 2015 2235 nec

430 2261 518 2317 ille
541 2262 693 2319 valde
718 2265 1061 2321 admirandus
1086 2277 1176 2322 aut
1203 2269 1487 2324 imitandus
1512 2279 1592 2324 est
1620 2279 1673 2325 et
1704 2285 1799 2341 pro
1825 2286 2015 2341 magno

428 2352 722 2423 habendus,
751 2374 909 2429 quem
936 2360 1148 2416 videtur
1172 2361 1222 2416 in
1255 2362 1411 2419 laude
1440 2365 1699 2432 posuisse,
1728 2367 1771 2418 si
1803 2374 2011 2435 tempo-

427 2446 567 2501 rales
596 2457 755 2519 atque
786 2460 1026 2507 terrenas
1053 2452 1263 2509 divitias
1292 2455 1633 2511 intellexeris.
1665 2456 1731 2510 Et
1756 2466 1891 2523 sunt,
1926 2458 2010 2512 in-

422 2537 564 2602 quit,
598 2539 685 2608 qui
712 2556 767 2593 se
796 2541 1098 2609 humiliaut,
1130 2560 1245 2597 cum
1274 2545 1374 2598 sint
1409 2546 1604 2600 divites.
1635 2547 1728 2602 Ille
1756 2557 1899 2602 recte
1923 2547 2007 2601 di-

420 2628 610 2696 splicet
650 2632 823 2698 nobis,
865 2633 954 2703 qui
996 2649 1117 2689 cum
1166 2626 1317 2690 nihil’
1341 2637 1555 2703 habeat,
1588 2654 1646 2694 se
1676 2639 1892 2695 divitem
1923 2640 2006 2695 af-

420 2719 599 2774 fectat.
645 2721 818 2788 Quid?
866 2724 964 2779 iste
1012 2726 1185 2795 placet
1231 2728 1404 2795 nobis,
1435 2731 1673 2799 quicum
1721 2735 1791 2787 sit
1832 2732 2002 2801 dives,

417 2807 660 2865 humiliat
680 2814 773 2869 se?
796 2813 954 2870 Forte
977 2817 1145 2887 placet
1167 2818 1287 2890 quia
1312 2818 1556 2876 humiliat
1578 2838 1636 2878 se
1663 2841 1676 2877 :
1700 2839 1804 2879 non
1826 2832 2002 2880 tamen

415 2899 591 2967 placet
617 2903 738 2971 quia
764 2904 912 2960 dives
941 2916 1041 2962 est.

485 2992 709 3050 CAPUT
742 2996 803 3050 ΙΙ.
834 3029 905 3038 —
930 2999 984 3053 2.
1014 3000 1313 3056 Diuitiarum
1350 3005 1584 3072 morbus,
1617 3009 1869 3078 superbia.
1898 3010 2001 3066 Ac-

412 3087 672 3155 cipiamus
700 3105 825 3161 ergo
853 3100 909 3145 et
936 3092 1034 3148 hoc
1064 3111 1076 3147 :
1108 3110 1211 3148 non
1262 3095 1574 3153 indecorum
1617 3109 1732 3167 est,
1778 3117 1876 3157 nec
1920 3096 2001 3157 in-

411 3176 727 3246 honestum,
755 3198 855 3237 nec
888 3184 1105 3251 inutile,
1136 3186 1275 3255 quod
1304 3188 1593 3258 Scriptura:
1620 3201 1817 3247 sancta:
1847 3193 1999 3249 nobis

409 3271 789 3328 commendare
817 3274 1079 3330 voluerint
1108 3275 1334 3333 humiles
1363 3279 1573 3336 divites.
1603 3281 1741 3338 Nihil
1771 3284 1912 3339 enim
1944 3286 1994 3340 in

407 3360 606 3416 divitiis
634 3372 739 3418 tam
772 3366 1063 3422 timendum
1105 3378 1213 3433 est,
1252 3387 1408 3441 quam
1450 3374 1715 3443 superbia.
1758 3376 1995 3449 Denique

405 3453 677 3521 apostolus
703 3455 900 3510 Paulus
931 3459 1030 3513 hoc
1056 3459 1308 3516 admouet
1328 3463 1662 3520 Timotheum
1695 3484 1709 3521 :
1742 3467 1987 3539 Prwcipe,

406 3541 597 3610 inquit,
620 3544 850 3600 divitibus
868 3548 1020 3616 hujus
1041 3552 1237 3619 mundi,
1260 3569 1360 3607 non
1380 3558 1590 3625 superbe
1605 3574 1782 3628 sapere
1799 3560 1839 3632 (l
1854 3560 1987 3616 Tim.

402 3644 476 3695 vi,
506 3633 615 3701 i7).
646 3634 760 3689 Non
790 3638 932 3692 enim
964 3638 1173 3695 divitias
1198 3645 1429 3712 expavit,
1459 3646 1551 3701 sed
1583 3650 1824 3705 morbum
1851 3652 1989 3707 divi-

401 3721 617 3778 tiarum.
639 3724 854 3781 Morbus
874 3738 1049 3783 autem
1073 3729 1375 3788 divitiarum
1396 3745 1480 3791 est
1504 3739 1747 3807 superbia
1774 3756 2009 3812 magna.-

398 3810 529 3866 Nam
559 3816 773 3884 grandis
799 3820 1006 3874 animus
1034 3830 1135 3887 est,
1160 3824 1248 3891 qui
1271 3824 1408 3879 inter
1433 3825 1646 3884 divitias
1669 3830 1771 3885 isto
1798 3834 1987 3889 morbo

398 3920 507 3959 non
541 3913 1016 3983 lentaturzmajor
1066 3916 1273 3971 animus
1321 3917 1520 3974 divitiis
1568 3923 1700 3989 suis,
1750 3926 1839 3995 qui
1892 3942 1985 3983 eas

393 3998 581 4064 vincit,
609 4017 711 4056 non
743 4005 1188 4074 concupiscendo,
1213 4010 1306 4064 sed
1328 4014 1739 4070 contemnendo.
1764 4017 1982 4089 Magnus

394 4100 478 4146 est
502 4108 630 4163 ergo
659 4094 825 4161 dives,
858 4098 944 4165 qui
986 4115 1089 4153 non
1132 4115 1191 4155 se
1236 4101 1356 4158 ideo
1397 4121 1647 4176 magnum
1684 4118 1829 4178 putat
1857 4113 1978 4181 quia

393 4182 543 4238 dives
570 4193 653 4239 est
673 4202 688 4240 :
710 4185 797 4256 qui
823 4196 1001 4243 autem
1032 4190 1150 4246 ideo
1174 4206 1233 4247 se
1255 4209 1501 4265 magnum
1526 4207 1695 4269 putat,
1719 4204 1978 4273 superbus

391 4281 447 4327 et
474 4289 672 4341 egenus
700 4285 814 4343 est;
847 4277 899 4332 in
929 4294 1090 4335 carne
1118 4291 1321 4352 crepat,
1366 4284 1415 4340 in
1460 4288 1623 4344 corde
1670 4294 1973 4362 mendicat;

390 4361 605 4419 inﬂatus
630 4373 731 4431 est,
767 4382 871 4420 non
901 4368 1108 4437 plenus.
1140 4371 1295 4427 Utres
1320 4384 1494 4431 autem
1536 4380 1668 4436 duos
1697 4382 1741 4437 si
1771 4384 1971 4451 videas,

388 4466 554 4507 unum
585 4455 800 4525 plenum
822 4497 836 4523 ,
877 4458 1101 4515 alterum
1146 4461 1413 4530 inﬂatum;
1448 4469 1499 4522 in
1531 4479 1757 4541 utroque
1785 4476 1970 4533 eadem

385 4555 468 4599 est
495 4548 822 4618 magnitudo,
854 4550 947 4606 sed
979 4567 1084 4608 non
1113 4554 1165 4609 in
1195 4564 1418 4629 utroque
1456 4563 1642 4620 eadem
1675 4569 1966 4637 plenitudo.

386 4632 444 4689 Si
489 4637 750 4706 attendis,
791 4638 1020 4705 falleris;
1052 4645 1094 4698 si
1123 4649 1403 4717 appendis,
1434 4632 1709 4712 invenies:
1734 4660 1821 4730 qui
1854 4663 1966 4733 ple-

384 4741 486 4782 nus
529 4737 639 4799 est,
679 4730 893 4789 diﬂlcile
932 4744 1206 4804 movetur;
1233 4742 1322 4811 qui
1356 4742 1571 4801 inﬂatus
1600 4757 1702 4818 est,
1731 4753 1839 4808 cito
1854 4730 1964 4810 'au-

379 4818 567 4874 lertur.

453 4908 507 4963 3.
548 4908 740 4966 Divites
780 4930 882 4968 non
932 4914 1083 4985 hujus
1126 4921 1320 4975 mundi.
1357 4922 1640 4995 Paupertas
1684 4914 1741 4984 eti
1778 4933 1964 4990 divitia:

378 4999 585 5054 Christi.
605 5001 928 5075 --Pra:cipe,
948 5022 1094 5077 ergo,
1124 5008 1309 5080 inquit,
1330 5013 1563 5071 divitibus
1590 5019 1743 5090 hujus
1765 5026 1958 5079 mundi.

373 5086 491 5142 Non
522 5090 765 5159 adderet,
797 5094 949 5165 hujus
978 5100 1183 5163 mundi,
1221 5102 1323 5157 nisi
1353 5106 1473 5175 quia
1504 5119 1626 5164 sunt
1652 5086 1726 5167 vet
1770 5115 1961 5173 divites

372 5196 484 5235 non
518 5180 672 5252 hujus
693 5186 895 5241 mundi.
919 5187 1021 5256 Qui
1050 5200 1173 5246 sunt
1197 5192 1388 5249 divites
1418 5212 1521 5253 non
1551 5199 1707 5270 hujus
1734 5208 1959 5263 mundi?

367 5272 607 5339 Quorum
637 5276 882 5348 princeps
912 5286 965 5334 et
987 5290 1145 5351 caput
1169 5292 1252 5338 cst
1277 5284 1385 5353 ille,
1411 5286 1480 5343 de
1499 5304 1606 5360 quo
1624 5291 1822 5349 dictum
1853 5310 1954 5367 est,

437 5449 451 5465 ‘
470 5449 682 5502 r:ollatus
699 5460 775 5503 est
796 5454 855 5504 ad
894 5456 945 5503 ﬂ.
971 5469 1013 5505 s.
1040 5464 1091 5506 et
1123 5466 1222 5507 Am.
1250 5466 1323 5509 Er.
1345 5470 1445 5512 Par.
1471 5471 1580 5515 ιον.

434 5519 511 5579 -_a_)
542 5520 685 5573 Atlas,
704 5515 775 5579 de
790 5523 1028 5579 Tempore
1052 5518 1158 5568 212.

432 5573 503 5644 (ιι)
538 5580 584 5624 tu
620 5577 875 5662 I‘ossildiaxti
908 5573 1099 5653 indiculi
1123 5584 1281 5643 capite
1305 5584 1360 5662 8‘,
1387 5601 1473 5649 pro
1601 5598 1713 5662 't_a_nt
1733 5630 1746 5653 ,
1773 5597 1953 5662 legitur

365 5633 574 5696 alliciunt
616 5639 837 5714 Ejusdem
875 5644 1104 5691 sermoni:
1154 5633 1583 5709 excerptas—talem
1620 5633 1781 5709 Florus
1794 5633 1951 5714 “55H

365 5702 473 5747 (01⁸..
499 5714 594 5759 vus,
620 5708 674 5751 ct
691 5701 851 5751 Colcss
895 5718 940 5757 tu

2154 613 2450 671 paupertate
2486 622 2572 663 vos
2601 612 2889 670 ditaremini
2921 617 2941 687 (
2970 618 3009 673 ll
3040 620 3157 676 Cor.
3186 640 3300 691 vm,
3329 629 3426 699 9).
3455 632 3591 689 Puto
3618 636 3740 706 quia

2151 702 2437 760 paupertas
2475 698 2670 756 Christi
2721 720 2825 760 non
2870 709 3024 765 nobis
3069 715 3244 770 attulit
3286 698 3597 791 pecuniam,
3635 698 3736 783 sed

2143 780 2423 849 justitiam.
2450 788 2742 859 Paupertas
2763 806 2939 853 autem
2970 800 3113 857 illius
3135 780 3307 862 unde?
3330 809 3462 877 Quia
3494 816 3737 872 mortalis

2146 871 2365 928 eﬂ‘ectus
2382 887 2482 932 est.
2506 880 2644 952 Ergo
2664 884 2859 941 divitia:
2886 905 3026 946 vera:
3052 871 3421 956 immortalibus
3448 921 3461 957 :
3491 904 3561 959 ibi
3588 907 3732 963 enim

2145 978 2267 1018 vera
2296 969 2469 1036 copia,
2498 972 2588 1027 ubi
2617 976 2757 1030 nulla
2783 979 3093 1051 indigentia.

2214 1054 2440 1114 CAPUT
2479 1061 2567 1119 ΙΙΙ.
2611 1094 2684 1107 --—
2726 1067 2858 1135 Quia
2913 1088 3043 1144 ergo
3090 1091 3188 1132 nos
3237 1078 3563 1141 immortales
3615 1089 3730 1145 ﬂeri

2139 1161 2248 1200 non
2278 1164 2577 1220 possemus,
2616 1160 2715 1214 nisi
2750 1178 2845 1230 pro
2876 1164 3028 1220 nobis
3054 1168 3293 1226 Christus
3323 1179 3560 1234 mortalis
3586 1192 3730 1238 esset

2139 1239 2392 1309 effectus;
2426 1246 2553 1301 ideo
2573 1269 2769 1322 pauper
2814 1260 2981 1326 factus
3026 1270 3118 1328 est,
3159 1281 3271 1318 cum
3316 1268 3453 1323 dives
3494 1284 3635 1326 esset.
3660 1274 3729 1329 Et

2136 1345 2243 1384 non
2287 1336 2379 1401 ait,
2409 1336 2618 1408 Pauper
2665 1342 2836 1399 factus
2878 1358 2981 1413 est,
3013 1365 3133 1406 cum
3174 1354 3324 1411 dives
3365 1359 3577 1428 fuiSset;
3606 1365 3720 1431 sed,

2136 1418 2344 1492 Pauper
2383 1431 2551 1498 factus
2595 1442 2696 1499 est,
2733 1452 2847 1490 cum
2889 1439 3027 1496 dives
3052 1455 3221 1500 esset:
3240 1460 3601 1519 paupertatem
3630 1470 3721 1509 asa

2132 1516 2381 1583 sumpsit,
2403 1528 2459 1573 et
2487 1521 2697 1578 divitias
2722 1542 2825 1583 non
2849 1531 3045 1586 amisit.
3074 1532 3221 1591 Intus
3244 1516 3415 1607 dives,
3437 1544 3566 1600 foris
3592 1561 3722 1617 pau-

2131 1616 2247 1670 per.
2276 1604 2475 1663 Latcns
2503 1611 2642 1667 Deus
2672 1615 2722 1669 in
2753 1616 2973 1687 divitiis,
3005 1638 3268 1694 apparens
3306 1604 3465 1686 homo
3496 1635 3548 1689 in
3583 1604 3719 1706 pan-

2130 1705 2352 1764 portate.
2383 1700 2516 1757 Vide
2548 1704 2756 1761 divitias
2784 1710 2898 1779 ejus
2925 1731 2937 1767 :
2966 1712 3032 1768 In
3062 1718 3311 1790 principio
3336 1733 3444 1777 erat
3478 1700 3715 1796 Verbum,

2127 1795 2174 1838 et
2211 1785 2419 1842 Verbum
2446 1804 2551 1845 erat
2580 1798 2720 1865 apud
2746 1798 2931 1869 Deum,
2960 1814 3007 1858 et
3032 1785 3169 1862 Deus
3195 1785 3301 1865 erat
3332 1811 3547 1869 Verbum
3574 1836 3595 1872 :
3620 1785 3717 1873 hoc

2126 1890 2233 1932 erat
2269 1882 2321 1934 in
2362 1884 2613 1955 principio
2641 1892 2780 1960 apud
2805 1891 2986 1949 Deum.
3024 1897 3209 1955 Omnia
3247 1920 3337 1973 per
3372 1906 3537 1975 ipsum
3574 1915 3715 1981 facta

2123 1982 2261 2026 sunt.
2291 1972 2425 2041 Quid
2470 1978 2633 2036 ditius
2674 1998 2760 2050 eo,
2804 2000 2899 2054 per
2941 2006 3099 2060 quem
3144 1972 3284 2051 facta
3328 1972 3454 2054 sunt
3496 1972 3714 2059 omnia?

2123 2062 2324 2117 Aurum
2370 2064 2568 2125 habere
2609 2072 2757 2129 dives
2788 2086 2979 2145 potest,
3007 2097 3191 2139 creare
3221 2102 3324 2142 non
3355 2099 3547 2158 potest.
3575 2093 3709 2151 Cum

2120 2150 2300 2224 itaque
2343 2157 2459 2214 ista:
2504 2162 2620 2233 ejus
2666 2165 2863 2223 divitia:
2902 2176 3287 2234 commendata:
3329 2194 3543 2253 essent,
3587 2188 3712 2245 vide

2120 2258 2489 2315 paupertatem
2520 2255 2635 2322 ejus
2660 2275 2672 2310 :
2701 2257 2770 2312 Et
2803 2259 3018 2317 Verbum
3047 2284 3168 2321 caro
3196 2270 3386 2340 factum
3415 2286 3507 2342 est,
3535 2288 3579 2333 et
3608 2280 3710 2333 ha-

2117 2335 2289 2391 bitavit
2316 2341 2366 2394 in
2395 2344 2537 2398 nobis
2565 2345 2586 2418 (
2606 2347 2762 2403 .Ioan.
2788 2367 2823 2415 ι,
2852 2354 2900 2420 Ι,
2926 2355 2979 2419 2,
3008 2358 3061 2423 3,
3091 2359 3157 2415 14
3176 2335 3219 2432 )”.
3250 2363 3359 2420 Hac
3386 2335 3505 2436 ejus
3522 2386 3708 2428 sumus

2116 2440 2428 2500 paupertate
2450 2436 2598 2492 dilati
2633 2459 2645 2495 :
2672 2444 2792 2512 quia
2824 2450 3080 2518 sanguine
3105 2452 3239 2522 ejus,
3272 2457 3361 2526 qui
3386 2464 3707 2521 manavitde

2117 2534 2280 2576 carne
2307 2524 2445 2593 ejus,
2477 2530 2618 2599 quod
2654 2532 2883 2590 Verbum
2913 2554 3038 2594 caro
3064 2543 3257 2600 factum
3286 2524 3387 2614 est,
3416 2561 3471 2605 ut
3501 2551 3707 2610 habita-

2112 2619 2193 2664 ret
2237 2612 2288 2667 in
2323 2616 2496 2685 nobis,
2538 2624 2843 2681 conscissus
2887 2638 2970 2684 est
3012 2647 3198 2689 saccus
3238 2651 3573 2706 peccatorum
3604 2661 3704 2699 no-

2111 2713 2368 2763 strorum.
2396 2710 2497 2765 Per
2524 2717 2835 2785 sanguinem
2867 2721 3011 2776 illum
3042 2726 3333 2796 abjecimus
3364 2749 3565 2802 pannos
3594 2738 3702 2793 iui-

2109 2796 2346 2866 quitatis,
2372 2810 2429 2855 ut
2457 2803 2806 2865 indueremur
2833 2815 2965 2868 stola
2998 2816 3425 2880 immortalitatis.

2176 2887 2231 2940 4.
2277 2887 2462 2946 Omnes
2503 2894 2621 2949 boni
2661 2900 2835 2967 ﬁdeles
2877 2904 3052 2962 divites
3081 2922 3199 2965 sunt
3226 2914 3382 2972 intus.
3424 2918 3601 2977 Hiems
3646 2933 3699 2979 et

2105 2987 2255 3032 testas
2297 2994 2470 3039 nostra
2515 3004 2645 3057 quae.
2677 2990 2875 3049 Omnes
2918 3014 3046 3070 ergo
3083 3001 3273 3060 divites
3315 3008 3439 3064 belli
3487 3013 3691 3071 ﬁdeles.

2103 3067 2272 3126 Nemo
2300 3089 2358 3130 se
2396 3088 2723 3149 contemnat,
2757 3102 2954 3158 pauper
2986 3091 3036 3145 iu
3074 3095 3228 3160 cella,
3269 3098 3417 3156 dives
3464 3104 3517 3158 in
3556 3120 3693 3162 con-

2102 3161 2342 3218 scientia.
2376 3165 2533 3224 Dives
2572 3173 2765 3244 quippe
2799 3176 2851 3230 in
2879 3182 3199 3239 conscientia
3228 3190 3465 3246 securior
3492 3193 3694 3257 dormit

2104 3251 2156 3306 in
2186 3262 2347 3323 terra,
2375 3273 2532 3328 quam
2559 3262 2708 3320 dives
2736 3267 2787 3321 in
2819 3283 3048 3341 purpura
3072 3275 3112 3328 ¹.
3138 3276 3209 3331 lbi
3232 3294 3337 3334 non
3359 3283 3553 3340 excitat
3576 3290 3691 3343 sol-

2100 3343 2317 3403 licitudo
2346 3352 2596 3423 maligna,
2626 3372 2945 3429 compuncto
2979 3366 3142 3424 corde
3172 3370 3239 3425 de
3267 3374 3492 3435 scelere.
3519 3379 3688 3437 Serva

2098 3435 2311 3494 divitias
2339 3440 2389 3495 in
2420 3444 2583 3501 corde
2610 3456 2722 3516 tuo,
2747 3466 2879 3521 quas
2909 3455 3000 3509 tibi
3031 3462 3252 3517 contulit
3276 3478 3557 3537 paupertas
3581 3472 3691 3527 Do-

2096 3527 2224 3581 mini
2270 3530 2361 3585 Dei
2404 3533 2496 3587 tui.
2537 3535 2646 3592 lmo
2686 3540 2857 3610 ipsum
2895 3545 3090 3603 adhibe
3134 3551 3226 3606 tibi
3267 3527 3583 3617 custodem:
3614 3581 3687 3621 ne

2095 3628 2279 3686 pereat
2316 3621 2383 3677 de
2425 3626 2586 3682 corde
2626 3631 2768 3699 quod
2804 3632 2968 3705 dedit,
3001 3650 3179 3696 servet
3221 3644 3336 3714 ipse
3380 3652 3471 3720 qui
3513 3652 3681 3710 dedit.

2164 3707 2392 3767 CAPUT
2431 3712 2517 3769 IV.
2548 3747 2619 3759 —-
2645 3721 2843 3778 Omnes
2891 3742 3017 3798 ergo
3060 3707 3257 3789 divites
3299 3707 3422 3794 boni
3473 3707 3681 3813 ﬁdeles,

2092 3796 2185 3851 sed
2232 3815 2337 3855 non
2377 3802 2570 3861 divites
2614 3807 2770 3880 hujus
2813 3796 3015 3871 mundi.
3046 3819 3281 3894 Denique
3307 3827 3517 3886 divitias

2090 3902 2191 3944 nec
2238 3892 2335 3961 ipsi
2382 3897 2661 3966 sentiunt;
2706 3907 2937 3962 sentient
2979 3892 3357 3981 posteaaV'ivit
3382 3923 3553 3991 radix,
3581 3929 3679 3984 sed

2088 3978 2281 4038 hiemis
2312 3993 2552 4057 tempore
2582 3993 2740 4048 etiam
2770 3997 2954 4055 viridis
2980 4004 3140 4059 arbor
3164 4009 3327 4065 aridae
3356 4013 3544 4071 similis
3570 4030 3673 4074 est.

2087 4072 2351 4143 Tempore
2386 4078 2582 4150 quippe
2618 4081 2809 4141 hiemis
2836 4097 2889 4143 et
2916 4092 3077 4148 arbor
3101 4111 3218 4167 qua:
3253 4110 3397 4169 aret,
3433 4114 3485 4159 et
3512 4072 3678 4164 arbor

2085 4177 2205 4232 qua:
2230 4165 2387 4235 viget,
2418 4177 2643 4241 utraque
2673 4176 2811 4231 nuda
2860 4190 2943 4236 est
2982 4165 3187 4242 honore
3226 4165 3494 4263 foliorum,
3521 4208 3672 4253 utra-

2082 4268 2189 4323 que
2216 4270 2378 4312 vacua
2410 4257 2618 4318 honore
2643 4265 2906 4324 fructuum
2938 4290 2951 4327 :
2982 4275 3161 4331 veniet
3184 4290 3357 4349 a-stas,
3383 4294 3437 4339 et
3463 4286 3671 4345 discer-

2081 4352 2173 4399 net
2212 4345 2433 4403 arbores
2460 4369 2473 4404 :
2502 4352 2619 4406 viva
2650 4356 2800 4412 radix
2832 4359 2953 4416 l'olia
2982 4365 3249 4435 producit,
3279 4345 3527 4442 impletur
3553 4378 3670 4435 fru-

2077 4437 2279 4503 ctibus;
2316 4440 2463 4495 arida
2504 4443 2678 4501 inanis
2704 4458 2909 4517 testate,
2948 4456 3082 4510 sicut
3114 4458 3310 4528 hieme,
3346 4469 3664 4529 remanebit.

2077 4525 2263 4599 Itaque
2293 4532 2369 4587 illi
2400 4532 2651 4592 horreum
2684 4556 3028 4615 przrparatur,
3061 4549 3185 4605 huic
3211 4525 3416 4612 securis
3439 4560 3665 4619 adhibe-

2076 4627 2182 4686 tur,
2212 4630 2270 4675 ut
2296 4636 2563 4694 amputata
2594 4630 2645 4683 in
2678 4632 2851 4702 ignem
2880 4637 3134 4694 mittatur.
3162 4640 3250 4699 Sic
3277 4656 3432 4704 testas
3457 4663 3661 4723 nostra,

2073 4709 2269 4769 Christi
2307 4724 2391 4770 est
2433 4719 2692 4777 adventus
2723 4743 2736 4778 :
2771 4726 2940 4783 hiems
2966 4743 3168 4799 nostra,
3194 4735 3392 4795 Christi
3423 4745 3629 4801 occulta

2073 4803 2146 4857 tio
2177 4823 2190 4859 :
2220 4816 2378 4861 a‘stas
2405 4820 2605 4879 nostra,
2644 4814 2839 4872 Christi
2871 4822 3143 4879 revelatio.
3174 4828 3410 4901 Denique
3447 4835 3656 4891 arbori--

2069 4893 2169 4949 bus
2224 4896 2376 4953 bonis
2426 4909 2481 4954 et
2527 4903 2774 4960 ﬁdelibus
2832 4907 2970 4966 hanc
3022 4893 3396 4975 allocutionem
3451 4925 3658 4992 prteltet

2069 4984 2355 5052 Apostolus
2385 5004 2398 5040 :
2429 4988 2624 5046 Mortui
2649 4995 2780 5048 enim
2813 5000 2951 5068 estis,
2980 5012 3027 5056 et
3055 5006 3153 5059 vita
3180 5019 3339 5063 vestra
3361 5012 3656 5072 abscondita

2067 5083 2140 5126 est
2166 5091 2281 5128 cum
2308 5075 2505 5134 Christo
2532 5082 2585 5135 in
2604 5082 2730 5138 Deo.
2753 5086 2912 5145 Certe
2939 5096 3132 5149 mortui
3159 5115 3171 5150 :
3195 5100 3287 5154 sed
3315 5105 3508 5159 mortui
3532 5123 3648 5178 spe-

2064 5164 2165 5232 cie,
2191 5166 2295 5223 vivi
2336 5169 2387 5226 in
2431 5172 2632 5229 radice.
2660 5179 2889 5237 Attende
2920 5192 3097 5241 autem
3125 5200 3404 5249 venturum
3443 5164 3653 5270 tempus

2064 5260 2297 5327 arstatis,
2343 5265 2611 5332 quomodo
2664 5282 2948 5342 sequatur,
2998 5287 3055 5333 et
3101 5282 3243 5337 dicat
3271 5303 3285 5339 :
3312 5286 3438 5341 Cum
3482 5260 3652 5348 aciem

2063 5347 2294 5405 Christus
2319 5360 2613 5424 apparuerit
2639 5361 2737 5413 vita
2757 5374 2935 5432 vestra,
2963 5377 3081 5423 tunc
3100 5381 3148 5425 et
3168 5391 3252 5428 vos
3275 5392 3389 5431 cum
3418 5380 3529 5450 ipse
3555 5401 3652 5456 ap-

2064 5441 2301 5510 parebitis
2328 5445 2381 5498 in
2404 5447 2569 5516 gloria
2596 5450 2615 5520 (
2646 5450 2841 5509 Coloss.
2869 5472 2946 5523 ut,
2974 5460 3028 5527 5,
3056 5462 3091 5517 4
3116 5461 3160 5533 ).
3193 5465 3257 5521 lli
3286 5482 3412 5525 sunt.
3432 5441 3644 5543 divites,

2060 5529 2152 5584 sed
2185 5547 2287 5586 non
2317 5533 2475 5605 hujus
2498 5541 2700 5597 mundi.
3312 5576 3316 5581 ο

2131 5622 2185 5676 5.
2224 5622 2417 5680 Divites
2444 5627 2598 5699 hujus
2620 5634 2795 5689 mundi
2821 5653 2921 5693 non
2945 5648 3219 5718 contempti
3242 5665 3276 5703 a
3298 5651 3516 5709 Chr-isto.
3540 5658 3639 5711 υἱ-

2126 5738 2140 5767 ι
2168 5734 2349 5800 Florus,
2373 5753 2514 5800 quam
2539 5757 2660 5796 auro
2682 5746 2885 5802 diresin
2906 5765 3139 5820 purpura.
