4012 6338
302 417 544 472 vitiatum
570 413 791 469 inanitas
817 421 863 468 et
892 412 1188 484 periculum.
1223 409 1333 466 Nec
1386 419 1561 466 tamen
1601 419 1655 465 et
1695 409 1887 464 divites

300 506 493 561 mundi
518 504 813 576 contempti
834 513 977 559 sunt.
1006 503 1072 557 Et
1101 503 1245 573 ipsos
1270 501 1506 557 lucratus
1530 510 1612 557 est
1635 516 1728 556 sua
1759 515 1888 570 pau-

299 608 536 669 pertate,
562 598 652 669 qui
690 611 813 653 cum
839 597 988 653 dives
1020 602 1184 663 esset,
1211 604 1427 666 propter
1449 609 1547 651 nos
1584 609 1783 666 pauper
1807 592 1887 649 ef-

292 692 471 747 fectus
497 701 602 747 est.
628 690 761 746 Nam
807 691 851 745 si
890 704 987 746 eos
1022 688 1469 758 eomtempsisset,
1496 697 1549 744 et
1578 688 1629 743 in
1660 702 1885 743 numero

293 792 611 837 sanctorum
641 780 839 837 habere
864 780 1143 845 noluisset,
1172 795 1278 834 non
1304 777 1609 845 Timotheo,
1636 778 1775 834 sicut
1799 778 1883 833 di-

288 873 509 940 cebam,
535 872 823 942 Apostolus
845 870 1210 943 praecepisset,
1235 879 1365 925 utet
1398 870 1510 939 ipse
1534 871 1879 941 prteciperet:

287 962 553 1033 Prmipe,
580 964 766 1033 inquit,
791 962 1024 1016 divitibus
1051 963 1203 1032 hujus
1232 961 1408 1015 mundi
1433 976 1532 1015 non
1560 961 1771 1030 superbe
1793 978 1882 1016 sa-

284 1072 426 1125 pere.
458 1056 604 1110 lnter
631 1054 731 1110 hos
758 1054 849 1124 qui
879 1054 982 1109 fide
1008 1064 1137 1109 sunt
1158 1052 1370 1120 divites,
1403 1065 1527 1108 sunt
1557 1053 1769 1125 quidam
1799 1054 1881 1109 di-

283 1148 426 1201 vites
447 1147 607 1217 hujus
636 1146 843 1202 mundi.
865 1145 1102 1215 Prmeipe
1128 1144 1256 1210 illis,
1277 1146 1399 1216 quia
1429 1154 1484 1200 et
1512 1145 1611 1215 ipsi
1638 1145 1879 1200 membra

259 1238 431 1293 illius
455 1238 711 1309 pauperis
741 1236 865 1292 facti
893 1246 1035 1291 sunt.
1059 1237 1294 1306 Prmeipe
1320 1236 1422 1291 illis
1447 1235 1573 1308 quid
1605 1236 1655 1291 in
1686 1236 1791 1291 illis
1815 1238 1879 1292 ti-

279 1344 437 1383 meas
461 1344 493 1382 a
523 1328 742 1384 divitiis.
772 1327 894 1383 Non
934 1326 1143 1400 superbe
1174 1344 1370 1401 sapere,
1400 1345 1557 1400 neque
1584 1344 1789 1401 sperare
1823 1330 1878 1384 in

275 1420 476 1474 incerto
501 1420 813 1473 divitiarum.
1832 1458 1841 1466 .

351 1510 588 1566 CAPUT
626 1510 688 1567 V.
718 1541 787 1551 —
814 1509 943 1567 Inde
968 1510 1109 1566 enim
1136 1510 1374 1580 superbit
1398 1510 1577 1579 dives,
1602 1511 1723 1582 quia
1750 1526 1875 1582 spe-

276 1611 365 1657 rat
406 1601 462 1656 in
500 1602 705 1657 incerto
734 1601 1057 1657 divitiarum.
1083 1602 1216 1657 Nam
1255 1603 1301 1657 si
1341 1603 1541 1657 incerta
1572 1603 1872 1657 divitiarum

278 1693 576 1762 prudenter
615 1694 935 1756 attenderet.
965 1711 1231 1765 nunquam
1259 1696 1576 1765 superbiret,
1608 1696 1702 1752 sed
1730 1711 1874 1752 sem-

276 1800 375 1854 per
413 1786 627 1840 timeret
656 1803 669 1838 :
703 1793 904 1855 quanto
931 1793 1073 1841 esset
1099 1784 1278 1848 ditior,
1310 1794 1456 1841 tanto
1487 1788 1637 1842 fieret
1667 1786 1870 1842 sollici-

278 1875 408 1941 tior,
438 1886 491 1931 et
521 1875 813 1931 secundum
845 1876 979 1931 hanc
1004 1877 1187 1943 vitam,
1220 1893 1324 1931 non
1362 1878 1534 1932 solum
1575 1878 1867 1933 secundum

274 1969 445 2022 illaut.
469 1968 620 2023 Multi
650 1970 791 2023 enim
821 1969 871 2022 iu
904 1968 1018 2023 istis
1042 1969 1224 2025 surculi
1261 1969 1745 2039 perturbationibus
1784 1984 1868 2024 se-

272 2060 520 2115 curiores
549 2075 811 2130 pauperes
842 2060 1075 2115 fuerunt.
1100 2059 1244 2115 Multi
1283 2068 1457 2114 autem
1495 2069 1707 2129 propter
1741 2076 1865 2114 suas

269 2153 489 2208 divitias
531 2154 739 2223 quaesiti
777 2161 832 2210 et
876 2153 1107 2224 correpti
1155 2162 1297 2208 sunt.
1325 2152 1470 2207 Multi
1515 2168 1574 2209 se
1617 2153 1865 2209 habuisse

271 2245 622 2314 planxerunt,
651 2244 790 2314 quod
822 2260 1032 2314 semper
1074 2244 1271 2307 habere
1301 2244 1518 2300 minime
1557 2254 1862 2315 potuerunt.

272 2336 471 2391 Multos
500 2337 750 2407 pwnituit
776 2337 1053 2392 consilium
1088 2337 1168 2391 sui
1196 2337 1404 2392 Domini
1436 2352 1541 2391 non
1576 2338 1861 2406 recepisse,

270 2431 361 2499 qui
402 2429 541 2483 dixit
566 2447 580 2484 :
612 2428 783 2484 Nolite
813 2431 948 2484 vobis
979 2432 1239 2485 thesauros
1268 2430 1482 2484 condere
1508 2430 1561 2483 in
1589 2440 1749 2496 terra,
1780 2431 1863 2484 ubi

268 2524 407 2576 tinea
443 2533 492 2577 et
521 2534 799 2577 comestura
839 2523 1153 2589 exterminat,
1184 2533 1231 2577 et
1259 2523 1345 2577 ubi
1372 2526 1512 2593 fures
1539 2522 1787 2589 e/fodiunt
1814 2532 1864 2577 et

268 2614 514 2683 furarrtur
550 2631 569 2668 :
604 2614 693 2669 sed
736 2615 1070 2669 thesaurizate
1111 2615 1245 2669 vobis
1288 2616 1578 2670 thesaurum
1610 2616 1663 2669 in
1702 2615 1860 2669 caelis.

265 2704 386 2759 Non
432 2708 561 2761 dico
602 2708 751 2762 vobis
795 2717 852 2760 ut
894 2708 1144 2777 perdatis,
1190 2708 1285 2763 sed
1327 2718 1384 2763 ut
1423 2708 1682 2778 migretis.
1714 2707 1860 2762 Multi

267 2800 414 2852 enim
447 2798 551 2853 hoe
581 2799 755 2854 facere
782 2799 1086 2867 noluerunt,
1108 2809 1161 2855 et
1191 2816 1297 2855 non
1318 2816 1378 2856 se
1405 2800 1653 2856 obedisse
1675 2799 1862 2855 dolue-

266 2900 431 2955 runt;
461 2890 679 2961 quando
717 2908 821 2947 non
869 2892 1042 2951 solum
1083 2907 1175 2946 sua
1221 2890 1585 2962 perdiderunt,
1615 2890 1707 2945 sed
1740 2905 1863 2962 pro-

269 2993 390 3052 pter
419 2983 509 3037 illa
532 2993 585 3037 et
614 2983 713 3052 ipsi
738 2983 1029 3053 perierunt.
1052 2981 1282 3054 Prwcipe
1304 2997 1431 3053 ergo
1455 2984 1688 3037 divitibus
1708 2983 1861 3054 hujus

267 3077 449 3128 mundi
489 3092 594 3129 non
631 3076 843 3146 superbe
867 3093 1046 3145 sapere
1065 3093 1085 3131 :
1108 3086 1162 3132 et
1189 3076 1279 3131 ﬁet
1309 3076 1359 3130 in
1385 3076 1464 3132 eis
1492 3079 1632 3146 quod
1658 3076 1861 3132 audivi-

267 3184 390 3223 mus
437 3168 490 3222 in
535 3169 817 3238 proverbio
844 3168 1163 3232 Salomonis,
1196 3168 1327 3223 Sunt
1355 3169 1441 3240 qui
1476 3185 1529 3223 se
1568 3169 1856 3236 humiliant,

265 3276 381 3311 cum
400 3259 504 3312 sint
528 3259 725 3314 divites.
751 3258 818 3313 Et
842 3259 1134 3313 seeu;.dum
1161 3259 1289 3313 istas
1308 3258 1517 3313 divitias
1540 3260 1859 3330 temporales

270 3352 385 3405 ﬁeri
433 3361 629 3421 potest.
656 3351 737 3408 Sit
764 3351 979 3406 humilis
1009 3369 1021 3406 :
1057 3352 1173 3421 plus
1200 3351 1428 3422 gaudeat
1463 3352 1584 3423 quia
1614 3352 1859 3408 christia-

270 3459 370 3497 nns
398 3453 505 3509 est,
524 3459 683 3513 quam
714 3444 833 3513 quia
857 3443 1006 3498 dives
1029 3453 1129 3499 est.
1152 3443 1267 3498 Non
1299 3442 1531 3508 inﬂetur,
1558 3460 1661 3498 non
1690 3446 1859 3499 extol-

268 3534 409 3588 latur
438 3552 452 3587 :
481 3533 724 3589 atteudat
764 3550 1052 3604 pauperem
1095 3534 1346 3600 fratrem,
1388 3551 1493 3590 non
1540 3536 1857 3607 dedignetur

268 3624 436 3679 frater
458 3626 707 3695 pauperis
727 3626 1000 3695 appellari.
1027 3626 1524 3698 Quantumcumque
1545 3630 1685 3683 enim
1708 3629 1857 3684 dives

263 3718 352 3781 sit,
382 3718 549 3771 ditior
574 3727 656 3772 est
683 3717 948 3783 Christus,
991 3719 1082 3789 qui
1124 3718 1316 3774 fratres
1356 3734 1482 3775 suos
1526 3735 1646 3776 esse
1692 3720 1858 3776 voluit

266 3825 361 3878 pro
390 3809 590 3877 quibus
615 3808 923 3879 sanguinem
952 3824 1106 3865 suum
1138 3810 1293 3865 fudit.

332 3900 565 3958 CAPUT
608 3900 693 3956 VI.
720 3932 791 3940 —-
819 3903 872 3958 6.
899 3900 1095 3955 Divitia:
1118 3902 1186 3955 ad
1211 3901 1333 3972 quid
1362 3902 1595 3972 prodesse
1621 3913 1849 3973 possunt.

264 3993 467 4048 Tamen
515 4009 584 4048 ne
625 3994 864 4049 dicereut
900 3994 1111 4061 divites,
1140 4010 1245 4049 non
1283 4012 1342 4050 se
1383 3994 1579 4051 habere
1605 3996 1732 4065 quid
1775 3996 1853 4051 fa-

262 4085 407 4137 ciant
435 4085 505 4139 de
542 4085 738 4139 divitiis
780 4088 925 4151 suis,
959 4085 1235 4141 admonuit
1273 4087 1640 4155 Timotheum,
1674 4099 1732 4142 ut
1759 4104 1852 4143 eos

261 4177 423 4232 etiam
449 4178 675 4243 consilio
704 4188 931 4248 regeret,
966 4193 1070 4232 non
1110 4178 1281 4233 solum
1328 4188 1593 4248 przccepto
1631 4180 1851 4235 cohibe-

261 4280 344 4324 ret
374 4287 389 4324 :
419 4286 543 4325 cum
587 4271 835 4336 dixisset,
860 4270 1041 4343 Neque
1080 4288 1285 4339 sperare
1325 4272 1378 4325 in
1419 4272 1606 4325 incerto
1644 4274 1849 4327 divitia-

262 4378 402 4427 rum;
418 4377 487 4417 ne
506 4378 566 4417 se
585 4376 733 4431 Spem
748 4362 1041 4432 perdidisse
1054 4362 1457 4425 arbitrarentur,
1471 4363 1715 4431 subjecit,
1744 4363 1851 4419 Sed

259 4454 310 4509 in
359 4455 470 4508 Deo
508 4454 638 4520 vivo,
673 4456 757 4523 qui
796 4464 998 4524 pra'stat
1038 4454 1179 4508 nobis
1221 4454 1390 4507 omnia
1430 4455 1747 4508 abundanter
1782 4456 1851 4508 ad

259 4546 543 4616 fruendum
570 4561 589 4599 :
618 4545 929 4613 temporalia
955 4545 1020 4599 ad
1051 4545 1326 4610 utendum,
1356 4554 1552 4599 interna
1578 4545 1642 4599 ad
1672 4546 1850 4600 fruen-

259 4638 412 4691 dum.
436 4636 545 4693 Sed
582 4635 651 4691 de
695 4637 895 4690 divitiis
933 4638 1044 4690 suis
1075 4636 1200 4706 quid
1240 4635 1469 4690 faciant?
1499 4635 1686 4689 Divites
1721 4645 1841 4703 sint,

258 4731 447 4799 inquit,
486 4731 541 4783 in
578 4729 812 4799 operibus
858 4730 1022 4792 bonis,
1060 4728 1211 4799 facile
1236 4729 1475 4782 tribuant.
1504 4728 1615 4783 Iloc
1646 4729 1847 4797 prosint

255 4823 497 4887 divitiae,
542 4837 611 4877 ne
652 4823 723 4875 sit
770 4823 863 4876 tibi
910 4821 1195 4875 difficultas
1244 4821 1527 4876 tribuendi.
1559 4822 1681 4875 Vult
1705 4821 1845 4875 enim

256 4928 483 4983 pauper,
528 4923 581 4968 et
631 4929 736 4966 non
784 4921 995 4981 potest:
1021 4911 1127 4966 vult
1170 4911 1340 4978 dives,
1367 4920 1422 4966 ct
1452 4920 1641 4980 potest.
1673 4910 1867 4967 Facile

256 5005 506 5069 tribuant,
534 5002 923 5066 communicent,
957 5003 1289 5056 thesau-rizent
1327 5001 1421 5056 sibi
1464 5002 1847 5069 fundamentum

254 5097 441 5150 bonum
463 5099 518 5149 in
533 5096 785 5165 futurum,
806 5105 858 5148 ut
877 5094 1257 5165 apprehendant
1278 5110 1443 5154 veram
1467 5096 1619 5149 vitam
1648 5095 1688 5165 (I
1710 5095 1842 5149 Tim.

257 5204 327 5253 vi,
354 5188 569 5257 l7-t9).
594 5187 727 5245 Nam
755 5188 853 5240 ista
876 5188 981 5241 vita
1008 5186 1138 5241 falsa
1157 5195 1259 5242 est.
1284 5186 1451 5257 Ilujus
1475 5187 1594 5240 vita:
1620 5188 1846 5245 falsitate

253 5281 513 5349 deceptus
541 5281 630 5334 ille
668 5280 720 5335 in
747 5295 978 5350 purpura
1019 5288 1076 5335 et
1115 5281 1295 5351 bysso,
1328 5280 1595 5350 jacentem
1635 5281 1844 5337 uicero-

253 5388 375 5427 sum
409 5386 696 5441 pauperem
732 5381 857 5429 ante
885 5386 1035 5425 suam
1070 5372 1286 5440 januam
1324 5372 1716 5427 contemnebat.
1740 5371 1844 5428 Sed

252 5462 346 5517 ille
399 5462 596 5516 linctus
638 5477 668 5516 a
715 5461 957 5525 canibus,
1003 5461 1309 5517 thesaurum
1351 5461 1451 5516 sibi
1492 5471 1748 5517 aeternum
1791 5464 1843 5517 in

253 5553 487 5609 Abrahae
512 5553 719 5624 gremio
752 5552 1124 5623 comparabat,
1156 5561 1211 5608 et
1239 5552 1284 5608 si
1311 5568 1413 5608 non
1443 5551 1733 5607 abundanti
1765 5552 1845 5608 fa-

253 5649 476 5712 cultate,
510 5646 596 5717 pia
628 5655 806 5700 tamen
832 5654 884 5699 et
909 5645 1086 5715 opima
1116 5645 1409 5699 voluntate.
1440 5642 1530 5698 Ille
1556 5654 1732 5699 autem
1759 5644 1840 5699 di-

254 5753 366 5804 ves,
399 5737 489 5809 qui
527 5736 630 5793 sibi
673 5753 894 5807 magnus
926 5736 1198 5792 videbatur
1224 5736 1275 5791 itt
1304 5750 1535 5807 purpura
1571 5745 1624 5793 et
1660 5735 1838 5810 bysso,

1671 294 1903 352 SERHO
1942 295 2180 359 XXXVI.

1999 423 2242 473 mortuus
2287 423 2527 492 sepultus
2570 435 2653 481 est
2697 426 2750 481 in
2798 427 3024 485 inferno.
3063 430 3130 486 Et
3171 430 3296 502 quid
3343 433 3580 492 invenit?

1993 506 2269 565 Eternam
2293 512 2459 580 sitim,
2484 515 2845 576 iudeﬁeientes
2864 520 3125 578 ﬂammas.
3150 523 3421 581 Successit
3440 527 3578 598 ignis

1994 614 2241 669 purpurae
2268 613 2327 659 et
2354 605 2517 677 bysso
2550 625 2563 658 τ
2592 623 2654 663 ea
2684 609 2858 667 tunica
2902 611 3140 682 ardebat,
3167 631 3271 686 qua
3298 632 3356 671 se
3385 632 3577 689 exspo-

1992 690 2122 746 liare
2147 708 2252 749 non
2284 706 2509 767 poterat.
2552 699 2655 754 Pro
2693 702 2861 773 epulis
2900 704 3138 771 ariditas,
3170 715 3226 762 et
3247 696 3574 766 desiderium

1991 790 2151 850 gutta:
2173 783 2239 839 de
2261 786 2424 857 digito
2454 791 2721 860 pauperis,
2750 793 2886 849 sicut
2915 796 2989 851 illi
3019 797 3272 853 micarum
3295 799 3362 855 de
3388 816 3572 857 mensa

1989 871 2167 928 divitis
2194 876 2232 930 ί.
2258 876 2362 932 Sed
2406 879 2544 935 illius
2585 893 2793 952 egestas
2833 887 3173 955 prarteriens,
3214 888 3371 959 hujus
3413 907 3571 963 ptena

1989 980 2309 1035 permanens
2339 973 2357 1002 ³
2384 971 2534 1043 (Luc.
2560 990 2665 1039 svr,
2696 976 2905 1044 19-26).
2936 979 3047 1034 lloc
3076 983 3353 1037 attendant
3376 982 3570 1041 divites

1989 1054 2146 1126 hujus
2175 1061 2377 1129 mundi,
2404 1073 2458 1118 et
2482 1080 2586 1119 non
2622 1067 2849 1135 superbe
2875 1069 3101 1138 sapiant.
3127 1070 3300 1127 Facile
3326 1074 3565 1143 tribuant,

1986 1152 2353 1207 communicent
2378 1171 2398 1209 .°
2424 1155 2758 1211 thesaurizent
2782 1160 2876 1213 sibi
2905 1159 3286 1230 fundamentum
3311 1164 3494 1219 bonum
3512 1164 3567 1220 in

1985 1245 2245 1312 futurum;
2272 1246 2359 1301 ubi
2385 1256 2511 1302 sunt
2532 1249 2643 1304 veri
2663 1250 2853 1307 divites
2868 1251 2912 1321 ³,
2929 1252 3025 1307 sed
3046 1269 3151 1308 non
3174 1254 3327 1325 hujus
3349 1256 3566 1316 mundi:

1984 1341 2039 1385 ut
2064 1334 2447 1402 appro/tendant
2469 1354 2635 1392 veram
2662 1339 2834 1395 vitam.

2051 1421 2276 1481 CAPUT
2302 1426 2409 1481 VII.
2437 1458 2511 1469 -
2539 1429 2591 1483 7.
2618 1429 2815 1485 Divitiis
2843 1431 3160 1487 interioribus
3183 1433 3376 1488 divites.
3402 1434 3563 1493 Forte

1981 1529 2108 1585 ergo
2144 1514 2245 1571 hoc
2284 1517 2557 1574 admonuit
2599 1519 2870 1590 Scriptura
2909 1522 3084 1577 divina
3110 1564 3125 1588 ,
3162 1524 3250 1578 ubi
3279 1524 3389 1592 ait,
3428 1525 3565 1580 Sunt

1979 1610 2064 1679 qui
2088 1625 2138 1664 se
2168 1609 2342 1664 divites
2364 1609 2624 1678 affectant,
2648 1614 2775 1668 nihil
2795 1614 3049 1678 habentes,
3074 1624 3290 1685 propter
3305 1617 3564 1688 superbos

1980 1712 2267 1768 pannosos.
2291 1700 2345 1755 Si
2364 1702 2504 1756 enim
2536 1702 2624 1757 vix
2661 1704 2915 1758 toleratur
2952 1705 3101 1761 dives
3130 1706 3409 1776 superbus,
3433 1723 3563 1777 pau-

1979 1806 2158 1861 perem
2178 1794 2464 1863 superbum
2511 1796 2626 1865 quis
2645 1795 2815 1850 ferat?
2837 1796 3081 1853 Meliores
3096 1808 3219 1854 sunt
3238 1815 3366 1870 ergo
3382 1799 3455 1853 illi
3471 1801 3560 1870 qui

1975 1897 2035 1937 se
2066 1882 2376 1950 lmmiliant,
2407 1899 2525 1938 cum
2565 1884 2671 1941 sint
2697 1885 2907 1941 divites.
2937 1886 3312 1943 Verumtamen
3352 1888 3417 1944 de
3440 1890 3560 1945 aliis

1976 1972 2171 2028 divitiis
2212 1988 2271 2028 se
2313 1974 2492 2029 dicere
2544 1975 2813 2046 Scriptura
2859 1985 3081 2034 testatur
3126 1996 3140 2031 :
3183 1989 3364 2034 secuta
3412 1981 3554 2035 enim

1973 2063 2209 2133 adjunxit
2236 2104 2251 2129 ,
2281 2063 2580 2137 Redemptio
2618 2066 2801 2123 anima?
2838 2067 2930 2121 viri
2959 2069 3144 2122 divitia:
3180 2070 3327 2139 ejus;
3365 2088 3558 2143 pauper

1971 2165 2138 2210 autem
2175 2172 2275 2210 non
2315 2155 2493 2223 suffert
2522 2157 2702 2212 minas.
2750 2157 3047 2230 Intelligere
3075 2159 3331 2216 debemus
3356 2177 3420 2217 ex
3450 2162 3555 2218 alia

1972 2247 2152 2302 nescio
2178 2262 2279 2318 qua
2319 2258 2626 2318 paupertate
2668 2264 2993 2320 pauperem,
3025 2260 3081 2307 et
3103 2268 3167 2308 es
3212 2254 3329 2308 aliis
3374 2254 3557 2311 nescio

1969 2337 2161 2408 quibus
2189 2337 2385 2393 divitiis
2411 2338 2646 2395 divitem.
2678 2340 2849 2395 Altius
2877 2342 3018 2396 enim
3050 2342 3243 2399 divites
3263 2386 3277 2408 ,
3311 2344 3362 2398 in
3391 2345 3552 2401 corde

1968 2427 2195 2496 divites,
2227 2430 2367 2499 pleni
2392 2428 2699 2487 fortitudine
2722 2474 2737 2499 ,
2765 2432 2925 2503 Opimi
2957 2434 3149 2502 pietate
3176 2477 3189 2501 ,
3221 2435 3554 2494 abundantes

1968 2518 2243 2585 charitate,
2276 2536 2455 2576 secum
2491 2531 2615 2577 sunt
2642 2522 2853 2590 divites,
2883 2525 3162 2581 interiores
3187 2537 3309 2581 sunt
3338 2528 3548 2584 divites.

1969 2612 2103 2667 Sunt
2126 2622 2300 2666 autem
2330 2614 2417 2684 qui
2437 2630 2490 2668 se
2515 2614 2689 2668 divites
2716 2614 2978 2683 affectant,
3010 2633 3123 2669 cum
3146 2618 3245 2670 sint
3266 2634 3509 2687 pauperes
3531 2635 3553 2674 :

1962 2706 2090 2776 justi
2128 2706 2228 2762 sibi
2268 2706 2548 2770 videntur.
2577 2722 2698 2763 cum
2743 2707 2851 2763 sint
2889 2708 3073 2779 iniqui.
3107 2709 3326 2764 Divitias
3352 2711 3549 2782 quippe

1967 2800 2086 2854 illas
2110 2798 2406 2869 intelligere
2429 2798 2685 2855 debemus
2715 2818 2727 2853 :
2756 2801 3005 2870 quoniam
3036 2802 3242 2870 aperuit
3270 2802 3548 2873 Scriptura

1965 2891 2089 2962 quid
2118 2891 2343 2970 dixerit,
2374 2892 2668 2957 Redemptio
2695 2894 2879 2948 anima:
2906 2893 3000 2948 viri
3027 2892 3213 2949 divitiis
3239 2896 3397 2964 ipsius
3422 2938 3438 2963 ,
3467 2895 3551 2951 Iu-

1966 2984 2141 3054 tellige
2164 3023 2179 3048 ,
2208 2983 2408 3053 inquit,
2432 2998 2564 3053 quas
2601 2982 2695 3037 tibi
2740 2983 2948 3041 divitias
2984 2986 3374 3041 commendem.
3406 2988 3551 3054 Quo-

1966 3075 2105 3129 niam
2135 3074 2264 3141 dixi,
2294 3073 2429 3129 Sunt
2453 3075 2539 3145 qui
2566 3091 2618 3129 se
2642 3074 2816 3129 divites
2841 3074 3099 3142 affectant.
3127 3076 3257 3130 nihil
3277 3078 3550 3145 habentes;

1964 3176 2011 3221 et
2038 3176 2154 3222 sunt
2177 3167 2263 3237 qui
2291 3183 2344 3221 se
2367 3166 2655 3231 humiliant,
2689 3183 2801 3220 cum
2828 3170 2927 3221 sint
2953 3167 3167 3233 divites;
3196 3169 3313 3224 illas
3341 3178 3546 3241 tempo-

1965 3257 2105 3311 rales
2130 3267 2183 3312 et
2222 3267 2461 3312 terrenas
2499 3266 2552 3312 et
2577 3257 2812 3313 visibiles
2853 3257 3063 3314 divitias
3100 3260 3371 3330 cogitabas
3403 3279 3416 3315 :
3445 3277 3546 3332 ego

1963 3358 2141 3405 autem
2182 3364 2287 3403 non
2329 3348 2469 3418 ipsas
2497 3348 2638 3416 dico,
2679 3348 2772 3404 sed
2796 3344 2928 3419 quas
2957 3350 3126 3405 dicam
3159 3361 3549 3423 consequenter

1962 3439 2263 3507 admoneo;
2293 3439 2590 3510 Redemptio
2626 3441 2812 3495 anima:
2848 3441 2978 3506 viri,
3007 3442 3194 3496 divitia:
3221 3444 3379 3513 ipsius
3407 3454 3543 3500 sunt.

1962 3531 2103 3602 Ergo
2153 3532 2243 3602 qui
2290 3546 2394 3586 non
2434 3532 2630 3586 habent
2678 3533 2870 3586 anima:
2918 3533 3381 3603 redemptionem,
3422 3538 3545 3607 quia

1962 3622 2125 3693 iniqui
2152 3631 2315 3689 sunt,
2343 3631 2397 3677 et
2419 3623 2591 3691 justas
2623 3637 2682 3677 se
2722 3622 2888 3677 videri
2918 3623 3164 3678 alfectant
3186 3666 3200 3689 ,
3229 3627 3352 3695 quia
3380 3628 3548 3699 hypo-
3626 3634 3627 3637 ‘

1960 3713 2106 3768 erita:
2133 3720 2289 3779 sunt,
2320 3712 2416 3782 ipsi
2447 3720 2571 3766 sunt
2595 3711 2663 3766 de
2688 3713 2876 3783 quibus
2900 3712 3007 3777 ait,
3032 3713 3165 3767 Sunt
3188 3716 3273 3785 qui
3295 3732 3348 3769 se
3372 3717 3546 3773 divites

1958 3804 2229 3872 affectant,
2262 3805 2388 3858 nihil
2415 3805 2648 3873 habentes
2674 3805 2882 3874 :justos
2910 3820 2968 3859 se
2997 3805 3179 3860 volunt
3204 3807 3392 3872 videri,
3422 3824 3543 3864 cum

1959 3896 2013 3950 in
2040 3897 2175 3951 cella
2204 3896 2542 3951 conscientia:
2584 3913 2687 3951 non
2722 3896 2951 3951 habeant
2990 3912 3177 3952 aurum
3208 3899 3445 3967 justitim.
3476 3902 3545 3957 Et

1958 3999 2080 4044 sunt
2124 3990 2260 4059 pleni
2294 3990 2315 4021 δ
2338 4031 2354 4056 ,
2388 4000 2533 4044 tanto
2563 3989 2904 4056 humiliores,
2942 4000 3139 4061 quanto
3177 3991 3401 4049 ditiores
3429 4011 3443 4046 :
3475 3994 3543 4049 de

1957 4086 2151 4156 quibus
2191 4088 2388 4143 dictum
2427 4096 2543 4155 est,
2574 4087 2720 4141 Beati
2761 4104 3005 4159 pauperes
3048 4088 3230 4159 spiritu
3254 4128 3269 4154 ,
3303 4087 3542 4158 quoniam

1956 4184 2179 4253 ipsorum
2201 4191 2271 4236 est
2296 4198 2507 4251 regnum
2534 4179 2771 4235 cazlorum
2795 4179 3004 4250 (Matth.
3031 4196 3086 4245 v,
3114 4178 3191 4251 '5).

2026 4272 2251 4327 CAPUT
2283 4271 2414 4327 VIII.
2447 4302 2515 4312 —
2554 4272 2607 4326 8.
2643 4270 2915 4325 Interiores
2952 4272 3157 4336 divitiw,
3199 4270 3327 4340 ﬁdes
3355 4311 3371 4335 ,
3408 4284 3536 4324 auro

1956 4365 2292 4435 prtvferenda.
2322 4363 2457 4430 Quid
2484 4378 2611 4433 ergo
2635 4363 2830 4431 quieris
2850 4362 3080 4427 divitias,
3109 4377 3227 4432 qua:
3256 4359 3427 4415 oculis
3448 4359 3541 4415 hu-

1954 4458 2126 4512 manis
2153 4466 2206 4511 et
2232 4456 2441 4511 carneis
2468 4455 2838 4509 blandiuntur?
2866 4455 3030 4509 Lucet
3048 4470 3236 4509 aurum
3268 4472 3280 4507 :
3304 4453 3396 4509 sed
3420 4453 3540 4523 plus

1954 4548 2093 4602 lucet
2121 4546 2273 4601 ﬁdes.
2303 4545 2451 4615 Elige
2470 4545 2601 4615 quid
2642 4546 2694 4599 in
2721 4545 2881 4600 corde
2923 4545 3120 4600 habere
3147 4545 3363 4599 debeas.
3392 4544 3537 4599 Intus

1954 4640 2143 4709 plenus
2166 4649 2282 4695 esto
2305 4680 2321 4705 ,
2351 4638 2436 4693 ubi
2466 4637 2677 4693 divitias
2708 4647 2822 4692 tuas
2855 4638 2994 4693 Deus
3024 4637 3166 4692 videt
3190 4679 3206 4703 ,
3236 4636 3397 4691 homo
3422 4653 3528 4691 non

1952 4735 2116 4789 videt.
2144 4734 2249 4788 Nec
2288 4742 2463 4787 tamen
2510 4733 2630 4802 quia
2662 4732 2821 4787 homo
2851 4748 2956 4787 non
2998 4732 3141 4787 videt
3166 4772 3181 4794 ,
3227 4732 3348 4786 ideo
3373 4730 3537 4786 debes

1952 4837 2294 4881 contemnere
2337 4825 2477 4895 quod
2524 4825 2662 4879 intus
2710 4824 2895 4879 habes.
2943 4824 3035 4879 Vis
3077 4823 3257 4877 videre
3286 4864 3301 4887 ,
3332 4816 3537 4891 quia‘et

1952 4918 2121 4972 oculis
2146 4917 2444 4987 iniquorum
2470 4916 2589 4987 plus
2614 4915 2756 4970 lucet
2782 4915 2932 4979 fides,
2964 4929 3120 4983 quam
3144 4913 3368 4966 aurum?
3391 4912 3535 4979 Quo-

1953 5011 2113 5065 modo
2141 5009 2320 5064 laudat
2354 5009 2516 5063 etiam
2543 5024 2732 5062 avarus
2761 5007 3009 5061 dominus
3037 5022 3248 5062 servum
3281 5004 3488 5059 fidelem
3509 5005 3535 5059 τ

1952 5104 2091 5159 Nihil
2120 5104 2210 5157 illo
2229 5100 2357 5156 dicit
2382 5115 2501 5154 esse
2526 5100 2808 5170 pretiosius
2836 5116 2849 5152 :
2879 5099 2983 5152 imo
3012 5113 3133 5152 eum
3160 5096 3378 5150 omnino
3410 5112 3534 5167 prc-

1954 5196 2083 5250 tium
2116 5211 2220 5249 non
2250 5194 2446 5248 habere
2470 5201 2710 5247 testatur.
2743 5191 2923 5246 llabeo
2950 5204 3185 5255 servum,
3212 5188 3400 5259 inquit,
3425 5204 3532 5243 non

2015 5312 2032 5342 ί
2063 5318 2159 5357 Am.
2182 5315 2257 5357 Er.
2299 5314 2350 5356 et
2377 5307 2661 5356 sorbonicus
2691 5313 2791 5366 Ms,
2817 5301 3035 5366 arida/ts
3053 5305 3157 5366 erat
3179 5300 3240 5361 ei,
3272 5305 3319 5366 et
3341 5298 3532 5351 deside-

1951 5373 2087 5433 rium
2100 5377 2245 5433 guttis
2267 5370 2327 5419 de
2346 5368 2493 5433 digito
2516 5368 2757 5431 pauperis,
2780 5362 2905 5417 sicut
2927 5362 3000 5415 illi
3021 5363 3257 5414 micarum
3286 5362 3347 5413 de
3369 5374 3532 5413 meum

1951 5428 2526 5496 divitis'indigentia'fuitl
2865 5493 2874 5496 _
3065 5492 3074 5496 _
3157 5487 3185 5496 __
3225 5486 3236 5496 _
3291 5486 3302 5496 ,

2014 5499 2034 5526 ²
2058 5485 2339 5543 sorbonieus
2359 5485 2440 5541 ats'.
2464 5491 2581 5541 :Sed
2595 5488 2724 5541 illius
2746 5493 2929 5553 egestas
2951 5487 3206 5553 prtetenit,
3217 5486 3362 5548 hujus
3382 5497 3527 5549 parua

1951 5560 2365 5666 codex
2390 5614 2689 5682 srrbonicus,
2711 5611 2791 5682 ubi
2811 5611 2905 5682 sint
2922 5609 3025 5662 veri
3046 5610 3231 5682 ᾴίυὲιεξε

2012 5682 2164 5793 δὲέκ.
2193 5685 2247 5785 If:
2261 5690 2353 5727 non
2375 5681 2483 5727 sunt
2512 5673 2657 5739 pleni.
2679 5667 2846 5735 'Abcst,
2887 5686 2999 5737 non,
3027 5674 3090 5724 ab
3117 5671 3259 5723 editis
3281 5667 3387 5719 alits
3409 5673 3462 5719 et
3494 5677 3526 5718 ι

2012 5758 2033 5787 r
2096 5755 2205 5791 meo
2234 5749 2307 5789 ts.

1952 5748 2205 5795 Serbontcu
2229 5748 2307 5789 tis.
