3994 6458
442 322 447 329 ,ι

468 493 628 549 habet
652 488 898 562 pretium.
922 485 1211 556 Exspectas
1237 489 1291 537 tu
1318 477 1494 535 unde?
1516 476 1675 532 Forte
1700 474 1838 530 bene
1865 470 2043 533 saltat,

467 595 557 641 aut
584 583 815 654 optimus
840 594 1039 651 coquus
1066 584 1167 632 est.
1190 574 1303 630 Non
1329 592 1343 626 :
1366 571 1581 627 attende
1604 567 1911 623 interiorem
1937 563 2050 617 lau-

473 678 619 735 dem.
652 674 813 738 Nihil,
841 672 1027 742 inquit,
1058 668 1284 724 ﬁdelius.
1312 666 1491 721 Placet
1512 662 1630 728 tibi,
1653 661 1835 723 homo,
1863 671 2048 713 servus

473 780 595 824 tuus
621 765 810 831 ﬁdelis,
837 772 891 829 et
917 771 973 816 tu
1000 776 1103 815 non
1132 759 1208 814 vis
1231 772 1350 813 esse
1376 756 1484 810 Deo
1512 766 1697 808 servus
1722 748 1932 804 ﬁdelis?
1957 747 2052 801 At—

477 861 650 917 tendis
678 859 798 929 quia
828 856 991 911 habes
1016 867 1228 909 servum
1269 860 1414 905 tuum
1440 889 1454 913 ,
1487 844 1701 901 attende
1737 843 1861 913 quia
1886 838 2050 895 habes

472 960 527 1007 et
555 948 856 1005 Dominum.
888 945 1115 1000 Servum
1142 950 1289 997 tuum
1323 937 1537 1010 potuisti
1564 948 1875 1003 comparare
1900 973 1915 999 ,
1945 944 2051 984 non

456 1038 657 1097 creare
683 1055 698 1093 :
726 1036 980 1093 Dominus
1010 1042 1129 1088 tuus
1153 1041 1207 1087 et
1230 1030 1392 1086 verbo
1417 1042 1514 1085 suo
1539 1025 1737 1082 creavit
1758 1032 1829 1087 te,
1857 1031 1911 1077 ct
1932 1036 2056 1074 san.

472 1132 630 1202 guine
658 1143 756 1184 suo
783 1126 1011 1182 redemit
1035 1133 1108 1179 te.
1133 1121 1190 1178 Si
1217 1119 1411 1175 viluisti
1437 1117 1553 1184 tibi,
1579 1114 1757 1172 recole
1782 1113 2008 1184 pretium
2038 1127 2051 1162 :

447 1254 459 1261 -
479 1220 524 1273 si
565 1218 747 1274 ethoc
775 1215 967 1270 oblitus
996 1228 1076 1279 es,
1096 1213 1225 1283 lege
1254 1207 1616 1280 Evangelium,
1646 1206 2055 1261 instrumentum

480 1319 649 1364 tuum.
677 1306 862 1363 Fidem
892 1319 1039 1359 amas
1065 1303 1117 1357 in
1142 1315 1296 1357 servo
1321 1309 1432 1364 tuo,
1461 1308 1514 1353 et
1532 1298 1786 1352 Dominus
1813 1301 2057 1348 tuusuou

480 1402 672 1471 quazrit
689 1415 807 1455 eam
832 1399 884 1452 in
908 1397 1047 1453 suo?
1071 1394 1253 1452 Redde
1272 1393 1411 1463 quod
1440 1392 1626 1463 exigis.
1649 1388 1802 1457 Quod
1824 1387 1916 1443 tibi
1932 1401 2061 1457 gau-

479 1493 577 1548 des
602 1491 748 1547 reddi
772 1491 837 1545 ab
863 1488 1131 1555 inferiare,
1159 1487 1321 1543 redde
1340 1483 1620 1555 superiori.
1645 1485 1806 1537 Amas
1825 1496 2058 1547 servum,

480 1576 569 1654 qui
597 1583 823 1638 ﬁdeliter
849 1579 1076 1636 custodit
1104 1593 1289 1632 aurum
1328 1589 1472 1630 tuum
1525 1593 1540 1630 :
1581 1573 1686 1627 noli
1723 1582 2064 1627 contemnere

483 1674 766 1730 Dominum
793 1713 808 1737 ,
861 1671 951 1742 qui
1006 1666 1420 1725 misericorditer
1464 1662 1699 1720 custodit
1742 1676 1838 1717 cor
1888 1669 2059 1715 tuum.

482 1768 682 1824 Omnes
707 1782 836 1836 ergo
863 1765 1059 1820 habent
1088 1761 1272 1816 oculos
1299 1759 1366 1814 ad
1396 1756 1711 1813 laudandam
1740 1752 1895 1809 ﬁdem
1920 1795 1935 1819 ,
1969 1752 2065 1806 sed

484 1857 697 1930 quando
722 1858 939 1928 exigunt
964 1853 1114 1910 reddi
1144 1852 1267 1908 sibi.
1298 1849 1429 1905 Nam
1460 1845 1672 1919 quando
1698 1846 1765 1901 ab
1793 1845 1871 1900 cis
1894 1842 2064 1914 exigi-

485 1961 593 2020 tur,
618 1949 868 2007 claudunt
885 1948 1089 2014 oculos,
1116 1946 1302 2001 nolunt
1324 1958 1441 1999 eam
1466 1941 1646 1997 videre
1667 1954 1824 2010 quam
1848 1938 2068 2009 pulchra

489 2046 581 2098 sit;
608 2044 715 2098 Aut
741 2041 876 2097 forte
894 2040 1054 2097 stulta
1080 2037 1282 2094 insania
1310 2045 1583 2107 propterea
1612 2032 1799 2087 nolunt
1824 2030 2066 2095 reddere,

488 2148 558 2189 ne
584 2131 808 2203 perdant
838 2149 852 2186 :
883 2128 1150 2202 quomodo
1181 2131 1331 2182 timet
1355 2126 1473 2196 quis
1505 2123 1726 2180 reddere
1752 2122 2027 2194 pecuniam
2053 2139 2068 2189 ;

489 2240 613 2280 cum
638 2224 780 2279 enim
801 2221 1092 2280 reddiderit
1115 2236 1232 2276 eam
1251 2262 1266 2286 ,
1297 2233 1399 2274 non
1430 2217 1663 2272 habebit.
1694 2215 1809 2270 Non
1838 2214 1915 2271 sic
1944 2214 2071 2270 red-

490 2313 633 2369 ditur
663 2313 796 2369 ﬁdes
827 2329 840 2367 :
873 2321 928 2367 et
961 2310 1201 2367 redditur
1224 2350 1240 2376 ,
1270 2319 1320 2364 et
1362 2308 1606 2362 habetur.
1646 2303 1837 2361 Mirum
1874 2304 2020 2361 dictu
2053 2321 2067 2358 :

493 2405 601 2460 imo
626 2404 668 2460 si
698 2419 802 2458 non
825 2402 1085 2468 redditur,
1112 2416 1216 2454 non
1248 2398 1489 2453 habetur.
2034 2472 2039 2479 .

561 2494 790 2553 CAPUT
836 2493 928 2550 lX.
971 2522 1046 2533 —
1091 2491 1145 2547 9.
1196 2488 1401 2543 Diuitias
1446 2503 1538 2557 pro
1579 2487 1764 2541 anima:
1815 2483 1980 2542 salute
2020 2484 2073 2538 in

492 2585 817 2656 eleemosynis
843 2581 1198 2656 expendenda
1224 2611 1294 2621 -—
1314 2578 1607 2645 Redemptio
1627 2577 1811 2632 animle
1833 2576 1923 2631 viri
1949 2576 2077 2630 divi-

491 2678 578 2732 tia:
604 2676 779 2748 ipsius.
809 2673 996 2730 Merito
1026 2672 1103 2726 illi
1127 2671 1413 2725 vanissimo
1435 2668 1582 2724 diviti
1610 2667 1879 2723 iusultavit
1911 2667 2072 2733 Deus,

492 2775 551 2821 ut
590 2765 901 2820 admoneret
946 2775 1043 2817 nos
1092 2776 1162 2816 ne
1208 2760 1332 2814 talia
1382 2757 1748 2822 imitaremur;
1794 2756 1880 2813 cui
1924 2756 2073 2827 regio

492 2856 761 2911 fructuosa
808 2852 1132 2913 succedens.
1177 2849 1406 2904 turbavit
1449 2847 1717 2902 hominem
1756 2846 1910 2917 copia
1952 2846 2073 2916 plus

493 2961 651 3016 quam
680 2945 877 3015 inopia.
905 2941 1164 3013 Cogitavit
1214 2940 1355 2995 enim
1395 2937 1532 3009 apud
1553 2952 1648 3004 se,
1674 2937 1861 2993 dicens
1888 2955 1905 2991 :
1937 2937 2074 3005 Quid

494 3038 700 3109 faciam,
722 3051 821 3107 quo
845 3050 1137 3105 congregem
1159 3032 1351 3102 {ructas
1371 3046 1503 3084 meos
1523 3030 1548 3083 Ρ
1568 3031 1632 3084 Ει
1655 3044 1777 3084 cum
1800 3037 2078 3086 mstuasset

495 3136 759 3192 aretatns,
799 3125 1009 3179 tandem
1035 3123 1135 3177 sibi
1163 3123 1307 3177 visus
1335 3130 1418 3177 est
1447 3120 1713 3176 invenisse
1740 3121 2021 3176 consilium
2057 3139 2072 3177 :

494 3218 587 3272 sed
616 3231 807 3271 vanum
837 3215 1141 3269 consilium.
1174 3212 1287 3268 lloc
1317 3213 1457 3268 enim
1486 3212 1763 3280 consilium
1792 3228 1896 3267 non
1920 3213 2075 3270 inve-

499 3310 572 3363 nit
600 3308 899 3380 prudentia,
931 3306 1022 3361 sed
1059 3305 1302 3359 avaritia.
1338 3303 1621 3371 Destrnam,
1662 3304 1851 3374 inquit,
1892 3314 2074 3359 veteres

497 3401 767 3471 apothecas
786 3399 1018 3462 minores,
1036 3408 1082 3452 et
1106 3412 1259 3451 novas
1282 3397 1467 3467 faciam
1488 3397 1777 3465 antpliores,
1796 3407 1842 3450 et
1856 3396 2075 3467 implebo

494 3510 579 3548 eas
600 3509 619 3556 ;
645 3501 690 3545 et
718 3490 881 3544 dicant
909 3484 1241 3543 animte‘mew
1264 3504 1284 3542 :
1314 3488 1495 3541 Anima
1517 3528 1532 3553 ,
1562 3489 1714 3543 habes
1739 3488 1899 3542 multa
1923 3488 2073 3556 bona,

494 3585 700 3651 satiare,
724 3580 1019 3648 iucundare.
1047 3580 1136 3634 Ait
1159 3579 1233 3634 illi
1264 3597 1277 3633 :
1312 3578 1498 3645 Stulte,
1528 3579 1579 3634 iu
1608 3594 1714 3650 quo
1744 3580 1836 3636 tibi
1862 3581 2076 3649 sapiens

494 3674 711 3739 videris,
741 3672 918 3737 stulte,
950 3670 1078 3740 quid
1104 3668 1475 3725 dixisti?Dieo
1501 3671 1691 3724 anima:
1720 3687 1873 3736 meae,
1906 3671 2076 3727 Habes

494 3766 655 3819 multa
682 3764 828 3829 bona,
847 3763 1048 3817 satiare.
1074 3760 1127 3814 Η
1128 3776 1189 3814 ac
1208 3770 1353 3815 nocte
1375 3765 1628 3832 auferetur
1648 3779 1681 3815 α
1700 3772 1748 3816 te
1765 3763 1936 3816 anima
1955 3772 2043 3820 tua
2057 3781 2077 3819 :

495 3855 604 3909 Ita'c
628 3870 742 3924 qum
769 3853 960 3924 parasti
989 3852 1135 3922 cujus
1173 3860 1315 3905 erunt
1354 3849 1499 3922 (Luc.
1533 3867 1603 3906 xu
1631 3894 1645 3918 ,
1681 3852 1914 3925 16-20)?
1944 3855 2079 3918 Quid

494 3946 627 4000 enim
653 3945 853 4014 prodest
872 3944 1079 4005 homini,
1108 3943 1153 3997 si
1181 3951 1341 3996 totum
1367 3943 1610 3997 mundum
1634 3944 1868 4010 lucretur,
1893 3948 2078 4003 anima:

495 4044 662 4089 autent
678 4049 786 4088 sua:
804 4034 1153 4087 detrimentum
1176 4033 1398 4102 patiatur
1416 4032 1626 4103 (Matth.
1655 4051 1681 4088 κ
1694 4051 1764 4099 γι,
1782 4036 1912 4110 26)?
1931 4038 2075 4106 Iden,

497 4122 797 4197 Redemptio
836 4127 1019 4180 anima:
1051 4125 1144 4179 viri
1181 4124 1370 4178 divitia:
1400 4126 1531 4195 ejus.
1564 4126 1668 4182 llas
1709 4129 1798 4184 ille
1834 4145 2000 4188 vanus
2024 4143 2080 4189 et

496 4218 691 4273 stultus
730 4215 938 4270 divitias
975 4229 1079 4269 non
1116 4213 1368 4269 habebat.
1408 4216 1653 4271 Animam
1694 4218 1891 4289 quippe
1927 4236 2076 4279 suam

495 4306 852 4378 elcemosynis
892 4319 999 4360 non
1042 4304 1370 4373 redimebat,
1407 4304 1610 4362 fructus
1652 4311 1913 4378 perituros
1946 4328 2078 4369 eon-

497 4398 677 4454 dcbat.
720 4396 1095 4463 Ilecondebat,
1137 4396 1385 4466 inquam,
1422 4399 1684 4467 perituros
1726 4399 1927 4458 {metus
1957 4420 2080 4475 per-

498 4479 689 4556 iturus,
711 4489 842 4543 nihil
862 4488 1088 4558 largiens
1108 4487 1331 4544 Domino
1350 4490 1414 4543 ad
1441 4505 1597 4560 quem
1624 4490 1795 4549 fuerat
1819 4497 2074 4554 exiturus.

496 4580 666 4648 Quam
695 4577 920 4633 frontem
951 4578 1225 4633 habiturus
1251 4587 1334 4633 est
1361 4579 1413 4633 in
1455 4580 1547 4635 illo
1569 4581 1768 4652 judicio
1787 4626 1803 4652 ,
1829 4601 1949 4642 eum
1977 4603 2077 4644 au-

496 4670 613 4726 dire
636 4670 858 4739 coeperit
880 4711 895 4734 ,
924 4667 1127 4724 Esuriei
1148 4711 1164 4736 ,
1195 4681 1242 4725 et
1283 4686 1382 4725 non
1411 4670 1591 4726 dediin
1618 4676 1743 4728 mihi
1772 4679 2078 4736 manducare

497 4759 615 4831 (Id.
647 4774 787 4826 xxv,
838 4759 971 4828 42)?
1015 4759 1261 4814 Animam
1310 4761 1452 4815 enim
1496 4777 1651 4818 suam
1712 4770 1992 4837 superﬁuis
2023 4782 2079 4829 et

497 4844 678 4906 nimiis
704 4850 872 4920 epulis
910 4850 1107 4905 satiare
1133 4851 1382 4921 cupiebat
1404 4892 1419 4917 ,
1453 4867 1741 4924 pauperum
1783 4865 1862 4915 tot
1890 4861 2076 4920 inanes

498 4949 712 4998 ventres
728 4940 1139 5012 superbissimus
1160 4943 1551 5000 contemnebat.
1576 4945 1858 5005 Nesciebat
1880 4968 2077 5025 paupe-

497 5047 616 5088 rum
646 5041 861 5088 ventres
885 5030 1158 5102 apothecis
1185 5031 1296 5089 suis
1322 5048 1443 5090 esse
1480 5036 1718 5093 tutiores.
1752 5040 1903 5107 Quod
1932 5047 2073 5101 enim

499 5122 819 5177 recondebat
841 5123 894 5177 in
914 5122 1016 5176 illis
1036 5121 1309 5191 apothecis
1328 5123 1458 5191 suis,
1480 5123 1725 5183 fortassis
1744 5142 1799 5184 et
1817 5150 1846 5185 ει
1868 5132 2070 5193 furibus

496 5208 838 5266 auferebatur
867 5227 881 5265 :
912 5210 959 5267 si
986 5219 1164 5266 autem
1192 5212 1503 5269 reconderet
1530 5216 1582 5269 in
1612 5231 1902 5290 pauperum
1933 5238 2070 5280 ven.

500 5298 667 5354 tribus
690 5338 706 5366 ,
732 5299 786 5357 in
813 5309 951 5357 terra
979 5300 1190 5373 quidem
1217 5301 1587 5373 digerebatur,
1616 5308 1712 5364 sed
1742 5308 1793 5365 in
1817 5314 1956 5369 creto
1986 5324 2074 5371 tu-

500 5388 608 5443 tius
630 5389 955 5446 servabatur.
994 5391 1136 5461 Ergo
1157 5431 1173 5458 ,
1202 5390 1498 5464 Redemptio
1543 5399 1728 5455 anima!
1769 5403 1862 5457 viri
1887 5406 2076 5463 divitiae

500 5499 678 5554 ipsius.
1538 5556 1541 5559 _

570 5571 795 5628 CAPUT
823 5573 893 5627 Χ.
933 5604 1003 5615 --
1032 5574 1117 5629 10.
1152 5573 1437 5644 Paupertas
1460 5579 1617 5634 animi
1644 5599 1751 5651 pro!
1776 5586 1954 5643 timore
1981 5592 2077 5646 mih-

500 5681 684 5720 narum
730 5664 885 5719 animi
925 5664 1218 5736 deﬁcientis.
1286 5670 1353 5725 Et
1392 5671 1517 5742 quid
1554 5676 1826 5744 sequitur?
1868 5678 2076 5755 Pauper

500 5766 668 5813 autem
695 5774 797 5813 non
821 5755 998 5826 suﬂ'ert
1025 5760 1205 5816 minas.
1239 5760 1463 5835 Pauper,
1493 5767 1691 5825 scilicet
1721 5770 1891 5830 inanis
1908 5775 2072 5849 justi-

1692 352 1749 407 S.
1783 338 2152 407 AUGUSTINI‘
2188 334 2488 402 EPISCOPI

3626 349 3735 409 suo

2154 465 2245 531 tia,
2271 480 2374 519 non
2402 463 2603 520 habens
2622 464 2764 520 intus
2779 460 2993 537 spiritus
3016 466 3736 538 plenitudinem,ornamenta

2150 556 2439 626 spiritualia
2456 597 2470 622 ,
2500 555 2880 627 supellectilem
2907 559 3236 628 spiritualem
3257 600 3272 625 ,
3304 569 3580 632 totumque
3604 561 3734 617 illud

2151 646 2293 717 quod
2315 647 2485 702 oculis
2515 664 2621 703 non
2657 648 2870 705 videtur
2887 690 2902 716 ,
2930 650 3024 705 sed
3050 659 3231 707 mente
3255 650 3375 721 plus
3399 652 3636 708 cernitur
3662 653 3681 684 ⁸
3714 670 3734 709 :

2153 752 2259 793 non
2295 737 2495 794 habens
2526 738 2639 795 haec
2668 740 2836 806 intus,
2868 756 2968 795 non
3004 741 3182 810 suffert
3216 744 3397 798 minas.
3433 743 3658 812 Quando
3685 746 3739 801 ei

2153 827 2352 884 dictum
2392 828 2551 885 fuerit
2590 828 2659 885 ab
2684 830 2881 901 'aliquo
2929 841 3162 902 potente,
3215 831 3310 889 Die
3358 832 3464 889 hoc
3510 834 3739 891 verbum

2155 929 2337 975 contra
2362 921 2632 976 inimicum
2660 936 2837 977 meum
2863 963 2878 988 ,
2908 922 2995 977 die
3024 922 3212 979 falsum
3242 924 3610 980 testimonium
3633 966 3650 991 ,
3682 930 3744 980 ut

2157 1025 2278 1066 eum
2311 1026 2470 1083 quem
2495 1011 2615 1067 volo
2638 1014 2935 1083 opprimam
2970 1022 3024 1068 et
3065 1013 3315 1082 domem;
3347 1014 3484 1071 forte
3525 1024 3696 1071 tentat
3724 1033 3740 1069 :

2158 1102 2273 1159 Non
2300 1102 2458 1171 facio,
2480 1118 2590 1159 non
2609 1104 2738 1161 mihi
2760 1104 2968 1161 adduco
2991 1116 3284 1176 peccatum.
3310 1107 3539 1163 Tantum
3560 1116 3744 1179 negat,

2160 1211 2436 1267 quousque
2464 1196 2619 1253 dives
2647 1198 2836 1252 minari
2866 1198 3099 1267 incipiat.
3129 1196 3237 1255 Sed
3266 1198 3387 1269 quia
3418 1215 3615 1270 pauper
3639 1205 3746 1262 est,

2162 1305 2263 1343 non
2290 1287 2468 1355 suffert
2507 1290 2691 1344 minas.
2739 1288 2876 1357 Quid
2903 1298 3025 1355 est,
3066 1306 3258 1361 pauper
3281 1291 3407 1346 est?
3431 1289 3547 1346 Non
3585 1289 3753 1346 habet

2144 1378 2371 1434 divitias
2396 1380 2699 1444 interiores,
2730 1395 2863 1449 quas
2889 1391 3155 1453 martyres
3181 1381 3500 1450 habuerunt,
3527 1381 3622 1453 qui
3648 1395 3752 1453 pro

2162 1470 2384 1524 veritate
2403 1484 2465 1524 ac
2485 1469 2589 1525 ﬁde
2606 1468 2802 1525 Christi
2823 1485 3012 1526 omnes
3030 1471 3203 1527 minas
3217 1472 3397 1527 saeculi
3419 1480 3755 1543 contempse-

2165 1571 2307 1616 runt.
2351 1560 2490 1620 Nihil
2528 1561 2596 1617 de
2619 1560 2780 1618 corde
2808 1562 3189 1633 perdiderunt,
3221 1566 3275 1619 in
3313 1566 3454 1621 etelo
3489 1562 3753 1637 quantum

2167 1654 2521 1710 invenerunt?
2547 1653 2755 1726 Pauper
2772 1670 2898 1727 ergo
2917 1672 3017 1711 non
3041 1656 3218 1725 stt/fert
3238 1658 3418 1713 minas.
3440 1657 3553 1714 Non
3574 1652 3758 1730 potest

2167 1744 2347 1801 dicere
2379 1744 2528 1801 diviti
2552 1747 2762 1817 cogenti
2791 1762 2851 1802 se
2879 1747 2945 1803 ad
2980 1747 3204 1819 alicujus
3231 1749 3473 1820 injuriam
3509 1749 3757 1821 proferre

2171 1837 2360 1893 falsum
2392 1838 2773 1907 testimonium,
2802 1839 2918 1895 Non
2940 1841 3093 1896 facio.
3118 1841 3231 1896 Non
3259 1841 3419 1899 habet
3444 1843 3585 1898 intus
3611 1843 3761 1901 unde

2169 1931 2529 2000 respondeat,
2567 1946 2670 1987 non
2713 1940 2798 1988 est
2827 1932 3079 1989 thesauro
3107 1935 3356 1990 interiore
3398 1935 3660 1992 solidatus
3701 1945 3764 1992 et

2172 2022 2360 2093 plenus
2391 2039 2404 2078 :
2434 2038 2538 2078 non
2563 2033 2646 2079 est
2667 2024 2757 2094 qui
2781 2024 2944 2088 dicat,
2963 2026 3081 2094 quia
3111 2041 3214 2081 non
3236 2025 3395 2082 habet
3415 2027 3555 2083 unde
3575 2027 3761 2094 dicat;

2175 2128 2278 2167 non
2307 2122 2389 2168 est
2411 2113 2500 2184 qui
2522 2113 2679 2178 dicat,
2712 2114 2846 2182 Quid
2874 2116 3003 2171 mihi
3030 2114 3261 2171 facturus
3286 2133 3347 2172 es
3369 2117 3460 2188 qui
3481 2117 3707 2174 minaris
3724 2117 3756 2171 ?

2174 2201 2246 2259 Ut
2288 2203 2507 2259 multum
2533 2247 2549 2270 ,
2578 2204 2849 2261 ablaturus
2876 2207 3016 2276 quod
3055 2205 3227 2263 habeo
3260 2226 3274 2262 :
3305 2207 3449 2263 tollis
3489 2208 3633 2281 quod
3665 2225 3765 2264 re-

2175 2293 2392 2350 licturus
2421 2308 2576 2362 sum;
2604 2296 2745 2351 tollis
2772 2339 2785 2362 ,
2815 2298 2956 2368 quod
2985 2298 3084 2354 etsi
3120 2314 3227 2355 non
3258 2299 3415 2355 tollas
3436 2342 3452 2365 ,
3480 2300 3604 2356 dum
3637 2301 3769 2356 vivo

2177 2386 2396 2442 forsitan
2427 2387 2730 2458 perditurus
2753 2404 2870 2444 sum
2906 2408 2920 2445 :
2950 2387 3019 2445 de
3041 2405 3163 2446 arca
3191 2391 3444 2448 interiore
3472 2392 3599 2447 nihil
3626 2407 3765 2463 per-

2177 2476 2266 2531 do.
2291 2475 2425 2532 Cum
2451 2475 2577 2532 mihi
2604 2478 2820 2533 minaris
2845 2477 3059 2535 auferre
3082 2480 3220 2549 quod
3248 2481 3387 2536 intus
3412 2481 3599 2545 habeo,
3633 2495 3771 2539 vero

2180 2568 2257 2622 vis
2281 2566 2490 2623 auferre
2525 2568 2665 2638 quod
2693 2567 2835 2623 intus
2863 2569 3051 2625 habeo.
3078 2568 3184 2626 Sed
3210 2570 3336 2625 illud
3366 2579 3518 2642 potes
3545 2570 3770 2628 auferre

2177 2667 2234 2714 et
2259 2659 2455 2714 habere
2480 2675 2494 2712 :
2524 2657 2681 2714 ﬁdem
2711 2659 2755 2713 si
2775 2659 3025 2715 minando
3046 2660 3350 2729 abstuleris,
3371 2670 3426 2717 et
3444 2660 3544 2732 ego
3572 2663 3765 2733 perdo,

2178 2757 2234 2804 et
2262 2757 2318 2804 tu
2344 2763 2450 2804 non
2481 2748 2720 2805 habebis.
2749 2749 2864 2804 Non
2891 2765 3019 2821 ergo
3045 2750 3180 2807 facio
3205 2752 3347 2823 quod
3375 2753 3623 2820 hortaris,
3651 2769 3770 2809 non

2178 2855 2308 2896 curo
2332 2839 2471 2911 quod
2498 2839 2733 2897 minaris.
2765 2839 2871 2897 Sed
2896 2850 3047 2913 potes
3079 2843 3348 2899 szevieudo
3383 2845 3542 2899 etiam
3570 2845 3637 2900 de
3666 2852 3770 2916 pa-

2181 2934 2278 2988 tria
2292 2948 2376 2988 me
2390 2934 2605 3010 pellere.
2619 2933 2875 3004 Nocuisti,
2889 2935 2935 2991 si
2948 2935 3072 2991 illuc
3084 2950 3169 2992 me
3183 2938 3471 3007 expuleris,
3491 2938 3577 2995 ubi
3595 2940 3769 2995 Deum

2180 3040 2357 3080 meum
2388 3027 2623 3082 invenire
2644 3042 2751 3082 non
2778 3042 3014 3097 possum.
3036 3028 3198 3085 Forte
3220 3031 3419 3087 valebis
3436 3032 3594 3086 etiam
3621 3033 3775 3093 occi-

2180 3115 2327 3171 dere.
2354 3116 2560 3172 Rueote
2582 3117 2779 3173 carnali
2815 3118 2999 3184 domo,
3027 3119 3306 3177 incolumis
3344 3120 3611 3177 habitator
3628 3123 3771 3178 abs-

2180 3209 2331 3273 cedo,
2359 3218 2412 3265 et
2456 3211 2523 3265 ad
2546 3211 2691 3265 illum
2714 3212 2798 3267 cui
2824 3227 2979 3267 servo
3006 3212 3162 3268 ﬁdem
3184 3228 3403 3271 securus
3427 3215 3602 3279 exibo,
3624 3224 3683 3271 et
3706 3222 3770 3272 te

2180 3302 2405 3371 amplius
2432 3318 2536 3357 non
2568 3303 2781 3359 timebo.
2813 3303 2945 3360 Vide
2973 3304 3113 3360 enim
3150 3305 3277 3375 quid
3311 3307 3546 3375 minaris,
3576 3317 3634 3362 ut
3663 3307 3773 3364 fal-

2181 3407 2296 3448 sum
2328 3395 2684 3449 testimonimn
2712 3394 2884 3450 dicam
2927 3414 2942 3453 :
2972 3407 3195 3453 mortem
3226 3397 3449 3454 minaris
3468 3440 3483 3465 ,
3514 3400 3606 3456 sed
3637 3415 3772 3456 cor-

2180 3483 2344 3553 poris.
2372 3483 2499 3540 Plus
2524 3500 2625 3557 ego
2649 3500 2771 3541 eum
2800 3485 2963 3543 timeo
2982 3528 2997 3553 ,
3031 3488 3118 3559 qui
3156 3488 3328 3556 dixit,
3359 3488 3430 3544 0s
3459 3491 3596 3560 quod
3622 3508 3773 3546 men-

2181 3573 2301 3628 titur
2326 3616 2342 3640 ,
2373 3575 2554 3630 occidit
2588 3577 2810 3631 animam
2844 3577 2997 3650 (Sap.
3025 3595 3040 3633 l
3066 3621 3082 3646 ,
3113 3581 3225 3651 ll).
3269 3581 3362 3635 llis
3390 3581 3586 3638 divitiis
3620 3583 3774 3641 intus

2184 3666 2370 3737 plenus
2390 3676 2445 3722 et
2462 3668 2692 3738 opimus,
2710 3669 2831 3724 talia
2859 3670 3080 3725 minanti
3107 3672 3189 3727 vel
3211 3673 3428 3728 meliora
3450 3675 3768 3745 respondet.

2184 3756 2392 3827 Pauper
2411 3770 2576 3817 autent
2601 3778 2702 3815 non
2728 3760 2907 3828 suffert
2927 3765 3106 3818 minas.

2252 3848 2475 3906 CAPUT
2503 3850 2595 3906 XI.
2625 3882 2697 3892 —
2736 3851 2820 3932 ll.
2852 3850 3053 3909 Divitiis
3086 3871 3217 3910 certe
3253 3872 3286 3909 a
3311 3855 3420 3912 Deo
3451 3857 3772 3928 expetendne.

2124 4010 2132 4015 _
2183 3938 2361 3994 Simus
2413 3956 2542 4011 ergo
2584 3942 2814 4008 divites,
2868 3953 2924 3999 et
2973 3945 3254 4003 timeamus
3308 3962 3427 4004 esse
3482 3965 3769 4019 pauperes.

2181 4031 2493 4096 Quaeramus
2518 4040 2694 4087 autem
2724 4035 2929 4105 impleri
2965 4051 3061 4091 cor
3085 4047 3323 4093 nostrmn
3354 4039 3550 4095 divitiis
3577 4040 3645 4093 ab
3674 4034 3775 4095 iilo

2182 4122 2271 4191 qui
2302 4136 2426 4177 vere
2454 4121 2602 4178 dives
2626 4132 2728 4179 est.
2760 4124 2830 4180 Et
2868 4126 2912 4181 si
2957 4127 3093 4182 forte
3132 4130 3500 4201 unusquisque
3529 4140 3772 4186 vestrum

2182 4211 2343 4266 intrat
2378 4213 2432 4267 in
2459 4228 2554 4269 eor
2575 4229 2728 4285 suum
2756 4257 2771 4282 ,
2798 4224 2853 4272 et
2881 4217 2989 4273 illic
3014 4217 3224 4273 divitias
3252 4220 3378 4274 istas
3399 4236 3506 4276 non
3537 4221 3767 4290 invenit,

2182 4304 2355 4373 pulset
2382 4304 2447 4358 ad
2474 4304 2692 4361 divitem
2727 4325 2740 4361 :
2772 4308 2863 4362 ﬁat
2889 4318 3013 4365 ante
3032 4310 3247 4380 januam
3285 4312 3424 4366 illius
3465 4313 3579 4382 pius
3609 4329 3771 4369 merr-

2181 4394 2352 4464 dieus,
2378 4404 2436 4451 ut
2457 4397 2526 4451 sit
2554 4397 2644 4454 illo
2664 4399 2895 4455 donante
2918 4400 3067 4456 dives
3094 4402 3363 4472 impletus.
3393 4403 3457 4458 Et
3480 4418 3625 4467 vere,
3654 4405 3772 4461 fra—

2182 4494 2291 4542 tres
2318 4487 2420 4542 mei
2446 4531 2460 4555 ,
2491 4496 2854 4559 paupertatem
2897 4503 3132 4547 nostram
3159 4535 3173 4557 ,
3202 4503 3492 4563 egestatem
3524 4505 3767 4551 nostram

2180 4577 2435 4633 debemus
2460 4578 2695 4634 Domino-
2718 4580 2827 4636 Deo
2856 4592 3038 4637 nostro
3072 4585 3334 4640 conﬁteri.
3371 4586 3514 4642 llanc
3539 4589 3771 4645 contlte—

2181 4666 2338 4722 batur
2363 4669 2680 4726 Publicauus
2701 4711 2716 4736 ,
2745 4672 2835 4742 qui
2864 4688 2963 4728 nec
2991 4674 3176 4729 oculos
3204 4674 3269 4728 ad
3298 4676 3492 4731 caelum
3532 4677 3770 4734 audebat

2182 4759 2380 4817 levare.
2406 4762 2520 4817 Non
2546 4764 2687 4818 enim
2714 4760 2942 4821 habebat
2968 4780 3088 4821 cum
3115 4782 3215 4836 qua
3240 4768 3534 4822 substantia
3561 4769 3771 4826 levaret

2180 4852 2366 4907 oculos
2393 4868 2518 4909 suos
2542 4855 2703 4911 homo
2729 4865 2993 4926 peccator.
3024 4857 3345 4913 Attendebat
3363 4860 3427 4914 ad
3451 4861 3766 4916 inanitatem

2180 4958 2331 5000 suam
2361 4946 2490 5001 :sed
2516 4947 2890 5017 plenitudinem
2915 4950 3125 5009 Domini
3140 4953 3515 5021 cognoscebat,
3542 4963 3772 5010 noverat

2180 5049 2239 5091 se
2266 5036 2333 5090 ad
2359 5035 2558 5093 fontem
2581 5040 2793 5095 venisse
2831 5041 3121 5097 sitientem.
3154 5042 3343 5097 Aridus
3372 5044 3551 5099 fauces
3579 5057 3769 5099 omen-

2178 5128 2358 5194 debat,
2388 5129 2473 5200 ple
2501 5130 2660 5186 ubera
2687 5131 2953 5202 implenda
2981 5133 3221 5202 pulsabat
3252 5150 3266 5187 :
3297 5133 3533 5201 Domine,
3566 5135 3767 5206 inquit,

2183 5223 2409 5280 tundens
2438 5235 2622 5302 pectus
2644 5268 2659 5293 ,
2686 5228 2871 5283 oculos
2895 5228 3149 5298 dejiciens
3174 5230 3224 5284 in
3252 5238 3447 5284 terram
3464 5272 3478 5294 ,
3512 5231 3771 5302 propitias

2174 5324 2285 5370 esto
2311 5292 2726 5388 ritihi‘jieccatori.
2758 5320 2885 5375 Dico
2911 5292 3029 5391 ego,
3059 5324 3179 5391 quia
3197 5320 3305 5392 jam
3326 5335 3393 5377 ex
3418 5292 3587 5391 aliqua
3608 5292 3771 5390 parte

2179 5405 2331 5461 dives
2377 5416 2524 5475 erat,
2570 5423 2690 5464 cum
2730 5409 2828 5465 ista
2874 5409 3142 5481 cogitabat
3181 5419 3237 5467 et
3274 5411 3507 5482 petebat.
3542 5409 3675 5466 Nam
3721 5413 3771 5468 si

2180 5496 2354 5553 adhuc
2397 5499 2540 5554 omni
2586 5500 2747 5555 modo
2800 5516 3000 5572 panper
3037 5513 3171 5571 erat,
3215 5501 3371 5574 hujus
3410 5502 3773 5565 confessionis

2181 5602 2417 5660 gemmas
2446 5591 2584 5646 unde
2610 5593 2954 5662 proferebat?
2979 5593 3084 5650 Sed
3113 5603 3287 5649 tamen
3323 5594 3682 5649 abundantior
3712 5606 3773 5651 et

2182 5678 2388 5749 plenior
2423 5682 2491 5737 de
2529 5685 2726 5754 templo
2762 5684 3036 5740 descendit
3068 5686 3402 5757 justiﬁeatus.
3449 5685 3545 5742 lllc
3584 5693 3771 5743 autem

2247 5793 2265 5823 ⁸
2290 5792 2575 5844 Sorbontcus
2595 5800 2699 5855 Its.,
2723 5795 2809 5846 sed
2829 5794 2935 5859 plus
2952 5802 3105 5851 mente
3126 5796 3456 5861 perpenditur.
