4012 6338
236 337 329 394 921
1574 323 1798 385 SEMIO

1943 329 2099 385 .\'\'ll.

235 451 534 506 Pharisa-us
577 449 643 504 ad
681 447 974 504 orationem
1019 445 1279 514 ascendit,
1329 456 1382 502 et
1429 447 1558 500 nihil
1594 446 1814 516 rogavit.

237 542 598 606 Ascenderunt,
630 540 820 609 inquit,
848 539 915 591 ad
940 537 1182 608 templum
1207 553 1369 592 orare.
1399 537 1503 591 Iste
1531 545 1700 606 rogat,
1729 536 1820 590 ille

157 647 161 649 '
235 649 336 686 non
366 640 536 700 rogat.
567 629 676 686 Sed
703 630 792 684 ille
820 629 959 684 unde
987 629 1144 683 orat?
1169 627 1302 684 Sunt
1326 629 1413 698 qui
1438 644 1491 682 se
1515 626 1691 681 divites
1721 643 1816 697 ρης

235 733 337 776 tum
360 764 378 788 ,
408 723 540 776 nihil
568 722 821 777 habentes.
857 718 1071 776 Domine
1093 765 1108 788 ,
1142 721 1345 790 inquit,
1374 722 1564 792 gratias
1589 720 1674 774 tibi
1702 737 1818 792 ago,

232 815 351 885 quia
380 831 482 869 non
511 831 622 869 sum
662 814 792 869 sicut
820 815 988 868 caueri
1030 814 1254 868 homines
1278 855 1292 878 ,
1323 814 1501 882 injusti
1527 855 1540 880 ,
1571 821 1816 882 raptores,

233 903 469 968 adulteri,
502 905 631 958 sicut
658 905 810 958 etiam
838 903 917 957 hic
947 903 1273 957 Pnblicunus.
1305 902 1494 973 Jejuno
1519 902 1594 957 bis
1625 902 1675 956 in
1706 901 1821 955 sab-

234 998 377 1060 bato,
405 996 627 1050 decimas
665 995 731 1049 do
765 995 989 1049 omnium
1028 1010 1140 1064 qua:
1167 993 1417 1062 possideo.
1457 993 1685 1049 Jactavit
1712 1007 1770 1048 se
1802 1011 1816 1047 :

232 1085 326 1140 sed
353 1086 558 1141 inﬂatio
586 1095 666 1141 est
688 1087 810 1153 ista,
837 1100 941 1140 non
964 1085 1255 1155 plenitudo.
1282 1085 1506 1138 Divitem
1532 1098 1589 1138 se
1615 1083 1820 1154 putavit

233 1176 364 1230 nihil
395 1176 601 1231 habens
633 1194 650 1232 :
679 1191 962 1245 pauperem
991 1191 1048 1232 se
1076 1176 1167 1231 ille
1201 1175 1447 1245 cognovit
1467 1175 1577 1244 jam
1621 1171 1820 1243 aliquid

232 1267 456 1320 habens.
489 1266 556 1321 Ut
586 1266 719 1321 nihil
745 1265 887 1321 aliud
913 1265 1084 1321 dicam
1115 1307 1130 1332 ,
1159 1265 1386 1321 habebat
1411 1266 1578 1334 ipsam
1608 1262 1820 1318 confes-

231 1357 399 1411 sionis
425 1358 699 1426 pietatem.
732 1357 799 1410 Et
823 1356 1208 1412 descenderunt
1233 1355 1412 1410 ambo.
1437 1353 1542 1409 Sed
1560 1353 1820 1422 justi/ica-

231 1458 310 1502 tns
333 1491 350 1515 ,
384 1450 553 1519 inquit
577 1490 593 1514 ,
629 1449 940 1504 Publicanus
979 1450 1066 1504 ille
1101 1448 1262 1519 magis
1288 1463 1437 1518 quam
1478 1445 1773 1500 Pharisu'us
1803 1461 1822 1499 :

229 1542 349 1609 quia
378 1542 544 1594 omnis
567 1541 655 1612 qui
678 1556 732 1594 se
755 1540 965 1603 exultat,
995 1538 1370 1603 humiliabitur;
1395 1546 1442 1591 et
1469 1537 1555 1606 qui
1576 1553 1630 1591 se
1655 1535 1823 1590 humi-

231 1632 346 1697 fiat,
383 1631 686 1685 exaltabitur
713 1629 860 1702 (Luc.
890 1644 1044 1695 xvm,
1073 1628 1278 1698 10-14).

700 1740 929 1796 SERMO
955 1737 1190 1794 xxxvu
1220 1737 1360 1809 ‘(u).

233 1852 312 1909 De
344 1854 559 1908 lectione
599 1852 999 1907 Proverbiorum
1046 1850 1367 1914 Salomonis,
1409 1849 1472 1904 ab
1500 1865 1557 1902 eo
1607 1850 1713 1902 loco
1742 1847 1823 1901 ubi

304 1945 504 1998 dictum
551 1953 654 2009 est,
710 1943 984 1998 Mulierem
1013 1940 1203 1996 fortem
1247 1939 1364 2010 quis
1395 1938 1660 1994 inveniet?
1704 1947 1822 2004 etc.,

307 2050 467 2103 ascjue
486 2075 500 2097 ,
550 2034 618 2087 Et
667 2031 843 2087 laudet
861 2047 922 2086 ur
950 2031 1001 2086 in
1047 2031 1215 2101 portis
1242 2029 1322 2084 vir
1346 2030 1481 2101 ejus.
1506 2026 1630 2098 Cap.
1653 2043 1783 2081 xxxi
1807 2066 1823 2090 ,

320 2128 356 2194 it
383 2166 399 2180 .
436 2127 588 2181 l0—3l
631 2124 727 2197 (b).

242 2241 369 2307 Qui:
395 2241 462 2294 de
487 2240 699 2294 muliere
721 2239 842 2311 forti
865 2238 1101 2292 dicuntur
1125 2237 1177 2290 in
1204 2234 1296 2290 illo
1328 2233 1711 2288 Prouerbiorum
1739 2249 1826 2284 ca-

604 2331 707 2400 pite
724 2371 742 2396 ,
767 2329 834 2382 ad
864 2328 1142 2382 Ecclesium
1169 2329 1472 2396 referuntur.

306 2420 540 2476 CAPUT
579 2419 858 2475 PRIMUM.
877 2449 948 2458 —
982 2419 1029 2472 l.
1054 2415 1332 2470 Prmslabit
1359 2414 1510 2470 nobis
1529 2453 1546 2478 ,
1576 2413 1664 2483 qui
1685 2411 1825 2466 diem

240 2511 400 2565 istum
424 2510 825 2565 eonunendavit
871 2509 924 2562 in
951 2507 1148 2562 sanctis
1179 2506 1287 2560 suis
1305 2545 1322 2572 ,
1349 2512 1403 2558 ut
1432 2503 1712 2558 infirmitas
1732 2516 1827 2556 vo-

239 2604 314 2655 ci~
345 2611 550 2656 nostra:
573 2601 803 2655 sufficiat
830 2599 1104 2653 intentioni
1134 2607 1344 2652 vestr-te.
1393 2595 1505 2650 lloc
1533 2593 1652 2648 ideo
1676 2608 1825 2648 com—

243 2693 492 2748 mendavi
518 2735 532 2760 ,
561 2702 620 2746 ut
647 2708 732 2746 tne
772 2691 984 2745 silentio
1011 2699 1186 2744 vestro
1211 2687 1462 2757 adjuvare
1496 2682 1782 2755 dignemini
1812 2699 1824 2735 :

241 2785 454 2838 animus
481 2783 626 2838 enim
656 2791 930 2852 promptus
956 2790 1037 2836 est
1064 2779 1130 2834 ad
1156 2794 1246 2833 vos
1265 2820 1280 2844 ,
1326 2777 1419 2831 sed
1447 2791 1570 2831 caro
1600 2775 1826 2828 infirma.

243 2873 310 2928 Et
341 2873 464 2943 ipse.
499 2874 743 2940 animus,
769 2886 1116 2942 quaecumque
1158 2869 1291 2923 forte
1319 2867 1504 2938 gaudia
1553 2865 1619 2920 de
1646 2864 1828 2934 Scrip-

248 2975 364 3018 tura
394 2965 490 3018 Dei
519 2963 791 3032 concepit,
822 2961 1045 3032 parturit
1072 2970 1125 3014 et
1150 2973 1336 3030 parere
1363 2957 1552 3026 quaerit
1594 2957 1645 3010 in
1681 2955 1828 3009 auri-

242 3053 340 3109 bus
392 3063 449 3109 et
492 3053 761 3108 mentibus
806 3051 995 3106 vestris
1028 3069 1040 3104 :
1071 3058 1321 3120 pra:stale
1369 3049 1421 3104 itt
1450 3047 1600 3102 vobis
1648 3045 1828 3100 nidum

242 3144 504 3200 sermoni.
544 3141 958 3197 Commendatur
983 3140 1121 3194 enim
1144 3148 1199 3193 et
1227 3139 1279 3192 in
1319 3136 1588 3206 Scriptura
1620 3145 1791 3190 turtur
1812 3175 1827 3199 ,

242 3251 487 3306 quaerere
536 3235 718 3288 nidum
761 3233 892 3296 sibi,
940 3232 1028 3286 ubi
1081 3238 1244 3301 ponat
1273 3230 1444 3300 pullos
1493 3243 1620 3296 suos
1659 3226 1828 3299 (Paul.

244 3342 486 3391 Lxxxut,
547 3325 628 3394 4).
679 3325 743 3380 Et
795 3324 896 3378 hoc
939 3322 1080 3395 quod
1130 3333 1400 3394 gestamus
1442 3321 1492 3375 in
1545 3321 1826 3386 manibus,

240 3417 522 3489 Scriptura
553 3417 754 3472 scilicet
805 3432 962 3486 quatn
1020 3415 1244 3480 videtis,
1294 3413 1632 3470 commendat
1679 3413 1832 3468 nobis

244 3510 621 3581 inquirendam
651 3519 704 3564 et
747 3508 1061 3563 laudandam
1093 3507 1367 3562 mulierem
1409 3494 1722 3576 qnamdam,
1765 3504 1832 3560 dc

243 3618 343 3670 qua
386 3603 549 3672 paulo
577 3610 730 3668 ante,
761 3617 880 3656 cum
925 3601 1218 3670 legeretur,
1247 3599 1503 3666 audistis,
1548 3613 1828 3668 magnam,

246 3693 536 3749 habentem
590 3709 836 3764 maguum
883 3694 1085 3757 virum,
1129 3708 1252 3748 eum
1298 3693 1466 3746 virum
1517 3690 1606 3760 qui
1633 3689 1834 3744 invenit

248 3788 510 3855 perditam
535 3828 550 3851 ,
597 3787 806 3841 ornavit
843 3787 1132 3841 inventam.
1163 3785 1238 3840 De
1269 3785 1368 3838 hac
1406 3783 1696 3839 secundum
1726 3783 1834 3838 lec-

245 3879 407 3934 tionis
433 3887 673 3934 tenorem
696 3919 711 3943 ,
742 3894 898 3949 quam
931 3893 1014 3938 me
1043 3886 1250 3948 portare
1286 3875 1623 3945 ccttSpicitis,
1664 3888 1833 3943 pauca

247 3987 343 4040 pro
368 3980 612 4042 tempore
631 4012 646 4037 ,
669 3986 788 4041 qua:
811 3970 1065 4024 Dominus
1103 3967 1455 4039 suggesserit,
1485 3965 1679 4020 dicam.
1710 3964 1834 4019 Dies

245 4065 388 4118 enim
430 4073 513 4118 est
541 4073 834 4134 martyrum
866 4078 880 4114 :
910 4070 963 4115 et
988 4060 1108 4115 ideo
1135 4059 1301 4129 magis
1328 4056 1590 4113 laudanda
1615 4065 1698 4112 est
1722 4070 1834 4108 ma-

245 4162 327 4207 ter
371 4166 688 4223 martyrum.
740 4152 854 4207 Jam
882 4166 1000 4222 qua:
1048 4150 1116 4203 sit
1165 4149 1262 4202 ista
1292 4148 1515 4213 mulier,
1543 4162 1628 4201 me
1651 4146 1832 4217 prolo-

241 4254 444 4314 quentc
464 4241 742 4311 accepistis
774 4260 786 4295 :
818 4227 988 4295 videte
1017 4240 1175 4294 etiam
1204 4248 1261 4292 ut
1298 4254 1382 4293 me
1408 4238 1614 4308 legente
1638 4251 1834 4306 agnos-

243 4337 402 4390 catis.
462 4336 648 4390 Omnis
687 4349 826 4389 llllllC
887 4333 1132 4398 auditor,
1198 4339 1450 4400 quantum
1513 4346 1578 4383 ex
1639 4329 1831 4384 affectu

242 4437 430 4480 vestro
477 4425 608 4480 satis
642 4433 892 4492 apparet,
945 4422 1072 4477 dicit
1101 4423 1150 4476 in
1202 4421 1364 4476 corde
1412 4436 1546 4487 suo,
1598 4420 1832 4475 Ecclesia

241 4515 403 4569 debet
436 4529 576 4568 esse.
621 4513 885 4568 Confirma
932 4513 1084 4567 istam
1121 4512 1515 4582 cogitationem.
1557 4510 1686 4566 Nam
1715 4525 1833 4580 quae

245 4608 421 4674 potuit
448 4621 569 4659 esse
620 4605 788 4658 altera
829 4612 1119 4674 martyrum
1169 4601 1368 4656 mater?
1399 4601 1499 4655 Ista
1542 4611 1661 4656 est:
1691 4599 1833 4671 quod

244 4696 620 4763 intellexistis,
651 4695 752 4750 hoc
794 4703 912 4759 est;
967 4695 1035 4750 de
1061 4711 1162 4765 qua
1206 4694 1425 4749 muliere
1467 4694 1709 4748 volumus
1733 4694 1833 4747 ali-

307 4861 325 4873 '
362 4857 656 4918 Recognitns
679 4863 756 4904 est
779 4868 827 4903 in
865 4854 1055 4904 duobus
1076 4867 1116 4904 ε.
1143 4856 1190 4905 in
1212 4854 1273 4905 cl.
1301 4855 1376 4904 ch.
1396 4869 1471 4918 gr.
1513 4861 1564 4904 ct
1600 4855 1648 4904 in
1695 4853 1829 4905 Ulim.

244 4927 345 4966 Par.
373 4924 484 4965 ιω.

326 4981 378 5036 a)
418 4979 558 5036 Alias,
585 4979 649 5026 de
673 4978 884 5027 Diversis
903 4977 984 5027 45.

326 4995 354 5026 η
418 4980 558 5036 Alias,
585 4980 649 5026 de
673 4980 884 5027 Diversis
903 4980 984 5027 45.

304 4980 379 5103 ibi
416 5041 681 5100 Augustino
699 5040 913 5103 tribuunt
937 5040 1062 5103 hunc
1092 5053 1368 5103 sermonem
1404 5051 1498 5103 non
1522 5046 1702 5103 tantum
1726 5039 1832 5091 lihrl

243 5099 571 5163 κεεζοιηηέε,
595 5113 721 5163 quos
739 5100 908 5150 videre
943 5101 1080 5151 nobis
1115 5102 1342 5163 contigit;
1369 5099 1456 5163 sed
1491 5101 1636 5163 etiam
1679 5103 1832 5151 Possi-

240 5166 351 5213 dius
383 5166 433 5212 in
466 5161 663 5224 Iudiculi
686 5163 844 5224 capite
867 5163 926 5220 8,
954 5163 1080 5211 Beda
1109 5163 1168 5212 ad
1189 5161 1285 5210 Gal.
1309 5163 1358 5220 5,
1396 5161 1558 5224 Florus
1578 5162 1757 5224 ibidem
1783 5172 1835 5216 et

240 5227 300 5274 ad
327 5234 458 5273 uorti.
501 5223 550 5271 8.
591 5222 774 5282 Quibus
808 5224 956 5282 adde,
998 5224 1160 5272 Donati
1185 5224 1387 5272 schisma
1417 5222 1493 5270 hic
1517 5237 1652 5284 capp.
1678 5223 1708 5272 2
1732 5233 1783 5273 et
1802 5226 1834 5274 5

240 5296 420 5348 δρα-ιε
443 5285 775 5348 reprehendi,
801 5293 854 5334 et
887 5285 1129 5348 Augustini
1161 5287 1343 5348 ubique
1377 5287 1540 5348 inesse
1582 5285 1832 5348 ingenium

242 5345 390 5418 sique
414 5345 697 5396 doctrinam.
724 5353 892 5418 Etrpre
923 5345 1092 5418 itaque
1115 5345 1367 5418 manili—cst!)
1391 5345 1614 5418 estinter
1637 5345 1833 5418 ambro-

243 5407 476 5470 sii'opcra
503 5421 748 5470 excusas;
773 5409 854 5456 uti
891 5407 991 5456 also
1013 5407 1213 5469 insuper
1237 5407 1400 5467 titulo,
1433 5425 1453 5453 α
1471 5413 1519 5470 tn
1538 5408 1620 5457 die
1743 5417 1831 5458 ata-

240 5468 842 5541 mittamus-,1»
884 5468 1194 5541 perunguitur.
1240 5476 1383 5541 Certe
1427 5468 1556 5541 enim
1601 5482 1696 5541 non
1739 5483 1836 5541 una

243 5539 447 5591 tantum,
475 5531 566 5580 sed
591 5529 760 5594 plures
784 5527 975 5594 femina:
999 5527 1093 5578 illis
1111 5544 1220 5594 quae
1243 5531 1472 5594 pradecta
1502 5530 1695 5594 fuerant
1720 5539 1835 5582 ante

240 5605 542 5656 mem,
568 5592 806 5656 passionis
842 5592 1511 5656 Actismnnnenmrabantur,
1538 5599 1612 5656 qut
1655 5592 1835 5656 legitur

244 5654 320 5718 hic
339 5667 446 5718 cap.
479 5656 498 5702 1
518 5669 534 5714 ;
561 5653 614 5703 et
635 5654 806 5703 harum
825 5666 918 5702 una
943 5653 1114 5718 ideap.
1144 5653 1201 5718 l6
1222 5653 1432 5718 refertur
1449 5653 1632 5718 dixisse
1656 5653 1835 5704 ἰιίοοη-

243 5714 483 5774 fessione,
522 5735 540 5758 σε
560 5724 804 5768 ttouorcm
838 5714 1004 5764 (lusori
1044 5714 1181 5781 quasi
1202 5716 1400 5780 causari,
1429 5715 1648 5768 timorem
1669 5724 1834 5770 autem

247 5783 460 5830 abeo.)
1089 5781 1107 5789 “
1606 5817 1608 5819 .

3394 335 3500 391 ‘22!

1925 445 2049 514 quid
2072 445 2278 512 dicere,
2312 445 2544 502 Ecclesia
2569 456 2668 502 est.
2716 447 2828 502 Non
2861 449 3003 505 enim
3043 449 3255 506 deceret
3295 468 3390 506 nos
3416 457 3499 508 lo-

1925 536 2013 603 qui
2043 533 2110 591 de
2138 551 2469 607 quacumque
2512 539 2613 592 alia
2637 539 2876 596 muliere.
2910 540 3219 611 Quanquam
3260 550 3312 597 et
3337 543 3388 596 itt
3416 557 3504 598 re-

1925 625 2173 681 citatione
2216 627 2478 697 passionis
2505 639 2794 700 martyrum
2823 630 3119 686 audivimus
3151 631 3372 686 feminas
3391 675 3404 697 ,
3434 631 3503 689 de

1925 717 2115 788 quibus
2144 718 2393 774 decenter
2429 720 2704 791 lo1uamur
2734 741 2746 775 :
2783 722 2875 777 sed
2907 738 3005 778 nec
3046 737 3139 778 eas
3181 723 3504 794 prmtermit-

1927 807 2085 861 timus
2106 850 2121 875 ,
2151 809 2361 877 quando
2389 825 2569 864 earnm
2595 819 2817 865 matrem
2849 811 3144 868 laudamus.

1995 895 2221 954 CAPUT
2261 898 2453 952 ll.—‘2.
2477 898 2704 953 Ecclesia
2727 899 2882 954 latere
2902 917 3001 955 non
3022 911 3204 971 potest.
3235 901 3504 961 Attendito

1925 985 2076 1055 cujus
2105 987 2341 1042 membra
2359 990 2485 1044 estis
2508 989 2778 1059 :iuspieite
2789 989 2938 1059 cujus
2953 990 3046 1046 filii
3062 993 3209 1046 estis.
3237 991 3503 1048 Mulierem

1927 1078 2107 1148 fortem
2143 1079 2254 1148 quis
2295 1079 2542 1134 inveniet?
2567 1079 2932 1150 Congruitdiei
2946 1091 3236 1154 martyrum
3252 1082 3505 1139 fortitudo

1927 1168 2181 1223 mulieris.
2198 1169 2307 1224 Nisi
2319 1171 2459 1225 enim
2480 1169 2630 1224 fortis
2643 1181 2782 1225 esset
2801 1171 2890 1225 illa
2908 1171 3117 1235 mulier,
3137 1173 3371 1227 membra
3391 1174 3506 1244 ejus

1927 1261 1978 1314 in
1997 1261 2241 1329 passione
2257 1261 2592 1317 defecissent.
2617 1261 2884 1316 Mulierem
2915 1265 3093 1333 fortem
3119 1264 3227 1333 quis
3247 1265 3457 1319 inveniet
3477 1267 3503 1321 .’

1929 1349 2154 1405 Difficile
2197 1362 2277 1405 est
2306 1351 2543 1406 invenire
2589 1367 2704 1406 eam
2726 1392 2741 1417 ,
2792 1351 2898 1405 imo
2926 1351 3142 1407 difficile
3172 1362 3254 1408 est
3301 1355 3508 1410 nescire

1927 1455 2066 1495 eam.
2095 1440 2279 1496 Nonne
2309 1441 2419 1512 ipsa
2450 1451 2531 1496 est
2559 1441 2743 1496 civitas
2773 1442 2824 1495 in
2875 1450 3088 1504 monte,
3129 1459 3247 1513 qua:
3277 1446 3508 1498 abscon-

1925 1529 1978 1584 di
2029 1546 2131 1585 non
2179 1541 2354 1602 potest
2386 1531 2595 1603 (Matth.
2645 1547 2710 1594 v,
2744 1531 2872 1601 ll)?
2913 1531 3088 1600 Quare
3138 1547 3265 1602 ergo
3307 1534 3508 1588 dictum

1928 1631 2037 1688 est,
2064 1623 2191 1688 Quis
2234 1624 2445 1678 inueniet
2465 1624 2491 1677 ?
2513 1639 2633 1678 cum
2673 1623 2776 1679 dici
2807 1623 3080 1691 debuerit,
3115 1625 3243 1692 Quis
3291 1643 3394 1682 noti
3427 1628 3508 1682 in-

1930 1714 2138 1767 veniet?
2167 1713 2271 1768 Sed
2296 1725 2347 1768 tu
2375 1715 2639 1769 civitatem
2673 1715 2725 1768 in
2753 1724 2931 1769 monte
2972 1717 3199 1785 positam
3230 1717 3377 1772 vides
3409 1735 3422 1772 :
3452 1728 3511 1774 ut

1927 1815 2103 1859 autem
2133 1805 2186 1860 in
2233 1817 2411 1862 monte
2440 1816 2761 1877 poneretur,
2810 1807 3017 1862 inventa
3069 1817 3151 1862 est
3191 1825 3308 1879 qua:
3337 1809 3512 1880 perie-

1927 1905 2028 1950 rat.
2070 1897 2291 1965 Quando
2347 1898 2603 1952 illustrata
2664 1907 2779 1964 est,
2825 1899 2943 1969 quis
3003 1913 3119 1954 eam
3163 1915 3268 1954 non
3329 1900 3511 1955 videt?

1928 1987 2140 2056 quando
2181 1988 2376 2042 latebat
2401 2030 2414 2055 ,
2445 1989 2562 2057 quis
2586 2003 2702 2043 eam
2733 1988 3032 2044 inveniret?
3065 1991 3178 2059 Ipsa
3218 1991 3361 2046 enim
3385 1989 3513 2046 civi-

1931 2088 2011 2132 tas
2030 2087 2149 2146 est,
2201 2090 2254 2134 et
2283 2095 2384 2134 una
2441 2081 2527 2134 illa
2577 2079 2728 2146 ovis,
2771 2095 2926 2150 quam
2959 2081 3218 2152 perditam
3272 2082 3516 2152 quarsivit

1932 2179 2144 2238 pastor,
2174 2178 2227 2226 et
2274 2171 2538 2226 inventam
2571 2173 2806 2242 gaudens
2855 2172 2906 2225 in
2954 2172 3189 2226 humeris
3222 2175 3512 2242 reportavit

1930 2259 2080 2330 (Luc.
2115 2277 2223 2328 xv,
2265 2262 2404 2335 ινδ).
2437 2263 2540 2318 Ltc
2571 2273 2749 2332 pastor
2771 2305 2786 2331 ,
2821 2279 2973 2318 mons
3016 2274 3098 2319 est
3133 2283 3145 2320 :
3177 2281 3233 2319 οι
3248 2265 3293 2320 is
3337 2276 3512 2322 autem

1931 2351 1981 2405 iu
2011 2351 2245 2407 humeris
2272 2355 2390 2423 ejus
2414 2397 2427 2419 ,
2461 2355 2648 2410 civitas
2677 2355 2728 2408 in
2775 2365 2974 2410 monte.
3009 2355 3184 2410 Facile
3211 2366 3293 2412 est
3335 2367 3391 2411 ut
3434 2359 3515 2412 vi—

1930 2440 2058 2496 deas
2071 2457 2188 2497 eam
2215 2445 2521 2498 collocatam
2547 2445 2596 2497 in
2613 2455 2791 2499 monte
2818 2463 2830 2498 :
2854 2444 3064 2513 quando
3077 2461 3192 2500 eam
3221 2446 3510 2512 invenires,

1930 2546 2048 2587 eum
2067 2534 2317 2602 lateretjn
2332 2535 2654 2604 vepribus,iu
2674 2535 2839 2604 spinis
2857 2537 3034 2605 utique
3054 2536 3368 2592 delictorum
3397 2555 3516 2593 suo-

1932 2626 2089 2679 rum?
2121 2625 2193 2679 lbi
2221 2627 2360 2679 enim
2407 2627 2659 2696 qttzrsisse
2687 2641 2934 2698 magnum
2960 2635 3044 2682 est
3090 2645 3102 2682 :
3132 2627 3202 2682 ibi
3251 2628 3517 2686 invenisse

1933 2717 2172 2772 mirabile
2195 2726 2294 2771 est.
2311 2718 2435 2772 llaec
2455 2718 2570 2788 ejus
2591 2718 2819 2774 difficilis
2839 2720 3071 2776 inventio
3091 2723 3515 2794 commendatur,

1933 2823 2052 2864 cum
2077 2809 2286 2874 dicitur,
2320 2809 2578 2864 Mulierem
2602 2813 2781 2881 fortem
2805 2811 2916 2878 quis
2939 2813 3148 2866 inveniet
3165 2814 3189 2868 Ρ
3207 2813 3330 2879 Quis
3350 2816 3515 2882 enim,

1933 2899 2053 2968 quia
2085 2915 2219 2954 unus
2244 2917 2257 2965 ;
2287 2915 2393 2954 non
2420 2901 2540 2970 quia
2581 2915 2678 2955 nec
2707 2917 2859 2955 unus.
2893 2902 3171 2970 Quomodo
3193 2904 3390 2959 dictum
3437 2915 3521 2961 est

1934 2988 2000 3044 de
2028 2989 2142 3058 ipso
2162 2991 2274 3044 viro
2304 2991 2437 3060 ejus,
2453 2991 2605 3046 leone
2626 2991 2690 3046 de
2716 2992 2852 3046 tribu
2873 2993 3024 3059 Juda,
3049 2994 3115 3050 dc
3135 3010 3240 3065 quo
3263 2995 3518 3067 propheta

1934 3089 2056 3134 ante
2076 3082 2317 3151 pra'dixit
2337 3125 2351 3148 ,
2375 3082 2656 3137 Ascendisti
2696 3086 2983 3140 recumbens
3011 3086 3228 3156 :utiquc
3259 3089 3309 3141 iu
3337 3105 3518 3146 cruce.

1937 3170 2241 3237 Ascendisti,
2271 3189 2398 3227 crux
2429 3183 2544 3240 est;
2589 3175 2878 3228 recumbens
2901 3217 2916 3243 ,
2958 3192 3103 3231 mors
3143 3187 3241 3233 est.
3274 3179 3408 3247 Quid
3439 3190 3522 3236 est

1933 3265 2094 3318 enim.
2117 3265 2411 3327 Asremlisti,
2434 3266 2532 3320 nisi
2550 3266 2687 3336 quod
2701 3267 2952 3336 scriptum
2970 3277 3072 3336 est,
3086 3268 3146 3323 fit
3165 3271 3521 3338 cruci/icerant

1934 3356 2091 3408 eum?
2118 3355 2270 3410 Unde
2295 3364 2349 3410 ct
2391 3357 2502 3426 ipse
2553 3357 2658 3420 ait,
2694 3357 2838 3412 Sicut
2877 3360 3113 3412 exultavit
3165 3359 3364 3432 Moyses
3410 3380 3518 3417 ser-

1936 3455 2130 3514 pentem
2157 3447 2207 3499 in
2233 3463 2426 3513 eremo,
2459 3449 2528 3501 ita
2570 3449 2783 3502 exaltari
2807 3461 3000 3520 oportet
3027 3451 3220 3506 Filium
3264 3453 3520 3522 hominis;

1937 3545 1990 3589 ut
2017 3537 2178 3592 omnis
2211 3538 2297 3606 qui
2326 3539 2484 3591 credit
2528 3539 2581 3592 in
2611 3556 2721 3592 eum
2748 3557 2847 3592 non
2884 3552 3052 3610 pereat
3075 3583 3088 3606 ,
3113 3543 3200 3596 sed
3229 3544 3406 3599 habeat
3444 3547 3521 3600 ui-

1938 3639 2038 3683 tam
2087 3641 2323 3684 wternam
2383 3630 2558 3702 (Joan.
2594 3649 2647 3686 ttt
2672 3675 2685 3696 ,
2716 3633 2815 3694 14,
2850 3634 2939 3702 15)
2993 3635 3128 3700 Quid
3179 3645 3290 3700 est,
3319 3655 3520 3692 recum-

1936 3724 2056 3774 bens
2081 3722 2105 3774 Ζ)
2135 3719 2201 3773 Et
2245 3722 2484 3775 inclinato
2537 3723 2698 3792 capite
2749 3725 2954 3777 tradidit
2979 3727 3208 3794 spiritum
3253 3727 3361 3799 (Id.
3393 3746 3517 3796 xix,

1938 3812 2039 3879 18,
2067 3810 2178 3882 50).
2206 3810 2339 3866 Cum
2381 3828 2508 3882 ergo
2544 3821 2596 3866 et
2644 3813 2711 3866 ibi
2760 3814 3063 3882 djceretur,
3114 3817 3398 3872 Ascendisti
3441 3837 3521 3873 rc-

1937 3905 2170 3957 cumbens
2191 3918 2210 3967 ,'
2235 3912 2446 3957 secutus
2469 3915 2571 3970 est,
2605 3903 2845 3960 Dormisti
2868 3907 2993 3960 sicut
3019 3909 3114 3961 leo.
3139 3907 3383 3964 Dormiin
3411 3913 3521 3966 sic-

1937 4005 1994 4048 ut
2046 3996 2122 4049 leo
2149 4011 2167 4049 :
2196 4010 2299 4050 non
2329 3995 2502 4066 fugisti
2529 3997 2666 4051 sicut
2695 3999 2902 4067 vulpes.
2933 3999 3067 4065 Quid
3099 4010 3206 4066 est,
3258 4001 3507 4058 Dormiin

1937 4088 2064 4142 sicut
2090 4088 2207 4142 leo?
2234 4088 2308 4144 De
2336 4096 2597 4158 potestate
2622 4133 2635 4154 ,
2680 4105 2783 4143 non
2806 4091 2872 4144 de
2901 4093 3237 4148 necessitate.
3269 4095 3398 4149 Cum
3421 4112 3520 4150 au-

1940 4188 2043 4234 tem
2073 4179 2271 4236 dictum
2311 4189 2490 4246 esset,
2540 4180 2783 4237 Dormisti
2829 4185 2955 4236 sicut
2986 4185 3102 4248 leo;
3143 4197 3356 4242 secutus
3405 4191 3517 4254 ait,

1941 4270 2066 4336 Quis
2089 4271 2348 4327 suscitabit
2386 4290 2499 4326 eum
2535 4271 2684 4343 (ficu.
2717 4290 2841 4328 xux
2869 4318 2880 4338 ,
2907 4275 3009 4345 9)?
3060 4277 3183 4340 Quis
3231 4281 3523 4334 suscitabit?

1939 4379 2112 4432 neque
2138 4365 2278 4417 enim
2308 4379 2465 4422 nemo
2491 4383 2504 4416 :
2531 4365 2624 4418 sed
2651 4366 2771 4434 quis
2806 4365 3120 4421 hominum?
3149 4369 3278 4436 Quia
3309 4371 3518 4424 nonnisi

1940 4454 2110 4520 Deus,
2153 4454 2242 4523 qui
2295 4469 2416 4508 eum
2469 4455 2719 4509 exultavit
2763 4470 2790 4508 a
2843 4458 3098 4523 mortuis,
3142 4468 3193 4512 et
3223 4459 3434 4515 donavit
3471 4463 3518 4516 ei

1941 4559 2135 4596 nomen
2166 4543 2306 4612 quod
2332 4553 2413 4598 est
2439 4561 2600 4613 super
2629 4560 2786 4599 omne
2817 4562 3006 4599 nomen
3041 4545 3296 4620 (Philipp.
3326 4566 3394 4613 tt,
3440 4551 3516 4622 9).

1937 4633 2225 4688 Suscitavit
2251 4641 2306 4688 et
2334 4635 2448 4705 ipse
2473 4649 2532 4689 se
2555 4652 2568 4688 :
2595 4636 2732 4690 unde
2762 4637 2834 4690 ait
2855 4678 2866 4696 .
2901 4636 3094 4692 Solvite
3123 4640 3361 4711 templum
3390 4641 3483 4693 hoc
3501 4684 3516 4708 ,

1937 4733 1985 4777 et
2032 4724 2084 4778 in
2112 4725 2277 4778 triduo
2319 4726 2570 4780 suscitabo
2613 4726 2744 4780 illud
2775 4726 2951 4799 (Joan.
3011 4745 3074 4796 tt,
3110 4730 3220 4802 l9).
3270 4732 3329 4785 Et
3362 4733 3520 4785 modo

1937 4815 2147 4886 quando
2169 4816 2359 4870 auditis
2378 4859 2392 4882 ,
2430 4816 2691 4872 Mulierem
2721 4823 2900 4889 fortem
2925 4820 3037 4889 quis
3066 4821 3278 4875 inveniet
3301 4822 3326 4873 .9
3351 4821 3513 4876 nolite

1939 4916 2123 4974 putare
2147 4906 2215 4961 de
2244 4907 2472 4962 Ecclesia
2500 4908 2600 4963 dici
2643 4924 2760 4977 quze
2808 4911 2937 4966 latet
2966 4912 3004 4977 ¹,
3064 4910 3154 4965 sed
3188 4911 3254 4965 de
3282 4911 3366 4965 illa
3397 4928 3517 4983 qua:

1937 5002 2005 5054 ah
2032 5017 2137 5055 uno
2167 5002 2377 5055 inventa
2429 5011 2529 5066 est,
2561 5012 2616 5056 ut
2667 5003 2931 5057 neminem
2973 5004 3178 5058 lateret.
3238 5004 3375 5073 Ergo
3418 5004 3518 5059 de-

1938 5092 2231 5158 scribatur,
2266 5091 2976 5159 laudctur,connnendetur,
3005 5093 3225 5147 amanda
3249 5093 3316 5148 ab
3345 5091 3517 5151 omni;

2004 5287 2019 5317 ⁸
2045 5293 2141 5356 Hoc
2175 5284 2278 5334 loco
2301 5286 2426 5356 apud
2464 5289 2759 5356 ambrosium
2789 5288 3022 5356 additur:
3053 5287 3190 5356 Illum
3226 5291 3353 5356 enim
3391 5293 3518 5347 solus

1937 5345 2115 5419 inuenit
2139 5356 2278 5419 Deus,
2305 5345 2428 5419 sicut
2453 5348 2576 5399 dixit
2616 5348 2875 5419 apostolus,
2912 5351 3134 5419 cognorit
3167 5353 3396 5419 Dominus
3437 5345 3522 5419 qui

1938 5415 2044 5480 sunt
2069 5407 2189 5480 ejus.
2215 5409 2430 5480 Et‘paulo
2449 5419 2559 5480 post
2581 5407 2998 5480 adj'verhatuuius'
3021 5424 3256 5480 uxorem,
3281 5416 3385 5466 hzrc
3404 5407 3523 5466 sub;

1939 5471 2162 5532 jiciuutur
2183 5483 2200 5537 _:
2229 5476 2286 5520 (.‘t
2309 5471 2475 5521 scribit
2510 5471 2750 5536 apostolus
2786 5471 2851 5521 ad
2879 5471 3101 5537 Ephesios
3133 5471 3312 5536 dicens,
3346 5487 3520 5528 sacru-

1939 5530 2148 5599 inentum
2175 5530 2270 5599 hoc
2300 5544 2524 5593 magnum
2547 5530 2640 5592 'est,
2667 5542 2759 5583 etc.
2793 5540 2869 5584 Est
2886 5530 3070 5598 quoque
3099 5543 3274 5599 mater,
3295 5530 3417 5588 sicut
3448 5538 3516 5590 di-

1939 5598 2196 5674 Εέῗλὲδξξέ.
2207 5592 2304 5674 illi!
2317 5592 2486 5674 ίέἵέίῗῖἔῒὶ
2496 5592 3218 5674 φξεξξςτὲηξξδέέᾲυδαεφιε
3257 5592 3412 5674 Ποεζᾷ
3427 5607 3521 5674 ἕξει

1940 5666 2049 5723 quae
2065 5661 2131 5723 est
2151 5662 2304 5723 mater
2327 5655 2516 5723 nostra,
2529 5662 2574 5706 et
2595 5656 2853 5723 multorum
2875 5655 3103 5722 ﬁliorum,
3132 5659 3245 5722 quia
3262 5660 3398 5723 multi
3425 5655 3518 5723 ﬁlii

1944 5715 2168 5765 desertae.
2193 5717 2360 5765 tsthtec
2393 5715 2584 5778 aliaque
2605 5718 2784 5767 ibidem
2807 5715 2931 5772 facta
2952 5715 3169 5773 sermoni
3195 5715 3518 5776 additamenta

1941 5790 2038 5827 non
2061 5779 2371 5841 reperiuntur
2394 5779 2444 5829 in
2468 5779 2640 5830 nostris
2662 5788 2768 5831 uss.
