3994 6462
476 351 584 409 223

480 468 582 524 bus
605 466 761 523 nobis
788 473 843 520 ut
886 470 1056 519 mater
1103 476 1117 514 :
1165 474 1287 514 nam
1311 456 1467 512 unius
1492 470 1627 512 uxor
1653 462 1753 509 est.
1798 449 2061 505 Mulierem

483 562 664 632 fortem
682 558 792 625 quis
834 553 1083 609 inveniet?
1105 550 1378 606 Mulierem
1409 549 1561 603 istam
1590 555 1696 600 tam
1730 544 1921 599 fortem
1945 539 2065 632 quis

482 630 591 705 non
612 646 791 704 videt?
814 644 920 702 Sed
951 644 1061 713 jam
1102 642 1371 697 inventam
1397 679 1412 703 ,
1434 638 1544 709 jam
1573 636 1896 692 eminentem
1914 673 1931 697 ,
1954 630 2062 700 jam

482 742 821 813 conspicuam
839 778 853 802 ,
872 736 982 807 jam
1011 734 1294 806 gloriosam
1315 772 1331 798 ,
1359 730 1470 799 jam
1490 737 1727 784 ornatam
1750 767 1767 791 ,
1790 725 1899 793 jam
1929 719 2063 813 luci-

485 810 645 896 dam}
671 830 780 900 jam
799 869 814 895 ,
845 836 900 882 ut
920 826 1026 881 cito
1050 824 1348 894 explicem,
1378 829 1489 875 toto
1521 828 1780 874 terrarum
1802 815 1932 869 orbe
1957 810 2063 867 dil-

486 926 652 983 fusam
662 964 676 978 .

552 1014 779 1072 CAPUT
816 1012 904 1070 lll.
958 1041 1031 1054 -—
1070 1012 1125 1066 '5.
1178 1007 1451 1062 Pretiosior
1498 1011 1665 1057 autem
1694 1010 1768 1056 est
1813 997 2066 1068 lapidibus

484 1107 753 1179 pretiosis,
795 1120 911 1176 qua:
968 1100 1217 1173 ejusmodi
1248 1109 1341 1154 est.
1389 1095 1525 1164 Quid
1590 1108 1877 1163 maguum,
1942 1088 2064 1179 quia

484 1177 771 1269 pretiosior
836 1203 920 1250 est
962 1193 1156 1248 mulier
1201 1190 1317 1245 ha'c
1372 1186 1634 1259 lapidibus
1677 1180 1959 1254 pretiosis?
2009 1177 2067 1235 Si

485 1289 646 1345 modo
694 1288 957 1345 humanas
1001 1283 1250 1339 avaritias
1274 1279 1551 1351 cogitetis,
1597 1277 1641 1330 si
1673 1274 1739 1329 ad
1769 1272 2067 1343 proprieta-

483 1389 592 1437 tem
634 1378 963 1449 accipiantur
1002 1374 1203 1445 lapides
1228 1371 1474 1445 pretiosi,
1524 1367 1652 1439 quid
1673 1379 1920 1435 magnum
1948 1370 2064 1425 est.

483 1472 625 1543 quod
656 1470 977 1541 quibuslibet
1000 1466 1259 1537 lapidibus
1286 1461 1569 1534 pretiosior
1594 1458 1861 1514 invenitur
1886 1454 2068 1511 Eccle-

485 1561 603 1619 sia?
649 1559 804 1614 Nulla
836 1559 956 1615 talis
996 1555 1321 1625 comparatio
1374 1561 1456 1609 est
1503 1569 1517 1604 :
1566 1548 1666 1605 sed
1694 1557 1818 1604 sunt
1866 1544 2068 1616 lapides

487 1650 706 1721 pretiosi
754 1649 809 1704 in
864 1648 973 1702 illa.
1003 1647 1133 1701 Tam
1185 1644 1402 1716 pretiosi
1454 1650 1579 1697 sunt
1615 1639 1820 1711 lapides
1862 1637 1979 1701 isti,
2012 1644 2070 1690 ut

485 1741 588 1795 vivi
638 1740 879 1794 dicantur
904 1738 945 1812 (l
990 1738 1131 1792 Petr.
1174 1753 1245 1802 ιι,
1273 1737 1339 1800 4,
1381 1736 1461 1805 5).
1509 1733 1646 1789 Sunt
1693 1745 1820 1801 ergo
1870 1727 2070 1799 lapides

486 1830 706 1901 pretiosi
734 1839 987 1884 ornantes
1013 1843 1130 1883 eam
1161 1845 1174 1881 :
1207 1826 1301 1882 sed
1340 1834 1423 1881 est
1461 1825 1571 1894 ipsa
1602 1822 1904 1893 pretiosior.
1940 1818 2070 1873 Volo

485 1921 683 1992 aliquid
728 1920 1104 1977 commendare
1131 1918 1386 1975 Charitati
1429 1925 1650 1982 vcstrze,
1696 1924 1949 1989 quantum
1976 1928 2070 1969 ca-

488 2014 891 2084 pio,quautum
919 2012 1138 2082 capitis,
1182 2019 1434 2081 quantum
1482 2009 1673 2073 timeo,
1705 2015 1960 2077 quantum
2006 2005 2073 2058 ti-

492 2120 639 2160 mere
686 2102 894 2158 debetis
922 2103 937 2134 '
967 2102 1036 2158 de
1073 2101 1154 2159 bis
1206 2100 1474 2170 lapidibus
1524 2098 1790 2170 pretiosis.
1843 2095 1979 2151 Sunt
2017 2094 2071 2148 in

491 2194 727 2250 Ecclesia
755 2192 958 2264 lapides
986 2191 1234 2262 pretiosi,
1265 2200 1320 2245 et
1358 2204 1573 2259 semper
1601 2188 1843 2252 fuerunt,
1891 2186 2069 2252 docti,

490 2283 820 2339 abundantes
847 2281 1069 2339 scientia
1114 2289 1171 2337 et
1196 2280 1407 2351 eloquio
1435 2288 1491 2334 et
1534 2278 1681 2333 omni
1725 2276 2074 2331 instructione

496 2372 672 2442 Legis.
704 2371 931 2427 Pretiosi
956 2372 1113 2443 plane
1141 2369 1346 2441 lapides
1368 2368 1453 2425 isti
1482 2377 1605 2424 sunt
1635 2385 1650 2423 :
1678 2365 1770 2422 sed
1792 2382 1857 2420 ex
1887 2379 2072 2421 eorum

493 2477 715 2517 numero
764 2461 979 2533 quidam
1021 2460 1404 2516 aberraverunt
1430 2458 1498 2515 ab
1538 2464 1851 2513 ornamento
1891 2454 2075 2509 mulie-

493 2555 568 2610 ris
617 2554 794 2624 hnjus.
826 2553 1094 2620 Quantum
1131 2552 1272 2607 enim
1319 2550 1545 2621 pertinet
1569 2548 1636 2603 ad
1678 2547 1973 2602 doctrinam
2023 2553 2078 2600 et

491 2647 763 2716 eloquium
796 2644 936 2700 unde
981 2644 1143 2714 fulget
1169 2646 1188 2675 ¹
1213 2685 1230 2709 ,
1266 2643 1397 2712 lapis
1419 2640 1683 2712 pretiosus
1712 2648 1829 2694 erat
1854 2638 2075 2710 Cypria-

494 2753 595 2792 nus
625 2754 639 2789 :
664 2736 756 2792 sed
801 2736 997 2791 mansit
1043 2736 1094 2790 iu
1135 2734 1292 2805 hujus
1318 2740 1652 2799 ornamento.
1683 2730 1842 2800 Lapis
1880 2729 2079 2800 pretio-

494 2841 586 2881 sus
616 2835 730 2881 erat
758 2826 994 2881 Donatus
1029 2825 1161 2881 :sed
1202 2824 1404 2880 resiluit
1430 2840 1457 2876 a
1485 2837 1739 2892 compage
1790 2836 2077 2877 ornamen-

497 2916 559 2971 ti.
588 2916 683 2970 llle
711 2917 799 2986 qui
846 2916 1075 2982 mansit,
1108 2916 1158 2969 itt
1187 2932 1245 2969 ea
1292 2929 1349 2969 se
1375 2913 1540 2967 amari
1569 2913 1735 2968 voluit
1761 2912 1781 2941 ³
1811 2929 1824 2965 :
1855 2912 1945 2966 ille
1989 2912 2078 2981 qui

497 3007 622 3062 inde
646 3022 901 3062 excussus
927 3016 1038 3074 est,
1070 3017 1268 3078 praeter
1297 3005 1437 3059 illam
1464 3020 1656 3059 nomen
1686 3004 1788 3060 sibi
1814 3003 2077 3074 qumsivit.

496 3100 590 3155 Ille
617 3115 935 3171 permanens
974 3116 1094 3155 cum
1125 3100 1238 3165 illa,
1288 3099 1355 3153 ad
1382 3098 1523 3155 illam
1550 3097 1760 3168 collegit
1787 3115 1799 3150 :
1831 3097 1922 3153 ille
1950 3097 2082 3152 resi-

498 3193 664 3259 liens,
714 3207 819 3249 non
865 3192 1149 3263 colligere,
1195 3190 1289 3247 sed
1332 3205 1582 3262 Spargere
1611 3188 1930 3259 concupivit.
1960 3188 2081 3245 Mali

501 3286 622 3353 ﬁlii,
650 3284 775 3357 quid
802 3285 1083 3357 sequimini
1111 3285 1337 3356 lapidem
1362 3285 1683 3355 pretiosum,
1706 3284 1772 3339 de
1796 3298 2082 3339 ornamen-

499 3386 554 3431 to
580 3377 737 3446 hujus
759 3378 999 3433 mulieris
1021 3378 1343 3432 excussum?
1373 3376 1728 3446 Respondetis
1754 3376 1881 3431 mihi
1902 3418 1917 3441 ,
1942 3375 2081 3442 Quid

499 3467 684 3522 enim?
713 3468 792 3523 Tu
820 3468 897 3523 sic
926 3468 1226 3538 intelligens
1246 3467 1513 3538 quomodo
1540 3467 1662 3521 ille?
1687 3476 1779 3521 aut
1798 3468 1875 3522 sic
1900 3467 2083 3537 loque-

500 3562 575 3615 ris
605 3561 874 3632 quomodo
918 3562 1042 3617 ille?
1078 3571 1169 3616 aut
1199 3570 1302 3615 Iam
1341 3561 1531 3617 doctus
1572 3576 1632 3617 es
1660 3577 1818 3632 quam
1844 3561 1974 3617 ille?
2001 3559 2082 3615 Sit

501 3652 625 3707 licet
667 3652 1012 3723 intelligens:
1046 3652 1341 3707 Intellectus
1365 3653 1551 3719 bonus,
1583 3654 1813 3707 omnibus
1853 3652 2077 3722 facienti-

499 3743 589 3797 bus
615 3759 727 3797 eum
751 3741 924 3814 (Psal.
957 3759 1024 3798 cx
1044 3785 1058 3809 ,
1092 3744 1196 3814 10).
1229 3743 1308 3799 Sit
1331 3744 1457 3799 licet
1484 3743 1700 3809 doctus,
1733 3744 1859 3799 licet
1888 3743 2082 3798 libera-

501 3836 636 3891 libus
664 3835 959 3908 disciplinis
999 3846 1053 3892 et
1096 3838 1364 3909 mysteriis
1394 3837 1551 3908 Legis
1590 3838 1913 3902 instructus,
1946 3838 2081 3908 lapis

498 3935 581 3981 est
633 3928 937 3996 pretiosus:
968 3927 1078 3983 redi
1133 3930 1200 3983 ab
1229 3929 1322 3984 illo
1361 3929 1429 3985 ad
1461 3930 1650 3994 istam,
1684 3928 1963 3984 Pretiosior
2006 3940 2083 3985 est

499 4017 749 4088 lapidibus
778 4018 1025 4087 pretiosis.
1072 4019 1229 4088 Lapis
1258 4021 1522 4089 pretiosus
1549 4021 1596 4076 si
1622 4037 1726 4077 non
1756 4021 1825 4075 sit
1850 4021 1902 4075 in
1924 4036 2083 4076 orna-

503 4116 685 4161 mento
710 4108 949 4163 mulieris
978 4108 1162 4177 hujus,
1197 4109 1340 4179 jacet
1369 4111 1421 4164 in
1477 4102 1727 4167 tenebris.
1758 4112 1914 4181 Lapis
1957 4128 2081 4183 pre-

504 4197 670 4251 tiosus
695 4198 931 4268 quolibet
945 4197 1115 4267 jacet,
1141 4198 1285 4269 jacet
1309 4201 1361 4254 in
1393 4202 1624 4256 tenebris
1655 4219 1669 4255 :
1699 4218 1833 4272 opus
1860 4204 1935 4257 illi
1964 4214 2082 4260 erat

502 4296 555 4340 ιιι
585 4288 639 4340 in
664 4298 976 4343 ornamento
1019 4289 1176 4358 hujus
1215 4291 1422 4346 femina:
1465 4304 1830 4362 permaneret,
1861 4305 1913 4349 et
1939 4304 2081 4351 esset

504 4378 556 4432 in
585 4380 894 4449 compagine
920 4384 1214 4436 ornamenti
1236 4382 1369 4450 ejus.
1404 4383 1515 4453 Ego
1536 4395 1712 4440 autem
1741 4385 1964 4442 ﬁdenter
2000 4386 2083 4441 di-

503 4470 670 4523 xerim
691 4511 707 4537 ,
737 4472 953 4540 pretiosi
981 4471 1183 4543 lapides
1211 4473 1331 4528 ideo
1359 4474 1484 4529 dicti
1512 4485 1666 4542 sunt,
1693 4478 1814 4546 quia
1841 4493 1966 4533 caro
1990 4493 2081 4533 va-

500 4561 613 4615 lent
640 4560 659 4591 ’⁵
693 4561 837 4631 :jam
865 4563 953 4618 ille
976 4565 1094 4619 vilis
1119 4574 1232 4631 est,
1282 4569 1505 4637 pretium
1550 4570 1812 4638 perdidit,
1851 4572 1939 4641 qui
1973 4588 2079 4627 non

506 4650 667 4707 habet
694 4653 1024 4710 charitatem.
1058 4657 1357 4713 Doctriuam
1401 4675 1550 4715 suam
1591 4661 1757 4730 jactet
1782 4663 1936 4730 licet,
1982 4664 2082 4720 lin-

500 4760 659 4812 guam
701 4760 850 4799 suam
888 4746 1054 4815 jactet
1084 4749 1208 4805 licet
1236 4768 1250 4805 :
1281 4751 1462 4806 audiat
1500 4755 1875 4811 aestimatorem
1926 4772 2081 4813 vero-

501 4851 619 4889 rum
642 4836 874 4906 lapidum
904 4848 1157 4897 matrona:
1188 4842 1371 4911 hujus;
1398 4845 1606 4909 audiat,
1634 4846 1868 4916 inquam,
1893 4864 2082 4919 quem-

500 4927 623 4983 dam
674 4931 932 4987 artiﬁccm
978 4936 1272 4990 ornamenti
1328 4937 1699 5005 inspectorem.
1741 4942 1877 5007 Quid
1915 4943 2083 5013 jactat

504 5019 734 5090 linguam
765 5038 946 5090 suam,
969 5026 1079 5094 jam
1121 5042 1222 5081 non
1274 5030 1567 5098 pretiosus,
1598 5033 1691 5085 sed
1743 5031 1864 5086 vilis
1907 5034 2081 5101 lapis?

502 5111 565 5165 Si
613 5114 800 5183 linguis
850 5116 1103 5169 hominum
1133 5117 1334 5187 loquar,
1395 5120 1595 5189 inquit,
1638 5132 1683 5175 et
1738 5123 2077 5194 Angelorum,

499 5202 792 5256 charitatem
819 5214 985 5258 autem
1016 5222 1116 5259 non
1142 5207 1383 5276 habeam,
1421 5213 1586 5279 [actus
1609 5229 1718 5265 sum
1756 5224 2081 5269 wramentum

498 5378 908 5488 Mttweotbcrunus
939 5388 1022 5431 us.
1041 5419 1055 5444 ,
1085 5389 1315 5445 quantum
1348 5391 1481 5436 teneo
1494 5424 1507 5447 ,
1534 5394 1762 5451 quantum
1795 5396 1955 5441 tenere
1991 5392 2078 5443 de-

566 5501 674 5575 ftn‘
696 5506 774 5575 tus.
794 5503 1067 5575 sorbonioo,
1087 5507 1213 5556 wide
1233 5514 1433 5570 lugent.
1465 5510 1595 5572 Apud
1620 5512 1933 5575 Ambrosium,
1953 5516 2079 5568 unde

500 5560 607 5627 lucc
629 5560 802 5627 mulier
822 5563 987 5627 fulget.

500 5625 590 5733 an;
608 5623 913 5674 Corbeiensis
944 5634 1043 5676 tus;
1072 5626 1157 5681 Ille
1179 5628 1263 5691 qui
1284 5629 1334 5681 in
1370 5644 1428 5682 ea
1464 5640 1707 5694 remansit,
1723 5647 1771 5685 se
1805 5649 1977 5688 ornare
1999 5653 2077 5690 vo-

565 5747 587 5778 δ
609 5746 681 5796 sic
696 5748 909 5810 potiores
925 5756 1031 5801 Mss.
1051 5751 1167 5803 Bditi
1192 5767 1329 5817 vero,
1352 5756 1464 5820 quia
1479 5754 1710 5809 charitate
1725 5755 1895 5813 valent.

1700 336 1759 392 s.
1802 300 2170 392 AUGIlS’l‘lNl
2212 331 2519 389 EPISCOPI

3654 329 3769 389 ω

2170 462 2357 501 sonans
2379 484 2395 509 ,
2437 455 2523 498 aut
2554 443 2840 515 cymbalum
2869 445 3083 500 tinniens
3114 444 3157 516 (l
3182 442 3301 499 Cor.
3331 458 3424 498 xm
3443 484 3459 508 ,
3494 442 3571 517 l).
3601 441 3767 514 Cym-

2172 539 2350 595 balum
2373 548 2456 594 est
2474 537 2609 608 lapis
2636 538 2728 594 ille
2769 557 2782 593 :
2810 538 2921 608 jam
2948 555 3052 593 non
3081 538 3276 608 fulget,
3296 537 3390 592 sed
3412 537 3587 592 tinnit.
3622 536 3769 607 Ergo

2170 632 2359 688 discite
2408 632 2607 701 lapides
2660 631 2966 697 mstimare,
3014 632 3371 701 negotiatores
3420 629 3766 699 rcguictelo-

2173 740 2291 780 rum
2323 742 2337 778 :
2371 724 2547 778 nullus
2569 723 2722 778 vobis
2751 724 2884 793 lapis
2912 724 3147 793 placeat,
3200 731 3396 791 praeter
3424 721 3585 790 hujus
3634 736 3759 776 mu-

2171 816 2315 871 lieris
2334 824 2725 871 ornamentum.
2762 814 2895 872 Hmc
2933 830 3053 883 qua:
3082 814 3367 884 pretiosior
3393 822 3473 868 est
3499 812 3769 883 lapidibus

2171 906 2452 976 pretiosis,
2479 906 2781 960 ornamenti
2810 904 2894 959 sui
2923 905 3036 974 ipsa
3062 904 3290 974 pretium
3320 910 3420 957 est.

2239 995 2467 1053 CAPUT
2496 994 2584 1050 Ν.
2611 1025 2682 1036 -
2728 995 2783 1051 4.
2824 993 3041 1062 Conﬁdit
3059 1011 3211 1065 super
3239 1011 3351 1049 eam
3377 1010 3465 1049 cor
3494 993 3586 1047 uiri
3614 994 3749 1061 ejus.

2173 1086 2334 1144 Plane
2358 1085 2597 1152 conlidit,
2633 1094 2688 1141 et
2720 1094 2778 1140 ut
2816 1085 3144 1141 conﬁdamus
3168 1085 3369 1141 docuit.
3394 1085 3753 1140 Commenda.

2174 1179 2251 1233 vit
2269 1179 2411 1233 enim
2453 1178 2747 1233 Ecclesiam
2795 1194 2964 1249 usque
3015 1178 3082 1233 ad
3126 1180 3380 1234 terminos
3432 1188 3609 1243 terra},
3667 1192 3768 1248 per

2170 1285 2357 1326 omnes
2384 1278 2592 1341 gentes,
2621 1286 2653 1326 a
2703 1271 2835 1324 mari
2880 1286 3046 1341 usque
3093 1271 3161 1326 ad
3204 1286 3372 1327 mare.
3414 1270 3541 1326 Haec
3580 1271 3625 1326 si
3652 1285 3764 1325 non

2173 1377 2341 1432 usque
2370 1362 2435 1417 ad
2484 1362 2644 1417 linem
2687 1363 3131 1433 perseveraverit,
3178 1378 3283 1418 non
3321 1378 3483 1432 super
3508 1378 3624 1418 eam
3667 1377 3771 1416 cor

2171 1453 2269 1508 viri
2308 1452 2423 1522 ejus
2472 1453 2713 1507 conlidit.
2760 1451 2980 1521 Conﬁdit
3031 1469 3183 1523 super
3207 1469 3319 1507 eam
3354 1469 3441 1506 cor
3473 1453 3565 1506 viri
3611 1452 3769 1521 ejus:

2173 1544 2433 1616 prtescius
2477 1544 2719 1609 conﬁdit,
2748 1543 2856 1598 falli
2886 1560 2989 1600 non
3032 1552 3202 1613 potest
3232 1544 3322 1614 qui
3363 1543 3603 1598 conﬁdit.
3643 1543 3769 1597 Non

2171 1634 2372 1689 dictum
2403 1643 2505 1699 est,
2550 1635 2780 1689 Contidit
2813 1650 2973 1704 super
3015 1650 3131 1690 eam
3160 1650 3254 1689 cor
3295 1634 3523 1688 ﬁliorum
3557 1651 3572 1687 :
3606 1643 3769 1704 pote-

2174 1734 2294 1780 rant
2329 1725 2470 1780 enim
2504 1725 2594 1779 ﬁlii
2645 1725 2761 1794 ejus
2810 1725 3012 1795 parvuli
3065 1725 3208 1789 falli;
3253 1726 3394 1778 illius
3438 1740 3532 1779 cor
3557 1726 3768 1778 nullum

2173 1815 2505 1870 mendacium
2532 1816 2754 1885 decipit.
2786 1816 2985 1870 Verum
3033 1827 3113 1871 est
3158 1832 3307 1885 ergo,
3360 1816 3500 1886 quod
3522 1817 3768 1873 conlidit.

2178 1905 2305 1972 Qua:
2331 1907 2447 1961 talis
2476 1916 2567 1972 est,
2592 1908 2769 1978 spoliis
2793 1924 2890 1960 non
2908 1907 3169 1978 indigebit.
3205 1906 3318 1961 Non
3339 1909 3458 1977 quia
3488 1924 3591 1963 non
3618 1924 3775 1978 qua)-

2176 2001 2245 2056 rit
2265 2000 2459 2070 Spolia,
2484 2000 2606 2055 ideo
2637 2017 2742 2055 non
2773 2000 3027 2069 indigebit
3056 2001 3191 2056 :sed
3215 2001 3336 2071 quia
3367 2002 3546 2056 multis
3594 2002 3775 2058 abun-

2174 2089 2339 2145 dabit.
2372 2090 2500 2157 ρυω
2551 2091 2668 2145 talis
2712 2100 2804 2155 est,
2858 2091 3035 2161 spoliis
3088 2108 3189 2146 non
3222 2092 3481 2163 indigebit.
3525 2092 3775 2163 Undique

2175 2185 2369 2255 spoliat
2394 2185 2670 2250 mundum,
2700 2187 2892 2257 ubique
2919 2186 3141 2252 dilfosa;
3164 2188 3302 2258 rapit
3319 2187 3547 2258 undique
3567 2197 3773 2256 tropaea

2176 2277 2406 2333 diabolo.
2438 2278 2549 2333 Hoc
2575 2279 2717 2334 enim
2746 2280 2792 2333 ei
2826 2280 3073 2349 promisit
3097 2280 3177 2334 vir
3202 2280 3318 2349 ejus
3348 2281 3387 2344 ί,
3430 2281 3513 2335 cui
3555 2279 3688 2333 dicit
3715 2278 3775 2333 in

2176 2369 2281 2423 alio
2308 2370 2515 2440 psalmo
2542 2388 2555 2423 :
2590 2370 2804 2425 Exsulta
2825 2388 2915 2442 ego
2943 2372 2996 2425 in
3021 2372 3180 2427 verbis
3207 2372 3326 2437 tuis,
3356 2378 3484 2425 sicut
3509 2374 3592 2443 qui
3631 2373 3777 2426 inve-

2177 2461 2252 2527 nit
2296 2461 2463 2530 spolia
2502 2462 2662 2516 multa
2714 2460 2885 2533 (Psal.
2922 2477 3103 2529 cxvm,
3128 2460 3275 2533 162).
3307 2461 3776 2530 Quemadmodum

2179 2553 2363 2622 spoliis
2405 2554 2622 2625 indiget,
2669 2570 2788 2624 qua:
2842 2555 3073 2626 undique
3112 2556 3268 2628 rapit,
3313 2555 3543 2625 undique
3581 2556 3775 2621 tralm,

2181 2646 2415 2718 nudique
2435 2648 2655 2718 acquirit
2682 2649 2709 2702 ?

2336 2736 2587 2807 Operutur
2614 2740 2746 2792 enim
2770 2740 2877 2793 viro
2906 2757 2996 2794 suo
3024 2738 3174 2805 bona,
3200 2749 3246 2794 et
3269 2757 3370 2794 non
3398 2741 3536 2794 mala
3559 2741 3609 2793 in
3632 2740 3778 2793 omni

2182 2836 2425 2896 tempore.
2474 2829 2606 2883 llinc
2631 2838 2713 2884 est
2741 2828 2882 2899 quod
2903 2830 3164 2899 exspoliat
3192 2830 3384 2885 mulier
3411 2830 3506 2883 ista
3557 2841 3773 2900 gentes,

2183 2917 2455 2987 operando
2483 2920 2597 2973 viro
2627 2935 2723 2973 suo
2752 2920 2909 2985 bona,
2961 2930 3015 2976 et
3044 2936 3147 2975 non
3176 2922 3335 2975 mala.
3376 2922 3430 2975 ln
3458 2922 3599 2975 omni
3628 2931 3777 2975 tem-

2184 3027 2313 3081 pore
2355 3022 2608 3082 operatur
2647 3013 2867 3078 bonum,
2908 3020 2963 3068 et
2987 3029 3093 3068 non
3134 3015 3365 3069 malum:
3401 3030 3497 3068 nec
3523 3014 3641 3076 sibi,
3676 3014 3777 3069 sed

2183 3103 2331 3167 viro;
2359 3104 2526 3175 utqui
2548 3103 2695 3170 vivit,
2714 3105 2824 3173 jam
2856 3120 2960 3158 non
2989 3105 3089 3160 sibi
3131 3105 3289 3171 vivat,
3313 3104 3405 3159 sed
3434 3104 3481 3160 ei
3507 3105 3591 3176 qui
3623 3121 3780 3159 mor-

2187 3203 2309 3249 tuus
2357 3204 2439 3249 est
2480 3211 2575 3265 pro
2622 3194 2892 3261 omnibus,
2921 3204 2975 3249 et
3000 3196 3292 3249 resurrexit
3332 3195 3396 3266 (Il
3424 3195 3615 3258 Conv,
3655 3196 3777 3265 15).

2185 3284 2313 3340 Viro
2339 3301 2466 3355 ergo
2501 3294 2751 3355 operatur
2781 3284 2998 3350 bonum,
3027 3300 3206 3340 coram
3238 3286 3346 3340 Deo
3380 3295 3629 3355 operatur
3676 3286 3781 3339 bo-

2184 3394 2311 3433 num
2337 3396 2349 3432 :
2385 3378 2459 3432 illi
2490 3378 2674 3444 servit,
2706 3377 3002 3453 illidevota
3022 3386 3136 3441 est;
3171 3378 3315 3431 illum
3337 3376 3525 3446 diligit,
3555 3375 3624 3430 illi
3658 3377 3779 3445 pla-

2184 3484 2308 3524 cere
2332 3484 2543 3538 semper
2579 3468 2775 3523 studet.
2804 3467 2918 3522 Non
2941 3483 2999 3522 se
3029 3475 3203 3533 ornat,
3228 3482 3325 3521 nec
3354 3476 3566 3536 propter
3585 3467 3781 3521 oculos

2185 3576 2331 3625 suos,
2356 3576 2452 3617 nec
2485 3569 2701 3631 propter
2726 3558 2908 3613 oculos
2950 3559 3172 3613 alienos.
3198 3558 3313 3612 Non
3340 3567 3420 3613 est
3443 3557 3508 3612 de
3530 3558 3627 3610 sibi
3652 3558 3777 3625 pla-

2185 3651 2449 3717 centibus,
2508 3664 2616 3704 non
2668 3658 2752 3704 est
2797 3647 2864 3703 de
2916 3663 3012 3701 sua
3067 3648 3467 3718 quaerentibus:
3516 3646 3778 3718 Operatio-

2185 3742 2317 3797 enim
2342 3743 2449 3796 uiro
2488 3757 2603 3795 suo.
2630 3739 2731 3807 Qui
2754 3750 2930 3794 autem
2962 3739 3063 3794 sibi
3088 3750 3396 3808 operantur,
3441 3756 3628 3794 omnes
3672 3755 3774 3794 sua

2185 3842 2448 3905 qumrunt,
2478 3848 2581 3888 non
2612 3849 2729 3903 qua:
2753 3832 2879 3887 Jcsu
2905 3832 3103 3886 Christi
3132 3830 3386 3904 (Philipp.
3415 3849 3468 3896 ιι,
3486 3833 3599 3903 21).

2256 3908 2503 3979 CAPUT.
2549 3923 2610 3978 V.
2640 3953 2709 3964 —
2752 3923 2805 3978 6.
2850 3921 3115 3978 Invenietis
3156 3922 3325 3977 lunom
3367 3934 3414 3978 et
3438 3925 3616 3987 linum,
3650 3924 3773 3994 fixit

2185 4017 2308 4071 utile
2336 4016 2564 4070 manibus
2602 4018 2724 4071 suis.
2772 4016 3059 4070 Laniﬁcam
3107 4025 3161 4071 et
3200 4016 3447 4071 liniﬁcam
3471 4028 3772 4072 matronam

2186 4109 2340 4165 istam
2371 4117 2585 4163 sanctus
2611 4124 2790 4163 sermo
2820 4108 3093 4163 describit.
3121 4108 3384 4175 Quaeritur
3407 4118 3583 4163 autem
3609 4124 3638 4162 a
3665 4125 3773 4163 no-

2187 4199 2268 4254 bis
2297 4199 2421 4269 quid
2446 4203 2515 4253 sit
2535 4199 2678 4263 lana,
2708 4199 2833 4269 quid
2885 4200 2954 4253 sit
2982 4200 3167 4253 linmn.
3200 4198 3398 4253 Lanam
3439 4201 3649 4254 carnale
3670 4200 3777 4253 alio

2184 4291 2309 4361 quid
2336 4300 2483 4360 puto,
2521 4292 2686 4345 linmn
2732 4292 3024 4362 spirituale.
3069 4292 3180 4347 lloc
3208 4292 3473 4362 conjicere
3498 4294 3667 4348 audeo
3700 4311 3770 4350 ex

2185 4381 2373 4438 ordine
2430 4383 2868 4437 vestimentorum
2935 4392 3237 4436 nostrorum
3283 4399 3296 4437 :
3352 4384 3600 4438 interiora
3645 4398 3775 4442 sunt

2186 4475 2329 4529 enim
2374 4475 2510 4530 linea
2551 4476 2899 4540 vestimenta;
2957 4474 3138 4542 lanea,
3173 4476 3457 4531 exteriora.
3500 4476 3773 4547 Quidquid

2185 4583 2347 4623 carne
2387 4584 2693 4638 operamur,
2737 4568 2788 4622 in
2832 4576 3077 4637 promptu
3119 4578 3201 4623 est
3229 4585 3243 4622 :
3271 4569 3524 4641 quidquid
3554 4570 3774 4641 spiritu,

2186 4660 2238 4714 in
2268 4669 2497 4715 secreto.
2526 4660 2745 4730 Operari
2768 4670 2943 4714 autem
2974 4676 3154 4726 carne,
3180 4670 3234 4715 et
3281 4677 3383 4715 non
3416 4663 3627 4732 operari
3654 4665 3775 4735 spi-

2186 4754 2311 4819 ritu,
2340 4752 2579 4823 quamvis
2609 4752 2804 4808 bonum
2838 4752 3103 4819 videatur,
3133 4754 3262 4809 utile
3294 4770 3397 4807 non
3426 4763 3527 4809 est.
3560 4755 3774 4824 Opera-

2185 4843 2231 4898 ri
2260 4854 2435 4898 autem
2463 4844 2671 4913 spiritu,
2689 4852 2745 4899 et
2770 4858 2877 4899 non
2921 4845 3130 4914 operari
3151 4860 3331 4908 carne.
3366 4846 3632 4915 pigrorum
3660 4857 3772 4903 est.

2186 4934 2397 4989 iuvenis
2446 4935 2715 4989 hominem
2762 4934 3120 5003 porrigentem
3173 4952 3331 4989 manu
3375 4936 3775 5005 elccmosynam

2188 5026 2425 5095 pauperi,
2441 5041 2538 5080 nec
2555 5034 2731 5082 tamen
2746 5024 2815 5081 de
2841 5026 2949 5081 Deo
2972 5026 3042 5081 ibi
3060 5036 3406 5097 cogitantem,
3427 5026 3521 5081 sed
3536 5026 3775 5081 homini-

2188 5115 2285 5170 bus
2316 5115 2524 5184 placere
2547 5115 2879 5185 cupientem:
2899 5116 3049 5171 lanea
3077 5118 3239 5172 vestis
3264 5117 3428 5171 viden
3458 5124 3654 5186 potest,
3688 5117 3775 5171 ius

2188 5208 2436 5260 teriorem
2465 5206 2656 5260 lineam
2690 5222 2795 5260 non
2843 5207 3019 5263 habet.
3051 5206 3260 5263 Iuvenis
3302 5208 3463 5262 alium
3502 5208 3773 5265 dicentem

2188 5296 2300 5361 tibi,
2331 5297 2538 5351 Suflicit
2565 5295 2693 5350 mihi
2740 5297 2790 5351 in
2817 5298 3139 5355 conscientia
3184 5299 3353 5352 Deum
3371 5299 3566 5363 colere,
3601 5299 3777 5355 Deum

2188 5376 2447 5454 adorare;
2472 5388 2596 5457 quid
2629 5388 2756 5442 mihi
2783 5404 2916 5458 opus
2942 5398 3023 5444 est
3051 5398 3140 5444 aut
3166 5389 3217 5444 in
3246 5390 3526 5445 ecclesiam
3554 5389 3652 5455 ire,
3676 5402 3776 5447 aut

2188 5478 2467 5533 visibiliter
2510 5479 2723 5535 misceri
2766 5478 3116 5536 Christianis?
3162 5481 3355 5535 lineam
3411 5482 3526 5535 vult
3571 5481 3778 5538 habere

2185 5569 2302 5623 sine
2323 5569 2497 5623 tunica
2522 5569 2692 5624 lanea.
2722 5568 2838 5624 Non
2881 5570 3045 5637 novit,
3073 5585 3246 5641 neque
3279 5569 3622 5625 commendat
3642 5572 3773 5629 talia

2182 5703 2408 5816 “igniti
2437 5717 2449 5752 :
2483 5712 2577 5754 Hoc
2600 5703 2725 5754 enim
2748 5708 2792 5753 ct
2817 5702 3032 5767 promiit
3070 5701 3172 5755 viro
3206 5704 3327 5767 ejus.
3344 5702 3668 5755 tmendautur
3688 5703 3775 5758 ltlc

2276 5808 2279 5811 ,
2308 5778 2371 5813 ss.

2276 5778 2371 5813 uss.
