4012 6338
184 311 295 371 29':

185 442 354 499 opera
377 425 576 481 mulier
618 422 740 477 ista.
784 414 1015 473 Dicenda
1045 422 1170 470 sunt
1193 410 1411 483 quidem
1457 416 1511 463 ct
1536 402 1775 462 docenda

185 498 493 589 spiritualia
519 516 634 571 sine
680 508 1014 567 carnalibus'
1051 526 1063 561 :
1095 505 1190 560 sed
1235 503 1309 558 illi
1350 501 1439 572 qui
1491 498 1779 567 accipiunt,

184 588 394 667 debent
424 618 483 663 et
511 619 695 662 tenere
721 601 1036 674 spiritualia,
1059 606 1113 654 et
1135 612 1238 652 non
1264 594 1550 650 carnaliter
1575 588 1780 659 operari

191 700 456 755 carnalia.
492 698 692 752 Invenit
737 696 851 749 hmc
880 692 1072 747 mulier
1093 692 1263 743 lanam
1287 697 1335 741 et
1377 686 1553 746 linum,
1577 692 1624 736 et
1671 682 1785 752 fecit

190 795 316 849 uti!e
336 792 574 845 omnibus
590 790 713 844 suis.
746 788 889 841 Lana
935 786 1033 839 ista
1055 792 1109 839 et
1133 782 1295 835 linum
1321 778 1442 841 hoc,
1469 778 1520 830 in
1547 774 1785 843 Scriptu-

192 888 264 941 ris
290 886 505 943 sanctis
546 892 649 938 est.
682 880 831 935 Multi
884 876 1184 937 inveniunt,
1240 870 1333 928 sed
1382 868 1570 925 nolunt
1610 866 1787 920 facere

190 976 397 1047 aliquid
431 976 564 1030 utile
590 972 836 1027 manibus
864 970 993 1024 suis.
1018 965 1245 1030 luveuit,
1288 972 1342 1016 et
1370 959 1510 1015 fecit.
1543 958 1675 1012 Cum
1696 971 1790 1009 au-

192 1070 342 1135 ditis,
378 1066 637 1123 invenitis
664 1083 679 1118 :
704 1078 824 1119 cum
856 1062 991 1115 bene
1043 1057 1239 1119 vivitis,
1287 1053 1476 1109 facitis.
1526 1050 1790 1103 lnveniens

191 1163 371 1214 lanam
398 1168 444 1212 et
473 1158 656 1222 linum,
690 1154 805 1225 fecit
835 1152 953 1205 utile
989 1148 1220 1203 manibus
1243 1145 1368 1198 suis.
1398 1141 1588 1197 Videte
1618 1139 1787 1202 illam,

192 1252 275 1307 cui
302 1251 545 1306 dicitur:
574 1247 640 1300 In
667 1247 921 1299 dexteram
965 1251 1010 1295 ct
1040 1240 1091 1293 in
1142 1237 1395 1291 sinistram
1424 1231 1664 1293 extende;
1710 1244 1792 1282 se-

194 1359 311 1395 men
339 1340 481 1394 enim
504 1346 644 1391 tuum
674 1332 988 1389 htereditabit
1036 1339 1204 1401 gentes
1235 1341 1251 1380 :
1277 1341 1379 1379 non
1408 1332 1479 1377 est
1507 1320 1640 1392 quod
1673 1335 1790 1389 par-

196 1452 303 1502 cus,
317 1435 529 1505 porrige
538 1432 737 1502 longius
756 1428 1008 1499 funiculos
1026 1435 1135 1478 tuos
1149 1420 1300 1496 (Isai.
1319 1436 1420 1485 LIV,
1437 1420 1491 1484 5,
1509 1417 1588 1489 2).
1610 1416 1797 1471 Videte.

198 1528 389 1583 illam:
421 1524 586 1579 Facta
630 1532 703 1576 est
730 1521 878 1590 quasi
926 1519 1087 1584 navis,
1119 1532 1218 1586 qua
1266 1513 1544 1584 negotiator
1583 1526 1615 1563 a
1652 1510 1799 1578 longe

199 1618 431 1689 congerit
479 1616 575 1670 sibi
618 1614 836 1666 divitias.
868 1610 1074 1664 Divitize
1121 1606 1358 1662 mulieris
1400 1603 1577 1672 hujus,
1616 1600 1799 1654 Iaudes

202 1710 301 1764 viri
322 1709 464 1777 ejus.
494 1705 677 1760 Videte
706 1718 862 1774 quam
896 1717 927 1755 a
958 1701 1112 1770 longe
1142 1696 1382 1766 congerit
1404 1695 1503 1749 sibi
1544 1693 1757 1748 divitias
1784 1710 1796 1745 :

205 1801 247 1854 Α
274 1801 401 1853 solis
427 1809 543 1851 ortu
569 1812 722 1865 usque
746 1795 814 1847 ad
838 1808 1090 1859 occasum,
1113 1788 1367 1845 laudabile
1391 1803 1572 1840 nomen
1594 1784 1800 1838 Domim

207 1890 384 1962 (Psal.
416 1906 546 1953 exn,
578 1885 658 1960 '5).

275 1979 511 2036 CAPUT
540 1978 627 2034 Vl.
678 2006 750 2017 -——
791 1976 845 2029 7.
899 1971 1145 2044 Exsurgit
1173 1973 1235 2024 de
1286 1967 1532 2031 noctibus,
1585 1973 1632 2019 et
1668 1963 1806 2017 dedit

209 2093 347 2131 escas
399 2072 598 2138 domui,
627 2080 674 2125 et
718 2084 874 2141 opera
902 2065 1121 2119 ancillis.
1159 2060 1400 2132 Exsurgit
1449 2060 1512 2112 de
1535 2056 1759 2110 noctibus
1788 2070 1807 2109 :

208 2167 333 2239 quid
360 2165 547 2220 valent
569 2161 796 2217 noctes?
824 2158 940 2214 Non
970 2172 1087 2212 eam
1124 2162 1392 2226 premunt,
1437 2166 1541 2205 non
1588 2163 1706 2203 eam
1755 2147 1806 2200 iu

213 2259 451 2315 tenebris
462 2257 647 2327 jacere
666 2260 881 2323 cogunt.
909 2249 971 2303 Et
987 2249 1050 2302 de
1074 2245 1299 2300 noctibus
1324 2242 1582 2313 exsurgit:
1604 2248 1804 2306 noctes,

213 2348 588 2405 tribulationes
608 2354 749 2399 sunt.
781 2340 889 2397 Sed
915 2338 999 2395 cui
1025 2338 1158 2401 haec,
1190 2346 1236 2391 et
1263 2336 1324 2390 de
1350 2334 1575 2388 noctibus
1601 2350 1811 2388 consur-

212 2442 300 2513 git,
321 2449 381 2494 et
406 2440 461 2492 in
480 2434 910 2492 tribulationibus
932 2430 1162 2503 prolicit.
1190 2427 1257 2482 Et
1282 2427 1420 2481 dedit
1446 2442 1583 2479 escas
1605 2424 1779 2478 domui
1792 2439 1811 2478 :

217 2535 268 2587 iu
299 2532 555 2586 not-titius
596 2526 826 2599 prtebuit
850 2540 911 2579 se
964 2520 1305 2586 imitandam;
1352 2517 1550 2573 faciens
1590 2517 1808 2580 docuit,

215 2622 357 2694 quod
406 2619 712 2675 faciendum
752 2616 922 2681 dixit;
969 2626 1019 2669 et
1052 2620 1181 2667 tunc
1208 2609 1355 2666 dedit
1379 2610 1458 2665 eis
1485 2623 1655 2663 escas.
1682 2609 1813 2675 Quis

216 2712 467 2769 emiedat
520 2710 586 2765 de
634 2707 822 2763 nocte?
867 2706 1090 2760 Prorsus
1147 2712 1201 2758 et
1265 2711 1389 2756 tunc
1440 2700 1587 2755 dedit
1639 2715 1807 2755 escas.

218 2807 412 2877 quibus
441 2803 589 2859 enim
627 2799 795 2865 dedit,
824 2812 1036 2866 semper
1060 2793 1319 2851 esuriunt.
1353 2791 1497 2846 Beati
1544 2793 1683 2845 enim
1728 2790 1814 2860 qui

220 2897 449 2951 esuriant
498 2904 546 2947 et
596 2892 771 2945 sitiunt
806 2889 1081 2961 justitiam,
1129 2884 1246 2956 quia
1296 2884 1393 2954 ipsi
1454 2882 1816 2937 saturabuntur

224 2989 436 3061 (Matth.
466 3004 526 3053 v,
553 2984 630 3055 6).
662 2987 707 3037 Α
735 2992 878 3036 nocte
901 2981 1107 3051 spiritus
1124 2994 1260 3031 meus
1288 2976 1458 3048 vigilat
1488 2975 1554 3028 ad
1579 2984 1644 3042 te,
1675 2974 1815 3029 Deus

223 3079 373 3153 (lsai.
406 3094 565 3145 11m,
594 3077 672 3148 9).
706 3074 877 3128 Media
907 3082 1051 3127 nocte
1075 3068 1341 3141 surgebam
1379 3068 1446 3121 ad
1473 3067 1815 3132 confitendum

224 3175 305 3228 tibi
337 3170 519 3244 (Psal.
548 3184 731 3231 cxvut,
762 3166 876 3236 69.).
915 3165 1039 3219 llaec
1076 3162 1328 3216 alimenta
1373 3169 1627 3214 nocturna
1649 3157 1817 3211 abun-

224 3267 347 3321 dant
376 3266 430 3318 in
454 3265 620 3316 doruo
650 3256 888 3314 mulieris
936 3256 1112 3326 hujus.
1145 3254 1311 3308 Nemo
1342 3251 1410 3306 ibi
1453 3250 1645 3305 famem
1676 3247 1817 3319 pati-

226 3370 327 3424 tur,
360 3374 462 3411 nec
493 3356 674 3426 palpat
702 3363 757 3407 ut
794 3350 1028 3407 inveniat
1070 3346 1212 3418 quod
1254 3342 1635 3401 manducetur:
1665 3342 1818 3396 ardet

229 3451 298 3503 ibi
340 3450 564 3502 lucerna
604 3442 917 3515 prophetiae.
957 3438 1062 3495 Sed
1097 3435 1350 3507 numquid
1391 3432 1817 3489 manducandum

226 3554 306 3599 est
348 3553 407 3597 ct
434 3538 773 3596 vacandum?
820 3535 911 3590 Illa
931 3533 1071 3588 enim
1114 3546 1233 3601 qua:
1279 3528 1414 3582 dedit
1460 3543 1598 3581 escas
1621 3524 1813 3589 domui,

228 3635 375 3689 dedit
405 3643 455 3686 et
510 3647 665 3700 Opera
711 3626 930 3680 ancillis.
975 3622 1194 3678 Ancilla:
1224 3620 1338 3674 ista:
1368 3618 1533 3688 ipsius
1579 3626 1721 3680 sunt,
1751 3632 1818 3670 an

234 3726 327 3780 viri
358 3723 480 3793 ejus
508 3722 535 3773 ἲ
572 3722 655 3775 An
702 3718 824 3788 quia
855 3715 957 3771 viri
994 3714 1163 3785 ipsius
1192 3720 1337 3779 sunt,
1388 3719 1440 3764 ct
1472 3709 1637 3780 ipsius
1661 3708 1821 3763 sunt?

232 3823 308 3874 Αιι
348 3817 539 3873 multa:
557 3812 763 3868 ancilla:
788 3811 900 3880 ipsa
926 3808 1045 3864 est?
1071 3807 1183 3878 Ipsa
1211 3806 1351 3860 enim
1378 3817 1678 3873 quanquam
1706 3816 1819 3853 ma-

232 3910 749 3973 terlEunilias,tameu
768 3903 1014 3958 ancillam
1028 3914 1085 3955 se
1102 3913 1206 3953 non
1229 3896 1559 3966 dedignetur.
1575 3892 1825 3949 Attendat

237 4003 463 4073 pretium
494 4014 672 4063 suum,
701 3995 883 4064 diligat
909 3991 1190 4046 Dominum
1220 4003 1396 4043 suum.
1428 3988 1711 4056 Agnoscat,
1741 3983 1823 4038 in-

236 4110 414 4165 quam,
447 4108 508 4146 se
529 4090 793 4152 ancillam,
818 4100 917 4141 nec
944 4084 1125 4138 timeat
1148 4080 1529 4137 conditionem.
1556 4078 1663 4133 Nec
1682 4078 1825 4132 enim

235 4188 558 4256 dedignatur
584 4183 672 4237 ille
698 4179 975 4250 cuujugem
1005 4177 1199 4242 facere,
1225 4190 1384 4245 quam
1415 4172 1546 4227 tanti
1586 4172 1733 4227 emit.
1764 4171 1828 4225 Et

237 4289 575 4348 unaquaeque
624 4272 817 4342 conjux
867 4271 1003 4325 bona
1057 4266 1305 4322 maritum
1358 4279 1511 4319 suum
1556 4262 1826 4317 dominum

235 4380 413 4426 vocat.
457 4369 683 4423 Prorsus
714 4381 817 4419 non
847 4363 1019 4417 solum
1050 4370 1225 4425 vocat,
1266 4357 1358 4413 sed
1408 4357 1508 4412 hoc
1544 4356 1699 4425 sapit.
1729 4355 1830 4408 hoc

238 4473 418 4523 sinuat,
449 4461 555 4514 hoc
601 4465 771 4526 gestat
813 4454 997 4517 corde,
1045 4452 1146 4505 hoc
1177 4448 1451 4520 profitetur
1475 4462 1589 4513 ore,
1628 4447 1831 4500 tabulas

238 4551 669 4612 matrimoniales
693 4550 1049 4604 instrumenta
1096 4542 1385 4613 emptionis
1433 4556 1544 4596 sure
1592 4539 1829 4609 deputat.

242 4649 333 4703 Est
387 4659 522 4715 ergo
567 4641 775 4704 ancilla,
828 4638 962 4693 dans
994 4651 1157 4707 opera
1208 4634 1431 4689 ancillis.
1480 4633 1573 4686 Est
1600 4631 1830 4685 ancilla:

243 4741 353 4808 ejus
381 4738 530 4792 enim
555 4735 693 4789 ﬁlius
720 4742 803 4788 est
831 4730 920 4802 qui
952 4730 1098 4793 dicit,
1128 4726 1237 4799 Ego
1264 4742 1432 4781 servus
1459 4734 1596 4791 tuus,
1625 4732 1669 4778 et
1695 4724 1835 4793 filius

244 4833 443 4886 ancilla:
472 4841 577 4883 tua:
604 4827 774 4895 (Psal.
823 4841 948 4888 cxv,
980 4823 1094 4894 16).
1638 4826 1639 4829 “

312 4920 548 4979 CAPUT
586 4918 698 4973 Vll.
727 4947 798 4957 ——
830 4915 885 4973 8.
926 4912 1258 4981 Qumsiturus
1286 4926 1406 4965 eras
1432 4908 1556 4980 quid
1583 4916 1706 4977 agat
1731 4906 1838 4962 illis

248 5014 510 5084 aperibus
546 5010 707 5066 etiam
756 5007 1063 5070 nocturnis;
1104 5003 1223 5057 audi
1251 5001 1377 5073 quid
1405 5012 1525 5071 agat
1558 5017 1571 5054 :
1621 4997 1836 5069 Prospi-

248 5110 381 5162 cicns
400 5122 587 5177 agrum
614 5110 834 5156 mercata
861 5108 950 5154 est.
981 5097 1335 5166 Prospiciens,
1354 5110 1459 5148 non
1488 5092 1539 5147 in
1563 5090 1835 5162 prmsenti,

248 5202 338 5256 sed
371 5201 427 5253 in
458 5197 661 5259 futuro,
692 5201 925 5248 mercata
972 5199 1054 5245 est
1080 5203 1263 5257 agrum
1293 5186 1448 5241 istum
1474 5201 1487 5237 :
1512 5182 1839 5253 prospiciens

250 5292 372 5353 ﬁde,
405 5304 526 5357 spe.
563 5285 690 5340 lude
717 5292 772 5339 et
799 5282 867 5338 de
896 5280 1144 5336 noctibus
1171 5276 1359 5347 surgit.
1411 5275 1472 5331 Si
1519 5274 1661 5335 enim
1706 5272 1840 5343 quod

250 5400 347 5437 non
396 5382 625 5433 videmus
671 5390 965 5445 speramus,
1016 5388 1106 5440 per
1155 5368 1446 5440 patientiam
1498 5374 1842 5436 exspectamus

250 5474 429 5544 (Rom.
487 5486 598 5531 vni,
626 5466 744 5538 εὖ).
795 5465 852 5520 In
901 5463 1148 5519 omnibus
1179 5458 1571 5515 tribulationem
1596 5457 1838 5527 patiens:

252 5563 509 5637 prospicit
537 5561 681 5616 enim
738 5556 965 5628 agrum’
990 5569 1149 5625 quem
1189 5559 1473 5607 mercatur.
1532 5549 1657 5604 Inde
1699 5549 1841 5604 enim

312 5696 332 5728 ί
355 5700 421 5744 Ita
443 5700 550 5741 )tss.
579 5697 633 5754 At
658 5691 775 5754 editi
800 5694 1024 5736 omittunt
1041 5682 1342 5754 particulam,
1361 5680 1477 5754 sine.

313 5743 433 5807 uis.
455 5753 802 5804 Corbeicnsis:
834 5759 885 5798 tn
930 5743 1143 5803 omniain;
1198 5743 1575 5795 tribulationibus
1614 5747 1844 5809 prospicit

1555 289 1785 348 SERMO
1826 286 2092 345 XXXVII.

3365 290 3474 347 228

1891 401 2082 456 mulier
2107 398 2258 457 fortis
2282 401 2494 458 dicitur.
2519 403 2653 472 Quid
2682 413 2805 460 sunt
2853 414 3038 460 noctes
3080 406 3183 461 illa:
3207 420 3319 477 pra:
3345 422 3476 478 agro

1890 490 1979 545 illo
2003 492 2017 521 ¹
2045 491 2069 543 ?
2101 491 2249 556 Quod
2274 494 2405 546 enim
2436 496 2504 546 ad
2528 512 2746 565 prcesens
2773 499 3050 567 temporale
3072 508 3145 552 est
3173 510 3218 551 et
3250 498 3354 552 leve
3383 509 3477 551 tri-

1891 581 2168 637 bulalionis
2216 592 2400 637 nostra?
2444 586 2581 655 (cum
2614 587 2679 641 de
2707 589 2948 641 noctibus
2976 590 3283 660 surgimus),
3317 591 3370 644 in
3392 591 3477 644 in-

1894 674 2182 727 credibilem
2213 677 2415 728 modum
2443 687 2684 730 a’ternum
2726 679 2901 748 gloria:
2944 681 3142 749 pondus
3166 692 3400 750 operatur
3425 682 3478 735 in

1892 766 2034 819 nobis
2076 765 2192 837 (cor
2220 766 2538 823 habentibus
2562 770 2583 800 ²
2608 768 2675 823 ad
2726 786 2909 841 agrum
2955 772 3148 844 illum),
3180 790 3280 827 non
3323 775 3481 844 respi-

1893 857 2134 911 cientibus
2183 875 2295 927 qua:
2342 860 2593 925 videntur,
2642 862 2730 914 sed
2770 879 2882 933 quia
2928 881 3026 916 non
3065 865 3311 918 uidentur.
3356 864 3483 932 Qui!

1894 947 2026 1000 enim
2045 948 2294 1014 videntur,
2313 952 2613 1020 temporalia
2629 962 2746 1005 sunt
2762 970 2780 1017 ;
2801 970 2912 1023 qua:
2934 966 3097 1008 autem
3118 973 3215 1009 non
3233 956 3480 1021 videntur,

1895 1049 2082 1095 (eterna
2109 1041 2172 1109 (ll
2192 1042 2310 1097 Cor.
2344 1060 2413 1109 tv,
2442 1045 2495 1108 8,
2517 1046 2600 1110 17,
2625 1045 2735 1117 18).
2756 1047 2936 1115 Qualis
2960 1058 3043 1103 est
3069 1065 3195 1119 ager
3216 1051 3483 1118 ille?Qu;c

1897 1130 2238 1200 pulchritudo
2254 1133 2369 1202 ejus
2391 1134 2508 1189 est?
2536 1134 2939 1191 lnardcscamus
2961 1137 3027 1191 ad
3057 1154 3179 1193 eum
3208 1141 3486 1208 possiden—

1901 1220 2049 1274 dum.
2084 1222 2337 1277 l’utamus
2386 1239 2489 1278 non
2546 1226 2657 1294 ipse
2684 1235 2784 1291 est,
2831 1226 2898 1281 de
2934 1242 3040 1297 quo
3064 1228 3197 1283 dixit
3226 1229 3385 1297 Deus,
3419 1229 3487 1285 Et

1899 1311 2086 1380 species
2110 1315 2221 1381 agri
2244 1328 2433 1367 mecum
2455 1324 2529 1369 est
2557 1314 2724 1384 (Psal.
2747 1333 2888 1377 XLIX,
2920 1318 3012 1384 11)
3037 1319 3062 1372 ?

1975 1401 2029 1455 9.
2069 1400 2387 1472 Prospiciens
2416 1421 2595 1474 agrum
2622 1416 2842 1461 mercata
2870 1419 2963 1462 est.
2994 1408 3094 1463 Ubi
3120 1420 3350 1465 mercata
3381 1420 3482 1474 est,

1904 1493 2065 1547 habet
2087 1494 2155 1548 ibi
2186 1510 2391 1564 agrum.
2421 1497 2520 1551 Ubi
2557 1512 2739 1567 agrum
2766 1499 2790 1551 ?
2817 1498 2918 1555 Ubi
2947 1509 3178 1555 mercata
3214 1502 3335 1557 est?
3384 1501 3485 1558 Ubi

1905 1584 2080 1652 posuit
2108 1592 2163 1638 ct
2184 1585 2487 1640 thesaurum
2510 1603 2684 1651 suum,
2709 1598 2766 1642 ut
2788 1590 2938 1645 ﬁeret
2965 1592 3034 1656 ei,
3066 1590 3163 1646 Ubi
3185 1602 3258 1646 est
3289 1593 3493 1646 thesau-

1905 1690 1991 1729 rus
2017 1685 2151 1739 tuus,
2181 1676 2253 1757 ibi
2273 1686 2345 1729 est
2387 1686 2434 1730 et
2486 1694 2572 1731 cor
2600 1688 2738 1732 tuum
2790 1679 3002 1749 (Matth.
3035 1697 3101 1745 vi,
3132 1682 3245 1751 ιιι).
3280 1680 3494 1750 Prospi-

1906 1765 2041 1819 ciens
2066 1781 2243 1836 agrum
2271 1778 2491 1821 mercata
2514 1778 2607 1822 est.
2639 1768 2787 1824 Unde
2836 1780 3065 1825 mercata
3097 1772 3216 1826 est?
3252 1773 3326 1828 Ne
3353 1774 3489 1828 forte

1909 1866 1964 1911 tu
2013 1857 2287 1926 desperes,
2334 1867 2389 1912 et
2439 1860 2697 1929 suspircs,
2750 1871 2802 1915 et
2843 1862 2970 1915 nihil
3028 1877 3172 1933 agas,
3224 1879 3351 1933 ager
3395 1864 3494 1919 iste

1909 1963 2125 2018 segnem
2157 1960 2447 2005 amatorem
2475 1967 2579 2005 non
2628 1963 2788 2006 amat.
2819 1953 2890 2008 lbi
2920 1962 3064 2008 certe
3108 1970 3227 2009 cum
3268 1955 3333 2009 ad
3370 1970 3492 2009 eum

1911 2041 2143 2105 veneris,
2176 2040 2394 2096 forsitan
2421 2045 2745 2115 requiesces,
2775 2061 2874 2100 nec
2899 2061 3032 2116 opus
3056 2047 3158 2102 erit
3183 2058 3239 2101 ut
3261 2048 3492 2103 labores.

1912 2130 2030 2186 Non
2054 2133 2197 2187 enim
2227 2142 2310 2187 est
2326 2134 2444 2189 talis
2475 2150 2603 2205 ager
2644 2136 2754 2199 ille,
2785 2137 2957 2206 qualis
2979 2137 3098 2202 istc,
3132 2137 3218 2192 ubi
3249 2139 3412 2192 Adam
3444 2139 3495 2193 in

1913 2222 2108 2278 sudore
2132 2224 2307 2278 vultus
2326 2226 2405 2279 sui
2434 2225 2664 2280 comedit
2694 2243 2882 2297 panem
2908 2242 3059 2282 suum
3093 2227 3241 2301 (Gen.
3274 2246 3347 2296 Ill,
3383 2231 3515 2302 19).,

1916 2312 2074 2368 Modo
2131 2324 2306 2370 tamen
2346 2324 2403 2370 ut
2431 2315 2498 2370 ad
2548 2317 2691 2373 illius
2742 2319 2852 2389 agri
2907 2298 3139 2389 speciem
3187 2298 3511 2393 pervenias,

1915 2418 2164 2474 compara
2192 2405 2281 2459 tibi
2310 2406 2448 2462 unde
2477 2422 2753 2478 compares
2772 2424 2957 2479 agrum
2986 2410 3054 2465 ibi
3079 2410 3120 2463 ⁸.
3146 2411 3499 2477 Quid?Cul|i-

1916 2511 1981 2566 ge
2007 2496 2253 2566 pretium.
2290 2496 2399 2552 Hoc
2424 2498 2563 2551 enim
2605 2499 2713 2568 agit
2742 2500 2854 2553 lnec
2884 2500 3095 2557 mulier.
3119 2501 3304 2556 Videte
3348 2503 3390 2556 si
3420 2513 3501 2556 ta-

1917 2587 2078 2640 citum
2104 2594 2205 2641 est.
2236 2587 2367 2643 Cum
2413 2588 2609 2643 dictum
2650 2598 2752 2654 est,
2784 2590 3119 2661 Prospiciens
3145 2610 3324 2662 agrum
3367 2609 3500 2646 mer-

1918 2686 2032 2731 cata
2058 2687 2130 2732 est
2159 2694 2178 2731 :
2207 2687 2456 2749 tanquam
2482 2679 2711 2746 diceres,
2744 2681 2896 2737 Unde
2921 2692 3152 2737 mercata
3183 2693 3262 2736 est
3281 2682 3307 2734 ?

1989 2769 2215 2827 CAPUT
2242 2768 2373 2825 Vlll.
2412 2802 2475 2812 —-
2504 2771 2582 2827 De
2606 2775 2870 2844 fructibus,
2896 2775 2989 2841 ait,
3024 2792 3263 2829 manuum
3292 2791 3503 2830 suarum

1921 2862 2163 2933 plantavit
2192 2864 2575 2933 possessionem.
2631 2864 2745 2935 Ipsa
2799 2878 2951 2921 erant
2994 2882 3155 2937 opera
3201 2883 3321 2935 qua:
3345 2866 3506 2921 dabat

1919 2955 2145 3022 ancillis,
2193 2964 2251 3010 ut
2291 2956 2358 3011 de
2394 2955 2651 3013 fructibus
2687 2974 2937 3013 manuum
2978 2976 3191 3016 suarum
3241 2964 3508 3031 pfautaret

1920 3049 2315 3120 possessionem
2369 3050 2419 3104 in
2451 3060 2732 3106 :etcruum.
2762 3050 2907 3107 lllam
2938 3055 3078 3109 enim
3115 3056 3505 3125 possessionem

1921 3140 2075 3208 dixit,
2108 3157 2228 3211 qua:
2269 3140 2442 3198 futura
2486 3152 2587 3198 est.
2618 3142 2729 3199 lloe
2757 3143 2990 3201 insinuat
3030 3149 3193 3203 verbo
3230 3149 3372 3219 quod
3411 3150 3504 3215 ait,

1923 3234 2271 3306 Prospicicns.

1995 3326 2081 3382 10.
2125 3327 2398 3382 Succincta
2430 3329 2628 3399 fortiter
2655 3329 2852 3386 lumbos
2878 3348 2994 3387 suos
3012 3373 3027 3397 ,
3057 3334 3276 3403 firmavit
3304 3334 3511 3389 brachia

1922 3436 2034 3474 sua.
2070 3419 2205 3475 Vere
2230 3418 2397 3474 fortis.
2422 3419 2553 3476 Vide
2579 3422 2623 3475 si
2651 3437 2755 3476 non
2781 3433 2863 3478 est
2888 3426 3098 3479 ancilla.
3130 3425 3299 3493 Quam
3320 3426 3512 3483 devote

1926 3511 2124 3577 servit,
2153 3526 2310 3581 quam
2340 3515 2623 3581 apparate!
2658 3529 2723 3568 ne
2749 3513 3023 3571 fluitantes
3053 3517 3198 3572 sinus
3220 3518 3510 3573 carnalium

1925 3603 2473 3672 concupiscentiarum
2519 3603 2813 3673 impediant
2858 3618 3204 3676 aperantem;
3258 3610 3514 3680 succingit

1928 3693 2164 3758 lumbos,
2198 3702 2255 3747 ut
2294 3693 2421 3747 nihil
2465 3694 2787 3765 superﬂuum
2831 3698 3032 3766 calcet,
3082 3699 3208 3754 dum
3249 3701 3301 3756 in
3351 3717 3514 3771 opere

1928 3786 2160 3841 festinat.
2190 3785 2266 3840 lbi
2295 3787 2436 3840 enim
2475 3787 2692 3842 castitas
2721 3789 2956 3844 mulieris
2984 3789 3173 3860 hujus,
3214 3808 3344 3846 zona
3374 3807 3513 3862 pra:-

1928 3878 2066 3948 cepti
2092 3877 2373 3931 constricta
2393 3919 2408 3944 ,
2439 3886 2494 3933 et
2521 3877 2587 3932 ad
2615 3894 2774 3933 omne
2798 3894 2931 3950 opus
2955 3881 3152 3936 bonum
3176 3898 3387 3954 semper
3418 3898 3511 3952 pa-

1930 3981 2064 4026 rata.
2114 3970 2384 4026 Succincta
2410 3972 2605 4041 fortiter
2630 3972 2823 4026 lumbos
2858 3989 3009 4040 suos,
3049 3975 3267 4042 ﬁrmavit
3308 3975 3516 4029 brae/tia

1930 4079 2023 4118 sua
2044 4103 2058 4127 ,
2090 4078 2194 4116 non
2235 4061 2524 4117 defectura.
2557 4061 2709 4117 Unde
2745 4063 2889 4118 hoc?
2914 4063 3144 4119 Gustavit
3182 4067 3301 4135 quia
3330 4068 3512 4122 bonum

1932 4163 2006 4208 est
2048 4154 2266 4224 operari.
2313 4151 2414 4208 Ubi
2467 4162 2549 4207 est
2592 4153 2859 4223 palatum,
2913 4154 3053 4224 quod
3096 4164 3338 4225 gustatur
3383 4158 3521 4212 hoc?

1934 4245 2161 4316 Fugiunt
2196 4245 2438 4299 homines
2468 4244 2736 4311 laborem,
2769 4246 2919 4315 quasi
2964 4262 3201 4302 amarum
3239 4266 3252 4302 :
3286 4248 3522 4304 timendo

1934 4350 2165 4409 gustare,
2196 4338 2439 4393 nesciunt
2457 4337 2581 4407 quid
2611 4353 2812 4393 amare.
2847 4338 3049 4393 Bomun
3079 4355 3212 4411 opus
3238 4340 3364 4396 facit
3389 4357 3519 4398 cou-

1936 4428 2154 4484 scientia
2186 4428 2322 4481 bona
2349 4426 2389 4479 δ.
2424 4427 2490 4481 Ει
2532 4427 2656 4498 quid
2684 4427 2921 4495 dulcius,
2969 4429 3193 4497 fratres,
3227 4431 3362 4486 bona
3391 4448 3523 4486 cou-

1937 4518 2192 4575 scientia?
2215 4518 2345 4585 Qua:
2365 4518 2408 4572 si
2436 4533 2542 4572 non
2564 4525 2667 4584 est,
2691 4520 2901 4590 pungit;
2924 4536 3103 4574 amara
3130 4532 3254 4575 sunt
3278 4524 3452 4577 omnia
3478 4524 3521 4578 ⁸.

1939 4610 2100 4666 Gustu
2128 4624 2256 4680 ergo
2274 4649 2289 4675 ,
2316 4616 2464 4679 gusta
2487 4651 2500 4673 ,
2529 4618 2582 4663 et
2619 4609 2825 4664 videbis
2851 4612 3119 4681 quomodo
3145 4614 3334 4682 sapiat,
3366 4630 3523 4683 quam

1940 4711 1993 4757 te
2020 4700 2332 4765 delectabit,
2361 4715 2519 4771 quam
2558 4710 2739 4770 postea
2770 4716 2873 4756 non
2913 4702 3162 4769 desines,
3211 4706 3310 4758 nisi
3359 4713 3525 4759 totum

1940 4804 2243 4848 ‘consumas.
2274 4790 2502 4845 Gustavit
2525 4792 2643 4862 quia
2669 4790 2853 4845 bonum
2885 4802 2956 4846 est
2984 4794 3205 4864 aperari.

2013 4884 2102 4939 11.
2144 4881 2264 4937 Non
2292 4882 2632 4953 exstinguetur
2658 4883 2861 4937 lucerna
2895 4888 3003 4949 eius
3029 4894 3131 4938 tota
3166 4894 3327 4939 nocte.
3362 4883 3527 4941 Nemo

1944 4994 2455 5066 agrum.‘colbcrtiuus
2476 5008 2497 5066 ε.
2520 5003 2573 5066 I_n
2605 4993 2821 5047 onmibus
2836 4993 3185 5046 tribulatimem
3209 4994 3411 5059 uadens,
3440 5003 3530 5049 sed

1942 5055 2035 5109 non
2059 5055 2304 5122 deﬁciens,
2334 5056 2562 5122 prospicit
2583 5071 2787 5122 agrum...

2010 5120 2183 5193 {Apud
2204 5120 2500 5193 ambrosiam
2525 5128 2577 5169 et
2600 5120 2936 5193 iunsogbouicis
2954 5127 3077 5181 Mss,
3104 5133 3194 5183 pro
3213 5133 3332 5185 agro
3352 5120 3450 5173 illo.
3480 5128 3532 5172 tn

1942 5178 2242 5245 Corheiensi,
2266 5179 2340 5245 vel
2358 5180 2464 5245 guis
2485 5194 2603 5244 ager
2624 5180 2709 5232 ille
2729 5178 2754 5231 ?

2007 5248 2028 5277 ι
2050 5251 2099 5292 ιιι
2426 5241 2534 5316 tussi
2569 5245 2750 5316 deest,
2769 5241 3082 5316 babentiltuso;
3119 5243 3326 5316 ejusque
3483 5258 3536 5294 ιιι

1944 5306 2256 5377 permanensi
2291 5312 2385 5377 est,
2728 5312 2789 5377 At.
2821 5306 2870 5354 in
2900 5302 3175 5377 (:orbei’ensi
3214 5302 3319 5368 pro,
3340 5320 3427 5376 co_r
3443 5306 3537 5376 lm-

1945 5367 2173 5439 betuibus,
2198 5373 2312 5439 etc.,
2336 5365 2519 5439 legitur
2536 5368 2634 5417 sic:
2655 5366 2774 5417 colit
2797 5380 2968 5431 agrum
2986 5364 3121 5416 illum
3147 5364 3241 5417 non
3278 5364 3538 5432 respiciens

1946 5442 2056 5495 (tua!
2074 5429 2316 5495 "meum,
2339 5437 2435 5495 θῳτ

1956 5490 2032 5604 i'b;
2054 5499 2160 5541 Mss.
2200 5491 2442 5541 Sorbouici
2478 5495 2530 5541 et
2560 5491 2926 5544 Germanensis.
2963 5490 3091 5541 unde
3143 5504 3390 5557 compares
3450 5503 3540 5557 age

1947 5570 2031 5606 101.

2011 5616 2032 5648 ³
2054 5622 2134 5665 sis.
2160 5613 2478 5673 Colbertinus,
2505 5611 2620 5677 facit
2642 5612 2977 5677 conscientiam
3002 5615 3189 5665 bonam.

2011 5680 2033 5711 ⁸
2060 5686 2138 5750 .\t_s.
2153 5677 2459 5750 Corbeiensis
2486 5675 2576 5727 {Et
2594 5675 2711 5750 quid
2734 5677 2949 5747 amarius
2966 5678 3093 5727 mala
3102 5678 3125 5729 ε)
3138 5676 3261 5730 mala
3283 5676 3406 5729 enim
3423 5689 3541 5741 pun-

1948 5743 2037 5808 git,
2056 5747 2101 5793 et
2127 5738 2207 5793 cui
2229 5739 2368 5800 inest,
2393 5752 2561 5789 amara
2577 5744 2682 5790 sunt
2707 5738 2883 5792 oumiu.
