3994 6432
469 289 578 345 2Ξῖ

474 404 704 473 accendit
734 401 1015 468 lucernam,
1045 407 1092 455 et
1121 398 1263 471 ponit
1290 397 1381 452 sub
1413 396 1582 452 modio
1611 394 1822 465 (Matth.
1854 409 1912 460 v,
1946 392 2058 464 15).

472 496 550 551 Tu
571 494 878 551 illuminabis
892 496 1146 548 lucernam
1167 506 1349 557 meam,
1369 488 1584 543 Domine
1599 485 1771 562 (Psal.
1792 501 1923 551 xvu,
1940 483 2058 556 29).

472 587 712 644 Lucerna
759 585 897 657 ejus.
942 599 1065 656 spes
1107 584 1243 655 ejus.
1291 582 1370 638 Ad
1420 583 1564 638 illam
1594 588 1846 650 operatur
1885 577 2062 633 omnis

474 681 636 738 homo
654 722 671 750 ,
696 678 950 752 quidquid
977 676 1101 733 boni
1126 676 1193 732 ad
1217 691 1366 746 spem
1392 674 1536 732 facit.
1562 674 1630 729 Et
1654 674 1706 729 in
1733 682 1886 728 nocte
1910 670 2063 726 ardet

472 774 687 829 lucerna
709 772 826 828 ista.
846 768 999 838 Quod
1022 768 1164 824 enim
1188 782 1290 822 non
1315 766 1579 835 videmus,
1603 780 1879 836 Speramus
1902 783 1915 819 :
1940 763 2060 818 ideo

472 879 578 923 nox
607 872 706 920 est.
737 862 791 918 Si
818 868 997 916 autem
1024 868 1077 915 et
1103 875 1207 915 non
1236 858 1497 925 videmus,
1526 867 1579 912 et
1606 872 1712 912 non
1742 869 2057 926 speramus:

470 963 525 1011 et
553 969 657 1010 nox
682 961 799 1021 est,
824 961 879 1007 et
904 951 1117 1007 lucerna
1148 965 1256 1006 non
1285 949 1455 1006 ardet.
1484 947 1622 1017 Quid
1650 946 1911 1002 infelicius
1938 945 2058 999 tali-

469 1046 568 1103 bus
598 1043 872 1101 tenebris?
911 1042 981 1099 Ut
1007 1050 1184 1115 autem
1214 1056 1322 1096 non
1347 1039 1656 1095 deficiamus
1695 1038 1748 1092 in
1780 1036 2016 1093 tenebris
2038 1077 2057 1104 ,

466 1150 522 1207 et
547 1154 644 1210 per
671 1136 977 1210 patientiam
1002 1143 1393 1205 exspectemus,
1426 1132 1567 1203 quod
1598 1146 1703 1186 non
1733 1130 1903 1185 visum
1934 1143 2059 1198 spe-

467 1246 682 1297 ramus,
713 1238 820 1285 tota
870 1236 1025 1284 nocte
1063 1225 1249 1282 ardeat
1291 1225 1509 1283 lucerna
1540 1230 1743 1277 nostra.
1776 1219 1879 1289 Qui
1914 1219 2060 1275 enim

468 1322 624 1377 nobis
649 1320 884 1392 quotidie
914 1319 1146 1390 loquitur
1175 1317 1432 1384 verbum,
1466 1325 1718 1388 tanquam
1761 1314 1941 1371 oleum
1978 1312 2061 1370 in-

469 1410 663 1479 fundit,
697 1427 763 1468 ne
794 1412 1009 1469 lucerna
1038 1410 1427 1480 exstinguatur.

542 1502 629 1559 12.
675 1502 861 1556 Manus
888 1518 1005 1556 suas
1031 1499 1252 1555 extendit
1277 1498 1347 1554 ad
1374 1499 1537 1554 utilia.
1568 1496 1848 1566 Quantum,
1873 1503 2059 1551 exten-

469 1593 548 1661 dit
572 1593 670 1651 has
707 1590 938 1648 manus?
975 1592 1020 1646 Α
1048 1592 1175 1645 mari
1202 1578 1358 1663 usque
1398 1590 1465 1644 ad
1493 1605 1659 1655 mare,
1690 1598 1735 1643 et
1776 1604 1810 1642 a
1849 1586 2060 1657 [lumine

469 1702 627 1758 usque
646 1685 712 1739 ad
737 1684 973 1740 tenninos
992 1682 1125 1738 orbis
1146 1680 1320 1755 (Psal.
1345 1698 1463 1736 ικιι
1478 1722 1493 1745 ,
1518 1678 1595 1752 8),
1624 1694 1732 1751 quo
1754 1677 1993 1750 pervenit
2016 1678 2056 1732 ¹.

470 1775 623 1835 Unde
650 1789 755 1831 non
783 1777 975 1829 frustra
1000 1773 1197 1829 dictum
1218 1779 1320 1836 est,
1348 1770 1416 1826 In
1446 1770 1706 1825 dexteram
1728 1778 1776 1823 et
1802 1769 2060 1824 sinistram

469 1869 679 1924 extende
724 1866 873 1940 (lsai.
906 1883 1021 1935 Liv,
1052 1868 1127 1938 5).
1163 1864 1403 1921 Extendit
1445 1881 1624 1920 atauus
1652 1880 1806 1930 suas,
1852 1863 1946 1919 sed
1991 1862 2058 1917 ad

468 1960 635 2015 utilia.
788 2003 797 2013 .

537 2050 762 2109 CAPUT
800 2050 893 2106 IX.
919 2080 991 2090 -—
1017 2050 1105 2106 15.
1143 2047 1365 2103 Brachia
1391 2063 1589 2120 quoque
1614 2063 1707 2103 sua
1744 2046 1965 2115 ﬁrmavit
2004 2045 2058 2100 in

468 2147 657 2214 fusum.
683 2143 800 2198 Non
823 2144 890 2197 ab
912 2140 1235 2197 infundendo
1259 2157 1274 2197 2
1304 2140 1399 2196 sed
1422 2140 1474 2194 in
1495 2139 1624 2195 illud
1645 2140 2057 2194 instrumentum

468 2234 680 2290 lanificii
700 2276 715 2300 ,
743 2216 1103 2304 quodvocant
1130 2232 1326 2286 fusum.
1361 2231 1438 2286 De
1465 2228 1583 2285 fuso
1620 2230 1756 2297 isto,
1785 2228 1927 2299 quod
1957 2230 2058 2283 Do-

469 2326 645 2382 minus
679 2325 874 2391 douat,
903 2322 1077 2379 dicam
1102 2340 1116 2377 :
1146 2337 1319 2394 neque
1347 2322 1489 2377 enim
1535 2320 1636 2376 ista
1663 2319 1890 2376 lanitieia
1932 2328 2058 2376 sunt

466 2434 499 2474 a
526 2418 655 2473 viris
679 2418 871 2473 aliena.
902 2415 1096 2474 Audite
1123 2415 1248 2486 quid
1279 2416 1368 2480 sit,
1396 2413 1621 2469 Brachia
1643 2430 1738 2468 sua
1760 2413 1978 2484 [irritavit
2002 2413 2057 2467 iu

466 2510 655 2579 fusum.
689 2506 865 2562 Potuit
899 2505 1113 2570 dicere,
1146 2504 1202 2559 lu
1240 2504 1441 2561 colum.
1472 2503 1671 2559 Fusum
1709 2502 1877 2569 dixit,
1921 2501 2058 2559 forte

465 2618 575 2659 non
599 2601 818 2657 frustra.
854 2599 1106 2669 Quamvis
1134 2600 1302 2668 possit
1346 2595 1551 2663 videri,
1579 2610 1680 2652 nec
1702 2595 1932 2652 absurde
1970 2595 2054 2650 in-

466 2694 628 2767 telligi
664 2695 737 2751 de
772 2695 888 2750 fuso
931 2692 1217 2750 lanilieium
1260 2691 1613 2764 significatum
1638 2731 1654 2758 ,
1701 2688 1769 2744 de
1820 2688 2054 2745 lanificio

462 2787 661 2845 bonum
691 2801 846 2857 opus,
873 2795 1123 2857 tanquam
1149 2792 1313 2840 casta:
1339 2782 1578 2840 mulieris
1602 2792 1656 2839 et
1676 2791 1937 2837 matrona:
1958 2782 2057 2836 im-

464 2879 629 2950 pigra:
654 2888 711 2934 et
744 2878 1053 2949 diligentis:
1100 2884 1282 2931 tamen
1322 2890 1458 2946 ego,
1491 2874 1794 2931 charissimi
1816 2916 1831 2937 .
1861 2872 1919 2928 in
1953 2873 2056 2930 isto

463 2969 583 3027 fuso
604 3011 620 3039 ,
652 2968 793 3041 quod
823 2968 1096 3039 intelligo,
1128 2982 1235 3022 non
1279 2966 1487 3023 tacebo.
1516 2964 1703 3021 Omnis
1726 2964 1818 3037 qui
1844 2964 1970 3020 vivit
2000 2964 2053 3020 in

462 3061 618 3118 bonis
642 3059 894 3132 operibus
920 3060 973 3115 in
998 3070 1182 3138 sancta
1209 3057 1469 3122 Ecclesia.
1502 3073 1609 3113 non
1635 3058 1927 3130 neglector,
1956 3058 2053 3115 sed

461 3152 684 3210 ell‘ector
707 3159 1099 3224 prteceptorum
1144 3152 1237 3209 Dei
1265 3191 1282 3220 ,
1310 3151 1436 3223 quid
1470 3149 1630 3207 faciat
1654 3165 1778 3207 eras
1797 3192 1815 3218 ,
1840 3152 2050 3218 nescit;

461 3245 590 3318 quid
619 3244 803 3301 fecerit
842 3244 1033 3311 hodie,
1065 3244 1185 3301 scit.
1232 3243 1308 3299 De
1337 3244 1512 3298 futuro
1549 3257 1713 3312 opere
1751 3243 1937 3311 timet,
1984 3242 2053 3300 de

461 3339 736 3411 pra:terito
753 3336 987 3411 gaudet:
1016 3344 1072 3392 et
1098 3345 1154 3391 ut
1176 3346 1488 3408 perseveret
1512 3336 1564 3391 iu
1591 3335 1745 3391 bonis
1773 3336 2048 3407 operibus,

460 3429 678 3501 vigilat;
712 3446 779 3486 ne
806 3426 944 3485 forte
975 3427 1249 3501 negligens
1275 3426 1573 3483 futurorum
1594 3467 1610 3492 ,
1642 3425 1831 3499 perdat
1856 3436 2051 3498 praete-

460 3520 639 3576 ritum.
682 3518 738 3574 lu
766 3518 970 3577 orando
1018 3528 1193 3575 Lumen
1232 3518 1492 3585 Domino,
1525 3518 1579 3574 in
1605 3519 1752 3574 omni
1791 3518 2050 3591 depreca-

462 3610 604 3667 tione
628 3625 724 3667 sua
744 3651 761 3678 ,
792 3626 899 3667 non
942 3610 1102 3667 habet
1137 3609 1346 3667 firmam
1384 3608 1765 3665 conscientiam
1793 3607 1860 3665 de
1887 3625 2051 3680 opere

459 3702 657 3769 futuro,
682 3700 779 3759 sed
807 3700 876 3758 de
900 3700 1207 3772 pnetcrito;
1238 3716 1304 3757 ex
1326 3714 1393 3756 eo
1416 3699 1559 3771 quod
1586 3698 1732 3768 fecit,
1756 3715 1862 3754 non
1892 3715 1959 3756 es
1983 3716 2053 3757 eo

457 3791 600 3864 quod
625 3791 859 3849 facturus
876 3801 976 3848 est.
997 3791 1115 3847 Jam
1135 3806 1263 3867 ergo
1288 3792 1334 3847 si
1357 3792 1460 3846 hoc
1484 3805 1671 3847 verum
1693 3805 1813 3846 esse
1840 3806 2048 3847 mecum

455 3884 681 3951 videtis,
710 3882 966 3940 attendite
1008 3883 1061 3938 in
1089 3882 1322 3941 laniﬁcio
1366 3882 1474 3945 duo
1516 3881 1868 3938 instrumenta
1915 3882 2046 3951 ista,

456 3974 634 4030 colum
675 3984 731 4028 et
771 3974 966 4029 fusum.
1012 3972 1068 4028 In
1094 3974 1214 4028 colo
1242 3973 1361 4027 lana
1392 3973 1628 4028 involuta
1655 3981 1766 4040 est,
1796 3987 1916 4044 quae
1957 3972 2048 4030 ﬁlo

456 4064 694 4121 ducenda
721 4073 775 4119 et
802 4063 973 4120 nenda
1005 4073 1239 4119 transeat
1259 4064 1314 4121 in
1338 4063 1534 4119 fusum.
1565 4064 1717 4134 Quod
1746 4065 1798 4120 in
1825 4066 1944 4121 colo
1964 4075 2046 4123 est

457 4155 776 4223 involutum,
802 4164 887 4211 est
915 4154 1149 4209 futurum
1176 4172 1190 4208 :
1219 4154 1360 4225 quod
1390 4155 1444 4209 in
1474 4155 1591 4211 fuso
1618 4155 1901 4211 collectum
1931 4166 2045 4226 est,

453 4248 562 4319 jam
592 4248 917 4319 pra'teritum
943 4255 1044 4301 est.
1072 4244 1221 4316 Opus
1246 4260 1375 4318 ergo
1404 4255 1549 4301 tuum
1581 4247 1637 4302 in
1665 4248 1784 4304 fuso
1807 4257 1912 4315 est,
1939 4266 2045 4309 non

455 4342 513 4397 in
548 4342 688 4398 colo.
717 4340 774 4395 ln
800 4341 918 4397 culo
938 4340 1081 4397 enim
1105 4349 1208 4406 est,
1241 4338 1382 4411 quod
1413 4339 1643 4397 facturus
1671 4355 1761 4405 es;
1794 4340 1849 4397 in
1886 4341 2004 4397 fuso
2025 4384 2044 4410 ,

456 4435 596 4507 quod
629 4434 818 4490 fecisti.
859 4432 1146 4505 Videlergo
1182 4433 1226 4487 si
1252 4432 1446 4503 aliquid
1479 4431 1641 4489 babes
1669 4433 1724 4490 in
1754 4432 1907 4502 fuso,
1955 4435 2045 4491 ubi

458 4528 738 4583 firmentur
764 4525 976 4583 brachia
1006 4536 1114 4581 tua.
1156 4524 1232 4581 lbi
1255 4526 1359 4582 erit
1387 4525 1537 4583 furtis
1562 4527 1887 4583 conscientia
1915 4536 2003 4585 tua
2025 4567 2043 4595 ,

456 4620 530 4676 ibi
553 4634 774 4676 securus
802 4620 912 4675 Deo
937 4618 1122 4674 dices:
1155 4619 1229 4673 Da
1246 4660 1263 4685 ,
1290 4619 1413 4689 quia
1440 4618 1603 4686 dedi;
1630 4619 1840 4677 dimitte
1861 4663 1876 4684 .
1919 4622 2044 4692 quia

457 4710 633 4767 dimisi
658 4725 674 4775 ;
705 4710 804 4775 fac,
830 4709 952 4781 quia
982 4708 1102 4769 feci.
1134 4708 1249 4765 Non
1278 4709 1424 4766 enim
1454 4711 1590 4781 petis
1614 4713 1916 4781 prtemium,
1942 4712 2043 4771 nisi

457 4817 623 4873 opere
663 4810 814 4874 gesto
833 4842 851 4868 ,
883 4816 989 4856 non
1016 4816 1177 4872 opere
1199 4801 1451 4871 gerendo.
1478 4802 1741 4872 Quidquid
1766 4818 1894 4874 ergo
1917 4817 2046 4875 ope—

455 4895 624 4960 raria,
648 4903 788 4949 totus
811 4892 1022 4948 animus
1041 4892 1106 4948 ad
1132 4891 1309 4949 fusum
1337 4892 1426 4948 sit.
1447 4892 1580 4961 Quia
1601 4903 1658 4950 et
1678 4894 1819 4964 quod
1847 4895 2046 4966 pendet

455 4984 509 5041 in
535 4985 656 5041 colo
675 5025 695 5054 ,
725 4984 789 5039 ad
820 4982 991 5040 fusum
1023 4984 1391 5055 trajiciendum
1421 4994 1538 5041 est:
1567 5000 1673 5041 non
1704 4996 1883 5042 autem
1914 4987 2043 5042 illud

455 5076 596 5147 quod
616 5077 898 5133 collectum
925 5076 1078 5131 estin
1104 5077 1240 5142 fuso,
1270 5075 1338 5131 ad
1362 5077 1539 5133 colum
1561 5076 1919 5134 revocandum
1941 5089 2042 5135 est.

456 5168 598 5239 Ergo
623 5168 742 5225 vide
769 5168 896 5240 quid
917 5183 1061 5240 agas,
1097 5177 1156 5222 ut
1177 5166 1377 5223 habeas
1397 5169 1452 5222 in
1474 5167 1612 5234 fuso,
1633 5177 1692 5223 ut
1717 5169 1931 5224 brachia
1955 5177 2042 5226 tua

454 5257 639 5315 ﬁrmes
660 5259 715 5314 in
735 5258 930 5335 fusum,
953 5268 1012 5314 ut
1030 5267 1199 5315 totum
1221 5257 1429 5314 coletur
1447 5257 1513 5314 ad
1535 5256 1711 5314 fusum
1727 5299 1744 5327 ,
1770 5271 1827 5315 ut
1852 5259 2045 5315 habeat

455 5348 652 5421 aliquid
681 5348 855 5405 fusum
881 5350 1020 5421 quod
1049 5358 1102 5404 te
1128 5348 1452 5417 consoletur,
1479 5349 1620 5421 quod
1647 5358 1698 5406 te
1721 5351 1999 5407 continuet
2023 5393 2040 5420 ,

454 5439 597 5511 quod
634 5440 725 5496 tibi
769 5439 861 5496 det
883 5438 1127 5495 fiduciam
1164 5439 1483 5510 deprecandi
1527 5447 1584 5496 et
1623 5440 1874 5512 sperandi
1918 5459 2045 5514 pro-

456 5531 642 5587 missa.

519 5623 538 5654 ι
563 5620 696 5687 apud
713 5620 1040 5687 Ambrosium:
1055 5631 1173 5673 Ecce
1201 5634 1299 5687 quo
1315 5620 1608 5687 pervenitmt.
1632 5628 1682 5671 tu
1706 5629 1785 5687 Ms.
1805 5622 2041 5675 Colberti-

457 5697 523 5752 no
539 5684 610 5734 sic
632 5683 812 5746 legitur
837 5717 853 5741 ,
876 5687 965 5754 et_a
984 5684 1178 5748 ﬂumme
1200 5683 1328 5737 unde
1350 5683 1506 5748 erepit,
1530 5697 1680 5748 usque
1692 5684 1759 5736 ad
1783 5691 1930 5737 teme
1947 5692 2043 5738 ter-

458 5750 606 5799 ηωω
629 5758 718 5804 σιω
739 5750 964 5798 oerveuit.

1719 283 1776 338 Ξ.
1822 280 2191 357 Αυαυετεδι
2233 283 2539 344 El‘lSCOPl

3649 293 3761 353 €28

2238 393 2465 452 CAPUT
2492 396 2636 451 x.—
2665 397 2750 454 ιι.
2783 397 2849 453 Ει
2874 398 3002 471 quid
3029 382 3224 472 agam?
3249 399 3388 459 forte
3411 402 3546 459 dicis
3579 420 3595 436 -
3627 356 3758 474 qua

2167 502 2254 543 me
2269 487 2429 558 jubes
2456 488 2656 546 habere
2683 490 2735 546 in
2764 489 2923 547 fuso?
2953 492 3087 547 Audi
3116 494 3240 566 quid
3271 510 3399 565 sequ
3424 505 3509 550 tur
3530 514 3545 528 ’
3576 494 3766 553 Manus

2166 590 2334 636 autem
2362 597 2480 637 suas
2504 584 2703 654 aperuit
2726 586 2957 657 pauperi.
2987 585 3079 642 Eia
3106 629 3120 653 ,
3152 603 3259 643 non
3286 603 3383 644 nos
3412 589 3606 660 pudeat
3627 590 3767 646 lanio

2171 669 2348 726 licium
2372 683 2616 729 sanctum
2638 674 2833 731 docere
2860 692 2975 731 vos.
3007 676 3194 733 Videte
3210 718 3225 745 ,
3258 679 3302 733 si
3328 680 3449 751 quis
3474 680 3635 737 habet
3651 683 3761 752 ple-

2165 779 2293 819 num
2336 765 2644 832 sacculum,
2694 768 2905 838 plenum
2950 768 3231 837 horreum,
3279 771 3489 842 plenam
3531 773 3763 843 apothe-
3856 768 3869 781 “

2164 868 2280 910 cam
2325 873 2338 910 :
2379 858 2557 911 omnia
2599 857 2698 913 ista
2736 858 2787 913 in
2827 859 2944 915 colo
2984 871 3141 928 sunt,
3176 871 3448 918 transeant
3478 864 3528 919 in
3557 864 3761 921 fusum.

2165 945 2352 1003 Videte
2400 950 2669 1019 quomodo
2717 960 2807 1006 net
2835 952 2851 983 ¹
2873 993 2889 1019 ,
2940 953 3046 1008 imo
3084 952 3258 1009 videte
3294 956 3561 1026 quomodo
3591 957 3761 1012 ueiat.

2164 1038 2299 1093 Dum
2342 1055 2530 1096 omnes
2559 1041 2890 1098 instruantur
2909 1085 2924 1111 ,
2953 1046 3281 1115 grammatici
3312 1062 3417 1102 non
3449 1049 3758 1105 timeantur.
3854 1120 3865 1125 ’

2167 1129 2356 1187 Manus
2381 1142 2548 1187 autem
2567 1152 2691 1190 suas
2716 1137 2912 1206 aperuit
2939 1139 3168 1210 pauperi,
3197 1144 3417 1212 fructum
3442 1152 3607 1195 autem
3634 1160 3759 1197 oor-

2161 1224 2290 1276 rexit
2319 1222 2479 1295 inopi.
2507 1223 2692 1280 Manus
2717 1226 2956 1297 pauperi,
2983 1226 3211 1284 fructum
3233 1229 3397 1300 inopi.
3425 1231 3519 1286 Est
3540 1233 3759 1301 quidam

2162 1329 2396 1384 panper,
2438 1332 2628 1373 manus
2670 1327 2786 1373 tuas
2815 1320 3007 1390 qua‘rit
3034 1336 3047 1374 :
3077 1330 3160 1376 est
3188 1322 3399 1393 quidam
3429 1324 3581 1397 inops
3601 1367 3615 1390 ,
3644 1324 3759 1379 fru-

2161 1414 2304 1461 ctum
2350 1418 2495 1464 tuum
2532 1410 2746 1479 quaerit.
2774 1410 2873 1479 Qui
2899 1428 3138 1482 qu:erere
3187 1429 3289 1469 non
3321 1414 3430 1469 vult
3471 1432 3500 1468 a
3534 1425 3618 1483 te,
3652 1416 3756 1471 nisi

2161 1497 2302 1567 quod
2331 1500 2666 1555 neccessitati
2691 1516 2801 1556 sua:
2824 1503 3025 1573 prosit,
3048 1519 3249 1575 panper
3271 1513 3350 1560 est
3367 1549 3382 1571 ,
3414 1522 3603 1563 manus
3634 1516 3758 1563 tuas

2161 1605 2429 1661 qumrcns.
2476 1590 2575 1648 Est
2615 1603 2792 1651 autem
2841 1596 2977 1651 alius
3020 1597 3208 1669 ineps,
3257 1599 3349 1669 qui
3391 1597 3563 1657 dicit:
3595 1601 3759 1669 Quasi

2162 1682 2291 1737 nihil
2329 1683 2599 1753 habentes,
2638 1696 2687 1741 et
2732 1688 2901 1742 omnia
2941 1690 3249 1760 possidentes
3284 1691 3347 1761 (ll
3376 1692 3494 1748 Cor.
3529 1710 3609 1762 vr,
3638 1693 3754 1765 ID).

2161 1771 2275 1828 Non
2315 1776 2463 1845 quasi
2494 1778 2797 1832 necessitati
2825 1793 2935 1834 sua:
2964 1780 3075 1835 vult
3103 1782 3349 1837 satisfieri
3376 1782 3443 1838 de
3470 1783 3592 1838 dato
3617 1794 3711 1839 tuo
3737 1803 3752 1850 ;

2160 1866 2255 1921 sed
2303 1875 2553 1937 tanquam
2597 1869 2649 1924 in
2690 1870 2881 1926 arbore
2911 1870 3203 1939 dominica,
3235 1889 3392 1942 quam
3421 1875 3674 1945 plantavit
3698 1887 3756 1933 ct

2162 1958 2386 2027 rigavit,
2433 1961 2662 2016 fructum
2706 1962 2917 2032 quaarit.
2962 1963 3136 2033 Ipsum
3178 1965 3300 2020 audi
3339 1965 3406 2021 de
3434 1966 3753 2035 quibusdam

2160 2048 2424 2105 d'centem
2457 2090 2472 2116 ,
2524 2066 2645 2106 cum
2698 2052 2765 2107 de
2816 2053 3011 2108 talibus
3051 2054 3353 2125 loqueretur
3398 2074 3411 2110 :
3464 2056 3584 2112 Non
3629 2060 3755 2115 auia

2158 2157 2329 2211 quer
2367 2142 2576 2209 datum,
2618 2143 2707 2199 sed
2744 2145 2941 2214 requiro
2972 2149 3193 2217 fructum
3222 2144 3481 2219 (Philipp.
3514 2165 3601 2216 tv,
3636 2150 3753 2218 l7).

2234 2233 2320 2286 13.
2373 2230 2496 2287 Non
2537 2242 2609 2288 est
2646 2235 2891 2290 sollicitus
2933 2236 2995 2290 de
3034 2236 3111 2290 his
3137 2254 3249 2308 qua:
3276 2239 3328 2293 in
3359 2239 3507 2295 domo
3531 2252 3648 2295 siml
3677 2245 3756 2296 uir

2159 2322 2270 2391 ejus
2291 2364 2307 2390 ,
2340 2340 2455 2377 cum
2483 2323 2668 2378 alicubi
2697 2324 3007 2380 demoratur.
3040 2325 3092 2380 Ν
3096 2345 3159 2382 on
3189 2337 3259 2381 cst
3285 2327 3532 2385 sollicitus
3558 2347 3671 2401 qme
3700 2332 3755 2386 iu

2159 2413 2309 2469 domo
2345 2427 2493 2481 sum,
2543 2416 2618 2471 vir
2658 2418 2769 2489 ejus
2815 2433 2835 2473 :
2878 2418 3000 2489 quia
3045 2419 3191 2475 novit
3228 2421 3480 2476 Dominus
3513 2424 3600 2494 qni
3626 2434 3757 2480 sunt

2158 2505 2277 2575 ejus
2312 2505 2377 2580 (ll
2406 2505 2541 2561 Tim.
2568 2523 2635 2573 ll,
2664 2507 2778 2579 l9).
2807 2509 3083 2576 Quomodo
3111 2512 3181 2567 sit
3210 2513 3467 2569 sollicitus
3496 2533 3507 2566 :
3537 2515 3758 2587 quando

2159 2613 2283 2667 quos
2329 2598 2739 2670 praedestinavit,
2788 2601 2924 2671 ipsos
2958 2612 3005 2656 et
3038 2604 3266 2668 vocavit;
3295 2614 3342 2657 ct
3366 2620 3490 2675 quos
3518 2608 3713 2660 voravit
3735 2650 3752 2673 ,

2156 2691 2293 2761 ipsos
2318 2701 2364 2743 et
2379 2690 2676 2760 jnstiﬁcavit
2698 2707 2719 2757 ;
2749 2703 2795 2747 et
2825 2694 3296 2765 quosjusti/icnvit,
3327 2697 3465 2768 ipsos
3484 2706 3530 2752 ct
3549 2699 3755 2770 glori/i-

2157 2782 2330 2835 cavit?
2371 2780 2432 2836 Si
2469 2780 2607 2838 Deus
2637 2800 2729 2853 pro
2755 2782 2926 2851 nobis,
2955 2785 3067 2855 quis
3091 2796 3266 2839 contra
3295 2804 3386 2841 nos
3412 2787 3589 2859 (Rom.
3621 2804 3714 2844 vui
3732 2832 3748 2853 ,

2158 2871 2255 2939 '50,
2286 2872 2423 2942 5|)?
2455 2871 2573 2927 Non
2598 2883 2670 2928 est
2690 2874 2936 2928 sollicitus
2958 2876 3032 2929 vir
3054 2877 3167 2948 ejus
3193 2892 3212 2930 :
3238 2878 3382 2932 novit
3402 2894 3551 2946 suos,
3586 2896 3754 2935 nove-

2157 2970 2279 3017 runt
2306 2979 2426 3018 eum
2448 2962 2550 3017 sui.
2575 2961 2700 3020 Cum
2725 2964 2912 3018 alicubi
2932 2964 3241 3021 demoratur.
3276 2967 3375 3023 Ubi
3401 2968 3712 3026 demoratur
3739 3012 3756 3038 ,

2157 3054 2258 3109 nisi
2297 3054 2437 3110 unde
2476 3065 2731 3111 venturus
2769 3057 2894 3113 est?
2927 3057 3243 3115 Demoratur
3270 3060 3374 3128 ibi,
3404 3063 3551 3130 quasi
3577 3063 3756 3120 tardat

2157 3144 2249 3200 ibi.
2278 3144 2430 3201 Multi
2456 3146 2601 3201 enim
2627 3147 2737 3218 jam
2760 3147 3069 3205 desiderant
3088 3150 3372 3207 adventum
3401 3153 3513 3222 ejus
3537 3169 3552 3219 ;
3578 3164 3633 3210 et
3651 3155 3753 3211 de—

2156 3238 2413 3294 siderium
2458 3256 2644 3296 eorum
2682 3240 2958 3312 differtur,
2988 3242 3159 3300 donec
3189 3244 3470 3315 impleatur
3496 3264 3755 3305 numerus

2154 3331 2515 3386 membrorum
2564 3343 2821 3388 matrona:
2864 3332 3041 3405 hujus.
3086 3335 3231 3391 Multi
3280 3348 3457 3392 autem
3500 3338 3564 3393 ad
3595 3356 3751 3395 suam

2154 3421 2481 3493 impietatem
2524 3424 2771 3481 tarditate
2812 3425 2953 3482 illius
2989 3426 3311 3494 abutuntur;
3343 3439 3395 3484 et
3424 3430 3549 3485 dicit
3577 3431 3757 3489 malus

2152 3528 2341 3569 servus
2359 3557 2375 3582 ,
2407 3513 2597 3568 Tardat
2624 3515 2858 3570 dominus
2888 3534 3046 3571 meus.
3076 3517 3146 3573 Et
3176 3520 3359 3589 incipit
3386 3522 3592 3575 ca-dcre
3616 3538 3755 3577 enn-

2153 3618 2374 3665 servos;
2415 3614 2468 3659 ct
2507 3605 2757 3661 inebriari
2797 3623 2918 3661 Cllltl
2958 3608 3127 3663 malis.
3173 3608 3345 3664 Veniet
3373 3610 3607 3666 dominus
3636 3630 3755 3685 ejus

2150 3696 2205 3750 in
2249 3695 2331 3750 die
2371 3712 2472 3769 qua
2510 3700 2693 3765 nescit,
2725 3708 2770 3752 ct
2799 3698 2923 3753 hora
2948 3717 3047 3773 qua
3072 3700 3302 3772 ignorat,
3326 3711 3372 3757 et
3395 3703 3580 3759 dividet
3607 3723 3751 3761 eum.

2152 3787 2512 3844 Ministrorum
2554 3789 2695 3844 enim
2725 3799 2778 3843 et
2806 3794 3212 3861 pt‘utposilurltttl
3241 3809 3435 3863 corpus
3459 3803 3574 3861 est,
3602 3798 3751 3867 quod

2151 3879 2244 3935 dat
2289 3881 2341 3934 in
2387 3890 2627 3951 tempore
2672 3880 2949 3935 conservis
2986 3882 3182 3937 cibaria
3210 3885 3252 3936 ³.
3288 3881 3512 3952 υἱυίιισι,
3542 3888 3749 3957 inquit,

2151 3988 2286 4026 ewu.
2320 3970 2488 4026 Habet
2510 3972 2677 4025 bonos
2700 3980 2755 4026 et
2785 3971 2953 4026 malos
2972 4014 2987 4039 ,
3017 3982 3071 4028 et
3094 3984 3307 4044 separat
3328 3976 3497 4031 malos
3516 3992 3544 4031 a
3568 3978 3750 4034 bonis.

2151 4062 2220 4117 Et
2246 4073 2440 4141 partem
2462 4066 2569 4136 ejus
2598 4080 2715 4118 cum
2745 4064 3020 4137 hypocritis
3049 4076 3215 4135 ponet.
3243 4067 3359 4123 Non
3392 4078 3556 4124 totum
3583 4072 3751 4127 mini-

2150 4164 2319 4210 strum
2366 4174 2380 4209 :
2422 4154 2545 4227 quia
2585 4165 2709 4211 sunt
2747 4155 2817 4211 ibi
2846 4166 2893 4211 el
2925 4157 3290 4215 desiderantes
3314 4162 3606 4217 adventum
3638 4163 3752 4219 Do-

2151 4243 2299 4299 mini.
2350 4243 2485 4301 Sunt
2525 4245 2595 4301 ibi
2643 4256 2698 4301 ct
2737 4261 2804 4302 ex
2851 4247 2942 4301 illo
2986 4263 3242 4317 numero,
3282 4251 3350 4306 de
3384 4268 3490 4322 quo
3516 4253 3748 4323 dicitur,

2149 4333 2334 4390 Beatus
2368 4335 2454 4390 ille
2485 4353 2689 4405 servus,
2729 4354 2909 4409 quem,
2947 4355 3061 4392 cum
3088 4342 3272 4395 venerit
3303 4343 3568 4412 dominus,
3602 4345 3750 4401 iuve-

2150 4429 2277 4483 uerit
2322 4429 2395 4483 ita
2438 4429 2703 4502 facientem
2750 4426 2898 4503 (Luc.
2931 4446 3040 4496 xu,
3072 4432 3174 4502 45,
3206 4432 3305 4502 dli,
3331 4434 3447 4505 45).
3479 4434 3622 4508 Ergo
3653 4453 3749 4495 ve-

2151 4519 2262 4574 niet
2281 4561 2296 4585 ,
2322 4529 2377 4575 et
2401 4519 2601 4575 dividet
2626 4536 2768 4575 eum.

2219 4611 2446 4669 CAPUT
2474 4611 2641 4669 Xl.—-
2664 4614 2748 4669 16.
2779 4613 2929 4670 Nunc
2949 4615 3161 4670 interim
3181 4616 3706 4675 dumut-alicubi
3729 4636 3748 4675 :

2149 4702 2244 4760 sed
2293 4720 2398 4760 non
2438 4715 2521 4761 est
2566 4705 2829 4761 sollicitus
2864 4705 2989 4775 quid
3030 4716 3219 4777 agatur
3248 4709 3300 4760 in
3336 4708 3516 4762 domo.
3558 4708 3749 4767 Ontne's

2150 4799 2282 4854 enim
2308 4799 2447 4869 apud
2464 4814 2576 4854 eam
2598 4797 2758 4853 vestiti
2774 4809 2909 4853 sunt.
2933 4797 3197 4870 Numquid
3214 4800 3281 4855 de
3303 4801 3539 4857 nuditate
3558 4818 3747 4860 servo-

2149 4906 2273 4947 rum
2315 4906 2533 4946 suorum
2575 4891 2830 4946 sollicitus
2867 4891 2999 4957 erit,
3030 4907 3151 4947 cum
3179 4893 3367 4949 alicubi
3398 4893 3747 4965 demoratur,

2151 4983 2356 5042 habens
2403 4984 2682 5056 conjugem
2732 4984 2937 5040 talem?
2986 4983 3169 5040 Vestiti
3214 4995 3371 5052 sunt,
3420 4998 3473 5042 et
3516 4991 3744 5059 optimc.

2149 5078 2316 5148 Quam
2344 5078 2545 5149 optime
2575 5076 2730 5130 vultis
2759 5076 2961 5131 nosse?
2991 5076 3241 5147 Quotquot
3270 5077 3321 5131 in
3347 5077 3546 5133 Christo
3573 5080 3748 5151 bapti-

2148 5172 2250 5225 zali
2291 5171 2440 5235 estis,
2484 5169 2737 5225 Christum
2778 5169 3011 5224 induistis
3041 5168 3235 5244 (Galat.
3266 5185 3354 5235 ut,
3394 5170 3506 5243 27).
3554 5171 3753 5229 Onmes

2149 5263 2368 5318 omnino
2406 5261 2545 5332 apud
2588 5278 2699 5316 eam
2737 5261 2898 5316 restiti
2937 5270 3074 5315 sunt.
3116 5261 3183 5316 Et
3212 5261 3333 5317 boni
3362 5262 3500 5318 servi
3533 5271 3586 5318 et
3615 5265 3748 5321 mali

2151 5355 2291 5409 servi
2339 5354 2510 5409 vestiti
2551 5361 2674 5407 sunt
2720 5370 2732 5407 :
2777 5350 2872 5409 sed
2910 5351 3033 5409 boni
3074 5354 3212 5408 servi
3258 5354 3433 5409 vestiti
3462 5364 3618 5421 sunt,
3651 5357 3751 5426 qui

2150 5445 2423 5502 Christum
2469 5444 2786 5514 induerunt,
2837 5460 2942 5500 non
2992 5453 3193 5501 tantum
3239 5446 3291 5501 in
3336 5445 3505 5501 forma
3550 5447 3750 5505 Sacra-

2215 5566 2231 5597 ι
2258 5569 2367 5612 Mss.
2392 5559 2593 5623 aliquot,
2617 5566 2745 5623 neat.

2212 5626 2232 5656 ³
2254 5624 2411 5673 Culex
2436 5619 2537 5681 cf»,
2561 5627 2605 5671 et
2629 5619 2810 5671 dii-idet
2833 5633 2962 5682 eimt,
3002 5633 3063 5671 ne
3088 5619 3242 5672 socius
3263 5620 3327 5673 sit
3347 5620 3748 5677 ministroruma

2149 5686 2514 5751 prmpositornm
2536 5684 2787 5751 copiarimt
2808 5683 2930 5745 ejus,
2954 5682 3037 5749 qui
3059 5683 3247 5751 daut‘iu
3263 5691 3475 5748 tempore
3498 5687 3747 5740 cummis

2149 5744 2351 5803 cibaria.
2377 5754 2427 5797 Et
2445 5744 2603 5808 paulo’
2616 5746 2736 5794 infra
2761 5757 2773 5795 :
2797 5744 2893 5796 Non
2911 5744 3058 5796 totum
3076 5744 3421 5808 ministromin,
3440 5759 3573 5812 quea.
