4012 6338
200 278 304 336 229

201 400 376 461 menti
402 442 414 466 ,
442 398 541 457 sed
565 396 725 455 etiam
750 394 804 449 in
835 400 997 464 opere
1020 385 1252 458 exempli
1277 425 1292 451 ,
1325 388 1609 452 sequentes
1635 377 1795 433 vesti-

200 498 282 567 gia
330 491 545 548 Domini
589 488 709 553 sui;
755 485 847 540 alii
885 496 1013 538 vero
1049 493 1218 549 usque
1257 477 1321 531 ad
1358 474 1792 533 Sacramentum,

200 586 465 642 reddituri
508 584 575 639 dc
622 596 714 637 sua
764 586 913 633 veste
954 574 1235 630 rationem.
1275 570 1388 624 Non
1416 574 1591 623 cessat
1619 574 1795 618 tamen

201 680 291 733 illa
320 678 548 740 mulier,
579 689 684 728 non
713 677 889 726 cessat
918 668 1005 722 illa
1035 664 1225 719 mulier
1249 675 1438 716 omnes
1465 657 1662 712 vestire
1694 671 1706 707 :
1742 660 1800 706 ut

204 784 367 824 nemo
394 774 668 837 queratur,
702 776 861 817 nemo
888 759 1049 822 dicat,
1080 756 1203 810 Ideo
1228 767 1333 808 non
1362 766 1479 804 sum
1511 750 1646 803 bene
1667 760 1796 837 ope-

205 871 358 915 ratus
378 902 392 925 ,
415 835 560 927 quia
592 870 694 909 non
727 868 843 907 sum
874 849 1115 904 vestitus.
1151 845 1333 899 Videte
1358 856 1485 909 ergo
1504 882 1517 904 ,
1547 835 1801 908 quemad-

208 926 655 1006 modumiinduli
708 957 827 999 esse
873 938 1131 995 debeatis.
1179 936 1282 989 Pro
1325 932 1560 987 vestibus
1606 926 1801 982 nostris

202 1044 371 1094 etiam
416 1052 553 1108 opus
591 1036 863 1091 faciamus.
912 1031 1099 1084 Omnes
1142 1027 1275 1080 enim
1315 1022 1454 1114 apud
1493 1036 1602 1074 eam
1641 1017 1801 1072 restiti

205 1142 345 1188 sunt.

273 1221 509 1279 CAPUT
534 1220 651 1275 ΧΠ.
680 1249 752 1259 -—
780 1218 866 1272 l7.
891 1213 1025 1281 Quid
1052 1213 1163 1266 viro
1186 1210 1323 1265 suo?
1348 1209 1476 1276 Qua:
1497 1218 1684 1260 servos
1706 1217 1803 1257 ve-

208 1314 333 1376 stit,
366 1313 485 1367 viro
513 1326 609 1364 suo
638 1308 769 1363 nihil
795 1303 1087 1375 operatur?
1116 1300 1350 1371 Duplicia
1378 1296 1533 1367 pallia
1558 1295 1672 1366 fecit
1697 1292 1803 1346 viro

209 1424 325 1460 suo.
357 1405 478 1460 Jam
510 1400 815 1457 acclamatis
844 1414 859 1451 :
892 1396 1052 1453 credo
1073 1393 1212 1465 quod
1240 1391 1524 1463 agnoscitis
1543 1402 1661 1458 qua:
1681 1394 1804 1440 sunt

210 1497 441 1567 duplicia
491 1494 644 1565 pallia
670 1535 684 1557 ,
734 1507 853 1561 qua:
898 1489 1024 1543 facit
1061 1485 1300 1541 Ecclesia
1347 1483 1458 1536 viro
1493 1494 1609 1535 suo.
1640 1477 1803 1532 Pallia

213 1605 335 1659 qua:
367 1588 441 1641 illi
475 1586 627 1648 facit,
660 1583 847 1637 laudes
872 1589 997 1634 sunt
1030 1597 1041 1633 :
1075 1577 1256 1632 laudes
1281 1574 1433 1638 fidei,
1467 1570 1651 1626 laudes
1678 1583 1808 1622 con-

214 1679 490 1742 fessionis,
524 1675 706 1730 laudes
727 1670 1136 1743 pnedicttionis.
1166 1669 1339 1735 Quare
1360 1664 1585 1732 duplicia
1606 1661 1630 1714 τ
1650 1660 1805 1716 Citri—

215 1780 353 1823 stum
394 1767 617 1830 laudas,
666 1766 833 1818 Deum
877 1760 1057 1815 laudas
1098 1766 1153 1813 et
1192 1757 1481 1811 hominem.
1522 1752 1808 1822 Dupliciter

214 1863 369 1917 lauda
392 1904 407 1927 ,
455 1869 514 1915 et
553 1856 867 1928 simpliciter
904 1853 1056 1909 lauda
1090 1870 1103 1907 :
1133 1850 1417 1920 dupliciter
1439 1890 1454 1914 ,
1494 1847 1615 1917 quia
1646 1846 1808 1900 homo

218 1966 296 2009 est
320 1962 377 2008 et
402 1953 546 2007 Deus
568 1968 582 2015 ;
608 1948 917 2019 simpliciter
938 1988 953 2012 ,
976 1955 1033 2000 ut
1058 1959 1159 1998 non
1186 1943 1259 1997 sis
1285 1941 1455 1996 fictus.
1478 1939 1671 1994 Nescio
1690 1953 1810 2009 qua:

218 2046 412 2099 mulier
437 2043 576 2111 apud
608 2042 887 2096 Photinum
911 2034 1191 2106 quemdam
1214 2075 1228 2098 ,
1260 2030 1486 2103 lapidem
1508 2030 1656 2100 quasi
1684 2042 1812 2097 pre-

222 2135 414 2189 tiosum
463 2134 530 2187 de
571 2140 884 2185 ornamento
915 2128 1071 2197 hujus
1100 2125 1335 2179 mulieris
1359 2136 1671 2185 excussum,
1700 2120 1809 2189 jam

222 2228 379 2282 vilem
426 2236 480 2280 et
520 2226 818 2295 abjectutn,
860 2222 1000 2275 unde
1041 2218 1275 2273 hmretici
1304 2215 1599 2271 Photiniani
1626 2214 1813 2282 appel-

224 2320 433 2381 lantur,
482 2316 583 2370 hoc
626 2315 784 2385 elegit
820 2312 968 2382 quasi
1009 2309 1233 2378 simplex
1263 2307 1475 2376 pallium
1503 2305 1675 2359 facere
1700 2303 1814 2357 viro

221 2426 336 2464 Suo.
360 2409 481 2464 Non
511 2408 713 2477 accepit
741 2405 828 2461 ille
844 2406 1040 2474 utique
1069 2416 1097 2455 a
1121 2416 1212 2455 sua
1236 2400 1461 2467 conjuge
1484 2439 1498 2462 ,
1528 2410 1654 2451 vere
1679 2409 1772 2449 sua
1796 2436 1810 2457 ,

224 2503 356 2556 sicut
396 2502 653 2567 scriptum
699 2507 781 2553 est
804 2539 817 2563 ,
864 2496 1033 2552 Unius
1061 2492 1290 2563 duplicia
1320 2498 1441 2545 sunt
1467 2489 1622 2560 pallia
1652 2489 1690 2541 ¹.
1723 2488 1816 2542 Ille

226 2596 364 2648 cnim
393 2592 667 2647 Christum
700 2591 871 2645 solum
906 2588 1171 2643 hominem
1203 2586 1353 2640 dixit.
1386 2585 1588 2638 Rursus
1616 2582 1817 2636 exstitit

227 2686 411 2739 nescio
458 2699 578 2753 qum
618 2683 715 2737 alia
746 2679 1052 2736 detestanda
1085 2678 1306 2742 mulier,
1337 2675 1487 2745 quasi
1518 2683 1571 2729 et
1600 2674 1710 2742 ipsa
1741 2680 1817 2726 tc-

230 2792 359 2831 xens
400 2776 519 2829 viro
560 2775 774 2844 pallium
801 2814 814 2836 ,
854 2782 1036 2827 texens
1073 2779 1249 2823 autem
1290 2780 1551 2836 pannosas
1579 2764 1812 2818 fabellas.

230 2871 313 2925 Ait
360 2869 506 2924 enim
542 2886 554 2920 :
585 2867 830 2923 Christus
859 2866 999 2919 Deus
1025 2871 1106 2918 est
1136 2870 1335 2915 tantum
1357 2901 1372 2925 ,
1405 2858 1621 2912 omnino
1647 2856 1818 2909 homi-

230 2965 309 3018 nis
354 2962 487 3017 nihil
534 2960 756 3014 habens.
792 2957 901 3012 Iluc
931 2953 1205 3011 Maniclttci
1245 2952 1446 3007 dicunt.
1486 2947 1815 3009 Photiniani,

232 3057 402 3111 llomo
435 3062 680 3116 tantum;
712 3048 984 3104 Maniclimi
1006 3091 1019 3113 ,
1049 3048 1191 3102 Deus
1213 3054 1435 3099 tantum.
1470 3042 1547 3097 Illi
1580 3040 1709 3095 nihil
1733 3039 1819 3094 di-

233 3147 411 3203 vinntn
456 3148 509 3201 in
552 3144 775 3199 Domino
813 3142 1169 3205 confitentur;
1197 3138 1283 3193 isti
1312 3135 1461 3207 quasi
1492 3142 1658 3188 totum
1686 3131 1819 3186 divi-

237 3256 355 3292 num
386 3280 399 3297 .
428 3247 481 3290 ct
507 3247 680 3290 tamen
713 3244 818 3288 tam
845 3231 1065 3295 falsum,
1094 3237 1152 3285 ut
1178 3243 1275 3284 nec
1295 3226 1484 3282 saltem
1506 3224 1817 3279 humanum.

236 3330 287 3387 Si
322 3331 467 3384 enim
498 3328 660 3383 homo
687 3342 791 3380 nen
818 3335 932 3380 erat
952 3367 965 3389 ,
994 3338 1121 3393 ergo
1150 3328 1390 3375 mortuus
1416 3334 1521 3372 non
1549 3325 1631 3372 est
1650 3358 1665 3384 ,
1694 3330 1821 3385 ergo

241 3419 535 3477 crucifixus
556 3436 660 3474 non
688 3428 791 3485 est,
818 3432 943 3487 ergo
965 3431 1062 3472 nec
1081 3413 1390 3470 resurrexit.
1414 3411 1512 3480 Qui
1540 3408 1821 3465 ille‘rcsuro

240 3529 364 3583 gere
395 3510 598 3583 potuit,
625 3508 714 3580 qtti
742 3516 979 3562 mortuus
1000 3521 1106 3559 non
1137 3514 1218 3559 est
1241 3505 1261 3535 ’
1283 3503 1306 3557 ?
1328 3502 1468 3572 Ergo
1488 3510 1540 3556 et
1562 3497 1821 3554 dubitanti

237 3602 503 3671 discipulo
536 3600 693 3655 falsas
719 3598 991 3654 cicatrices
1011 3595 1260 3650 ostendit.
1288 3591 1479 3647 Procul
1501 3590 1662 3645 dubio
1683 3588 1823 3644 enim

238 3693 384 3748 falsa:
407 3691 684 3746 cicatrices
715 3690 821 3743 illa:
842 3687 1087 3751 fuerunt,
1116 3685 1161 3740 si
1183 3699 1305 3741 vera
1327 3684 1543 3737 vulnera
1566 3695 1667 3734 non
1689 3694 1826 3751 pne-

238 3789 537 3840 oesseruut.
567 3780 623 3836 Si
653 3788 831 3833 autem
865 3791 987 3833 vera
1016 3776 1234 3830 vulnera
1258 3779 1671 3845 prsccesserunt,
1701 3784 1825 3824 vera

238 3892 361 3931 caro
412 3894 425 3929 ε
476 3874 523 3929 si
571 3886 695 3927 vera
733 3885 894 3935 Caro,
942 3883 1063 3923 vera
1102 3882 1280 3928 mors,
1321 3879 1444 3918 vera
1477 3877 1638 3927 crux,
1670 3876 1829 3916 verus

239 3971 401 4024 homo
420 4012 434 4033 ,
466 3978 521 4021 ct
550 3976 688 4019 totus
717 3965 912 4018 veritas
946 3980 958 4015 :
992 3963 1106 4015 laus
1133 3958 1406 4014 abundans
1436 3956 1504 4011 de
1528 3955 1646 4009 colo
1673 3954 1831 4035 hujus

243 4062 484 4115 mulieris
508 4059 545 4113 ³.
593 4059 693 4125 Qui
734 4069 907 4109 autem
946 4057 1043 4108 ista
1068 4051 1399 4108 laudabiliter
1420 4048 1646 4119 duplicia
1672 4047 1827 4117 pallia

241 4156 572 4213 timuerunt,
600 4147 875 4203 mendacio
901 4146 1141 4216 duplices
1170 4148 1558 4197 remanserunt.
1594 4137 1832 4207 anlicia

242 4247 401 4314 pallia
431 4243 551 4314 fecit
578 4242 681 4295 riro
705 4256 817 4292 suo.
847 4237 1072 4292 Prorsus
1094 4233 1321 4303 duplicia
1348 4231 1502 4301 pallia
1525 4230 1665 4285 fecit.
1691 4229 1836 4283 Con-

242 4343 391 4392 litere
425 4335 592 4388 Deum
617 4374 632 4395 ,
660 4330 915 4385 conﬁtere
939 4326 1205 4380 hominem
1238 4340 1252 4388 ;
1283 4324 1435 4376 lauda
1463 4323 1628 4375 Deum
1658 4323 1710 4374 in
1741 4319 1832 4372 ho-

242 4430 385 4483 mine
410 4469 423 4488 ,
458 4424 613 4479 lauda
645 4421 914 4476 hominem
946 4418 995 4472 in
1022 4418 1150 4472 Deo.
1177 4416 1366 4470 Texuit
1394 4413 1832 4482 pretiosissimum

243 4520 367 4575 illud
394 4518 616 4589 pallitnn
645 4514 811 4568 laudis
829 4554 842 4576 ,
874 4511 939 4565 In
967 4510 1214 4581 principio
1243 4517 1349 4561 erat
1379 4507 1614 4570 Verbum,
1636 4515 1680 4559 et
1710 4503 1836 4557 Ver-

244 4614 359 4665 bum
402 4619 510 4663 erat
543 4608 679 4677 apud
711 4605 903 4670 Deum,
935 4612 982 4656 et
1011 4600 1149 4654 Deus
1178 4609 1283 4654 erat
1322 4596 1537 4651 Verbum
1567 4611 1584 4650 :
1614 4596 1707 4649 hoc
1732 4603 1837 4648 erat

244 4704 293 4756 in
321 4700 582 4773 principio
609 4698 744 4766 apud
789 4696 972 4748 Deum.
1003 4693 1193 4748 Texuit
1213 4700 1268 4747 et
1286 4689 1426 4744 aliud
1454 4689 1691 4759 pallium,
1718 4703 1839 4756 pro-

247 4804 362 4864 pter
384 4790 849 4849 conversationem
868 4788 1004 4841 inter
1025 4785 1268 4839 homines
1288 4781 1648 4852 quotidianam
1672 4797 1683 4831 :
1718 4778 1841 4833 Vera

249 4892 362 4943 bunt
390 4904 514 4942 caro
526 4887 715 4955 factum
744 4891 833 4947 est,
852 4891 899 4935 et
920 4881 1154 4935 habitavit
1181 4882 1233 4933 in
1264 4878 1405 4933 nobis
1421 4876 1597 4950 (Joan.
1629 4892 1665 4941 t,
1704 4877 1751 4941 l,
1781 4875 1836 4943 9.,

251 4985 359 5056 11).
409 4980 654 5047 anlicia
682 4977 839 5047 pallia
867 4977 981 5046 fecit
1009 4976 1112 5027 riro
1137 4990 1246 5028 suo.
1551 5055 1555 5060 ν

318 5072 555 5130 CAPUT
581 5070 719 5126 XIII.
742 5102 812 5110 ——
841 5069 926 5124 18.
961 5066 1035 5123 De
1063 5067 1208 5137 bysso
1239 5075 1282 5125 et
1305 5081 1532 5151 purpura
1555 5063 1845 5117 vestimenta

318 5266 441 5325 'sts.
483 5269 857 5325 Germanenms,
913 5256 1041 5325 sicut
1081 5254 1315 5325 scriptum
1358 5251 1584 5325 legimus,
1632 5250 1848 5325 duplicia

253 5324 399 5374 Sumit
444 5322 731 5388 palliassic
766 5323 913 5388 etiam
951 5317 1340 5388 (:olbcrtiuus___et
1385 5317 1847 5388 (EllrbqlCDSlS,-lll$i

256 5388 385 5447 need
424 5376 502 5436 liic
550 5386 726 5434 omittit
762 5384 996 5442 verbum,
1028 5379 1205 5440 sumit;
1249 5378 1332 5428 ille
1375 5377 1481 5439 ejus
1522 5376 1626 5425 loco
1666 5376 1847 5435 habet,

254 5456 448 5559 Militis.
489 5507 848 5567 Germancnsis,
877 5505 989 5568 quia
1011 5503 1092 5555 ille
1128 5513 1379 5562 resurgere
1405 5498 1572 5563 potuit,
1605 5497 1688 5562 qui
1720 5511 1847 5549 mor-

259 5580 498 5696 mgsftsfid
538 5607 868 5696 Ambrosium,
899 5635 945 5680 et
981 5633 1127 5679 totum
1166 5626 1357 5686 veritas,
1392 5621 1625 5686 quidquid
1665 5623 1724 5674 de
1757 5631 1850 5674 tcta

263 5694 415 5756 hujus
425 5711 470 5745 nt
478 5695 555 5745 uti.
564 5710 590 5743 ⁵1
601 5694 647 5744 is
670 5694 903 5756 procedit.

1565 263 1793 322 SERMO
1830 260 2094 318 XXXVII.

3381 262 3486 319 9.50

1901 374 1994 427 sibi
2021 373 2155 445 fecit.
2193 371 2308 426 Non
2337 385 2479 427 enim
2508 372 2732 429 decebat
2761 380 3053 427 matronam
3083 372 3211 428 tanti
3246 374 3374 440 viri,
3402 375 3486 433 vel

1901 465 2096 520 nudam
2125 464 2370 520 incedere
2389 507 2402 529 ,
2432 465 2516 520 vel
2543 480 2857 535 pannosam.
2882 463 3024 519 Fecit
3049 465 3111 519 de
3128 466 3275 535 bysso
3300 475 3346 519 et
3367 483 3489 537 pur.

1904 574 2031 626 pura
2073 558 2360 612 vestimenta
2384 558 2498 613 sibi.
2529 558 2606 612 De
2635 557 2792 627 bysso
2812 598 2828 623 ,
2858 558 3083 613 candida
3109 558 3444 615 confessione
3468 575 3483 625 ;

1902 648 1971 703 de
2010 663 2276 718 purpura,
2321 647 2547 718 gloriosa
2594 648 2859 716 passione.
2897 648 3060 717 llujus
3087 649 3336 719 byssum,
3365 665 3485 703 ettm

1903 754 2116 794 oramus
2134 780 2149 803 ,
2177 738 2553 808 agnoscimus;
2587 738 2741 807 hujus
2770 753 3056 808 purpuram
3086 739 3136 793 in
3164 740 3490 810 martyribus

1904 847 2061 886 mane
2088 832 2361 885 laudamus
2389 833 2427 884 ί.

1977 925 2063 978 19.
2108 923 2419 992 Conspicuus
2455 934 2621 977 autem
2660 924 2717 992 [it
2755 924 2807 977 in
2844 925 2999 994 portis
3024 926 3099 978 vir
3123 926 3251 996 ejus.
3281 926 3371 980 Ille
3401 926 3487 992 qui

1904 1014 2095 1069 alicubi
2131 1014 2435 1068 demoratur
2462 1056 2476 1078 ,
2525 1014 2613 1068 ille
2640 1017 2727 1084 qui
2756 1030 2853 1084 pro
2880 1015 2967 1069 tali
2994 1017 3216 1085 conjuge
3242 1016 3307 1068 de
3331 1017 3492 1071 domo

1906 1120 2000 1159 sua
2037 1106 2294 1161 sollicitus
2337 1121 2440 1159 non
2469 1116 2551 1160 est
2572 1146 2586 1170 ,
2614 1106 2703 1160 ille
2726 1121 2883 1175 quem
2910 1104 3272 1160 demorantem
3298 1105 3488 1160 alicubi

1908 1212 2048 1251 nunc
2090 1211 2247 1250 nemo
2287 1195 2504 1261 videt“,
2545 1197 2844 1265 conspicuus
2886 1197 2940 1264 ﬁt
2976 1196 3028 1249 in
3059 1197 3233 1265 portis.
3262 1196 3491 1251 Attende

1907 1290 2151 1359 quando;
2189 1289 2309 1343 vide
2340 1289 2478 1359 quod
2511 1289 2749 1357 sequitur
2782 1306 2793 1341 :
2827 1287 2955 1343 Cum
2986 1289 3167 1343 sederit
3194 1269 3489 1343 inioncilio

1909 1397 2019 1434 cum
2046 1381 2326 1435 senioribus
2357 1389 2521 1434 terrm.
2545 1380 2685 1434 Nihil
2709 1380 3032 1443 evidentius;
3060 1382 3173 1451 lege
3195 1382 3349 1435 aliam
3372 1396 3493 1451 pro-

1909 1471 2143 1541 phetiam
2188 1488 2200 1523 :
2259 1471 2429 1525 Veniet
2474 1471 2541 1523 ad
2570 1470 2821 1540 judicium
2860 1487 2975 1524 cum
3011 1472 3288 1525 senioribus
3322 1472 3495 1541 populi

1908 1564 1987 1616 sui
2012 1562 2161 1633 (Isai.
2196 1578 2251 1617 tu
2271 1604 2286 1626 ,
2320 1564 2433 1630 14).
2468 1562 2520 1616 In
2550 1562 2640 1616 illo
2669 1562 2929 1626 concilio,
2960 1563 3059 1616 hoc
3083 1571 3189 1627 est,
3221 1563 3273 1616 in
3298 1564 3386 1616 illo
3411 1563 3495 1631 ju-

1909 1655 2049 1711 dicio
2067 1697 2082 1721 ,
2106 1646 2467 1725 j‘udicanlibus
2492 1671 2674 1710 secum
2700 1657 2898 1711 sanctis
2914 1698 2926 1719 ,
2958 1657 3151 1726 quibus
3175 1656 3370 1712 dictum
3392 1667 3492 1722 est,

1912 1745 2160 1803 Sedebitis
2208 1763 2357 1817 super
2396 1747 2657 1800 duodecim
2700 1747 2871 1811 sedes,
2905 1746 3196 1817 judicantes
3232 1748 3495 1800 duodecim

1913 1840 2070 1894 tribus
2094 1838 2259 1893 Israel
2283 1838 2492 1911 (Matth.
2518 1854 2609 1903 xix
2634 1879 2649 1903 ,
2676 1838 2792 1908 28),
2816 1840 3137 1908 conspicuus
3160 1839 3278 1893 erit.
3309 1839 3496 1892 Veniet

1912 1934 2053 1986 enim
2086 1930 2256 1985 Filius
2285 1932 2498 1985 hominis
2521 1973 2535 1997 ,
2565 1932 2701 1985 sicut
2727 1930 2899 1996 dixit,
2926 1933 2978 1985 in
3003 1934 3263 2002 majestate
3290 1949 3417 1993 sua,
3448 1942 3496 1984 et

1914 2038 2086 2077 omnes
2106 2022 2288 2094 Angeli
2314 2024 2421 2093 ejus
2441 2038 2555 2075 cum
2588 2038 2645 2076 eo
2666 2021 2780 2093 (Id.
2811 2039 2935 2087 xxv,
2961 2022 3070 2093 51).
3094 2022 3169 2076 lbi
3188 2038 3371 2078 omnes
3393 2024 3500 2076 Att-

1913 2114 2014 2184 gcli
2050 2124 2105 2169 et
2133 2114 2448 2186 Archangeli
2476 2115 2735 2171 caelorum
2764 2155 2779 2180 ,
2807 2124 2859 2170 ct
2887 2115 3072 2186 Augeli
3101 2117 3499 2169 annuntiatores

1917 2208 2061 2261 verbi
2094 2208 2206 2261 Dei.
2227 2208 2434 2262 Etenim
2462 2218 2517 2263 et
2546 2209 2801 2280 propheta
2828 2208 3000 2263 dictus
3029 2216 3111 2264 est
3133 2210 3384 2278 angelus:
3408 2225 3501 2262 an-

1916 2298 2066 2369 gelus
2098 2299 2241 2352 enim
2285 2300 2502 2353 nuntius
2537 2309 2636 2354 est.
2676 2300 2772 2365 Et,
2806 2298 2941 2352 Ecce
2987 2316 3077 2369 ego
3104 2300 3242 2352 mitto
3266 2299 3502 2369 angelum

1918 2405 2080 2443 meum
2103 2398 2217 2441 ante
2237 2390 2419 2459 faciem
2444 2401 2603 2451 tuam,
2633 2390 2700 2444 de
2726 2390 2931 2444 Joanne
2953 2390 3149 2444 dictum
3180 2400 3261 2443 cst
3289 2388 3400 2460 (Id.
3423 2405 3499 2451 xt,

1921 2478 2049 2550 40);
2096 2488 2151 2534 et
2170 2521 2183 2545 ,
2230 2479 2373 2534 Sicut
2407 2482 2642 2551 angelum
2669 2481 2765 2535 Dei
2794 2482 3055 2552 accepistis
3082 2498 3190 2546 me,
3220 2482 3503 2553 Apostolus

1921 2571 2155 2641 loquitur
2199 2570 2394 2641 (Galat.
2436 2587 2491 2625 tv
2511 2614 2526 2638 ,
2572 2572 2683 2641 14).
2726 2573 2816 2627 Ille
2842 2588 2970 2642 ergo
2990 2614 3004 2635 ,
3035 2574 3121 2627 ille
3146 2573 3334 2627 alicubi
3365 2587 3506 2627 nunc

1919 2663 2242 2726 demorans,
2288 2662 2354 2717 de
2392 2678 2498 2732 quo
2542 2664 2691 2717 multi
2736 2663 2953 2729 dicunt,
2994 2663 3215 2730 Quando
3254 2672 3506 2719 venturus

1922 2754 2046 2810 est?
2073 2762 2163 2807 aut
2182 2796 2196 2820 ,
2224 2753 2355 2822 Quis
2381 2764 2633 2809 venturus
2657 2756 2782 2810 est?
2807 2758 3107 2825 conspicuus
3126 2759 3218 2810 erit
3240 2759 3291 2811 in
3312 2759 3469 2828 portis
3487 2799 3502 2823 ,

1924 2847 2027 2902 hoc
2056 2856 2170 2909 est,
2206 2847 2258 2900 in
2288 2856 2473 2916 aperto
2491 2889 2504 2911 ,
2539 2848 2589 2902 itt
2615 2848 2914 2903 manifesto.
2940 2848 3005 2903 In
3030 2851 3187 2920 portis
3206 2851 3506 2919 conspicuus

1923 2940 2014 2992 erit
2045 2954 2064 2992 :
2094 2937 2188 2993 sed
2212 2938 2347 2993 alios
2371 2938 2632 3003 admittet,
2655 2950 2838 2995 contra
2860 2941 2993 2995 alios
3015 2940 3241 2995 claudet.
3270 2941 3377 2994 Erit
3394 2958 3510 2994 con-

1924 3031 2127 3097 spicuus
2162 3030 2217 3082 in
2257 3029 2413 3099 portis
2452 3030 2529 3082 vir
2554 3032 2664 3097 eius
2682 3072 2695 3093 ,
2728 3048 2841 3085 cum
2870 3032 3053 3085 sederit
3079 3033 3130 3085 in
3159 3032 3370 3086 concilio
3394 3048 3509 3085 cum

1924 3122 2201 3175 senioribus
2229 3131 2395 3175 terror.
2422 3122 2573 3189 Quod
2603 3122 2774 3177 donec
2806 3123 2895 3177 fiat
2920 3165 2935 3189 ,
2969 3124 3083 3177 hmo
3114 3123 3324 3178 interint
3354 3122 3511 3178 faciat

1925 3213 2066 3283 quod
2093 3211 2317 3266 faciebat
2345 3228 2358 3263 :
2388 3223 2641 3281 operetur
2662 3255 2677 3277 ,
2706 3228 2810 3266 non
2833 3223 3038 3276 cesset;
3068 3223 3333 3283 exSpcctet
3364 3214 3508 3268 illum

1927 3302 2161 3356 futurum
2193 3303 2537 3371 conspicuum
2561 3304 2611 3357 in
2638 3305 2806 3372 portis
2824 3344 2840 3370 ,
2864 3319 2968 3358 non
2993 3304 3365 3360 contremiscat
3384 3319 3511 3359 san-

1926 3403 2069 3447 ctum
2097 3394 2377 3448 concilium
2400 3393 2581 3463 judicii
2611 3395 2701 3449 Dei
2726 3412 2740 3460 ;
2767 3410 2886 3450 cum
2914 3395 3050 3451 bona
3076 3397 3395 3451 conscientia
3422 3410 3517 3456 γει

1929 3484 2074 3551 niat,
2117 3484 2349 3554 gloriosa
2381 3485 2593 3549 veniat;
2637 3487 2758 3555 quia
2800 3486 2966 3555 ipsius
3007 3486 3243 3543 membra
3270 3497 3428 3555 sunt,
3460 3498 3515 3545 et

1932 3576 2099 3646 ipsius
2127 3577 2217 3630 lilii
2248 3584 2404 3641 sunt,
2435 3577 2525 3647 qui
2554 3586 2813 3632 suntcum
2834 3577 2950 3648 ejus
2973 3580 3087 3634 viro
3103 3581 3405 3649 judicaturi.

1999 3665 2225 3723 CAPUT
2264 3665 2404 3721 XIV.
2449 3696 2522 3709 --
2555 3667 2645 3723 ΩΟ.
2694 3667 2947 3725 Sindones
2984 3671 3130 3740 fecit,
3179 3681 3227 3724 et
3267 3671 3513 3727 vendidit.

1932 3758 2077 3813 Bene
2104 3759 2227 3828 quia
2281 3758 2517 3813 sindones
2543 3761 2657 3830 fecit
2692 3775 2711 3813 :
2755 3775 2919 3829 quare
2946 3760 3194 3823 uendidit,
3246 3762 3345 3815 nisi
3386 3765 3507 3831 quia

1933 3863 2036 3903 non
2067 3849 2256 3919 qumrit
2283 3849 2485 3911 datum,
2537 3849 2629 3905 sed
2672 3851 2893 3920 requirit
2940 3850 3204 3905 fructum?
3242 3851 3515 3905 Venditio-

1934 3955 2056 3994 nem
2084 3939 2225 3994 enim
2252 3937 2409 3993 istam
2442 3938 2612 4008 primo
2641 3939 2934 4009 intelligite.
2967 3939 3173 4001 fratres,
3203 3941 3506 4010 gratuitam.

1936 4031 2001 4086 Et
2025 4031 2213 4101 aliquis
2252 4031 2381 4085 emit
2417 4018 2699 4101 gratis?‘Si
2729 4031 2892 4101 gratis
2933 4031 3066 4085 tollit
3086 4072 3100 4095 ,
3132 4047 3234 4084 non
3262 4031 3391 4085 emit
3420 4049 3432 4084 :
3466 4033 3513 4085 si

1936 4122 2084 4187 emit,
2119 4123 2343 4190 pretium
2393 4121 2502 4187 dat,
2536 4137 2647 4176 non
2679 4122 2844 4191 gratis
2872 4122 3027 4175 tollit.
3074 4123 3137 4176 Et
3164 4122 3251 4177 ubi
3281 4132 3382 4187 est,
3419 4123 3519 4188 Qui

1936 4216 2101 4280 sititis,
2127 4216 2286 4269 venite
2313 4215 2381 4267 ad
2416 4230 2622 4282 aquam,
2654 4214 2802 4267 emite
2829 4213 2964 4267 vobis
2989 4215 3098 4268 sine
3125 4223 3330 4285 argento
3359 4213 3516 4286 (Isai.

1939 4322 2023 4372 LV,
2058 4306 2149 4374 l)?
2175 4305 2399 4374 Quando
2427 4306 2581 4369 emis,
2628 4321 2733 4358 non
2764 4314 3037 4374 argentum
3065 4306 3196 4372 das;
3240 4316 3295 4360 et
3340 4316 3517 4363 tamen

1940 4398 2093 4452 emis.
2124 4397 2177 4452 Si
2207 4398 2360 4463 emis,
2386 4396 2583 4466 aliquid
2611 4395 2739 4461 das;
2762 4411 2866 4450 non
2889 4406 3061 4451 tamen
3088 4406 3362 4466 argentum
3380 4397 3477 4452 das
3503 4415 3517 4450 τ

1944 4500 1996 4545 te
2043 4492 2218 4559 ipsum
2245 4488 2360 4543 das.
2391 4486 2656 4542 Sindones
2701 4487 2842 4541 enim
2892 4486 3086 4542 referte
3126 4487 3192 4541 ad
3238 4488 3326 4543 illa
3357 4488 3518 4550 linea,

1943 4598 2060 4653 qua:
2086 4582 2375 4651 spiritualia
2402 4589 2546 4645 sunt,
2565 4595 2684 4649 qua:
2710 4580 2831 4634 facit
2850 4588 2904 4634 et
2931 4581 3182 4650 prmdicat
3209 4582 3306 4636 ista
3332 4583 3522 4636 mulier

1944 4689 2041 4743 per
2068 4685 2255 4727 omnes
2276 4680 2463 4725 terras.
2495 4671 2563 4725 Et
2593 4670 2726 4725 forte
2755 4672 2984 4726 vendere
3008 4672 3228 4727 dicenda
3257 4682 3338 4727 est
3363 4690 3375 4724 :
3400 4674 3521 4743 quia

1946 4764 2077 4818 dixit
2115 4763 2421 4832 Apostolus,
2457 4762 2517 4816 Si
2543 4777 2633 4814 nos
2662 4760 2797 4815 vobis
2832 4762 3117 4831 spiritualia
3141 4764 3520 4827 seminavimus,

1947 4871 2185 4927 maguum
2210 4865 2303 4919 est,
2325 4856 2367 4907 si
2392 4854 2619 4907 carnalia
2639 4864 2801 4908 vestra
2827 4864 3068 4908 metamus
3088 4855 3127 4925 (I
3155 4854 3273 4908 Cor.
3294 4871 3367 4922 Ix,
3396 4855 3525 4921 Il)!

1951 4946 2155 5002 Etenim
2187 4946 2321 4999 ratio
2352 4946 2439 4998 illa
2483 4954 2565 4999 est
2616 4946 2724 4999 dati
2762 4955 2818 5000 et
2861 4947 3061 5015 accepti
3094 4965 3106 5000 :
3137 4962 3256 5000 nam
3289 4947 3341 5002 in
3381 4951 3525 5004 otnni

1949 5039 2252 5093 venditione
2280 5039 2415 5091 ratio
2436 5037 2541 5091 dati
2572 5047 2625 5092 et
2649 5039 2848 5108 accepti
2876 5049 3137 5093 versatur.
3170 5038 3527 5095 Contristatur

1952 5140 2126 5186 autem
2171 5131 2456 5199 Apostolus
2507 5130 2765 5186 adversus
2808 5130 3056 5209 quaedam
3108 5133 3238 5196 fora,
3287 5132 3374 5187 ubi
3420 5149 3528 5190 non

1954 5221 2187 5277 vendidit
2216 5221 2469 5276 Sindones
2501 5238 2515 5274 :
2547 5221 2728 5287 Nulla,
2759 5222 2950 5291 inquit,
2982 5222 3105 5276 mihi
3133 5222 3357 5279 Ecclesia
3389 5242 3529 5279 com-

1956 5313 2227 5366 nmnicauit
2254 5314 2305 5365 in
2354 5314 2547 5366 ratione
2573 5313 2679 5365 dati
2718 5322 2765 5365 ct
2793 5313 2981 5382 accepti
3010 5312 3266 5386 (Philipp.
3300 5331 3375 5381 tv,
3417 5318 3506 5387 15)

1957 5405 2060 5460 Sed
2091 5404 2175 5459 illc
2204 5404 2291 5474 qui
2319 5404 2396 5458 sic
2427 5404 2680 5469 vendidit,
2718 5418 2822 5457 non
2853 5405 3044 5473 quaerit
3084 5404 3282 5474 datum,
3325 5407 3415 5464 sed
3448 5424 3504 5462 re

2022 5561 2034 5585 ⁸
2067 5567 2145 5606 Ms.
2200 5557 2530 5616 Colhertinus,
2593 5554 2908 5606 laudabimus.
2977 5565 3116 5610 Forte
3181 5574 3300 5625 pro,
3367 5562 3519 5613 laudo

1958 5635 2124 5672 NIMIS.

2022 5685 2040 5714 ⁸
2068 5690 2112 5730 In
2141 5683 2300 5741 editis,
2323 5694 2459 5730 nemo
2480 5693 2570 5730 non
2604 5680 2745 5729 l't;lt’l.
2775 5682 2936 5740 Abest,
2970 5695 3079 5743 non,
3121 5698 3146 5733 a
3183 5693 3289 5735 Mss.
