3994 6446
476 444 642 516 quirit
676 442 903 500 fructum
935 461 948 499 :
976 460 1046 500 ne
1069 444 1219 515 quasi
1250 442 1579 499 venditorem
1606 439 1873 510 Evangelii
1903 446 2056 508 pute-

476 536 566 590 tis.
604 536 696 591 Est
722 537 935 606 quidem
964 536 1053 590 ille
1083 543 1345 589 mercator
1370 533 1576 588 Domini
1609 532 1714 599 sui,
1755 530 1848 585 sed
1891 530 2059 600 magis

478 629 705 697 pretium
736 629 943 697 qu:crit.
986 626 1116 681 Nam
1158 626 1407 697 quidquid
1438 640 1656 695 prorsus
1697 622 1934 686 vendit‘,
1967 621 2058 674 dat

477 718 768 789 Spiritualia
801 736 815 773 :
847 728 901 772 et
930 717 1053 787 quid
1082 717 1303 787 quierit?
1328 716 1464 770 forte
1489 714 1754 770 carnalia?
1789 713 2061 767 Debentur

478 808 693 877 quidem
722 817 779 863 et
821 809 918 862 ista
950 825 963 861 :
997 807 1090 863 sed
1135 823 1239 861 non
1283 807 1397 877 ipsa
1434 805 1706 876 quaerebat
1748 803 2053 873 Apostolus,

432 902 433 905 “
478 898 681 961 dicens,
712 897 834 951 Non
876 898 1009 951 enim
1048 914 1147 967 qua
1161 913 1218 951 ro
1247 906 1429 963 vestra,
1462 894 1550 950 sed
1568 911 1654 948 vos
1682 911 1818 965 ipsos
1844 892 1905 965 (11
1936 891 2056 947 Cor.

478 1006 571 1054 xu,
596 991 706 1059 14).
740 991 867 1045 Date
895 1004 1023 1058 ergo
1069 989 1317 1056 pretium,
1368 988 1491 1043 date
1530 1002 1627 1041 vos
1670 987 1833 1057 ipsos.
1877 984 2059 1054 Neque

441 1066 446 1071 ’
476 1080 620 1135 enim
655 1091 708 1135 et
735 1079 932 1148 Ioseph
964 1081 1014 1133 in
1047 1079 1278 1149 Egypto
1312 1078 1575 1133 frumenta
1602 1093 1707 1132 non
1750 1076 2012 1131 vendebat
2043 1093 2057 1130 :

474 1182 529 1226 et
556 1181 735 1227 tamen
776 1172 918 1241 ipsos
943 1182 1199 1237 ementes,
1232 1187 1414 1227 servos
1444 1172 1619 1241 regios
1643 1170 1867 1226 faciebat
1905 1168 2057 1241 (Gen.

476 1262 629 1333 xui).
678 1262 928 1333 V‘olentes
956 1261 1132 1316 vivere
1174 1263 1224 1316 in
1254 1264 1342 1316 illa
1385 1260 1549 1328 fame,
1580 1262 1912 1331 accipiebant
1950 1259 2063 1315 fru-

484 1330 685 1417 menta,
708 1330 761 1408 ἒι
789 1354 982 1408 fiebant
1012 1355 1171 1409 servi.
1202 1354 1472 1409 Timemus
1503 1370 1601 1410 nos
1630 1330 1743 1409 fieri
1769 1355 1946 1409 servi?
1972 1354 2061 1408 Va:

478 1442 657 1507 nobis,
686 1443 731 1496 si
762 1459 866 1497 non
899 1445 1099 1499 erimus
1125 1444 1265 1500 illius
1310 1446 1469 1499 servi.
1498 1444 1635 1512 Quid
1663 1446 1815 1501 nobis
1845 1444 2062 1515 prodest

477 1549 727 1589 recusare
761 1536 917 1589 talem
948 1536 1271 1590 Dominum?
1298 1536 1366 1589 Et
1394 1536 1494 1591 sub
1520 1537 1731 1591 diabolo
1758 1536 1976 1600 erimus,
2007 1544 2061 1591 et

480 1623 674 1680 famem
708 1625 986 1695 patiemur,
1015 1636 1069 1681 et
1104 1634 1419 1696 potestatem
1448 1627 1561 1682 veri
1603 1626 1810 1681 Domini
1848 1642 1951 1680 non
1978 1626 2060 1681 ef-

476 1715 760 1787 fugiemns.
785 1716 861 1772 Te
886 1719 1056 1787 ipsum
1087 1720 1175 1784 da,
1207 1728 1260 1772 et
1284 1733 1405 1773 eme
1434 1719 1527 1773 tibi
1557 1718 1857 1780 siudonem.
1882 1718 1931 1773 id
1954 1727 2058 1784 est,

478 1808 754 1878 spirituale
805 1809 1197 1863 amictorium’.
1248 1809 1338 1865 Sic
1383 1810 1545 1864 etiam
1597 1808 1871 1878 cujusdam
1912 1810 2061 1878 panis

478 1899 707 1971 pretium
737 1907 791 1953 tu
823 1900 936 1969 ipse
958 1914 1037 1954 es.
1059 1899 1195 1967 Quid
1219 1899 1394 1954 enim?
1421 1900 1551 1967 Quia
1580 1899 1675 1953 das
1707 1907 1758 1953 te
1782 1900 2057 1968 voluptati,

482 2003 661 2044 nonne
689 2003 787 2059 pro
827 1989 1258 2058 concupiscentia
1295 1989 1491 2054 carnis,
1537 1998 1784 2057 tanquam
1828 1997 1886 2042 ut
1913 2002 2060 2043 emas

478 2080 837 2145 meretricem,
874 2089 924 2135 te
963 2079 1136 2149 ipsum
1164 2079 1260 2135 das
1287 2080 1551 2149 pretium?
1578 2082 1848 2146 Quantum
1894 2089 1976 2134 est
2006 2088 2060 2133 ut

480 2170 591 2227 Deo
622 2180 673 2226 te
700 2171 815 2237 des,
844 2185 1033 2240 panem
1057 2171 1233 2225 vivum
1260 2171 1352 2225 tibi
1378 2185 1548 2236 emas,
1582 2172 1669 2239 qui
1701 2168 1770 2225 de
1793 2169 1933 2225 cmlo
1960 2169 2060 2224 de-

481 2261 707 2327 scendit,
744 2263 932 2318 eodem
961 2264 1076 2333 ipso
1109 2263 1278 2332 pretio
1306 2261 1446 2332 quod
1477 2270 1530 2316 tu
1562 2262 1675 2331 ipse
1704 2261 1798 2316 es?
1826 2260 2057 2316 Pretium

485 2354 628 2409 enim
659 2355 953 2410 meretricis
994 2363 1197 2410 tantum
1245 2364 1347 2419 est,
1396 2364 1652 2424 quantum
1706 2354 1857 2423 panis
1905 2354 2059 2410 unius

504 2442 661 2500 Prov.
696 2462 769 2510 VI,
799 2447 916 2517 26).
946 2447 1199 2502 Sindones
1224 2448 1360 2517 fecit,
1386 2457 1432 2500 et
1460 2447 1702 2500 vendidit.

551 2539 779 2596 CAPUT
820 2539 937 2595 XV.
979 2571 1048 2581 -—-
1090 2541 1179 2594 21.
1221 2540 1472 2594 Cinctoria
1513 2550 1679 2594 autem
1733 2538 2055 2594 Cltanantcis.

476 2631 700 2703 Gingant
734 2647 814 2699 se,
855 2641 1161 2702 operentur,
1192 2632 1427 2696 veniant,
1460 2632 1566 2686 sint
1599 2631 1738 2686 servi
1781 2632 1849 2686 de
1897 2631 2059 2686 domo

477 2732 579 2779 Ista
606 2742 619 2776 :
650 2732 706 2777 ut
750 2738 939 2778 omnes
968 2723 1180 2788 vestiti,
1221 2738 1409 2777 omnes
1447 2722 1582 2792 pasti
1622 2722 1749 2777 sint.
1788 2723 2057 2779 Cinctoria

476 2815 621 2869 enim
648 2814 788 2877 fecit,
818 2814 999 2884 utique
1020 2813 1084 2867 ad
1105 2829 1238 2884 opus
1268 2831 1282 2867 :
1309 2828 1431 2868 nam
1454 2822 1508 2869 et
1530 2814 1643 2883 ipsa
1670 2829 1806 2884 opus
1832 2813 2053 2881 faciens,

477 2909 704 2963 accinxit
730 2908 936 2963 fortiter
961 2909 1169 2963 lumbos
1189 2924 1332 2962 suos.
1356 2908 1456 2975 Qui
1478 2906 1942 2962 suntChanantei?
1969 2908 2057 2961 Vi-

484 2998 619 3053 cina:
647 3008 833 3068 gentes
859 3000 1053 3068 populo
1082 2997 1244 3053 Israel
1276 2998 1609 3068 alienigenae.
1646 2997 1943 3066 Aliquando
1965 2996 2052 3067 qui

479 3090 643 3144 eratis
667 3090 841 3159 longe,
869 3088 986 3143 facti
1015 3091 1143 3143 estis
1173 3104 1337 3159 prope
1358 3090 1409 3143 in
1437 3088 1693 3159 sanguine
1713 3087 1929 3143 Christi.
1953 3088 2055 3155 Qui

476 3182 640 3239 eratis
663 3180 946 3252 aliquando
964 3181 1226 3251 peregrini
1248 3181 1732 3247 Tcstamentorum,
1756 3190 1811 3235 et
1831 3180 2056 3251 promis-

476 3272 641 3328 sionis
667 3287 814 3342 spem
839 3286 942 3325 non
971 3271 1243 3334 habentes,
1265 3280 1322 3325 et
1347 3271 1462 3325 sine
1494 3271 1605 3326 Deo
1631 3272 1680 3324 in
1712 3271 1814 3326 hoc
1833 3270 2049 3337 mundo,

475 3378 618 3417 nunc
643 3370 818 3417 autem
844 3362 990 3417 cives
1017 3370 1321 3416 sanctorum
1339 3371 1392 3416 et
1410 3360 1689 3417 domestici
1715 3362 1809 3416 Dei
1836 3361 2051 3434 (Ephes.

475 3467 534 3516 ιι,
567 3453 651 3517 15,
684 3452 771 3518 l2,
805 3451 917 3521 l9),
945 3452 1178 3521 acceptis
1198 3451 1472 3507 cinctoriis
1496 3452 1791 3521 operamini
1818 3452 1874 3506 in
1893 3452 2055 3507 dumo

473 3542 759 3608 dominica,
779 3543 886 3611 jam
916 3541 1038 3596 facti
1062 3541 1339 3596 domestici
1368 3542 1540 3597 Deiex
1557 3542 1895 3609 Cliananmis,
1916 3544 2054 3600 unde

474 3644 587 3687 erat
613 3645 669 3688 et
704 3632 791 3687 illa
819 3631 1010 3687 mulier
1036 3632 1194 3687 modo
1226 3632 1279 3687 in
1309 3632 1602 3703 Evangelio
1641 3635 1879 3689 recitata.
1910 3633 2052 3688 Cha-

475 3738 659 3779 nana-a
688 3733 824 3787 erat,
855 3722 923 3778 ad
952 3738 1192 3780 mensam
1223 3724 1451 3779 filiorum
1482 3724 1739 3780 accedere
1759 3740 1863 3779 non
1890 3725 2054 3781 aude-

476 3814 588 3882 bat,
615 3814 708 3870 sed
727 3824 973 3884 tanquam
990 3815 1137 3870 canis
1162 3815 1326 3869 micas
1350 3814 1671 3885 requirebat.
1702 3815 1833 3871 Vide
1863 3832 2055 3886 quem-

472 3905 759 3961 admodum
811 3920 869 3959 se
908 3906 1246 3975 prmcinxerit
1285 3903 1352 3959 ad
1406 3919 1561 3973 opus.
1619 3904 2052 3961 l’rxcinctorium

473 3995 611 4065 ejus,
637 3995 770 4051 fides
794 4013 807 4049 :
835 3995 935 4050 hoc
961 3995 1137 4050 laudat
1158 3994 1269 4050 ille.
1299 3993 1344 4049 0
1370 3994 1570 4059 mulier,
1606 4010 1791 4065 ntagna
1820 4005 1893 4049 est
1928 3995 2056 4064 ﬁdes

472 4099 563 4142 tua
591 4085 801 4158 (Matth.
828 4101 920 4152 xv,
947 4083 1172 4157 21-28)!

544 4178 636 4234 29.
674 4177 881 4233 Caetera
909 4176 1205 4232 videamus.
1246 4175 1571 4231 Fortitudine
1595 4188 1641 4230 et
1667 4177 1845 4231 decore
1877 4178 2056 4233 induta

474 4280 569 4325 est.
617 4268 838 4334 Decore,
895 4277 1142 4338 tanquam
1199 4267 1393 4339 bysso;
1442 4269 1755 4338 fortitudine,
1804 4278 2054 4339 tauquam

476 4375 728 4432 purpura.
749 4360 884 4428 Quia
912 4360 1054 4415 enim
1082 4357 1257 4423 fortis,
1313 4358 1431 4414 ideo
1479 4360 1529 4414 in
1558 4360 1803 4429 passione
1841 4361 2056 4431 sangui-

477 4468 600 4509 nea.
635 4452 699 4507 Et
725 4453 893 4507 latam
922 4462 993 4506 est
1036 4452 1089 4506 in
1139 4451 1312 4507 diebus
1360 4452 1662 4505 novissimis.
1709 4451 1906 4507 Lunata
1932 4463 2005 4507 est
2036 4469 2056 4509 :

478 4544 568 4600 hic
596 4556 725 4614 ergo
744 4543 835 4599 diu
866 4543 1113 4597 tribulata
1130 4543 1171 4596 ³.
1192 4542 1324 4597 Nam
1354 4542 1496 4598 unde
1535 4544 1753 4598 haberet
1795 4559 2056 4614 purpurea

474 4635 786 4691 vestimenta
817 4634 933 4688 sine
964 4633 1339 4688 tribulatione?

542 4725 636 4782 25.
661 4754 734 4765 -
759 4724 831 4781 0s
848 4740 998 4780 suum
1041 4724 1238 4793 aperuit
1282 4733 1487 4778 attente.
1531 4724 1756 4780 Prtestet
1801 4724 1955 4779 nobis
2004 4726 2056 4781 in

476 4820 564 4879 illa
593 4819 915 4884 constitutis,
952 4817 1117 4887 ipsam
1151 4816 1509 4885 laudantibus,
1538 4817 1616 4873 illi
1640 4818 2052 4882 cohaerentibus,

477 4928 598 4969 cum
642 4913 729 4969 illa
754 4910 889 4967 etin
918 4910 1006 4965 illa
1038 4909 1206 4964 virum
1254 4911 1371 4979 ejus
1412 4911 1861 4981 exspectantibus,
1906 4921 1963 4966 ut
2003 4921 2060 4966 et

478 5019 578 5057 nos
603 5003 905 5073 aperiamus
933 5008 1135 5056 attente
1176 5015 1236 5055 os
1265 5010 1533 5066 nostrum;
1566 5015 1671 5056 non
1720 5010 1939 5065 temere,
1963 5000 2056 5056 sed

477 5104 653 5161 caute,
678 5102 900 5158 attente,
928 5092 1173 5147 sollicite.
1205 5090 1331 5146 Cum
1360 5093 1539 5148 timore
1577 5101 1624 5145 et
1654 5102 1874 5147 tremore
1898 5093 2056 5145 multo

484 5189 562 5259 [ui
591 5189 731 5257 apud
754 5204 863 5253 vos,
895 5186 1183 5256 Apostolus
1206 5184 1346 5240 dixit
1373 5185 1413 5255 (I
1441 5186 1559 5241 Cor.
1592 5201 1649 5252 ιι,
1683 5184 1740 5257 ’5)
1765 5206 1780 5243 :
1809 5194 2057 5255 tanquam

483 5282 689 5344 dicens,
711 5280 783 5336 0s
807 5295 982 5335 meum
1019 5280 1202 5349 aperui
1231 5286 1449 5335 attente.
1481 5278 1553 5332 0s
1575 5290 1798 5332 nostrum
1824 5288 1957 5348 patet
1990 5279 2059 5331 ad

484 5387 590 5439 nos,
619 5387 649 5429 ο
676 5369 924 5428 Corinthii
951 5370 1016 5442 (Il
1045 5369 1165 5427 Cor.
1214 5386 1288 5436 vn,
1334 5369 1445 5442 11).
1476 5368 1548 5426 0s
1567 5387 1715 5425 suum
1752 5371 1947 5441 aperuit
1976 5380 2058 5423 at-

548 5526 565 5556 ¹
590 5531 672 5574 Its.
696 5526 1033 5588 permanensis
1051 5539 1062 5574 :
1079 5523 1318 5588 nfinnquid
1340 5537 1537 5588 prorsus
1552 5524 1763 5575 vendidit
1778 5523 1895 5575 ?Alii
1921 5534 2055 5576 tres:

486 5594 604 5637 Nam
617 5584 743 5649 quid
766 5598 963 5649 prorsus
983 5585 1211 5637 vendidit.

546 5650 568 5712 ξ
585 5645 657 5696 sic
678 5645 1007 5712 Msslaliquot.
1033 5656 1087 5697 Αι
1112 5650 1247 5712 edlti,
1270 5647 1567 5712 spiritualem
1584 5660 1811 5712 amorem.

549 5710 571 5741 ³
592 5715 672 5760 Its.
698 5709 1034 5760 Oorbeiensis:
1061 5718 1184 5760 Tunc
1208 5708 1369 5761 fretum
1400 5718 1468 5762 est
1496 5723 1514 5762 :
1546 5709 1659 5774 quia
1693 5709 1771 5761 hic
1795 5708 1878 5760 diu
1915 5708 2062 5761 hibu-

481 5770 597 5823 luta.

1716 318 1774 374 S.
1817 314 2185 374 AUCUSTINI
2225 313 2531 370 EPISCOPI

3646 326 3757 383 252

2171 442 2324 489 lente.
2356 434 2421 487 Et
2450 433 2677 487 ordinem
2707 442 2870 503 posuit
2899 432 3086 505 lingua:
3110 450 3215 489 sua:
3236 450 3256 490 :
3285 434 3505 493 laudans
3534 450 3755 496 creatu-

2168 540 2283 579 ram
2314 535 2560 594 tanquam
2590 535 2918 589 creaturam,
2949 524 3256 582 Creatorem
3302 537 3550 599 tanquam
3584 530 3754 586 Crea-

2170 629 2359 683 torem,
2389 618 2618 688 Angelos
2658 627 2905 689 tanquam
2938 621 3189 689 Angelos,
3231 622 3470 676 cmlestia
3502 632 3752 693 tanquam

2166 708 2429 773 caelestia,
2459 710 2730 763 terrestria
2759 718 3008 779 tanquam
3033 712 3331 778 terrestria,
3363 712 3605 769 homines
3629 724 3751 768 tan-

2167 812 2326 868 quam
2353 798 2618 863 homines,
2651 814 2847 870 pccora
2902 809 3149 870 tanquam
3191 817 3405 872 pecora.
3455 803 3595 860 Nihil
3628 820 3751 873 per-

2169 887 2457 953 turbatum,
2492 890 2621 943 nihil
2644 889 3021 945 inordinatum.
3047 891 3162 946 Non
3189 894 3457 963 accipiens
3477 895 3529 948 in
3558 911 3753 949 vanmn

2168 994 2364 1035 nomen
2421 981 2631 1035 Domini
2682 982 2774 1037 Dei
2823 983 2923 1049 sui,
2958 1000 3062 1038 non
3109 984 3455 1039 substantiam
3492 997 3755 1042 creatura:

2168 1070 2403 1127 sentiens
2430 1071 2496 1126 de
2521 1071 2772 1128 Creatore
2792 1073 2808 1104 ⁸
2835 1090 2847 1127 :
2882 1074 2950 1128 ita
2978 1074 3221 1129 ordinate
3241 1084 3407 1130 totum
3434 1076 3676 1147 loquens,
3699 1087 3756 1131 ut

2170 1176 2274 1215 non
2306 1171 2582 1232 prmponat
2625 1162 2875 1218 inferiora
2931 1165 3245 1234 potioribus,
3290 1181 3389 1221 nec
3432 1167 3626 1221 subdat
3658 1183 3754 1238 po-

2171 1254 2303 1307 tiora
2326 1252 2685 1311 inferioribus.

2239 1343 2465 1401 CAPUT
2507 1346 2643 1401 XVI.
2682 1376 2751 1387 —
2794 1345 3057 1419 Disposuit
3109 1347 3334 1401 ordinem
3382 1348 3573 1419 lingua:
3621 1364 3748 1401 sua.

2170 1438 2310 1494 Nihil
2346 1438 2614 1509 pulchrius
2658 1439 2758 1494 hoc
2786 1439 2991 1494 ordine.
3024 1438 3175 1494 Unde
3216 1448 3271 1494 et
3299 1440 3411 1509 ipsa
3437 1439 3567 1494 dicit
3598 1458 3611 1494 :
3644 1439 3745 1492 0r-

2171 1531 2345 1585 dinate
2380 1530 2435 1584 in
2462 1547 2541 1584 me
2568 1530 2862 1584 charitatem
2889 1530 3061 1600 (Cant.
3110 1546 3166 1595 It,
3195 1530 3272 1601 4).
3321 1529 3493 1585 Nolite
3534 1546 3754 1602 prmpo-

2166 1632 2310 1679 stere
2333 1624 2695 1693 agere,nolite
2720 1624 3027 1692 perturbare
3052 1633 3107 1677 et
3121 1622 3443 1677 confundere
3467 1639 3585 1694 qua:
3608 1624 3751 1678 Deus

2167 1714 2450 1769 ordinavit.
2483 1713 2730 1768 Ordinatc
2752 1714 2806 1767 in
2844 1730 2924 1766 me
2950 1714 3267 1766 charitatent.
3302 1715 3491 1768 Amate
3516 1728 3602 1767 me
3634 1722 3750 1766 tan-

2167 1824 2325 1878 quam
2356 1823 2463 1873 me,
2516 1816 2693 1862 amate
2738 1806 2903 1861 Deum
2960 1817 3209 1876 tanquam
3250 1807 3413 1860 Deum
3446 1824 3459 1860 :
3488 1822 3555 1861 ne
3582 1806 3749 1860 Deum

2166 1897 2448 1953 offendatis
2499 1908 2716 1968 pr0pter
2763 1912 2879 1962 me,
2926 1912 3025 1952 nec
3070 1912 3155 1951 me
3198 1895 3481 1951 offendatis
3530 1905 3750 1967 propter

2166 1989 2327 2043 alium
2371 1988 2685 2059 quemlibet,
2728 2003 2828 2042 nec
2855 1987 3017 2041 alium
3044 1986 3336 2057 quemlibet
3362 1996 3576 2057 propter
3602 1988 3748 2040 me'.

2170 2080 2417 2134 Ordinute
2440 2082 2493 2135 in
2519 2097 2598 2133 me
2616 2081 2930 2134 charitatem.
2969 2079 3128 2134 Beata
3161 2080 3265 2134 lilia
3302 2078 3417 2148 ejus
3444 2079 3496 2134 in
3526 2079 3627 2133 hoc
3655 2094 3750 2133 or-

2165 2173 2291 2228 dine
2314 2173 2622 2236 constituta,
2641 2172 2793 2241 cujus
2822 2172 2957 2226 inter
2986 2180 3208 2225 caeteras
3235 2170 3568 2225 celebramus
3589 2167 3750 2222 hodie

2169 2266 2492 2335 passionem,
2518 2265 2674 2334 paulo
2701 2273 2824 2319 ante
2849 2264 3146 2319 audivimus
3173 2264 3580 2323 confessionem.
3603 2262 3751 2316 Ordi-

2165 2370 2329 2419 nans,
2388 2354 2619 2424 linguam
2695 2368 2845 2407 suam
2894 2372 2908 2408 :
2951 2353 3255 2417 Honorem,
3304 2353 3505 2421 inquit,
3547 2353 3748 2406 Cazsari

2164 2444 2316 2514 quasi
2363 2443 2579 2508 Caesari,
2616 2442 2861 2499 timorem
2902 2452 3078 2497 autem
3110 2443 3239 2497 Deo.
3276 2440 3346 2495 0s
3370 2459 3520 2498 suum
3547 2444 3747 2512 aperuit

2163 2543 2367 2601 attente,
2395 2544 2441 2588 et
2468 2535 2693 2589 ordinem
2731 2535 2898 2605 posuit
2935 2535 3123 2605 lingua:
3148 2549 3270 2587 θυαε.

2234 2626 2323 2680 24.
2379 2624 2579 2681 Severo:
2624 2626 3021 2679 conversationes
3076 2625 3337 2678 domorum
3358 2626 3484 2695 ejus.
3524 2655 3596 2666 -—-
3644 2626 3749 2681 Se—

2163 2732 2312 2783 certe,
2362 2714 2547 2782 fortes,
2588 2714 2841 2770 districta:
2873 2733 2885 2767 :
2920 2731 3025 2769 non
3064 2723 3147 2769 est
3175 2715 3262 2769 ubi
3305 2714 3598 2781 diffluatur,
3634 2732 3743 2770 non

2161 2816 2305 2862 amat
2327 2806 2755 2862 dissolutionem.
2787 2805 2934 2861 Cibos
2961 2815 3127 2860 autem
3156 2807 3326 2877 pigros
3360 2823 3459 2860 non
3504 2808 3743 2861 comedit.

2162 2898 2349 2954 Merito
2372 2907 2575 2953 tantum
2601 2897 2938 2969 acquisivit’.

2232 2989 2323 3045 25.
2366 2989 2462 3044 llic
2484 3004 2610 3061 ergo
2636 2990 2737 3044 ista
2774 2989 3059 3054 laboriosa,
3090 2989 3334 3059 vigilans,
3362 2989 3610 3051 sollicita.
3650 3005 3746 3046 se-

2160 3096 2287 3136 vere
2311 3081 2579 3151 castigans
2598 3081 2815 3136 domum
2841 3095 3012 3145 suam,
3031 3096 3251 3150 surgens
3271 3080 3338 3135 de
3365 3081 3629 3148 noctibus,
3654 3081 3746 3136 in-

2161 3181 2317 3227 tuens
2347 3173 2619 3228 lucernam
2650 3188 2719 3227 ne
2748 3172 3133 3242 exstinguuntur,
3162 3172 3213 3225 in
3258 3172 3597 3227 tribulatione
3625 3172 3747 3228 fur-

2161 3261 2249 3328 tis,
2296 3263 2529 3318 nondum
2558 3264 2786 3333 receptis
2834 3263 3112 3332 promissis
3151 3278 3369 3332 mvelis,
3402 3262 3612 3317 brachia
3643 3279 3745 3318 sua

2160 3352 2211 3408 in
2234 3352 2408 3408 fusum
2434 3354 2776 3418 confirmans,
2799 3369 2905 3408 non
2924 3353 3129 3424 pigrum
3156 3368 3346 3421 panem
3374 3353 3699 3409 manducans
3725 3372 3744 3409 :

2158 3444 2255 3500 sed
2284 3453 2403 3515 post
2430 3444 2638 3500 labores
2671 3446 2799 3500 istos
2823 3446 2973 3515 quasi
3005 3445 3334 3515 paupertatis
3363 3455 3415 3500 et
3448 3448 3743 3502 necessita-

2160 3539 2229 3593 tis
2256 3539 2526 3594 satcularis
2546 3580 2559 3603 ,
2587 3539 2711 3609 quid
2738 3539 2859 3603 erit,
2887 3539 3010 3608 quia
3040 3539 3090 3592 in
3114 3539 3301 3594 diebus
3328 3541 3629 3595 novissimis
3650 3542 3743 3596 la}-

2161 3640 2267 3695 tata
2313 3631 2429 3685 est?
2480 3630 2616 3698 Quid
2660 3631 2782 3697 erit,
2833 3630 3019 3685 audire
3064 3630 3259 3685 vultis?
3291 3631 3486 3686 Audite
3525 3640 3745 3702 propter

2158 3738 2315 3792 quam
2342 3737 2491 3793 spem
2539 3722 2725 3781 ardeat
2767 3722 2981 3777 lucerna
3029 3732 3209 3777 nostra
3240 3732 3348 3778 tota
3390 3734 3564 3790 nocte,
3597 3740 3747 3780 nunc

2159 3814 2358 3869 audite.
2387 3813 2727 3869 Surrexerunt
2763 3813 2858 3883 [itii
2899 3814 3030 3883 ejus,
3073 3823 3122 3867 et
3152 3814 3296 3867 ditati
3335 3825 3471 3868 sunt.
3504 3814 3657 3869 Modo
3687 3817 3744 3870 in

2162 3913 2469 3976 paupertate
2494 3904 2739 3970 vivimus,
2780 3904 2831 3957 in
2862 3913 3172 3974 paupertate
3204 3905 3510 3974 vigilamus;
3536 3912 3743 3961 etcum

2158 3999 2438 4065 morimur,
2463 3999 2514 4053 in
2548 4006 2858 4068 paupertate
2879 3998 3174 4053 dormimus
3206 4016 3219 4053 :
3256 3998 3350 4054 sed
3384 4013 3659 4069 surgemus
3686 4009 3746 4055 et

2158 4091 2468 4148 ditabimur.
2513 4090 2665 4145 Tunc
2710 4091 3024 4146 ditabuntur
3067 4091 3159 4146 filii
3211 4092 3345 4161 ejus.
3396 4092 3743 4147 Suri-exerunt

2158 4184 2254 4252 ﬁlii
2273 4184 2404 4254 ejus,
2428 4191 2474 4237 ct
2510 4182 2655 4236 dilati
2686 4192 2822 4236 sunt.
2866 4180 3125 4252 Compara
3152 4198 3291 4236 nunc
3314 4182 3575 4252 quaslibet
3599 4182 3745 4237 divi-

2160 4275 2259 4330 tias
2300 4285 2455 4330 temc
2486 4274 2662 4344 hujus,
2690 4274 2946 4331 obnoxias
2987 4275 3189 4330 furibus
3216 4286 3267 4329 et
3298 4275 3471 4329 tineis.
3505 4276 3644 4343 Quid
3687 4286 3743 4332 te

2154 4366 2323 4437 jactas
2344 4366 2403 4420 ‘?
2423 4368 2556 4434 Quia
2582 4367 2822 4421 infirmus
2850 4382 2929 4433 es,
2958 4367 3075 4422 ideo
3095 4377 3220 4423 sunt
3243 4368 3333 4422 tibi
3357 4369 3520 4422 multa
3546 4384 3749 4424 ncces-

2158 4460 2320 4515 saria.
2345 4458 2489 4529 Opus
2504 4468 2586 4513 est
2607 4458 2828 4512 nmltum
2863 4458 3130 4525 vestiaris,
3159 4461 3281 4529 quia
3314 4459 3478 4529 frigus
3502 4460 3606 4527 pati
3628 4474 3743 4515 non

2160 4561 2312 4622 potes
2340 4568 2355 4606 :
2380 4551 2635 4621 iumentis
2672 4550 3003 4620 utaris,quia
3050 4551 3272 4621 pedibus
3315 4553 3585 4609 ambulare
3633 4570 3746 4610 non

2161 4656 2330 4716 potes.
2386 4644 2490 4698 Ista
2533 4643 2833 4699 fulcimenta
2882 4652 3008 4699 sunt
3051 4644 3394 4712 infirmitatis,
3433 4663 3538 4702 non
3575 4663 3746 4702 orna-

2161 4745 2338 4790 menta
2370 4735 2665 4805 potestatis.
2696 4733 2825 4802 Qua:
2855 4735 2957 4791 illac
2986 4735 3184 4791 divitia:
3223 4745 3348 4791 sunt
3378 4739 3750 4808 Angelorum?

2162 4827 2333 4883 Unam
2359 4835 2561 4882 vestem
2607 4826 2804 4882 habent
2833 4828 2968 4882 lucis
3010 4846 3024 4882 :
3057 4814 3323 4898 nunquam
3357 4830 3567 4895 teritur,
3602 4846 3748 4886 unn-

2162 4934 2317 4990 qnam
2348 4918 2670 4974 sordidatur.
2712 4918 2819 4973 Illa:
2863 4927 2989 4975 sunt
3034 4935 3174 4974 vera:
3219 4921 3440 4990 divitizc,
3480 4921 3569 4977 ubi
3601 4925 3750 4982 nulla

2228 5093 2245 5156 ξ
2270 5090 2401 5156 Apud
2425 5091 2738 5156 A_nil)rosium_,
2762 5102 2868 5156 non
2887 5090 3091 5142 sentiens
3124 5098 3396 5141 creaturam
3426 5091 3486 5142 de
3508 5096 3748 5148 (rem

2161 5150 2371 5203 existere
2389 5153 2499 5202 subs
2520 5150 2668 5215 mitia.
2687 5154 2733 5200 td
2757 5152 2952 5215 quidem
2966 5161 3236 5215 Opportune
3258 5163 3422 5203 contra
3437 5157 3750 5209 atanichzms;

2163 5215 2251 5264 sed
2274 5215 2539 5287 secundum
2563 5214 2677 5287 illud
2690 5214 2922 5285 _l)ecalogi
2947 5214 3257 5287 ιιι-λουςείιιωη,
3294 5224 3395 5265 non
3423 5216 3632 5287 accipies
3667 5234 3754 5287 no-

2163 5289 2271 5327 men
2297 5276 2484 5342 Doniini
2511 5276 2701 5342 [κῇ-Αικὶ
2730 5276 2779 5342 in
2797 5288 2993 5342 vanum,
3032 5276 3117 5342 ubi
3145 5286 3487 5342 commemorat
3521 5276 3755 5342 Augusti-

2165 5350 2272 5395 nus,
2296 5335 2423 5401 solet
2442 5338 2512 5401 de,
2542 5337 2655 5386 Filio
2678 5335 3105 5401 Dei_interpretari
3120 5346 3182 5401 et
3221 5340 3496 5388 arianorum
3521 5335 3756 5393 hui-«asini

2171 5399 2351 5448 exinde
2375 5399 2628 5462 refellere,
2668 5401 2738 5449 uti
2763 5399 2874 5449 facit
2896 5399 3057 5449 nostra
3082 5400 3181 5459 illa,
3204 5414 3313 5462 quae
3337 5401 3385 5448 in
3401 5401 3627 5451 omnibus
3641 5410 3757 5455 διεδ.

2164 5460 2634 5524 liabetnr,lectionc.
2664 5462 2777 5509 \‘ide
2799 5475 2963 5524 supra,
2998 5476 3149 5510 serm.
3170 5460 3327 5521 9,_nn.
3347 5464 3379 5510 5
3401 5470 3452 5512 et
3474 5463 3524 5513 4.

2229 5527 2324 5587 1{In
2345 5523 2488 5587 editis
2509 5523 2683 5572 omissa
2702 5523 3037 5587 crantjisthazc
3060 5526 3224 5587 verba,
3250 5538 3360 5587 quae
3386 5538 3449 5573 ex
3474 5524 3764 5579 colbertino

2165 5585 2328 5649 codice
2352 5586 2701 5649 restituuntur,
2712 5598 2799 5633 nec
2816 5584 2965 5634 alium
2981 5585 3231 5648 quemlibet
3256 5584 3447 5649 propter
3464 5600 3557 5637 me.
3576 5595 3764 5641 uorum

2168 5646 2337 5719 locum
2360 5653 2465 5719 Mss.
2483 5646 2669 5719 aliquot
2693 5646 3124 5719 habeturhtantum,
3148 5646 3324 5710 pra'ter
3344 5646 3463 5698 ine.’

2231 5710 2252 5739 ⁸
2397 5709 2659 5767 sorbonici,
2682 5709 2949 5770 arquisirit.

2231 5770 2252 5802 ⁸
2274 5772 2345 5819 sic
2369 5778 2471 5821 Mss.
2496 5772 2613 5821 Εὐίιὶ
2639 5768 2771 5833 vero,
2794 5771 2910 5836 quid
2930 5779 2973 5821 te
2996 5768 3184 5821 factas."
