4012 6338
234 374 335 434 res

230 492 332 546 erit
358 488 558 558 inopia,
588 484 736 542 nulla
782 486 885 541 erit
908 482 1220 553 indigentia.
1245 478 1386 548 Quid
1424 476 1582 533 modo
1626 474 1821 546 quieris

232 583 353 647 hoc,
388 589 674 647 antequam
697 577 925 649 surgas?
949 577 1001 631 Si
1028 576 1164 629 illius
1189 589 1248 628 cs
1274 569 1515 627 mulieris
1544 568 1720 637 hujus,
1742 577 1821 622 at-

235 670 394 727 tende
424 669 638 740 quando
670 668 762 721 tibi
806 668 1002 722 divitia:
1052 664 1446 735 promittuntur.
1480 660 1823 714 Surrexerunt

237 764 328 826 ﬁlii
352 763 488 831 ejus,
516 771 561 814 et
587 761 736 812 dilati
767 770 903 814 sunt.
931 760 1063 813 Para
1095 768 1144 811 te
1179 752 1585 809 resurrectionis
1613 748 1822 802 divitias

236 856 504 923 accipere.
528 851 646 906 Noli
672 852 767 905 has
794 866 995 916 amare,
1024 858 1081 902 ut
1109 844 1364 901 merearis
1389 843 1455 897 ad
1482 843 1598 895 illas
1619 840 1817 894 venire.

235 948 587 1002 Surrexerunt
618 944 711 1011 ﬁlii
742 945 869 1015 ejus,
904 954 948 997 et
970 944 1115 996 dilati
1139 950 1275 995 sunt.

297 1036 530 1092 CAPUT
572 1036 735 1090 XVII.
759 1033 935 1088 -26,
958 1030 1026 1087 Et
1056 1034 1131 1086 vir
1156 1033 1266 1103 ejus
1294 1026 1515 1083 laudavit
1553 1042 1682 1080 eam.
1716 1022 1822 1076 Nos

232 1146 348 1185 eam
397 1128 756 1191 laudabimus,
801 1126 895 1181 sed
928 1142 1031 1179 non
1084 1124 1151 1178 de
1203 1131 1405 1177 nostro.
1456 1118 1571 1187 Ipse
1610 1117 1686 1169 vir
1712 1115 1822 1182 ejus

233 1222 461 1275 laudavit
491 1237 620 1274 eam.
673 1218 897 1285 Quando
939 1224 1264 1271 surrexerunt
1294 1212 1390 1283 filii
1429 1213 1557 1282 ejus,
1590 1218 1636 1264 et
1678 1205 1823 1260 dilati

229 1324 346 1367 sunt
370 1328 389 1374 ;
416 1312 651 1365 attendit
676 1326 817 1375 eam,
845 1319 898 1364 et
934 1309 1162 1377 inspexit
1192 1321 1330 1369 eam,
1361 1314 1412 1358 et
1441 1301 1663 1357 laudavit
1688 1315 1819 1353 eam.

233 1404 365 1471 Quis
382 1404 522 1457 nolit
541 1403 724 1458 audire
749 1400 1014 1472 quomodo
1035 1396 1360 1454 laudaverit?
1380 1394 1435 1450 Si
1460 1406 1564 1449 tam
1588 1391 1823 1462 jucunde

228 1494 479 1557 audistis,
525 1509 646 1547 cum
680 1493 985 1546 laudaretur
1014 1507 1043 1545 a
1086 1490 1272 1554 nobis;
1305 1485 1571 1559 quomodo
1609 1483 1823 1538 audire-

228 1602 368 1651 mus,
403 1588 449 1640 si
484 1601 764 1657 possemus
792 1585 977 1639 audire
998 1585 1134 1639 sicut
1158 1599 1274 1638 eam
1308 1579 1540 1635 laudavit
1565 1577 1644 1631 vir
1670 1575 1822 1645 ejus?

227 1677 495 1731 Laudavit
515 1694 633 1732 eam
664 1676 716 1731 in
741 1678 1132 1732 resurrectione
1159 1694 1171 1730 :
1197 1690 1315 1730 cum
1346 1670 1817 1733 resurrexcrimus,

226 1769 532 1823 audiemus.
556 1772 636 1822 An
658 1778 712 1823 et
742 1768 900 1821 modo
924 1783 1026 1821 non
1051 1767 1214 1821 tacuit
1237 1764 1451 1819 laudem
1470 1762 1674 1832 ipsius?
1698 1760 1823 1836 chc

228 1868 311 1913 est
359 1859 477 1928 ipsa
518 1859 658 1926 laus,
703 1860 815 1929 ipsa
861 1867 1131 1927 sequetur.
1166 1854 1511 1916 Audiamns‘,
1548 1851 1823 1905 audiamus

228 1950 687 2019 quemadmodum
733 1966 848 2005 eam
878 1948 1171 2003 laudaverit
1197 1948 1278 2001 vir
1316 1946 1451 2015 ejus,
1484 1944 1669 1999 videns
1703 1957 1824 1996 eam

227 2042 338 2109 jam
365 2056 491 2095 cum
515 2051 656 2093 tanta
691 2039 1016 2094 beatitudine
1037 2039 1288 2104 ﬁliorum,
1320 2036 1540 2091 divitum
1567 2034 1619 2088 in
1642 2049 1822 2088 resur-

232 2132 477 2186 rectione
498 2142 850 2184 mortuorum.

301 2223 399 2277 εγ.
428 2222 646 2287 Multae,
678 2224 867 2291 inquit,
892 2222 1015 2290 ﬁlim
1041 2226 1261 2293 fecerunt
1295 2220 1584 2291 potentiam.
1616 2218 1824 2273 Laudes

230 2324 393 2381 sunt,
443 2316 639 2384 quibus
678 2330 794 2368 eam
818 2314 995 2368 laudat
1020 2313 1099 2367 vir
1145 2313 1281 2381 ejus.
1320 2310 1498 2364 Multa:
1530 2310 1653 2379 ﬁlim
1696 2309 1825 2378 {ece-

233 2416 354 2458 rnnt
387 2406 684 2474 potentiam.
706 2404 837 2473 Quin
855 2404 997 2471 illim,
1018 2403 1209 2473 quibus
1231 2402 1344 2458 haec
1365 2398 1738 2469 comparatur?
1761 2399 1825 2453 Et

230 2512 339 2550 non
371 2506 733 2565 comparatur.
778 2495 955 2549 Multa:
999 2495 1121 2563 ﬁlim
1167 2494 1392 2563 fecerunt
1421 2492 1696 2562 potentiam
1726 2506 1745 2544 :
1771 2501 1825 2544 tu

228 2598 402 2643 autem
437 2589 708 2657 superasti.
742 2588 1033 2654 Atlendite,
1060 2601 1193 2656 rogo
1219 2600 1312 2640 vos
1348 2601 1361 2637 :
1388 2585 1498 2654 jam
1530 2584 1581 2637 in
1611 2584 1713 2636 line
1742 2582 1825 2637 le-

228 2680 423 2732 ctionis
450 2695 660 2735 sumus.
690 2678 864 2733 Metuo
890 2679 1030 2732 enim
1058 2691 1126 2731 ne
1157 2675 1230 2730 ibi
1252 2690 1350 2730 vos
1380 2676 1606 2729 habeam
1635 2673 1823 2741 fatiga-

230 2780 337 2834 tos,
382 2769 472 2823 ubi
522 2769 750 2822 maxime
807 2769 960 2838 exigo
1002 2768 1254 2822 intentos.
1305 2766 1596 2821 Audiamus
1638 2764 1823 2819 laudes

230 2860 401 2914 illius.
435 2859 620 2914 Multm
646 2860 768 2929 ﬁlim
795 2861 1016 2929 fecerunt
1044 2860 1319 2930 potentiam
1349 2874 1368 2913 :
1393 2868 1446 2911 tu
1473 2868 1643 2911 autem
1668 2872 1824 2925 supe-

230 2951 385 3015 rasti,
418 2960 466 3002 et
515 2952 877 3020 superposuisti
913 2968 1103 3005 omnes.
1137 2949 1233 3016 Tu,
1262 2951 1451 3019 inquit,
1480 2965 1649 3001 omnes
1671 2962 1823 3018 supe-

230 3043 378 3106 rasti,
397 3051 453 3095 tu
469 3058 625 3107 super
652 3058 820 3095 omnes
838 3042 1066 3112 posuisti.
1091 3043 1220 3107 Quze
1253 3052 1376 3094 sunt
1404 3054 1533 3109 ergo
1554 3040 1670 3093 alia:
1703 3038 1824 3092 lilite

232 3148 354 3201 qua:
388 3132 635 3186 fecerunt
664 3134 971 3201 potentiam,
996 3149 1128 3203 quas
1164 3134 1261 3187 ista
1286 3131 1570 3201 superavit,
1594 3138 1647 3184 et
1666 3145 1825 3199 super

231 3239 368 3293 quas
400 3225 499 3277 ista
526 3224 903 3293 superposuit?
926 3228 1030 3277 Aut
1050 3238 1206 3293 quam
1238 3223 1530 3293 potentiam
1559 3220 1819 3287 fecerunt,

231 3322 326 3367 aut
351 3314 500 3369 unde
534 3317 632 3369 ista
653 3315 960 3385 superavit?
998 3316 1133 3369 Sunt
1161 3316 1303 3369 enim
1350 3314 1501 3367 mala:
1537 3313 1677 3377 lilizL',
1708 3316 1827 3382 qua:

231 3417 357 3460 sunt
390 3405 651 3461 haereses.
683 3407 861 3473 Quare
896 3406 1056 3461 (ilhc?
1080 3407 1212 3473 Quia
1244 3416 1297 3461 et
1325 3406 1428 3460 illa:
1456 3421 1522 3459 ex
1563 3406 1661 3459 ista
1690 3415 1826 3458 natae

230 3500 415 3552 sunt”.
450 3498 559 3553 Sed
590 3498 711 3553 lilia:
741 3499 915 3563 malae,
937 3500 1057 3553 lilia:
1087 3515 1192 3553 non
1211 3498 1557 3553 similitudine
1582 3513 1812 3563 morum,

232 3589 328 3644 sed
358 3588 718 3645 similitudine
744 3589 1231 3644 Sacramentoruni.
1265 3589 1467 3643 Habent
1498 3597 1553 3643 et
1582 3588 1710 3657 ipsae
1732 3588 1828 3642 Sa-

235 3690 516 3734 cramenta
558 3692 762 3749 nostra,
807 3681 1005 3735 habent
1039 3680 1342 3750 Scripturas
1370 3689 1598 3743 nostras,
1630 3680 1830 3736 habent

233 3778 409 3830 Amen
440 3785 499 3830 et
530 3775 755 3830 Alleluia
790 3786 1058 3839 nostrum,
1090 3774 1289 3829 habent
1314 3775 1578 3843 pleraeque
1603 3773 1829 3844 Symbo-

233 3866 342 3919 lum
375 3876 653 3930 nostrum,
705 3867 903 3920 habent
948 3867 1131 3920 multa:
1177 3866 1501 3936 Baptismum
1541 3876 1824 3918 nostrmn:

243 3956 363 4011 Meo
395 3958 543 4012 Illuc.
577 3956 683 4011 Sed
711 3958 833 4011 huic
861 3957 1089 4021 mulieri,
1113 3957 1272 4011 vultis
1324 3970 1501 4021 nosse,
1531 3955 1657 4026 quid
1702 3955 1827 4009 alibi

234 4047 435 4102 dictum
466 4048 561 4113 sit,
610 4049 660 4103 in
710 4049 943 4103 Canticis
988 4047 1358 4103 canticorum?
1386 4047 1530 4103 Sicut
1571 4048 1732 4102 liliunt
1774 4048 1827 4101 in

232 4138 399 4192 taedio
434 4140 724 4207 spinarum,
766 4149 838 4192 ita
883 4140 1120 4209 proxima
1169 4156 1278 4192 mea
1327 4140 1380 4193 in
1411 4140 1576 4193 medio
1604 4139 1828 4208 ﬁliarunt

234 4228 408 4283 (ϐακε.
433 4246 497 4296 ιι,
530 4231 607 4289 2).
642 4230 830 4284 Mirum
858 4230 1309 4296 dietum,easdem
1337 4240 1391 4284 et
1418 4231 1598 4299 spinas
1619 4230 1751 4283 dixit
1775 4239 1829 4283 et

232 4323 388 4377 tilias.
414 4322 481 4375 Et
508 4323 614 4377 illa:
637 4324 803 4393 spina:
829 4324 1027 4378 iaciunt
1053 4324 1384 4393 potentiam?
1403 4322 1622 4377 Faciunt
1646 4322 1821 4392 plane.

230 4412 347 4469 Non
380 4415 580 4469 videtis
626 4416 1070 4485 quemadmodum
1117 4424 1172 4470 et
1216 4416 1342 4484 ipsa:
1374 4416 1605 4470 hmreses
1648 4423 1824 4481 orent,

227 4506 497 4585 jejuncnt,
524 4506 1064 4578 denteleemosyuas,
1096 4506 1316 4561 laudent
1350 4506 1659 4561 Christum?
1692 4508 1826 4585 Pos-

232 4584 348 4651 sum
379 4598 588 4664 dicere,
618 4613 739 4654 esse
772 4599 841 4654 ibi
866 4597 1379 4669 pseudOprophetas,
1412 4598 1479 4653 de
1515 4600 1708 4669 quibus
1742 4584 1824 4654 di—

232 4700 373 4743 ctum
416 4698 523 4754 est,
555 4688 777 4744 Faciunt
806 4695 953 4760 signa
981 4701 1027 4744 et
1058 4690 1293 4761 prodigia
1319 4690 1498 4754 multa,
1541 4700 1594 4743 ut
1621 4691 1824 4762 fallant,

238 4782 278 4834 si
306 4781 426 4849 ﬁeri
445 4789 633 4851 potest,
664 4782 812 4835 etiam
837 4782 1034 4836 electos.
1054 4781 1188 4835 Ecce
1214 4783 1428 4853 praedixi
1453 4782 1588 4837 vobis
1615 4783 1824 4853 (Matth.

233 4890 377 4940 sm,
408 4874 504 4942 24,
550 4875 668 4943 25).
698 4875 920 4931 Faciunt
950 4876 1239 4946 potentiam
1288 4885 1344 4931 et
1381 4875 1550 4945 spina:
1587 4893 1600 4930 :
1629 4876 1697 4931 de
1726 4894 1826 4947 qua

234 4968 473 5035 potentia
505 4966 725 5030 dicitur,
758 4966 946 5023 Nonne
992 4969 1044 5022 in
1075 4968 1278 5023 nomine
1304 4982 1388 5023 tuo
1415 4970 1828 5025 manducavimus

236 5068 280 5109 et
307 5058 551 5124 bibimus,
599 5070 648 5113 et
674 5060 729 5114 in
782 5061 985 5115 nomine
1013 5072 1096 5115 tuo
1150 5063 1353 5115 virtutes
1395 5063 1579 5116 multas
1620 5064 1828 5134 fecimus

236 5151 450 5219 (Matth.
480 5169 575 5218 vn,
607 5153 697 5218 22,
744 5164 789 5207 et
821 5154 947 5208 Luc.
977 5171 1091 5219 xm,
1138 5154 1272 5225 26)?
1303 5154 1727 5210 Manducavimus
1780 5168 1827 5211 et

240 5244 474 5306 bibimus,
503 5258 612 5299 non
658 5244 727 5300 de
768 5260 1103 5316 quocumque
1130 5247 1248 5301 cibo
1288 5246 1490 5301 diceret
1524 5265 1535 5301 :
1567 5248 1733 5302 nostis
1760 5247 1827 5305 de

238 5349 340 5402 quo
366 5336 553 5391 dicere
574 5338 766 5406 potuit,
789 5338 873 5393 vel
902 5339 1022 5393 cibo
1048 5339 1130 5393 vel
1156 5350 1299 5409 potu.
1325 5339 1388 5393 Et
1416 5341 1622 5394 virtutes
1645 5344 1828 5397 multas

236 5429 469 5494 fecimus.
523 5429 748 5485 Faciunt
790 5432 1080 5501 potentiam
1122 5432 1303 5486 multa:
1348 5432 1488 5499 tiliae,
1527 5451 1631 5489 non
1661 5450 1825 5505 nega-

237 5534 386 5572 mus:
421 5531 477 5574 et
504 5525 671 5591 spina:
701 5522 886 5578 ﬂorem
920 5523 1140 5590 habent,
1186 5524 1280 5579 sed
1322 5524 1551 5581 fructum
1592 5543 1696 5581 non
1729 5528 1826 5582 ha-

272 5654 309 5719 }
337 5655 481 5704 Liber
503 5654 568 5705 cl.
602 5656 865 5720 Audiamus
885 5657 953 5708 ita
975 5672 1184 5711 vivamus
1202 5659 1251 5710 in
1276 5658 1361 5710 illa
1379 5696 1395 5720 ,
1428 5668 1472 5712 et
1496 5676 1606 5713 cum
1624 5661 1710 5714 illa
1742 5678 1829 5714 au-

447 5719 872 5781 quemadmodum,
895 5729 990 5770 etc.

232 5779 494 5879 bimus,
521 5779 641 5840 Qta'a
663 5787 708 5832 et
727 5781 829 5833 illm
852 5789 899 5833 et
938 5782 1045 5834 istm
1075 5789 1203 5835 natm
1238 5791 1362 5836 sunt.
1402 5786 1570 5837 Melius
1603 5793 1739 5850 Mss,
1764 5801 1827 5839 ex

476 5939 701 5997 bum.
755 5956 1035 6011 Acuusr.
1080 5951 1158 6011 ν.

1601 358 1831 418 SERMO
1870 352 2136 412 XXXVII.

3400 349 3509 407 23b

1929 472 2077 528 bent.
2123 473 2251 529 lltee
2272 483 2451 530 autem
2478 474 2561 529 cui
2599 474 2752 541 dixit,
2784 471 2859 527 Tu
2884 481 3053 526 autem
3078 469 3327 540 superasti
3351 479 3398 523 et
3424 486 3513 524 su-

1928 566 2229 635 perposuiin
2249 581 2436 631 omnes,
2466 564 2606 620 unde
2626 564 2914 634 superavit,
2942 562 3043 618 nisi
3064 562 3187 633 quia
3208 577 3312 615 non
3334 559 3510 615 solum

1926 654 2135 721 ﬂorem,
2157 656 2250 710 sed
2273 667 2327 710 et
2356 657 2579 711 fructum
2609 655 2801 710 habet?

1996 746 2220 802 CAPUT
2248 745 2431 802 XVIII.
2453 777 2523 787 --
2546 746 2636 801 28.
2669 747 2834 814 Quem
2864 744 3094 802 fructum
3128 743 3331 799 habet?
3361 742 3515 800 Unde

1926 843 2232 912 superavit?
2280 843 2497 896 Dicatur
2544 842 2691 895 mihi.
2745 840 3245 912 Supereminentem,
3305 838 3512 909 inquit.

1884 963 1891 969 -
1926 932 2057 985 uiam
2092 933 2227 987 vobis
2265 934 2569 987 demonstro.
2610 932 2780 998 Quam
2823 931 3306 1002 supereminentem
3335 928 3517 984 viam?

1927 1022 2056 1088 Quia
2083 1023 2204 1078 inde
2235 1024 2333 1077 ista
2359 1024 2650 1093 superavit,
2677 1023 2798 1077 inde
2820 1022 2915 1076 ista
2938 1023 3271 1092 superposuit
3301 1036 3511 1076 omnes.

1929 1115 1991 1169 Si
2026 1115 2209 1186 linguis
2254 1100 2515 1169 hominum
2558 1116 2737 1185 loquar
2771 1123 2817 1167 et
2846 1114 3173 1183 Angelorum,
3215 1112 3515 1167 charitatem

1926 1195 2091 1259 autem
2116 1223 2215 1259 non
2245 1205 2477 1272 habeam,
2511 1211 2672 1278 factus
2698 1222 2811 1259 sum
2836 1214 3165 1259 mramentum
3191 1220 3396 1269 sonans,
3426 1213 3516 1257 aut

1927 1298 2210 1367 cymbalum
2257 1298 2491 1351 tinniens.
2544 1297 2802 1367 Loquitur
2845 1297 3059 1367 linguis,
3106 1296 3174 1351 ad
3222 1297 3515 1366 potentiam

1928 1388 2071 1443 illam
2111 1388 2270 1444 flores
2305 1391 2589 1458 pertinent.
2624 1388 2686 1444 Si
2718 1389 2876 1442 sciam
2914 1387 3084 1441 omnia
3119 1397 3434 1441 sacramenta
3472 1396 3517 1441 et

1928 1497 2125 1535 omnem
2168 1483 2466 1548 scientiam,
2517 1492 2564 1536 et
2614 1480 2824 1535 habeam
2868 1496 3064 1533 onmem
3104 1479 3422 1549 prophetiam
3469 1487 3517 1532 et

1928 1588 2122 1627 omnem
2164 1574 2334 1639 ﬁdem,
2362 1574 2433 1627 ita
2472 1584 2526 1627 ut
2567 1584 2759 1626 montes
2797 1558 3122 1642 transferam,
3167 1569 3381 1642 (quanta
3424 1586 3519 1639 po-

1930 1664 2146 1736 tentia!)
2174 1667 2469 1720 charitatem
2495 1677 2665 1719 autent
2691 1682 2789 1718 non
2816 1664 3045 1728 habeam,
3070 1663 3198 1717 nihil
3221 1679 3351 1717 sum.
3375 1661 3517 1718 Audi

1928 1759 2101 1814 adhuc
2146 1761 2277 1814 alias
2323 1759 2615 1830 potentias,
2650 1759 2715 1813 ad
2764 1760 2951 1813 llorem
3002 1758 3361 1827 pertinentes,
3408 1772 3515 1811 non

1927 1850 1993 1904 ad
2024 1849 2273 1904 fructum.
2331 1851 2392 1905 Si
2435 1851 2734 1903 distribuero
2789 1849 2959 1903 omnia
3003 1864 3113 1901 mea
3165 1846 3513 1918 pauperibus,

1928 1950 1974 1995 et
2046 1942 2303 1997 tradidero
2363 1958 2546 2011 corpus
2593 1958 2755 1994 meum
2809 1951 2864 1994 ut
2923 1939 3168 2003 ardeant,
3219 1940 3518 1993 charitatem

1928 2042 2093 2086 autem
2133 2050 2231 2086 non
2280 2032 2520 2099 habuero,
2574 2032 2703 2085 nihil
2749 2031 2873 2085 mihi
2912 2030 3110 2103 prodest
3151 2028 3210 2099 (ι
3254 2028 3371 2085 Cor.
3416 2046 3515 2094 xu,

1930 2126 2019 2189 31.
2049 2136 2096 2180 et
2123 2141 2241 2187 xm.
2283 2126 2361 2195 5).
2389 2123 2537 2178 Hanc
2572 2123 2715 2177 habet
2751 2124 2847 2177 ista
2870 2122 3319 2193 supereminentem
3344 2121 3474 2174 viam
3495 2163 3512 2187 ,

1929 2217 2072 2271 unde
2113 2217 2186 2271 illi
2225 2216 2375 2281 dixit,
2413 2216 2592 2269 Multa:
2632 2216 2755 2284 filim
2789 2217 3010 2287 fecerunt
3047 2216 3313 2284 potentias.
3343 2212 3518 2267 Multa:

1931 2308 2120 2363 locuta:
2150 2318 2271 2363 sunt
2293 2309 2505 2378 linguis,
2534 2307 2767 2363 scierunt
2794 2306 2970 2360 omnia
3001 2316 3351 2372 sacramenta,
3378 2305 3519 2360 fece-

1930 2409 2057 2454 runt
2085 2400 2308 2454 virtutes
2336 2400 2527 2453 multas
2547 2440 2560 2462 ,
2594 2398 2857 2453 daemonia
2884 2398 3245 2463 excluSetunt,
3276 2412 3363 2452 res
3392 2411 3518 2452 suas

1931 2492 2255 2562 pauperibus
2294 2491 2701 2556 distribuerunt,
2733 2504 2955 2558 corpora
2982 2504 3079 2544 sua
3118 2489 3326 2558 ignibus
3357 2489 3519 2543 tradi-

1929 2583 2146 2638 derunt.
2176 2582 2315 2638 Infra
2349 2592 2399 2637 te
2436 2591 2561 2636 sunt
2590 2583 2630 2646 ¹,
2659 2582 2779 2651 quia
2817 2580 3127 2635 charitatem
3167 2596 3271 2635 non
3314 2579 3519 2634 habue-

1929 2687 2071 2732 runt.
2098 2676 2178 2732 Tu
2206 2686 2370 2731 autem
2399 2676 2647 2747 superasti
2681 2683 2726 2729 et
2767 2674 3134 2743 superposuisti
3168 2689 3341 2729 omnes
3366 2688 3385 2726 :
3411 2687 3519 2728 non

1930 2770 2102 2824 solum
2144 2769 2295 2833 ﬂore,
2337 2768 2430 2823 sed
2471 2782 2526 2823 et
2555 2769 2724 2822 l'ructu
2750 2766 2988 2836 gravida,
3023 2766 3194 2821 fructu
3219 2765 3515 2821 abundans.

1930 2861 2064 2917 Vide
2090 2862 2260 2931 ipsum
2289 2862 2497 2916 botrmn
2525 2862 2568 2926 ³,
2602 2859 2741 2913 unde
2768 2859 3000 2927 incipiat.
3027 2857 3159 2914 Cum
3182 2868 3519 2913 enumeraret

1930 2966 2090 3022 opera
2119 2954 2315 3015 carnis,
2340 2951 2747 3013 Fornicationes,
2780 2948 2967 3019 inquit,
2996 2950 3344 3015 immunditim,
3377 2950 3522 3004 luxu.

1931 3044 2045 3108 rim,
2089 3043 2340 3096 idolorum
2383 3043 2624 3105 servitus,
2670 3040 2938 3109 veneﬁcia,
2969 3040 3272 3103 inimicitiae,
3312 3050 3520 3095 conten-

1932 3136 2110 3202 tiones,
2130 3134 2495 3197 mmulationes,
2516 3133 2879 3197 animositates,
2904 3131 3261 3199 dissensiones,
3284 3132 3519 3199 Itmreses,

1930 3227 2151 3288 invidim,
2181 3228 2582 3293 comessationes,
2614 3225 2910 3290 ebrietates,
2948 3235 2994 3279 et
3045 3225 3123 3279 his
3160 3226 3383 3293 similia;
3408 3244 3521 3299 qua:

1933 3318 2152 3388 prmdico
2182 3319 2336 3383 vobis,
2368 3319 2497 3371 sicut
2527 3318 2762 3386 prmdixi,
2791 3317 3029 3387 quoniam
3055 3317 3141 3383 qui
3179 3317 3304 3370 talia
3339 3330 3519 3389 agunt,

1932 3426 2143 3479 regnum
2188 3408 2285 3461 Dei
2330 3426 2429 3462 non
2478 3407 2798 3479 possidebunt
2845 3423 2865 3463 :
2901 3408 3225 3464 enumeratis
3271 3410 3521 3465 omnibus

1932 3500 2098 3569 spinis
2128 3499 2180 3553 in
2210 3501 2382 3569 ignem
2415 3499 2709 3564 mittendis,
2742 3497 2965 3552 Fructus
2992 3509 3159 3553 autent
3185 3500 3397 3569 spiritus
3425 3512 3518 3568 est,

1932 3591 2129 3661 inquit,
2158 3591 2412 3657 charitas;
2443 3600 2495 3645 ct
2538 3591 2605 3645 ab
2633 3590 2733 3645 hoc
2759 3591 2927 3660 capite
2958 3590 3000 3654 ³,
3029 3591 3097 3646 ab
3137 3593 3234 3647 hac
3271 3602 3520 3663 tanquam

1933 3683 2109 3738 radice
2151 3691 2342 3737 caetera
2385 3691 2757 3747 contexuntur,
2806 3681 3089 3745 Gaudium,
3136 3684 3521 3752 pax,longani-

1932 3778 2109 3838 mitas,
2158 3773 2467 3844 benignitas,
2498 3772 2727 3838 bonitas,
2779 3773 3310 3841 ﬁdes,mansuetudo,
3362 3775 3521 3826 conti.

1933 3869 2101 3921 nentia
2130 3866 2326 3940 (Calai.
2368 3882 2423 3931 v,
2469 3865 2674 3926 19-25;.
2711 3865 2862 3920 Unde
2904 3865 3006 3919 iste
3044 3866 3226 3920 botrus
3267 3866 3519 3935 pulcher?

1932 3960 2063 4026 Quia
2098 3958 2295 4029 pendet
2329 3973 2361 4013 a
2406 3956 2684 4012 charitate.
2715 3956 2898 4011 Multm
2932 3957 3056 4026 ﬁlim
3093 3958 3312 4027 fecerunt
3349 3970 3514 4027 poten-

1933 4061 2055 4105 ttant
2082 4067 2101 4104 :
2130 4062 2183 4104 tu
2209 4060 2376 4103 autem
2404 4051 2655 4119 superasti
2679 4060 2726 4104 et
2751 4051 3119 4120 superposuiin
3147 4067 3337 4105 ontnes.

2002 4142 2226 4199 CAPUT
2255 4140 2396 4198 XIX.
2426 4173 2496 4183 ——
2523 4141 2612 4197 29.
2652 4142 2711 4197 In
2742 4142 2844 4197 illis
2873 4142 2999 4212 quid
3029 4144 3320 4198 remansit?
3352 4142 3524 4198 Falsa

1932 4239 2129 4310 gratim,
2175 4247 2222 4291 et
2260 4253 2393 4291 vana
2439 4239 2629 4305 species
2674 4236 2921 4290 mulieris.
2957 4235 3089 4304 Quia
3128 4237 3172 4290 si
3208 4237 3523 4293 charitatem

1934 4346 2039 4384 non
2070 4329 2272 4394 habeo,
2306 4334 2471 4400 [actus
2500 4345 2612 4383 sum
2641 4338 2969 4382 a'rttmcntunt
2994 4344 3210 4394 sonans,
3243 4338 3287 4382 ct
3314 4330 3522 4399 cymba-

1933 4423 2037 4476 lum
2076 4422 2292 4475 tinniens
2335 4436 2353 4475 :
2392 4420 2519 4474 nihil
2554 4437 2696 4486 sunt,
2743 4420 2870 4473 nihil
2921 4420 3043 4473 mihi
3084 4420 3310 4489 prodest.
3353 4420 3523 4476 Falsa:

1932 4524 2047 4569 sunt
2073 4529 2201 4583 ergo
2225 4513 2423 4585 gratim,
2454 4522 2499 4567 et
2530 4529 2656 4566 vana
2679 4513 2871 4582 species
2901 4512 3141 4565 mulieris.
3179 4511 3367 4567 Mulier
3392 4516 3522 4567 enim

1933 4607 2134 4677 sapiens
2155 4605 2482 4659 benedicitur.
2513 4602 2615 4657 lsta
2639 4619 2756 4672 qua:
2773 4603 3017 4672 quaesivit
3035 4604 3161 4673 quid
3186 4604 3519 4674 intelligeret,

1933 4715 2051 4769 qua:
2091 4699 2417 4754 intellectum
2455 4695 2758 4760 ευδιοόίνίι,
2795 4696 2891 4749 ista
2922 4696 3155 4764 sapiens,
3177 4698 3273 4750 ista
3301 4696 3520 4750 benedi-

1932 4791 2070 4844 citur
2103 4808 2116 4845 :
2146 4805 2250 4843 non
2278 4788 2382 4842 illa:
2429 4786 2575 4841 falsa:
2615 4787 2853 4854 species,
2894 4801 2997 4840 non
3040 4787 3128 4840 illa
3160 4802 3291 4840 vana
3332 4788 3519 4855 gratia.

1936 4880 2161 4950 Sapiens
2197 4880 2389 4934 mulier
2426 4877 2781 4933 benedicitur.
2816 4877 3065 4931 Timorem
3108 4889 3272 4931 autem
3315 4877 3519 4932 Domini

1933 4974 2044 5042 ipsa
2070 4971 2347 5025 collaudat.
2376 4970 2492 5040 Ipsa
2513 4986 2631 5039 quae
2657 4969 3007 5034 benedicitur,
3031 4969 3297 5024 Collaudat
3323 4970 3519 5040 aliquid

1935 5064 2075 5119 unde
2102 5063 2471 5128 benedicatur,
2497 5061 2621 5133 quia
2661 5062 2874 5132 sapiens
2911 5070 3011 5116 est.
3041 5060 3175 5127 Quid
3214 5061 3516 5116 collaudat?

1934 5157 2204 5211 Timorem
2251 5155 2480 5221 Domini,
2521 5171 2627 5224 quo
2666 5153 2919 5223 perducta
2964 5162 3043 5206 est
3081 5152 3148 5205 ad
3183 5154 3519 5224 sapientiam.

1936 5247 2147 5302 Initium
2171 5248 2312 5302 enim
2338 5247 2633 5316 sapientiai,
2659 5247 2820 5299 timor
2842 5243 3046 5297 Domini
3074 5242 3243 5315 (Psal.
3274 5262 3367 5314 cx,
3396 5249 3519 5315 10):

1935 5338 2189 5392 Timorem
2222 5349 2392 5392 autem
2421 5336 2638 5391 Domini
2680 5338 2791 5406 ipsa
2816 5335 3089 5389 collaudat.
3118 5335 3405 5394 Laboriosa
3448 5350 3526 5394 tit

1934 5430 2181 5485 noctibus
2208 5429 2252 5497 ⁸,
2284 5430 2421 5483 inter
2451 5438 2527 5484 tot
2556 5428 2803 5483 scandala
2830 5427 3060 5497 patiens,
3094 5430 3311 5499 provida
3333 5431 3400 5486 ad
3427 5448 3521 5487 8i-

2000 5608 2017 5639 ί
2038 5606 2173 5670 Editi,
2202 5603 2383 5670 Inﬂatm
2405 5611 2529 5670 sunt.
2556 5603 2936 5670 AtCoIbertinus
2959 5613 3039 5655 Ms.
3068 5608 3203 5670 Infra
3220 5613 3266 5658 te
3284 5617 3410 5670 sunt.
3436 5617 3524 5659 Ma-

1934 5670 2013 5732 gis
2034 5669 2093 5717 ad
2115 5665 2313 5717 sensum
2337 5668 2480 5729 hujus
2502 5665 2750 5732 versiculi,
2776 5675 2841 5732 Τμ
2863 5675 3022 5732 autem
3052 5665 3308 5731 superasti,
3334 5679 3429 5721 etc.

1996 5733 2015 5762 ³
2039 5736 2104 5779 tta
2130 5732 2177 5778 in
2202 5738 2310 5791 Mss.
2334 5726 2452 5791 stin
2477 5730 2637 5791 editis,
2662 5729 2779 5779 Vide
2801 5726 3162 5791 ipsum/larem.

1998 5791 2018 5854 ξ
2042 5792 2161 5840 ῐῖᾱὶίὶ
2185 5798 2237 5840 El
2262 5790 2322 5854 ab
2345 5790 2432 5839 hoc
2456 5790 2608 5853 apice.
2636 5798 2690 5841 Αι
2711 5790 2839 5851 Mss,
2858 5790 3029 5854 capite.

1997 5852 2019 5884 ⁸
2043 5854 2114 5901 Sic
2138 5860 2217 5901 Ms.
2244 5852 2566 5902 Colbcrtinus.
2595 5862 2647 5904 At
2672 5854 2807 5915 editi,
2826 5852 3131 5903 landlolt'btts.

2904 5955 2940 6005 /
2940 5956 3005 6016 Η
3011 5955 3165 6022 uit.)
