3994 6456
481 384 590 442 9‘55

480 496 861 569 spectandum,
896 489 1046 545 fortis
1083 486 1148 542 ad
1180 483 1532 547 tolerandum,
1565 491 1814 535 consmns
1841 477 1906 531 ad
1941 490 2062 569 per-

480 567 833 644 severandum
863 598 878 636 :
911 579 1180 636 laboribus
1219 576 1416 642 ﬁnitis,
1444 573 1577 626 Date
1615 572 1690 626 illi
1729 573 1791 622 de
1821 567 2064 639 fructibus

480 695 725 735 manuum
770 689 996 730 suarum.
1046 669 1217 736 Fecit,
1262 667 1386 722 fecit
1429 683 1442 719 :
1491 665 1648 734 digna
1689 670 1769 715 est
1804 660 2060 729 recipere.

478 770 614 827 Date
653 769 731 823 illi
772 767 834 820 de
868 762 1109 836 fructibus
1147 776 1388 814 manuum
1425 773 1632 811 suarum
1666 755 1706 820 ί,
1734 753 1868 820 Quid
1905 749 2066 804 date?

492 861 684 925 Venite,
713 856 954 912 benedicti
981 851 1154 907 Patris
1183 851 1300 906 mei.
1333 849 1464 904 Date
1491 847 1568 902 illi
1597 847 1658 900 de
1685 844 1930 916 fructibus
1957 857 2065 894 ma-

479 971 635 1010 nuum
669 956 795 1025 ejus.
839 951 976 1019 Quid
1020 949 1174 1005 date?
1216 948 1469 1018 Percipite
1506 962 1718 1018 regnum
1755 943 1888 1014 quod
1927 941 2065 996 vobis

478 1056 712 1118 paratum
753 1053 824 1100 est
871 1042 934 1098 ab
978 1042 1172 1113 origine
1212 1039 1409 1094 mundi.
1456 1039 1592 1093 Ecce
1633 1035 1758 1106 quid
1803 1035 1936 1088 date.
1985 1033 2062 1086 De

477 1138 670 1208 quibus
690 1137 934 1207 fructibus
952 1149 1194 1189 manuum
1210 1132 1360 1203 ejus?
1384 1130 1586 1184 Esurivi
1612 1128 1763 1192 enim,
1787 1136 1833 1181 et
1857 1124 2064 1180 dedistis

476 1229 602 1284 mihi
640 1227 948 1281 manducare
985 1224 1196 1296 (Matth.
1237 1238 1374 1290 xxv,
1419 1222 1512 1288 54,
1561 1219 1673 1290 55).
1717 1218 1849 1273 Date
1889 1216 1966 1271 illi
2003 1217 2065 1271 de

479 1322 729 1394 fructibus
758 1337 1000 1374 manuum
1025 1321 1154 1389 ejus.

549 1414 775 1471 CAPUT
802 1413 922 1469 XX.
943 1443 1018 1454 —-
1039 1412 1128 1468 50.
1161 1411 1222 1466 Et
1256 1409 1399 1482 quod
1438 1408 1517 1464 illi
1559 1405 1754 1462 deinde
1793 1403 2062 1474 negotium

478 1508 603 1574 erit,
643 1507 805 1562 ﬁnitis
837 1503 1140 1561 laboribus?
1171 1501 1237 1556 Et
1277 1502 1510 1574 laudetur
1535 1500 1588 1554 in
1627 1499 1786 1570 portis
1814 1498 1890 1552 vir
1931 1498 2060 1568 ejus.

474 1600 595 1674 Ipse
630 1600 735 1655 erit
776 1606 958 1669 portus
995 1595 1238 1651 laborum
1280 1602 1614 1657 nostrorum,
1650 1589 1830 1644 videre
1874 1589 2059 1651 Deum,

475 1702 530 1747 et
576 1690 793 1746 laudare
837 1690 1022 1744 Deum.
1047 1687 1163 1742 Non
1214 1685 1284 1740 ibi
1324 1684 1531 1740 dicetur
1571 1702 1584 1737 ε
1625 1681 1813 1752 Surge,
1859 1680 2060 1745 labora,

474 1785 608 1840 vesti
664 1797 866 1845 servos,
918 1779 1053 1836 vesti
1103 1787 1156 1834 te
1204 1778 1398 1847 ipsam,
1451 1789 1646 1830 ornare
1695 1787 1948 1843 purpura,
1995 1771 2062 1824 da

475 1889 628 1931 escas
655 1871 880 1936 famulis,
913 1867 1125 1924 attende
1165 1885 1231 1922 ne
1258 1867 1474 1921 lucerna
1501 1864 1888 1934 exstinguatur,
1918 1861 2064 1916 solli-

473 1966 581 2021 cita
620 1974 757 2030 esto,
798 1976 957 2032 surge
990 1959 1059 2016 de
1088 1959 1352 2022 noctibus,
1389 1957 1538 2028 aperi
1573 1953 1794 2026 pauperi
1823 1967 2064 2019 manum,

473 2057 661 2128 trajice
680 2055 748 2111 de
766 2055 885 2110 colo
912 2054 962 2108 in
991 2051 1184 2108 fusum.
1205 2050 1322 2106 Non
1345 2058 1504 2105 erunt
1521 2063 1682 2118 opera
1709 2045 2060 2112 necessitatis,

475 2151 568 2207 ubi
595 2149 739 2206 nulla
779 2145 1092 2203 necessitas.
1120 2143 1236 2198 Non
1271 2151 1429 2198 erunt
1466 2155 1628 2211 opera
1659 2136 2062 2203 misericordias,

474 2240 565 2296 ubi
613 2239 755 2294 trulla
802 2237 1037 2292 miseria.
1079 2234 1195 2290 Non
1231 2233 1430 2304 frangis
1463 2247 1652 2302 panem
1691 2229 1930 2302 pauperi,
1973 2229 2064 2286 ubi

472 2346 634 2386 nemo
655 2328 938 2385 mendicat.
979 2326 1095 2382 Non
1121 2325 1348 2395 suscipis
1383 2323 1739 2394 peregrinum,
1764 2322 1849 2376 ubi
1875 2335 2065 2376 omnes

473 2424 529 2478 in
569 2422 737 2494 patria
778 2437 870 2476 sua
896 2421 1097 2475 vivunt.
1127 2417 1244 2474 Non
1271 2418 1453 2472 visitas
1493 2431 1716 2487 mgrum,
1746 2415 1835 2472 ubi
1872 2428 2063 2470 omnes

473 2523 733 2586 perpetuo
771 2513 886 2568 sani
927 2520 1071 2566 sunt.
1111 2509 1226 2566 Non
1265 2510 1432 2565 vestis
1475 2508 1694 2573 nudum,
1743 2507 1831 2563 ubi
1876 2521 2064 2562 omnes

473 2617 674 2664 aeterna
719 2607 837 2662 luce
865 2606 1046 2661 vestiti
1088 2614 1233 2660 sunt.
1265 2603 1380 2659 Non
1422 2603 1618 2674 sepelis
1655 2611 1939 2667 mortuum,
1973 2603 2062 2658 ubi

467 2715 663 2755 omnes
681 2699 799 2755 sine
822 2696 1050 2753 termino
1071 2697 1272 2751 vivunt.
1297 2695 1407 2751 Nec
1429 2705 1603 2749 l3an
1627 2694 1724 2748 ista
1748 2709 1851 2748 non
1874 2708 2061 2764 agens,

469 2792 606 2847 nihil
661 2791 816 2863 agis:
847 2789 1050 2846 videbis
1089 2789 1230 2843 enim
1273 2802 1434 2857 quem
1473 2785 1820 2851 desiderasti,
1860 2796 1913 2839 et
1947 2784 2064 2841 sine

473 2884 684 2939 defectu
722 2881 984 2938 laudabis.
1027 2881 1189 2935 Istum
1225 2879 1455 2949 accipies
1492 2877 1743 2933 fructum.
1772 2877 1922 2931 Tunc
1961 2877 2064 2930 erit

475 2993 579 3033 una
617 2977 706 3031 illa
745 2991 904 3046 quam
945 2974 1122 3044 petisti
1167 2991 1180 3028 :
1213 2972 1382 3028 Unam
1421 2973 1542 3044 petii
1577 2988 1610 3025 a
1651 2971 1892 3036 Domino,
1933 2970 2063 3024 Itane

469 3069 744 3140 requiram,
776 3077 830 3121 ut
857 3066 1133 3121 inhabilem
1156 3065 1208 3118 in
1237 3064 1388 3118 domo
1414 3061 1616 3116 Domini
1645 3077 1734 3132 per
1761 3077 1932 3115 omnes
1955 3060 2062 3114 dies

473 3161 589 3214 uiue
625 3174 769 3213 meae.
800 3158 868 3212 Et
905 3156 1029 3226 quid
1071 3155 1142 3210 ibi
1181 3153 1386 3210 facies?
1419 3151 1485 3208 Ut
1514 3153 1818 3220 contemplor
1843 3151 2061 3205 delecta-

474 3251 663 3305 tionem
694 3249 900 3304 Domini
941 3245 1111 3320 (Psal.
1149 3261 1300 3311 XXVI,
1331 3245 1410 3315 4).
1443 3243 1512 3298 Et
1555 3242 1790 3297 laudetur
1817 3242 1871 3296 in
1904 3243 2063 3312 portis

472 3344 550 3398 uir
587 3343 717 3413 ejus.
767 3340 911 3394 Beati
948 3341 1034 3410 qui
1083 3337 1311 3392 habitant
1347 3337 1400 3391 in
1439 3336 1589 3390 domo
1626 3346 1749 3398 tua;
1785 3335 1837 3388 in
1874 3335 2063 3388 sarcula

471 3435 776 3491 sceculorunt
801 3434 1076 3490 laudabunt
1103 3444 1150 3488 te
1179 3430 1348 3505 (Psal.
1378 3447 1606 3497 uxxul,
1635 3428 1712 3504 5).

937 3565 1168 3623 SERMO
1203 3565 1470 3622 xxxvut
1501 3564 1634 3637 ·(α).

472 3682 552 3738 De
581 3681 740 3737 verbis
766 3680 1108 3738 Ecclesiastici
1135 3697 1190 3747 ιι,
1236 3682 1351 3746 1-5,
1387 3681 1509 3748 Fili,
1541 3680 1802 3738 accedens
1837 3680 1905 3736 ad
1942 3695 2060 3736 ser-

549 3775 772 3830 vitutem
810 3774 933 3840 Dei,
964 3784 1061 3828 etc.
1105 3773 1171 3828 Et
1211 3773 1274 3828 de
1304 3773 1465 3828 verbis
1505 3773 1700 3829 Psalnti
1737 3789 1966 3840 xxxvul,
2004 3774 2059 3842 7,

548 3870 863 3940 Quanquam
895 3869 946 3924 in
978 3867 1206 3940 imagine
1233 3869 1470 3925 ambulat
1499 3869 1681 3937 homo,
1709 3879 1809 3924 etc.
1835 3867 1915 3923 De
1936 3885 2061 3924 con-

545 3962 756 4016 tinentia
783 3971 830 4014 et
858 3961 1174 4015 sustinentia.

543 4097 772 4154 CAPUT
798 4097 1081 4154 PRIMUM.
1136 4127 1207 4137 —-
1234 4099 1286 4152 l.
1327 4095 1462 4152 Duce
1495 4097 1700 4152 virtutes
1736 4097 1889 4168 hujus
1924 4098 2061 4152 uitur.

474 4191 592 4246 Duo
616 4200 740 4246 sunt
767 4206 886 4262 qua:
914 4190 966 4246 in
995 4189 1096 4245 hac
1113 4190 1221 4245 vita
1251 4189 1414 4246 veluti
1443 4189 1707 4245 laboriosa
1735 4191 1889 4245 nobis
1917 4206 2061 4261 prae-

472 4283 764 4355 cipiuntur,
795 4281 1070 4338 continere
1099 4291 1153 4338 et
1178 4282 1463 4337 sustinere.
1493 4281 1752 4338 Jubemur
1774 4283 1914 4338 enim
1941 4298 2064 4338 eon-

477 4377 650 4431 tinere
690 4375 758 4430 ab
798 4374 882 4431 his
915 4390 1034 4445 qua:
1072 4375 1124 4429 in
1165 4373 1267 4430 hoc
1303 4374 1502 4430 mundo
1536 4374 1785 4431 dicuntur
1823 4374 1981 4442 bona,
2009 4385 2064 4432 et

474 4469 742 4524 sustinere
779 4483 841 4523 ea
868 4483 989 4539 qua:
1025 4468 1076 4523 in
1107 4467 1209 4523 hoc
1244 4466 1446 4523 mundo
1477 4467 1754 4524 abundant
1781 4471 1939 4524 mala.
1967 4468 2062 4524 Illa

471 4560 827 4625 continentia,
876 4559 977 4615 ista
1015 4559 1330 4615 sustinentia
1367 4569 1586 4614 vocatur
1627 4577 1642 4614 :
1680 4559 1798 4614 dua:
1836 4561 2063 4615 virtutes

475 4668 594 4721 qua:
625 4651 879 4706 inundant
902 4652 1151 4713 animam,
1176 4659 1230 4705 et
1254 4666 1502 4722 capacem
1532 4650 1731 4707 faciunt
1751 4653 2060 4709 divinitatis.

470 4745 532 4800 In
575 4743 846 4800 frenandis
888 4742 1192 4798 libidinibus
1231 4751 1285 4798 et
1328 4743 1641 4799 coercendis
1679 4743 2059 4814 voluptatibus,

477 4855 544 4894 ne
591 4837 810 4894 seducat
853 4836 994 4907 quod
1039 4837 1177 4892 male
1221 4836 1505 4900 blanditur,
1560 4846 1615 4892 et
1659 4847 1878 4892 enervet
1920 4837 2062 4908 quod

477 4945 793 5000 prosperum
837 4929 1051 4993 dicitur,
1083 4928 1407 4984 continentia
1447 4928 1600 4984 nobis
1627 4944 1766 4998 opus
1803 4939 1885 4984 est
1914 4947 1926 4983 :
1956 4945 2062 4984 non

470 5021 700 5078 credere
725 5021 960 5078 felicitati
989 5031 1236 5086 terrenae,
1267 5029 1322 5075 et
1346 5035 1512 5091 usque
1540 5020 1606 5076 ad
1637 5021 1796 5077 ﬁnem
1822 5037 2065 5093 quatrere

471 5117 804 5181 felicitatem,
834 5131 953 5184 qua:
983 5129 1087 5169 non
1121 5113 1280 5169 habet
1307 5113 1486 5168 ﬁnem.
1519 5114 1589 5171 Ut
1616 5124 1791 5171 autem
1819 5124 1902 5170 est
1936 5131 2066 5171 con-

478 5206 736 5273 tinentiai,
762 5205 998 5262 felicitati
1026 5205 1204 5260 mundi
1231 5219 1333 5259 non
1355 5205 1575 5261 credere
1599 5223 1612 5260 :
1639 5207 1710 5260 ita
1734 5209 2066 5263 sustinentia:

471 5306 578 5364 est,
611 5296 911 5354 infelicitati
943 5297 1125 5352 mundi
1160 5311 1266 5351 non
1295 5295 1489 5351 cedere
1517 5297 1558 5350 ³.
1590 5296 1716 5353 Sive
1743 5312 1870 5368 ergo
1899 5298 1952 5353 in
1978 5297 2063 5353 af-

539 5458 573 5526 ‘_
585 5457 660 5526 sic
667 5454 1022 5526 legendumex
1045 5454 1329 5504 auctoritate
1346 5453 1525 5504 codicis
1538 5453 1600 5526 cl.
1898 5453 2062 5526 ﬁnitis.

485 5523 607 5588 ηςιε
622 5516 697 5588 ξμς
717 5515 779 5588 ἀς
801 5515 1036 5588 caelis!“
1051 5528 1280 5588 ιηαιςςιωπ
1298 5527 1515 5588 mrem
1689 5517 1802 5588 dare.
1817 5515 1972 5588 ηερε-λ

543 5584 562 5613 ³
582 5581 716 5644 Fditi,
751 5576 992 5644 iniquitati
1013 5577 1180 5644 minuti
1213 5591 1307 5644 non
1342 5577 1531 5644 cedere.
1551 5576 1607 5629 At
1626 5585 1752 5644 Mss,
1780 5576 2064 5644 utfelici'tuti.

480 5651 531 5692 rit
555 5655 618 5692 ex
644 5638 721 5692 his
736 5638 1001 5690 Victorinus
1023 5638 1143 5700 loco,
1165 5639 1356 5699 cedere,
1375 5640 1540 5703 habet,
1558 5638 1775 5692 credere.

545 5707 560 5724 ‘
579 5704 643 5752 Ad
681 5712 785 5753 Mss.
811 5703 1118 5751 Petavianum
1152 5709 1205 5752 et
1227 5704 1514 5754 Victorinum
1532 5741 1546 5765 ,
1576 5710 1628 5756 et
1649 5704 1709 5754 ad
1745 5713 1844 5754 Am.
1863 5712 1937 5755 Er.
1965 5715 2063 5757 Par.

478 5774 589 5816 ιον.
615 5766 918 5815 emendatus.

540 5832 618 5893 (α)
652 5830 794 5890 Alias,
814 5828 878 5878 de
900 5834 1137 5891 'i‘empore
1159 5825 1267 5876 215.

1702 369 1760 424 S.
1806 359 2164 421 AUGUSTINI
2205 361 2507 422 EPISCOPI

3652 383 3760 442 256

2170 473 2382 533 (liuentia
2415 498 2590 537 rerum
2621 485 2805 551 simus,
2838 488 2954 542 sive
2983 489 3032 543 in
3069 492 3334 561 angustia,
3367 497 3759 564 exspectandus

2169 577 2252 623 est
2293 571 2566 638 Dominus,
2605 577 2773 646 quiet
2810 579 2949 648 quod
2981 597 3106 636 vere
3147 582 3345 638 bonum
3385 595 3439 640 et
3479 601 3641 643 suave
3677 600 3757 646 est

2170 658 2279 726 det,
2310 671 2361 716 et
2386 664 2524 733 quod
2552 681 2676 722 vere
2705 668 2901 724 malum
2930 681 3013 726 est
3041 683 3244 728 avertat
3271 690 3301 729 a
3332 677 3504 732 nobis.

2241 754 2294 807 Ξ.
2338 754 2482 809 Bona
2522 767 2568 810 ct
2607 759 2743 814 mala
2788 759 2930 816 bonis
2973 773 3018 816 et
3053 765 3200 820 malis
3252 769 3556 824 communia.
3591 769 3760 826 Scan-

2170 843 2343 898 dalum
2391 848 2454 901 de
2471 847 2709 917 felicitate
2735 852 3005 906 malorum.
3039 855 3185 910 Bona
3225 858 3315 912 Dei
3338 876 3456 929 qua:
3496 864 3759 931 promittit

2165 937 2342 1004 justis,
2372 938 2424 992 in
2455 940 2560 995 line
2585 951 2864 998 servantur
2895 945 2910 976 ³
2943 963 2957 1000 :
2989 956 3043 1001 et
3083 949 3220 1003 mala
3249 966 3368 1020 qua:
3397 954 3630 1010 minatur
3661 958 3760 1011 im-

2170 1027 2300 1096 piis,
2329 1029 2379 1083 in
2419 1030 2523 1085 ﬁne
2558 1043 2854 1089 servantur.
2885 1035 3030 1091 Bona
3068 1047 3124 1093 et
3159 1042 3293 1095 mala
3330 1058 3450 1112 qua:
3477 1057 3759 1103 versantur

2169 1126 2225 1172 et
2250 1119 2539 1176 miscentur
2564 1123 2616 1176 in
2643 1127 2858 1192 saeculo,
2887 1142 2985 1183 nec
3013 1129 3136 1185 boni
3166 1132 3263 1186 soli
3292 1133 3510 1202 habent,
3535 1153 3635 1192 nec
3655 1139 3756 1194 soli

2169 1211 2318 1266 mali.
2364 1212 2627 1285 Quidquid
2668 1217 2792 1272 boni
2834 1220 2888 1274 in
2933 1220 3036 1276 hoc
3070 1224 3268 1280 mundo
3308 1226 3525 1296 dixeris,
3560 1230 3758 1286 habent

2170 1301 2314 1368 boni,
2346 1303 2545 1360 habent
2568 1316 2621 1363 et
2643 1309 2769 1364 mali
2801 1328 2816 1363 :
2844 1312 3005 1366 veluti
3036 1313 3259 1369 salutem
3290 1316 3458 1386 ipsam
3489 1323 3757 1389 corporis,

2168 1401 2223 1447 et
2262 1393 2386 1449 boni
2417 1395 2614 1452 habent
2641 1409 2695 1454 ct
2728 1400 2875 1455 mali.
2906 1401 3124 1459 Divitias
3159 1414 3212 1460 et
3241 1408 3379 1477 apud
3409 1407 3577 1464 bonos
3602 1411 3754 1466 inve-

2167 1483 2304 1552 nies,
2331 1493 2386 1540 et
2412 1487 2550 1556 apud
2575 1490 2769 1545 malos.
2792 1491 3108 1550 Successum
3136 1495 3386 1564 ﬁliorum,
3412 1509 3466 1555 et
3491 1500 3756 1558 bonorum

2168 1586 2223 1632 et
2259 1581 2516 1636 malorum
2559 1582 2756 1640 donum
2796 1586 3038 1644 videmus
3076 1604 3197 1646 esse
3235 1606 3538 1650 commune.
3577 1595 3755 1650 Vitam

2170 1669 2381 1741 longam
2419 1673 2506 1728 diu
2545 1675 2730 1730 vivunt
2768 1677 2894 1733 boni
2933 1679 3168 1749 quidam,
3209 1681 3302 1736 diu
3326 1683 3505 1738 vivunt
3540 1696 3591 1740 et
3629 1685 3756 1740 mali

2167 1764 2402 1833 quidam.
2424 1767 2490 1820 Et
2512 1783 2861 1840 qumcumque
2882 1772 2985 1826 alia
3008 1789 3289 1831 numerare
3313 1777 3547 1833 volueris
3571 1777 3623 1833 in
3653 1779 3757 1834 hoc

2167 1856 2366 1911 saeculo
2394 1857 2528 1913 bona
2549 1899 2564 1925 ,
2599 1861 2859 1930 permixte
2887 1863 3095 1919 invenis
3118 1865 3259 1936 apud
3286 1867 3454 1924 bonos
3476 1878 3530 1924 et
3559 1871 3752 1926 malos.

2168 1947 2397 2004 Rursum
2439 1967 2788 2025 quaecumque
2825 1970 3047 2026 aSpera,
3079 1973 3427 2032 quazcumque
3465 1964 3635 2019 tristia
3655 2007 3670 2031 ,
3699 1975 3757 2022 et

2168 2041 2292 2098 boni
2322 2045 2594 2115 patiuntur
2620 2057 2675 2103 et
2700 2049 2860 2116 mali;
2891 2049 3084 2106 famem
3103 2094 3119 2119 ,
3152 2055 3401 2119 morbos,
3431 2055 3666 2125 dolores,
3698 2069 3756 2115 et

2167 2133 2388 2202 damna,
2422 2141 2828 2210 oppressiones,
2857 2143 3113 2200 orbitates
3143 2163 3156 2200 :
3187 2150 3486 2204 communis
3527 2151 3643 2207 inec
3668 2163 3756 2208 est

2168 2230 2402 2284 omnium
2445 2234 2693 2290 materies
2732 2235 3107 2308 lacrymarum.
3139 2239 3319 2297 Facile
3357 2252 3440 2297 est
3476 2259 3604 2314 ergo
3651 2244 3758 2301 hoc

2168 2322 2377 2387 videre,
2406 2334 2460 2380 et
2498 2325 2636 2380 bona
2666 2329 2846 2384 sreculi
2869 2329 3012 2400 apud
3037 2332 3206 2387 bonos
3233 2341 3288 2388 et
3312 2335 3484 2390 malos
3523 2351 3664 2403 esse,
3698 2347 3756 2393 et

2168 2414 2304 2468 mala
2342 2417 2520 2472 saeculi
2545 2417 2717 2474 bonos
2749 2420 3026 2491 malosque
3061 2421 3317 2492 perferre.
3351 2425 3419 2480 Et
3453 2426 3575 2482 ideo
3614 2444 3757 2498 quo-

2167 2507 2408 2562 rumdam
2456 2509 2620 2580 pedes
2667 2511 2722 2567 in
2761 2512 2845 2567 via
2893 2513 2988 2569 Dei
3035 2515 3298 2583 titubant,
3349 2527 3404 2574 et
3450 2521 3760 2578 exorbitare

2167 2608 2445 2654 conantur.
2498 2600 2645 2657 Multi
2689 2603 2832 2658 enim
2875 2601 3092 2663 deviant
3143 2616 3199 2663 et
3244 2609 3578 2676 exorbitant,
3628 2627 3755 2669 cum

2168 2690 2494 2748 instituerint
2521 2703 2575 2749 et
2605 2698 2980 2766 proposuerint
3005 2700 3205 2766 animo,
3237 2712 3520 2772 propterea
3549 2707 3760 2762 servire

2170 2781 2300 2848 Deo,
2343 2792 2399 2837 ut
2438 2784 2589 2839 bonis
2631 2787 2856 2842 terrenis
2899 2789 3192 2858 abundent,
3233 2801 3288 2848 et
3318 2794 3474 2848 malis
3511 2808 3754 2862 careant,

2168 2887 2336 2942 eaque
2373 2874 2628 2930 devitent.
2655 2875 2786 2932 Cum
2827 2881 2970 2935 enim
3009 2883 3109 2937 sibi
3137 2883 3240 2939 hoc
3268 2889 3658 2957 proposuerint,
3700 2901 3760 2947 et

2169 2961 2305 3018 hanc
2357 2967 2656 3022 mercedem
2704 2971 3073 3028 constituerint
3124 2975 3333 3044 pietatis
3378 2986 3434 3033 et
3481 2980 3760 3052 religionis

2167 3068 2313 3121 sum;
2345 3057 2556 3126 quando
2580 3059 2810 3116 viderint
2836 3077 2894 3118 se
2921 3063 3186 3134 laborare,
3213 3075 3267 3122 et
3295 3067 3488 3125 ﬂorere
3518 3071 3754 3142 iniquos,

2167 3149 2318 3216 quasi
2347 3150 2672 3218 perdiderint
2698 3155 2999 3211 mercedem
3025 3159 3068 3223 ',
3095 3159 3244 3228 quasi
3271 3175 3364 3216 eos
3391 3160 3640 3218 fefellerit
3662 3168 3757 3235 qui

2167 3241 2397 3309 vocavit,
2425 3244 2576 3313 quasi
2615 3244 2808 3301 frustra
2835 3262 2971 3319 opus
3010 3248 3263 3306 indixerit
3285 3253 3376 3323 qui
3415 3254 3468 3308 in
3504 3257 3762 3314 mercede

2167 3329 2394 3402 decepit,
2417 3335 2723 3390 renuntiant
2749 3337 2878 3392 Deo.
2907 3339 2980 3394 Et
2998 3355 3102 3410 quo
3127 3356 3185 3397 se
3213 3344 3392 3399 miseri
3413 3356 3754 3414 convertunt,

2172 3432 2476 3478 avertentes
2513 3439 2573 3480 se
2601 3426 2670 3480 ab
2705 3427 2796 3483 illo
2819 3444 2849 3482 a
2874 3444 2981 3500 quo
3018 3430 3142 3487 facti
3170 3442 3312 3499 sunt,
3343 3446 3398 3490 et
3433 3435 3758 3495 inhaarentes

2167 3513 2272 3569 illis
2297 3531 2414 3586 qua:
2436 3515 2571 3572 facta
2598 3519 2756 3574 sunt?
2779 3519 2913 3575 Cum
2938 3523 3162 3592 coeperit
3186 3525 3361 3594 perire
3387 3527 3529 3597 quod
3553 3527 3755 3586 factum

2167 3614 2271 3673 est,
2301 3605 2392 3662 ubi
2439 3608 2543 3663 erit
2579 3619 2788 3666 amator
2827 3613 3106 3683 temporis,
3153 3615 3243 3686 qui
3279 3618 3506 3688 perdidit
3538 3622 3762 3677 aiterni-

2167 3698 2373 3752 uwm?

2239 3789 2464 3847 CAPUT
2493 3791 2555 3846 11.
2581 3823 2654 3834 -
2677 3795 2730 3850 5.
2763 3793 2920 3851 Fides
2948 3798 3030 3852 hic
3059 3802 3358 3857 necessaria.
3387 3801 3608 3875 Tempus
3631 3807 3760 3876 ﬁdei

2167 3889 2212 3935 et
2249 3892 2445 3951 tempus
2481 3883 2681 3953 speciei.
2728 3885 2960 3943 Proinde
2995 3899 3216 3960 propter
3265 3892 3354 3947 illa
3423 3882 3596 3961 bena,
3633 3912 3761 3968 quas

2173 3989 2280 4030 non
2312 3975 2458 4032 dabit
2485 3977 2625 4033 Deus
2665 3977 2770 4034 nisi
2796 3979 2981 4049 bonis,
3008 3990 3062 4037 et
3087 3994 3304 4054 propter
3331 3986 3416 4041 illa
3444 3987 3602 4054 mala,
3633 4006 3762 4060 quae

2168 4082 2273 4121 non
2295 4066 2588 4124 inferentur
2607 4071 2708 4125 nisi
2725 4071 2898 4138 malis,
2922 4074 3044 4143 quia
3068 4075 3121 4129 in
3140 4074 3244 4132 ﬁne
3263 4079 3593 4148 apparebunt
3610 4089 3760 4135 utra-

2165 4175 2286 4229 que,
2312 4161 2456 4216 credi
2486 4162 2586 4217 sibi
2617 4164 2728 4219 vult
2749 4165 2908 4222 Deus.
2931 4166 3063 4236 Qua:
3091 4170 3233 4224 enim
3263 4186 3468 4228 merces
3489 4171 3630 4238 ﬁdei,
3661 4186 3760 4229 aut

2166 4250 2310 4320 quod
2354 4251 2574 4308 omnino
2616 4255 2701 4309 vel
2747 4272 2942 4313 nomen
2989 4258 3140 4326 ﬁdei,
3169 4261 3214 4316 si
3253 4263 3412 4317 modo
3452 4265 3535 4318 vis
3572 4265 3762 4322 videre

2166 4342 2308 4413 quod
2351 4347 2576 4401 teneas?
2618 4347 2732 4403 Non
2771 4349 2936 4407 debes
2967 4367 3095 4424 ergo
3130 4355 3311 4411 videre
3353 4357 3493 4427 quod
3528 4360 3758 4424 credas;

2167 4433 2260 4489 sed
2282 4434 2502 4492 credere
2521 4439 2663 4508 quod
2690 4440 2900 4511 videas;
2926 4444 3146 4501 credere
3173 4449 3422 4518 quamdiu
3450 4464 3552 4505 non
3579 4451 3758 4518 vides,

2168 4541 2237 4581 ne
2279 4542 2399 4582 cum
2442 4529 2641 4586 videris
2684 4533 2990 4589 erubescas.
3033 4535 3176 4606 Ergo
3215 4539 3497 4595 credamus
3527 4541 3580 4607 ε’,
3625 4542 3762 4599 dum

2170 4629 2378 4690 tempus
2423 4631 2505 4676 est
2543 4622 2684 4690 fidei,
2727 4635 3008 4696 antequam
3049 4630 3118 4684 sit
3164 4638 3375 4701 tempus
3411 4634 3628 4704 speciei.
3667 4638 3765 4692 Sis

2168 4712 2309 4766 enim
2335 4711 2465 4767 dicit
2493 4715 2800 4785 Apostolus,
2835 4717 3091 4784 Quamdiu
3118 4738 3292 4778 sumus
3319 4725 3374 4779 in
3399 4725 3494 4780 Itoc
3521 4743 3752 4797 corpore,

2169 4803 2549 4873 peregrinantur
2595 4823 2628 4860 a
2668 4806 2884 4863 Domino
2912 4825 2932 4864 :
2959 4828 3049 4879 per
3075 4813 3231 4882 ﬁdem
3267 4817 3400 4870 enim
3437 4819 3760 4876 ambulamus

2172 4893 2250 4965 (ll
2281 4896 2397 4950 Cor.
2430 4913 2484 4962 v,
2514 4899 2567 4966 6,
2597 4898 2675 4972 7).
2706 4901 2848 4972 Ergo
2874 4918 2968 4972 per
2993 4904 3152 4960 ﬁdem
3183 4907 3534 4975 ambulamus,
3567 4927 3762 4982 quam-

2169 4987 2259 5043 diu
2296 4986 2564 5045 credimus
2603 4993 2742 5062 quod
2783 5010 2888 5049 non
2914 4995 3152 5053 videmus
3191 5016 3215 5054 ι
3240 5002 3538 5059 tenebimus
3577 5018 3766 5062 autem

2170 5080 2422 5149 speciem,
2453 5097 2576 5138 cum
2602 5083 2894 5142 viderimus
2929 5087 3063 5146 facie
3098 5090 3166 5147 ad
3205 5092 3416 5162 faciem,
3458 5096 3614 5152 sicuti
3655 5112 3768 5154 est.

2170 5169 2406 5241 Tempus
2442 5171 2568 5229 ﬁdei
2605 5184 2659 5231 et
2689 5185 2898 5248 tempus
2939 5182 3137 5251 speciei
3165 5182 3400 5242 Joannes
3427 5188 3588 5244 etiam
3628 5207 3772 5261 apu-

2171 5261 2340 5317 stolus
2367 5261 2421 5316 in
2450 5263 2687 5333 Epistola
2711 5282 2806 5323 sua
2831 5269 3126 5343 distinguit,
3155 5274 3340 5333 dicens
3368 5295 3382 5331 :
3408 5277 3767 5345 Dilectissimi,

2171 5369 2305 5407 nunc
2329 5353 2425 5423 ﬁlii
2453 5353 2552 5411 Dei
2579 5374 2769 5426 sumus,
2802 5371 2850 5416 et
2877 5364 3101 5420 nondum
3139 5370 3379 5440 apparuit
3404 5372 3527 5440 quid
3551 5375 3769 5427 erimus.

2172 5446 2284 5502 Hoc
2313 5460 2520 5520 tempus
2542 5457 2628 5505 est
2652 5449 2774 5508 ﬁdei
2804 5471 2818 5507 :
2849 5453 3027 5511 videte
3054 5465 3261 5530 tempus
3286 5462 3504 5530 speciei.
3531 5462 3773 5530 Scimus,

2236 5587 2253 5618 ί
2278 5583 2524 5661 “00.1900
2553 5586 2707 5661 verba
2740 5589 2961 5661 qutedam
2995 5593 3044 5640 in
3086 5601 3200 5644 ante
3233 5593 3378 5661 editis
3412 5597 3779 5661 praetermissa,

2172 5661 2363 5698 necnon
2385 5647 2508 5720 infra
2530 5647 2700 5710 plures
2723 5653 2897 5712 passim
2921 5666 3095 5705 versus
3127 5647 3452 5710 restituuntur
3475 5647 3784 5713 auctoritate,

2174 5717 2619 5781 manuscriptortun.

2237 5776 2262 5847 ξ
2273 5776 2346 5847 sic
2370 5776 2636 5847 Victorinus
2657 5779 2739 5824 Ms.
2765 5776 2880 5827 Fditi
2905 5790 3038 5842 vero,
3066 5779 3368 5844 perdiderint
3391 5795 3546 5847 spent.

2243 5835 2264 5866 ³
2288 5840 2413 5895 5155.,
2441 5833 2700 5886 credimus.
