4012 6338
260 332 363 391 237

263 450 466 521 inquit,
514 440 756 515 quoniam
799 451 915 490 cum
954 429 1269 503 apparuerit,
1315 424 1500 481 similes
1544 424 1587 476 ci
1631 420 1841 482 erimus,

274 513 511 616 quoniam
529 513 812 591 uidebimus
836 543 949 582 eum
973 523 1121 579 sicuti
1144 530 1214 576 est
1240 520 1293 591 (1
1318 520 1475 574 Joan.
1502 532 1578 580 ιιι,
1601 513 1679 585 2).

335 633 389 687 4.
419 630 642 697 Tempus
692 623 813 694 ﬁdei
856 617 1178 674 laboriosum.
1221 610 1563 666 Laboriosum
1603 614 1684 697 est
1730 602 1851 658 ﬁdei

262 735 484 791 tempus
513 736 526 770 :
551 696 671 787 quis
710 712 905 782 negat?
945 705 1290 763 Laboriosum
1327 708 1445 766 est,
1492 697 1586 752 sed
1628 696 1728 750 hoc
1771 702 1854 747 est

263 789 396 885 opus
440 809 593 879 cujus
618 807 709 860 illa
738 813 943 858 merces
980 807 1083 853 est.
1107 794 1221 850 Noli
1252 792 1397 863 piger
1423 804 1542 845 esse
1572 789 1623 842 in
1651 801 1812 856 Opere
1830 825 1852 851 ,

258 878 343 973 euj
356 919 422 958 us
447 878 750 957 mercedem
777 891 1070 947 desideras.
1098 886 1153 943 Si
1184 898 1339 954 quem
1367 882 1507 937 enim
1552 888 1606 934 et
1644 887 1701 932 tu
1743 878 1855 945 ipse

260 992 665 1052 ttiercenarium
684 985 1051 1046 conduxisses,
1079 994 1182 1033 non
1203 986 1325 1031 ante
1347 973 1645 1029 mercedem
1666 984 1853 1024 nume-

224 1078 229 1087 ’
258 1102 422 1144 rares
446 1127 463 1150 ,
489 1097 648 1154 quam
693 1080 745 1132 in
772 1090 931 1145 Opere
957 1080 1262 1128 exerceres.
1295 1067 1506 1120 Diceres
1535 1063 1581 1117 ei
1601 1101 1620 1126 λ,
1645 1061 1747 1115 Fac
1765 1103 1779 1127 ,
1804 1069 1858 1115 et

255 1178 459 1246 accipe
499 1152 522 1229 ί
553 1188 659 1229 non
700 1169 795 1225 tibi
835 1167 1067 1228 diceret,
1100 1162 1206 1223 Da,
1251 1166 1305 1212 et
1344 1156 1493 1211 facio.
1525 1152 1613 1209 Sic
1650 1167 1776 1222 ergo
1806 1160 1861 1205 ct

257 1273 439 1327 Deus.
465 1268 545 1323 Tu
574 1280 679 1319 non
708 1262 845 1316 fallis
865 1253 1249 1313 mercenarium
1274 1260 1420 1304 tuum
1452 1249 1642 1301 timens
1674 1247 1856 1306 Deum;

254 1375 312 1418 te
354 1364 475 1433 ipse
505 1360 644 1414 Deus
666 1356 840 1418 fallet,
868 1352 955 1422 qui
979 1349 1129 1418 jubet
1149 1361 1215 1400 ne
1245 1343 1396 1398 fallas
1433 1336 1860 1394 mercenarium?

254 1426 482 1510 Tamen
512 1460 568 1506 tu
608 1446 747 1519 quod
773 1440 1084 1515 promiseris
1114 1445 1265 1507 potes
1294 1442 1348 1489 et
1384 1448 1491 1486 non
1529 1430 1693 1493 dare;
1724 1437 1777 1483 et
1816 1426 1858 1480 si

271 1561 387 1600 non
413 1552 497 1598 est
522 1542 575 1595 in
599 1518 763 1593 corde
787 1546 879 1590 tuo
904 1530 1058 1586 dolus
1084 1526 1321 1582 falsitatis
1340 1566 1354 1590 ,
1386 1529 1663 1577 esttamen
1686 1518 1737 1572 itt
1761 1518 1863 1571 fra-

270 1637 485 1707 gilitate
505 1632 736 1686 humana
760 1625 934 1695 in0pia
976 1617 1320 1676 difﬁcultatis.
1364 1612 1500 1681 Quid
1544 1611 1610 1666 de
1648 1611 1754 1664 Deo
1795 1609 1863 1663 ti-

279 1740 523 1782 meamus
548 1765 564 1789 ,
592 1721 681 1793 qui
709 1733 807 1773 nec
844 1715 1026 1770 fallere
1054 1720 1223 1782 potest
1247 1751 1260 1775 ,
1288 1708 1409 1778 quia
1434 1707 1629 1761 veritas
1652 1711 1735 1759 est
1754 1742 1769 1766 ,
1811 1708 1866 1757 et

276 1816 516 1876 abundat
538 1811 784 1868 omnibus
803 1851 815 1871 ,
845 1806 965 1876 quia
991 1803 1116 1859 fecit
1144 1798 1360 1856 omnia?

350 1904 580 1962 CAPUT
610 1901 696 1955 lll.
731 1929 806 1941 ——-
830 1898 883 1953 5.
928 1894 1079 1949 Fides
1118 1891 1334 1961 primunt
1385 1891 1706 1957 praeceptum.
1752 1880 1868 1935 Vita

283 1996 506 2052 hominis
560 1988 827 2046 crescendo
882 1982 1139 2039 decrescit.
1195 1977 1483 2034 Credamus
1544 1987 1671 2043 ergo
1719 1972 1865 2036 Deo,

283 2091 497 2145 fratres.
526 2086 638 2140 lloc
669 2090 751 2137 est
777 2079 1001 2150 primum
1032 2080 1349 2144 praeceptum
1368 2109 1383 2135 ,
1413 2067 1513 2121 hoc
1537 2075 1619 2120 est
1663 2063 1867 2117 initium

284 2177 559 2248 religionis
592 2184 647 2230 et
674 2173 797 2227 vitae
826 2176 1021 2223 nostra:
1052 2166 1093 2231 ¹,
1123 2164 1286 2216 lixum
1316 2158 1511 2213 habere
1540 2170 1633 2211 cor
1657 2153 1708 2207 in
1733 2152 1867 2218 fide,

284 2284 337 2327 et
360 2243 571 2341 ﬁgendo
601 2280 693 2320 cor
715 2265 767 2317 in
797 2260 898 2315 ﬁde
920 2259 1103 2312 vivere
1131 2255 1287 2315 bene,
1315 2250 1583 2304 abstinere
1608 2245 1675 2299 ab
1701 2243 1872 2297 omni-

287 2365 384 2417 bus
416 2357 764 2418 scductoriis,
792 2350 1055 2407 sustinere
1077 2345 1212 2400 mala
1238 2340 1546 2411 temporalia
1569 2354 1585 2404 ;
1611 2346 1663 2393 et
1688 2351 1873 2406 quam-

284 2455 378 2510 diu
406 2452 496 2505 illa
519 2446 857 2503 blandiuntur
883 2449 936 2496 et
961 2440 1050 2493 illa
1072 2438 1358 2499 minantur,
1378 2432 1656 2486 adversum
1680 2437 1874 2481 utrum-

282 2561 390 2616 que
419 2544 793 2597 inconcussum
835 2533 1030 2587 habere
1055 2544 1148 2583 cor
1173 2528 1218 2591 ³,
1248 2540 1314 2580 ne
1340 2524 1391 2577 in
1420 2522 1509 2576 illa
1540 2518 1740 2574 deﬂuas
1760 2558 1778 2583 ,
1808 2531 1875 2571 ne

288 2609 343 2695 in
363 2639 453 2693 ilia
480 2632 759 2704 frangaris.
780 2626 1034 2684 Habenth
1060 2636 1185 2692 ergo
1211 2614 1612 2677 continentiam,
1633 2609 1875 2665 habendo

289 2735 445 2787 etiam
477 2724 868 2785 sustinentiam,
897 2735 1015 2773 cum
1048 2717 1184 2770 bona
1213 2709 1521 2781 temporalia
1549 2704 1871 2769 transierint,

289 2837 343 2879 et
377 2822 515 2877 mala
542 2834 660 2890 quae
687 2816 976 2870 inferantur
1003 2824 1107 2864 non
1134 2815 1319 2868 erunt;
1350 2802 1568 2858 habebis
1597 2814 1753 2855 omne
1778 2797 1875 2851 bo-

290 2930 416 2969 num
438 2955 452 2976 ,
497 2888 717 2965 habebis
745 2906 947 2960 nullum
978 2902 1195 2956 malum.
1227 2898 1355 2953 ltleo
1396 2895 1446 2949 in
1485 2892 1710 2949 lectione
1751 2888 1875 2960 quid

294 3006 447 3059 nobis
473 3002 675 3055 dictum
704 3008 779 3052 est
801 2996 824 3050 ?
854 2993 979 3062 Fili,
1005 2992 1242 3045 accedens
1267 2989 1332 3040 ad
1353 2986 1636 3041 seruitutem
1658 2982 1771 3044 Dei,
1801 2991 1878 3035 sta

292 3100 345 3150 in
370 3095 580 3166 justitia
601 3103 644 3146 et
666 3091 861 3154 timore,
884 3097 930 3141 et
957 3100 1189 3155 praepara
1212 3082 1431 3134 animum
1462 3087 1600 3130 tuam
1626 3074 1693 3126 ad
1713 3084 1878 3126 tenta-

293 3164 502 3243 tionem.
554 3182 797 3252 Deprime
826 3197 915 3234 cor
941 3187 1113 3243 tuum,
1146 3184 1190 3227 et
1242 3172 1461 3233 sustine;
1505 3178 1556 3221 ιιι
1600 3174 1789 3220 crescat
1827 3164 1879 3218 in

293 3277 581 3333 novissimis
603 3274 702 3327 vita
726 3282 833 3326 tua.
862 3270 976 3324 Non
998 3276 1057 3322 ut
1078 3265 1256 3330 modo,
1288 3261 1383 3319 sed
1415 3269 1471 3315 ut
1499 3260 1550 3313 in
1577 3255 1881 3311 novissimis

292 3376 400 3425 vita
445 3381 534 3423 tua
586 3372 791 3420 crescat
823 3382 836 3417 :
866 3372 920 3415 ut
968 3368 1156 3414 crescat
1198 3358 1250 3410 in
1306 3352 1585 3408 novissimis
1626 3350 1729 3403 vita
1770 3357 1876 3400 tua.

294 3463 599 3530 Quantum,
650 3464 928 3526 putamus,
974 3448 1203 3506 crescit?
1244 3445 1313 3502 Ut
1353 3445 1443 3499 ﬁat
1479 3452 1697 3497 reterna.
1726 3438 1881 3494 Modo

291 3558 437 3611 enim
484 3553 593 3607 vita
620 3551 853 3605 humana
878 3589 893 3613 ,
941 3541 1189 3614 quamdiu
1230 3536 1535 3609 producitur
1577 3542 1633 3591 et
1675 3532 1885 3589 videtur

295 3644 553 3715 produci,
590 3638 854 3695 decrescit
897 3635 1068 3705 potius
1097 3646 1253 3701 quam
1297 3628 1507 3713 crescit.
1537 3624 1803 3679 Attendite
1830 3631 1884 3677 et

294 3714 472 3792 videte
497 3777 513 3802 ,
546 3728 930 3788 ratiocinamini
961 3734 1014 3781 et
1050 3724 1223 3779 videte
1263 3722 1381 3792 quia
1411 3717 1691 3774 decrescit.
1721 3714 1883 3771 Natus

294 3841 379 3885 est
407 3828 573 3882 homo
607 3842 620 3879 :
645 3821 792 3877 verbi
826 3820 992 3890 gratia
1012 3859 1027 3882 ,
1059 3814 1331 3871 constituit
1360 3812 1432 3867 illi
1460 3812 1596 3865 Deus
1626 3809 1746 3864 vita:
1775 3820 1885 3861 sua:

294 3920 634 3992 septuaginta
664 3927 831 3968 annos
860 3930 873 3966 :
906 3909 1123 3965 Accedit
1151 3906 1222 3961 illi
1266 3907 1406 3970 vita,
1444 3902 1670 3956 dicimus
1689 3939 1705 3965 ,
1765 3911 1883 3952 cre-

295 4012 521 4070 scendo.
550 4007 790 4071 Accedit,
813 4021 881 4059 an
908 4001 1157 4059 decedit?
1179 4001 1315 4056 Ecce
1337 3998 1403 4053 de
1429 3994 1759 4067 septuaginta
1788 4008 1886 4046 an-

296 4108 382 4161 nis
409 4103 550 4157 vixit
580 4099 852 4170 sexaginta
873 4137 889 4163 ,
919 4099 1292 4151 remanserunt
1311 4089 1494 4143 decem
1524 4105 1537 4140 :
1569 4085 1885 4140 diminutum

296 4208 378 4254 est
404 4194 551 4268 quod
578 4200 695 4249 erat
721 4189 1082 4261 propositum;
1112 4194 1168 4240 et
1186 4191 1385 4254 quanto
1411 4181 1526 4251 plus
1552 4178 1712 4242 vivit,
1742 4184 1888 4231 tanto

296 4267 478 4344 minus
523 4285 598 4341 illi
636 4290 821 4339 restat.
852 4279 1080 4348 Ideoque
1105 4274 1329 4330 vivendo
1356 4272 1440 4327 hic
1475 4269 1735 4327 decrescit
1756 4267 1885 4331 vita,

296 4398 405 4435 non
432 4378 651 4434 crescit.
679 4377 826 4431 Tene
846 4371 987 4444 quod
1014 4369 1108 4425 tibi
1135 4366 1375 4440 promisit
1400 4366 1544 4420 Deus
1565 4405 1580 4431 ,
1621 4371 1677 4416 ut
1699 4369 1889 4415 crescat

297 4477 348 4527 in
370 4469 660 4527 novissimis
680 4468 779 4522 vita
806 4476 910 4519 tua.

370 4560 605 4621 CAPUT
628 4560 719 4615 Ν.
744 4587 817 4599 ——
836 4555 888 4611 6.
916 4554 1168 4608 Laborant
1186 4567 1277 4623 pro
1292 4545 1646 4619 cupiditatibus
1665 4544 1790 4607 suis,
1814 4543 1892 4597 la-

300 4660 484 4713 borare
509 4654 689 4708 nolunt
723 4667 816 4722 pro
838 4648 929 4702 Dei
958 4645 1234 4719 promissis.
1261 4640 1459 4697 Deinde
1491 4637 1728 4708 sequitur
1749 4633 1892 4704 quod

303 4750 505 4804 lectum
529 4760 636 4799 non
666 4743 688 4774 ³
716 4752 800 4797 εει
828 4758 840 4794 :
876 4740 1037 4793 Omne
1058 4736 1191 4807 quod
1212 4733 1297 4787 tibi
1315 4729 1606 4801 applicitum
1631 4727 1782 4797 fuerit
1801 4741 1892 4778 uc-

302 4842 438 4909 cipe,
464 4846 516 4891 et
544 4836 594 4889 in
617 4834 793 4888 dolore
817 4830 1024 4895 sustine,
1052 4839 1096 4881 et
1116 4829 1166 4879 in
1188 4823 1467 4878 humilitate
1490 4831 1576 4874 tua
1600 4818 1894 4890 patientiam

306 4932 452 4984 habe.
486 4927 745 4996 Quoniam
782 4924 834 4977 in
860 4923 977 4993 igne
1011 4918 1248 4989 probatur
1286 4929 1466 4967 aurum
1504 4921 1556 4966 et
1598 4919 1890 4979 argentum,

304 5014 538 5079 transisses
552 5036 670 5074 vero
694 5015 1022 5087 acceptabilcs
1043 5013 1094 5066 in
1107 5010 1307 5065 camino
1325 5003 1685 5061 Itumiliationis
1706 5002 1724 5072 (
1733 5001 1890 5055 Eccli.

305 5134 339 5171 ιι
360 5158 375 5179 ,
400 5116 562 5182 1-5).
590 5114 788 5167 Durum
816 5107 1055 5166 videtur,
1097 5100 1355 5157 deiecisti.
1387 5098 1575 5153 Nonne
1600 5093 1725 5149 illud
1751 5092 1893 5163 quod

308 5225 417 5262 non
445 5204 626 5261 deﬁcit
664 5198 976 5273 perdidisti?
1000 5195 1146 5251 Multi
1188 5193 1351 5248 multa
1377 5190 1652 5261 patiuntur
1681 5194 1896 5256 propter

310 5296 591 5367 pecuniam
626 5292 943 5362 perituram,
966 5295 1021 5340 et
1049 5295 1102 5340 tu
1123 5299 1229 5338 non
1254 5283 1334 5337 vis
1358 5281 1465 5352 pati
1496 5288 1711 5349 propter
1737 5276 1893 5329 vitam

310 5386 660 5444 mansuram?
685 5384 774 5439 Sic
801 5394 1016 5437 recusas
1053 5378 1293 5431 laborare
1320 5389 1415 5445 pro
1443 5373 1534 5428 Dei
1580 5369 1856 5441 promissis
1877 5410 1892 5435 ,

312 5480 464 5552 quasi
494 5494 600 5533 non
635 5476 845 5531 labores
884 5486 981 5543 pro
1008 5466 1379 5540 cupiditatibus
1420 5464 1542 5519 tuis.
1574 5462 1777 5531 Quanta
1804 5476 1897 5530 pa-

378 5634 393 5663 ι
423 5640 522 5679 Am.
545 5636 596 5677 et
616 5625 885 5676 Victorinus
907 5632 1009 5682 us,
1032 5626 1077 5671 et
1093 5619 1185 5682 vita
1202 5624 1393 5682 nostris,

376 5696 397 5724 ⁸
414 5678 487 5741 sic
504 5690 773 5739 Victorinus
792 5694 870 5735 Ms.
898 5693 952 5734 At
985 5678 1119 5743 editi,
1144 5681 1192 5731 in
1209 5679 1294 5731 hoc
1314 5678 1485 5730 habere
1510 5689 1591 5726 cor

378 5757 399 5786 ³
422 5756 588 5807 Abest.
602 5763 715 5806 non.
737 5762 765 5799 a
787 5747 1040 5798 Victorino.
1067 5754 1145 5795 Ms.

1564 300 1794 360 SEBMO
1834 259 2159 355 XXXVIII:

3425 297 3531 353 258

1960 413 2158 467 tiuntur
2188 428 2282 484 pro
2308 428 2400 469 sua
2429 415 2702 486 iniquitate
2730 415 3000 471 latrones?
3028 424 3221 486 quanta
3260 415 3532 485 patiuntur

1958 520 2055 575 pro
2080 506 2189 560 suis
2208 508 2497 563 sceleribus
2520 509 2735 580 perditi,
2758 525 2853 579 pro
2874 525 2967 564 sua
2996 509 3225 580 nequitia
3254 510 3532 576 luxuriosi,

1961 611 2055 665 pro
2106 611 2199 651 sua
2246 598 2467 653 avaritia
2512 601 2864 670 negotiatores
2917 616 3063 655 mare
3104 610 3531 667 transmeantes,

1958 688 2130 742 ventis
2173 690 2671 761 tempestatibusque
2707 707 2901 759 corpus
2935 702 2992 747 et
3015 693 3244 746 animam
3288 692 3534 747 commit-

1961 789 2155 846 tentes,
2182 796 2276 835 sua
2302 782 2660 851 relinquentes
2682 825 2698 850 ,
2729 783 2794 835 ad
2825 784 2999 853 ignota
3025 783 3338 838 currentes?
3362 782 3532 838 Judex

1961 869 2008 923 si
2033 871 2333 940 pronuntiat
2360 873 2629 938 exsilium,
2657 888 2809 943 ptena
2839 882 2921 929 est
2952 891 2965 926 :
2995 874 3210 929 avaritia
3230 874 3379 943 jubet
3399 875 3540 929 exsi-

1960 962 2110 1026 lium,
2140 972 2194 1016 et
2218 964 2396 1018 laetitia
2418 972 2500 1018 est
2522 964 2578 1017 ‘?
2607 963 2742 1033 Quid
2769 980 2895 1035 ergo
2916 981 3163 1035 magnum
3191 965 3283 1020 tibi
3314 967 3540 1036 imperat

1963 1054 2217 1123 sapientia
2238 1097 2251 1119 ,
2283 1056 2420 1125 quod
2452 1070 2554 1109 non
2586 1066 2764 1125 posset
2796 1057 3055 1125 imperare
3080 1056 3334 1111 avaritia?
3359 1056 3426 1110 Et
3455 1066 3538 1110 ta-

1962 1160 2086 1199 men
2116 1162 2235 1201 cum
2261 1147 2485 1218 imperat
2509 1148 2747 1209 avaritia,
2773 1147 2917 1201 facis.
2948 1148 3009 1201 Et
3040 1164 3161 1202 cum
3186 1146 3374 1203 feceris
3398 1148 3541 1218 quod

1967 1240 2193 1310 imperat
2215 1241 2461 1308 avaritia,
2489 1241 2613 1313 quid
2653 1241 2893 1296 habebis?
2918 1242 3135 1296 Plenam
3167 1240 3381 1295 domum
3408 1257 3542 1295 auro

1965 1342 2020 1386 et
2048 1344 2285 1401 argento.
2313 1333 2428 1388 Non
2458 1334 2662 1404 legisti,
2698 1335 2995 1404 Quanquam
3016 1334 3067 1387 in
3084 1334 3297 1404 imagine
3316 1336 3337 1365 ²
3366 1334 3543 1387 ambu-

1968 1423 2038 1476 lat
2076 1424 2247 1491 homo,
2286 1433 2450 1478 tamen
2475 1441 2599 1479 vane
2625 1425 2945 1478 conturbatur
2967 1441 2987 1489 ;
3012 1425 3314 1479 tltesaurizat
3336 1465 3351 1490 ,
3380 1435 3425 1479 et
3457 1443 3545 1479 ne-

1968 1514 2059 1567 scit
2101 1515 2181 1568 cui
2223 1532 2281 1569 ea
2325 1516 2572 1587 colligat?
2610 1517 2784 1585 Quare
2827 1532 2955 1586 ergo
2998 1517 3222 1571 Cantasti
3266 1525 3321 1571 et
3363 1517 3545 1571 dixisti

1971 1604 2080 1658 Deo
2111 1603 2151 1667 ³,
2176 1604 2391 1659 Auribus
2412 1606 2608 1676 percipe
2631 1607 2881 1677 lacrymas
2911 1623 3043 1660 meas
3068 1605 3238 1677 (Psal.
3265 1621 3427 1661 xxvnt
3448 1647 3463 1668 ,
3488 1607 3545 1665 7.

1972 1697 2060 1765 15)
2081 1696 2103 1747 ?
2128 1696 2300 1762 Quare
2326 1706 2381 1751 tu
2411 1712 2516 1751 non
2547 1699 2771 1769 percipis
2798 1700 3011 1754 auribus
3032 1700 3191 1754 verba
3217 1699 3362 1769 ejus,
3389 1715 3419 1753 a
3441 1716 3547 1770 quo

1971 1787 2050 1841 vis
2096 1788 2292 1857 percipi
2324 1787 2583 1860 lacrymas
2621 1790 2774 1844 tuas?
2801 1791 2854 1844 Si
2901 1791 3232 1846 accusaveris
3272 1791 3547 1845 avaritiam

1976 1887 2139 1941 tuam,
2168 1877 2413 1933 invitabit
2439 1880 2501 1931 ad
2532 1880 2842 1949 sapientiam
2868 1895 3037 1935 suam.
3077 1881 3182 1935 Sed
3214 1896 3336 1935 cum
3366 1896 3549 1936 susce-

1974 1971 2116 2041 peris
2164 1971 2346 2041 jugum
2397 1972 2707 2042 sapientiae,
2757 1972 3019 2027 labmiosa
3069 1972 3206 2027 erit?
3264 1972 3551 2027 Laboriosa

1976 2063 2131 2131 plane
2154 2079 2166 2113 :
2191 2061 2284 2116 sed
2312 2061 2432 2116 vide
2451 2078 2555 2132 quo
2584 2064 2706 2129 line,
2734 2078 2836 2133 qua
2866 2062 3128 2117 mercede.
3152 2062 3411 2132 Numquid
3432 2079 3551 2133 quas

1976 2168 2072 2222 per
2095 2153 2406 2222 sapientiam
2435 2153 2639 2223 colligis
2663 2195 2678 2219 ,
2708 2153 2879 2207 neseis
2904 2154 2988 2206 cui
3026 2152 3243 2222 colligas
3280 2152 3389 2207 ca?
3432 2152 3553 2209 Tibi

1976 2245 2200 2315 colligis.
2234 2244 2614 2315 Expergiscere
2640 2286 2652 2307 ,
2685 2245 2873 2315 evigila
2898 2286 2911 2308 ,
2958 2245 3148 2298 habeto
3187 2258 3280 2298 cor
3316 2243 3556 2299 formicas

1982 2334 2161 2405 (Prov.
2190 2352 2273 2401 vi,
2303 2338 2378 2404 6).
2410 2335 2632 2391 )Estalis
2661 2345 2867 2404 tempus
2910 2344 2991 2389 est
3014 2376 3029 2401 ,
3069 2334 3257 2405 collige
3282 2334 3421 2404 quod
3462 2335 3556 2390 tibi

1976 2427 2046 2481 ad
2091 2427 2316 2482 hiemem
2349 2428 2533 2497 prosit.
2558 2426 2782 2494 Quando
2809 2426 2897 2479 tibi
2938 2426 3075 2481 bene
3118 2434 3228 2489 est,
3259 2434 3380 2480 tunc
3411 2424 3559 2480 disce

1982 2519 2121 2574 unde
2149 2518 2464 2573 sustenteris
2488 2517 2696 2586 quando
2715 2517 2806 2570 tibi
2830 2517 2965 2571 male
2980 2524 3079 2570 est.
3108 2516 3247 2571 Bene
3262 2515 3378 2583 tibi,
3402 2525 3561 2571 testas

1984 2618 2068 2665 est
2097 2628 2109 2663 :
2142 2610 2249 2664 noli
2276 2624 2395 2664 esse
2421 2610 2589 2679 piger,
2622 2609 2808 2678 collige
2831 2622 2993 2679 grana
3022 2607 3088 2662 de
3109 2623 3229 2662 area
3260 2608 3556 2673 dominica,

1980 2704 2140 2757 verba
2172 2703 2264 2758 Dei
2289 2703 2355 2758 de
2383 2702 2622 2757 Ecclesia
2653 2702 2767 2767 Dei,
2798 2709 2852 2755 et
2878 2699 3105 2755 reconde
3128 2699 3268 2754 intus
3292 2699 3346 2754 in
3368 2699 3557 2755 corde.

1982 2797 2132 2852 Nunc
2154 2796 2244 2851 tibi
2270 2796 2480 2866 quidem
2512 2795 2645 2849 bene
2666 2802 2749 2849 est
2773 2813 2785 2848 :
2806 2793 2984 2848 veniet
3009 2802 3062 2847 et
3082 2790 3290 2862 quando
3307 2791 3376 2845 sit
3402 2791 3559 2844 male.

1982 2888 2136 2944 Omni
2169 2888 2368 2943 homini
2414 2887 2592 2942 veniet
2639 2885 2905 2940 tribulatio
2939 2903 2951 2938 :
2989 2884 3087 2939 ctsi
3135 2883 3311 2937 omnia
3354 2892 3563 2937 terrena

1976 2992 2107 3039 sunt
2131 2984 2177 3039 ei
2198 3026 2218 3051 ,
2250 2991 2394 3038 certe
2435 2996 2554 3037 cum
2580 2979 2803 3051 cmperit
2840 2978 2976 3032 mori
3001 3019 3015 3042 ,
3049 2992 3144 3047 per
3167 2975 3563 3031 tribulationem

1982 3076 2173 3131 transit
2197 3075 2264 3129 ad
2284 3074 2439 3128 aliam
2467 3072 2650 3127 vitam.
2679 3070 2807 3138 Quis
2834 3070 2977 3125 enim
3007 3077 3087 3124 est
3116 3067 3206 3140 qui
3233 3067 3390 3132 dicat,
3424 3067 3567 3123 Bene

1986 3168 2113 3224 mihi
2142 3167 2271 3232 erit,
2302 3173 2357 3221 et
2384 3179 2491 3219 non
2522 3162 2753 3218 moriar?

2056 3257 2283 3315 CAPUT
2309 3257 2374 3312 Υ.
2402 3286 2475 3297 -
2501 3256 2553 3309 7.
2575 3253 2745 3309 Timor
2764 3253 2939 3307 mortis
2964 3252 3105 3306 diviti
3133 3251 3323 3305 homini
3347 3259 3419 3305 est
3439 3266 3567 3304 con-

1988 3354 2129 3406 tinua
2156 3350 2427 3405 tribulatio.
2460 3347 2710 3416 Quamvis
2731 3389 2745 3412 ,
2774 3347 2820 3401 si
2846 3360 2992 3400 amas
3019 3346 3209 3409 vitam,
3248 3352 3306 3400 et
3342 3353 3568 3399 mortem

1988 3445 2145 3499 times
2172 3442 2216 3510 ‘,
2250 3442 2364 3512 ipse
2391 3441 2550 3496 timor
2575 3439 2763 3494 mortis
2785 3480 2801 3504 ,
2844 3438 3015 3493 hiems
3039 3436 3345 3507 quotidiana
3370 3447 3471 3493 est.
3501 3435 3572 3493 Et

1989 3543 2117 3590 tunc
2142 3533 2373 3588 maxime
2392 3532 2577 3602 pungit
2606 3531 2764 3585 timor
2781 3530 2992 3595 mortis,
3023 3528 3234 3600 quando
3262 3528 3412 3583 nobis
3434 3530 3572 3585 bene

1988 3636 2091 3682 est.
2112 3625 2244 3680 Nam
2278 3623 2491 3695 quando
2516 3622 2653 3677 male
2683 3630 2767 3676 est
2798 3620 2951 3675 nobis
2974 3661 2989 3685 ,
3020 3634 3127 3674 non
3157 3619 3401 3675 timemus
3423 3635 3571 3675 mor-

1990 3729 2120 3775 tem.
2164 3718 2388 3785 Quando
2431 3715 2585 3769 nobis
2625 3714 2761 3769 bene
2803 3722 2920 3779 est,
2952 3720 3076 3766 tunc
3118 3713 3285 3782 magis
3322 3712 3574 3767 timemus

1991 3820 2240 3865 mortem.
2282 3808 2403 3864 Ideo
2441 3807 2531 3862 ille
2569 3805 2715 3860 dives
2738 3846 2754 3871 ,
2795 3819 2951 3874 quem
2987 3803 3322 3858 delectabant
3348 3804 3573 3859 multum

1990 3902 2188 3959 divitiae
2229 3917 2340 3957 sua:
2386 3899 2647 3971 (habebat
2672 3898 2815 3953 enim
2857 3912 3075 3966 magnas
3113 3896 3322 3952 divitias
3361 3905 3416 3950 et
3457 3912 3577 3951 ma-

1990 4012 2123 4069 gnas
2151 3993 2558 4066 possessiones),
2586 3991 2749 4047 credo
2767 3990 2906 4062 quod
2933 3989 3368 4060 interpellabatur
3382 3991 3576 4045 timore

1993 4088 2217 4152 mortis,
2272 4094 2325 4140 et
2367 4084 2506 4139 inter
2555 4082 2771 4137 delicias
2814 4079 3245 4136 contabescebat.
3298 4078 3578 4151 Cogitabat

1993 4180 2135 4235 enim
2171 4194 2229 4234 se
2258 4177 2345 4232 illa
2376 4175 2511 4230 bona
2550 4173 2890 4236 relicturum;
2922 4179 3367 4241 congregaverat,
3400 4178 3455 4225 et
3484 4186 3579 4225 ne-

1995 4270 2197 4326 sciebat
2222 4268 2307 4324 cui
2336 4284 2349 4321 :
2377 4275 2431 4321 et
2456 4264 2653 4334 aliquid
2680 4263 2923 4333 cupiebat
2946 4269 3203 4317 aeternum
3224 4304 3237 4327 ,
3260 4273 3314 4317 et
3342 4264 3487 4317 venit
3511 4263 3578 4318 ad

1996 4363 2300 4425 Dominum,
2327 4368 2381 4413 et
2400 4360 2474 4412 ait
2502 4356 2603 4422 illi,
2620 4355 2865 4424 Magister
2888 4353 3045 4416 boue,
3070 4352 3193 4421 quid
3216 4352 3339 4407 boni
3362 4352 3575 4419 faciam,

1996 4465 2053 4509 ut
2086 4455 2245 4507 vitam
2272 4458 2523 4505 mternam
2549 4444 2869 4515 consequar?
2898 4443 3041 4497 Bene
3074 4452 3157 4497 est
3183 4443 3349 4511 mihi,
3378 4445 3472 4499 sed
3500 4447 3580 4501 la—

1996 4546 2139 4601 bitur
2166 4542 2305 4613 quod
2334 4550 2521 4604 teneo;
2554 4538 2691 4593 bene
2717 4544 2800 4589 est
2828 4533 2953 4588 mihi
2972 4575 2986 4599 ,
3022 4533 3118 4589 sed
3148 4535 3322 4589 subito
3343 4551 3447 4590 non
3482 4542 3585 4592 erit

1997 4637 2138 4708 quod
2167 4635 2337 4690 habeo
2393 4652 2407 4686 :
2455 4631 2543 4686 die
2592 4628 2721 4683 mihi
2763 4627 2904 4683 unde
2938 4626 3160 4682 habeam
3193 4627 3335 4697 quod
3365 4643 3586 4698 semper

1998 4731 2138 4794 erit;
2180 4728 2267 4783 dic
2303 4724 2434 4780 mihi
2475 4720 2741 4793 quomodo
2767 4720 3072 4790 perveniam
3110 4719 3175 4773 ad
3208 4720 3259 4775 id
3294 4720 3435 4790 quod
3476 4736 3583 4776 non

2000 4823 2235 4894 perdam.
2284 4820 2352 4874 Et
2399 4816 2653 4872 Dominus
2698 4813 2773 4867 illi
2802 4830 2815 4866 :
2841 4812 2903 4867 Si
2930 4814 3003 4866 vis
3044 4812 3112 4865 ad
3149 4812 3300 4865 vitam
3342 4813 3581 4884 ingredi,

1999 4931 2141 4970 serva
2186 4911 2444 4966 mandata.
2474 4906 2725 4974 Quaesivit
2759 4919 2881 4974 qua:
2923 4902 3189 4957 mandata.
3217 4901 3451 4957 Audivit.
3490 4902 3587 4958 Βεο

2001 5005 2213 5077 Spondit
2242 5018 2300 5058 se
2327 5018 2358 5056 a
2399 5014 2495 5054 sua
2540 4997 2817 5068 juventute
2861 4994 3040 5048 omnia
3083 5007 3343 5048 servasse.
3373 4993 3463 5049 Ait
3512 4994 3586 5049 illi

2002 5098 2258 5153 Dominus
2293 5090 2626 5148 consiliarius
2652 5087 2775 5142 vita:
2806 5095 3020 5141 aaternaa
3047 5102 3059 5137 :
3089 5082 3258 5139 Unum
3290 5084 3378 5139 tibi
3402 5086 3539 5142 deest
3566 5102 3587 5148 ;

2061 5239 2081 5267 ¹
2107 5234 2180 5283 sic
2211 5229 2477 5280 Victorinus
2511 5231 2595 5274 Ms.
2631 5229 2686 5272 Αι
2723 5221 2868 5278 editi,
2906 5220 3067 5283 ignota
3098 5225 3383 5280 querentes.
3407 5223 3583 5283 quam

1998 5298 2045 5382 si:
2059 5280 2595 5382 prbétmti‘ej'exsilium,
2618 5291 2794 5335 tremor
2826 5289 2896 5332 est
2923 5280 2944 5333 ἔ
2972 5288 3100 5330 Deus
3118 5286 3320 5331 mortem
3348 5280 3577 5343 minatur,

2000 5358 2230 5410 etltztitia
2251 5358 2355 5404 est!
2769 5404 2780 5416 ,
3164 5401 3175 5413 ,

2063 5425 2083 5453 ²
2125 5420 2281 5476 editi,
2339 5414 2391 5464 in
2432 5409 2639 5474 imagine
2690 5415 2796 5457 Det.
2845 5406 3039 5464 Abest,
3085 5411 3216 5464 Des,
3258 5415 3288 5453 a
3344 5406 3581 5456 victorino

2000 5490 2087 5577 M85
2107 5551 2155 5592 tn
2180 5529 2419 5592 Victorino
2444 5538 2629 5600 us.,__et
2651 5528 2822 5600 dixisti
2853 5537 2969 5600 Deo,
3011 5527 3233 5579 Inaurire
3254 5526 3581 5591 lacrimarum

2001 5594 3047 5665 nwmmﬁdwtlmﬂﬁit’ezmt.

2067 5654 2184 5717 {Sic
2208 5654 2471 5715 Victorinus
2493 5666 2574 5708 ιιε.
2614 5654 2825 5716 Αιεόίιι,
2852 5654 3071 5715 (manuus
3093 5660 3239 5702 anas.
3254 5654 3418 5709 vium,
3450 5662 3577 5700 mora

2007 5741 2101 5784 tem
2119 5730 2263 5780 timet.
