3994 6474
462 354 571 417 23’

460 476 506 528 si
532 475 606 529 eis
635 479 884 546 perfertur
897 491 1018 542 esse,
1046 477 1189 540 uade,
1211 477 1366 530 vende
1389 477 1558 531 omnia
1572 494 1684 549 qtae
1706 480 1876 548 habes,
1903 491 1951 535 et
1972 481 2039 536 da

462 567 767 636 pauperibus
791 608 805 633 ,
852 576 897 620 et
926 566 1126 620 habebis
1151 566 1438 620 thesaurum
1461 569 1514 622 in
1553 569 1697 624 calo.
1741 569 1854 625 Non
1897 573 2039 628 enim

459 655 590 711 dixit
609 697 624 724 ,
655 656 821 711 Perde
843 673 858 721 ;
883 656 974 711 sed
994 698 1008 722 ,
1033 656 1190 710 vende
1213 667 1258 710 et
1285 659 1396 712 veni
1423 660 1461 725 ¹,
1491 677 1692 730 sequere
1717 678 1795 716 me
1813 658 2036 732 (Matth.

460 761 590 814 xix,
622 747 826 817 16-22).
869 747 961 804 Ille
997 747 1086 817 qui
1124 748 1484 804 delectabatur
1531 751 1731 807 divitiis
1774 754 1925 821 suis,
1983 763 2037 810 et

457 847 738 910 propterea
765 838 1035 908 quaerebat
1074 855 1102 892 a
1148 840 1372 896 Domino
1409 841 1534 912 quid
1573 843 1696 898 boni
1722 842 1958 911 faceret;
1983 854 2039 900 ut

456 930 900 983 vitam‘aeternam
938 942 1355 1001 consequeretur
1373 975 1386 995 ,
1419 933 1540 1003 quia
1568 948 1598 987 a
1625 934 1830 990 deliciis
1853 936 1916 990 ad
1941 936 2038 992 de-

455 1019 605 1087 licias
648 1019 878 1089 migrare
918 1021 1195 1091 cupiebat,
1241 1031 1294 1077 et
1323 1023 1417 1078 has
1454 1026 1644 1095 quibus
1673 1026 2036 1084 delectabatur

451 1112 755 1184 relinquere
787 1112 1135 1181 formidabat,
1161 1115 1420 1171 abscessit
1462 1118 1626 1173 tristis
1649 1120 1716 1174 ad
1755 1121 2034 1178 thesauros

450 1220 581 1262 suos
604 1214 864 1261 terrenos.
883 1206 1062 1262 Noluit
1085 1207 1304 1264 credere
1335 1209 1560 1265 Domino
1579 1212 1700 1282 quia
1729 1222 1904 1282 potest
1923 1231 2037 1270 ser-

449 1310 578 1352 vare
604 1297 658 1351 in
680 1296 839 1366 caelo,
871 1297 1012 1369 quod
1039 1299 1328 1370 periturum
1351 1313 1430 1356 εει
1451 1303 1503 1356 in
1533 1311 1688 1358 terra.
1721 1304 1897 1360 Noluit
1915 1321 2035 1363 esse

448 1403 610 1444 verus
637 1397 844 1443 amator
883 1388 1118 1444 thesauri
1154 1391 1258 1445 sui.
1287 1391 1420 1448 Male
1455 1395 1720 1460 tenendo,
1757 1397 1989 1466 perdidit
2017 1415 2029 1452 :

451 1482 677 1536 multum
705 1480 976 1552 diligendo
996 1519 1010 1546 ,
1041 1481 1237 1537 amisit.
1261 1481 1393 1536 Nam
1423 1483 1467 1538 si
1503 1483 1640 1540 bene
1670 1486 1815 1541 illum
1845 1487 2032 1558 dilige-

449 1580 570 1637 ret,
603 1571 656 1626 in
685 1575 878 1627 coelum
904 1573 1188 1644 migraret,
1223 1589 1329 1644 quo
1355 1575 1465 1646 ipse
1489 1586 1671 1646 postea
1697 1591 2029 1649 sequeretur.

452 1647 677 1716 Domum
704 1663 778 1717 illi
805 1663 945 1718 Deus
982 1664 1215 1718 ostendit
1263 1665 1350 1720 ubi
1381 1667 1663 1736 migraret,
1707 1685 1810 1725 non
1859 1672 2031 1727 locum

448 1753 537 1808 ubi
565 1752 809 1825 perderet
839 1771 850 1807 :
877 1765 1086 1809 secutus
1105 1757 1245 1810 enim
1265 1757 1358 1821 ait,
1387 1756 1483 1812 Ubi
1508 1760 1638 1812 enim
1663 1761 1818 1831 fuerit
1840 1763 2034 1818 thesau-

447 1861 534 1900 rus
563 1855 706 1914 tuus,
733 1847 838 1901 ith'c
853 1849 946 1902 erit
964 1857 1009 1902 et
1033 1865 1120 1902 cor
1143 1857 1284 1903 tuum
1315 1848 1425 1922 (Id.
1454 1867 1502 1906 vt
1523 1894 1539 1920 ,
1560 1852 1674 1926 2f).

516 1983 744 2041 CAPUT
795 1985 879 2040 VI.
923 2015 992 2026 -—-
1017 1986 1072 2042 8.
1113 1985 1318 2042 Divitia:
1345 1989 1397 2043 in
1422 1999 1528 2044 tuto
1569 2002 1859 2061 ponuntur,
1907 1995 2030 2048 dum

448 2086 738 2148 erogantur.
780 2075 1115 2149 Eleemosyna
1156 2081 1293 2150 pium
1337 2082 1485 2150 {enus
1519 2081 1649 2138 Deo.
1698 2084 1803 2141 Sed
1849 2087 2030 2144 videre

446 2168 632 2223 volunt
673 2171 692 2200 ³
735 2169 979 2226 homines
1023 2171 1235 2228 divitias
1264 2174 1424 2228 suas?
1449 2174 1556 2229 Fac
1599 2180 1741 2247 quod
1787 2179 1842 2234 in
1887 2189 2028 2236 terra

447 2260 824 2327 thesaurizent,
852 2265 1104 2334 numquid
1132 2281 1236 2319 non
1259 2267 1444 2322 timent
1467 2267 1632 2324 videri
1653 2271 1861 2327 divitias
1881 2276 2029 2329 suas?

361 2337 364 2340 ’
445 2352 714 2408 Edodiunt
734 2362 787 2408 et
809 2354 1092 2410 obstruunt
1117 2365 1173 2410 et
1196 2359 1509 2428 cooperiunt
1536 2375 1626 2415 eas
1660 2379 1672 2413 :
1701 2371 1898 2418 etcum
1927 2366 2028 2420 ob-

408 2507 411 2511 _
442 2443 733 2498 struxerint
758 2453 813 2498 et
838 2446 1242 2514 cooperuerint,
1274 2450 1528 2518 numquid
1558 2452 1738 2508 vident
1762 2457 1902 2524 quod
1934 2457 2030 2512 ha-

442 2533 610 2589 bent?
649 2532 758 2589 Nec
787 2536 899 2605 ipse
937 2536 1078 2592 videt
1109 2554 1121 2590 :
1150 2548 1297 2608 optat
1325 2548 1382 2594 ut
1419 2541 1612 2609 lateat,
1647 2543 1796 2600 timet
1823 2563 1890 2602 ne
1933 2564 2027 2617 pa-

446 2635 554 2681 teat
580 2627 622 2680 ³.
649 2628 780 2682 Esse
811 2627 922 2682 vult
945 2628 1096 2683 dives
1140 2630 1191 2683 in
1239 2630 1521 2700 opinione,
1555 2650 1659 2689 non
1703 2635 1754 2690 in
1784 2639 2024 2696 veritate.

443 2717 602 2786 Quasi
629 2716 825 2773 suflicit
854 2719 1050 2773 habere
1080 2720 1130 2774 in
1157 2723 1514 2789 conscientia,
1561 2727 1702 2795 quod
1753 2741 1928 2786 servat
1975 2734 2025 2787 in

441 2809 668 2864 terra“?
708 2808 753 2866 0
797 2820 994 2882 quanto
1046 2812 1214 2882 major
1253 2814 1342 2868 tibi
1381 2824 1435 2870 et
1477 2817 1668 2874 melior
1703 2823 2026 2880 conscientia

439 2901 570 2964 erit,
599 2903 641 2954 si
668 2902 964 2956 servaveris
985 2904 1034 2956 in
1058 2903 1226 2958 coelo!
1256 2904 1352 2960 Hic
1375 2920 1495 2961 cum
1518 2909 1759 2967 obrueris
1787 2913 1837 2967 in
1863 2923 2021 2980 terra,

443 2994 600 3048 times
628 3009 694 3048 ne
723 2994 856 3048 sciat
901 3009 1086 3050 servus
1131 3005 1250 3051 tuus
1277 3007 1332 3051 et
1373 2998 1578 3054 auferat
1605 3011 1660 3056 et
1703 3001 1909 3074 fugiat:
1938 3005 2028 3062 hic

439 3085 598 3140 times
622 3083 917 3139 neauferat
943 3085 1036 3139 tibi
1059 3100 1246 3142 servus
1274 3095 1395 3142 tuus
1422 3104 1438 3154 ;
1466 3089 1538 3143 ibi
1560 3106 1666 3146 non
1698 3092 1871 3163 times,
1903 3097 2023 3166 quia

441 3173 578 3229 bene
609 3174 700 3229 tibi
743 3185 918 3230 servat
965 3176 1216 3232 Dominus
1261 3187 1400 3235 tuus.
1428 3179 1533 3236 Sed
1560 3182 1765 3252 habeo,
1807 3186 2019 3256 inquis,

437 3281 648 3323 servum
676 3267 883 3323 fidelem
906 3308 922 3335 ,
948 3270 1035 3339 qui
1066 3280 1120 3324 et
1158 3272 1405 3339 noverit,
1432 3283 1486 3329 et
1517 3291 1624 3330 non
1669 3279 1858 3346 prodat
1886 3282 1927 3346 ⁸,
1971 3292 2025 3338 et

432 3374 544 3414 non
599 3359 766 3416 tollat.
792 3359 1051 3427 Compara
1100 3362 1246 3417 illum
1301 3365 1528 3420 Domino
1574 3377 1683 3424 tuo.
1715 3370 1770 3426 Si
1813 3373 2020 3431 fidelem

431 3468 649 3508 servum
679 3453 963 3518 invenisti,
1006 3454 1261 3512 Dominus
1291 3465 1412 3513 tuus
1451 3462 1664 3530 quando
1705 3473 1757 3520 te
1795 3464 2022 3523 fefellit?

425 3544 552 3616 .Etsi
577 3561 681 3601 non
713 3555 890 3616 potest
915 3561 1102 3603 servus
1123 3556 1243 3604 tuus
1263 3550 1468 3621 tollere,
1499 3564 1673 3622 potest
1700 3567 1872 3614 tamen
1903 3577 2022 3631 pcr-

437 3639 566 3694 dere
595 3656 609 3693 :
642 3642 895 3695 Dominus
923 3648 1042 3696 tuus
1067 3657 1166 3696 nec
1197 3644 1382 3700 tollere
1421 3661 1522 3702 nec
1547 3648 1771 3718 perdere
1807 3663 2015 3723 potest,

431 3743 537 3785 nec
565 3731 737 3800 perire
783 3731 1056 3800 permittit.
1086 3732 1273 3789 Servat
1304 3735 1435 3803 tibi,
1469 3748 1650 3796 manet
1679 3742 1804 3810 tibi;
1836 3744 2022 3802 liberat

436 3830 506 3887 te,
540 3831 845 3880 manentem
876 3832 927 3880 te
949 3819 1211 3890 facitfnec
1237 3828 1415 3898 perdet
1446 3838 1519 3896 te,
1541 3848 1641 3888 nec
1666 3835 1852 3903 perdet
1877 3839 2019 3909 quod

434 3913 497 3967 ei-
514 3913 985 3970 commendaveris.
1011 3915 1166 3984 Veni,
1191 3917 1379 3990 inquit,
1410 3923 1590 3992 accipe
1608 3925 1750 3993 quod
1770 3929 1908 3998 apud
1933 3945 2020 3984 me

439 4006 678 4075 posuisti.
706 4007 875 4062 Absit.
907 4007 1022 4062 Non
1053 4008 1156 4064 hoc
1178 4011 1267 4066 tibi
1297 4012 1427 4068 dicit
1450 4013 1589 4070 Deus
1618 4016 1658 4069 °.
1685 4017 1820 4089 Ego,
1850 4020 2020 4092 inquit

435 4098 568 4162 tibi,
606 4097 696 4168 qui
738 4106 789 4153 te
823 4098 1065 4168 prohibui
1105 4098 1379 4168 fenerare,
1427 4103 1698 4162 feneratus
1724 4124 1840 4164 sum
1882 4121 2015 4168 ate.

435 4189 663 4247 Volebas
679 4191 820 4246 enim
848 4191 1033 4247 fenore
1057 4207 1318 4259 crescere,
1344 4205 1400 4250 et
1421 4196 1588 4253 dabas
1611 4200 1811 4256 homini
1839 4214 1895 4259 ut
1923 4206 2018 4262 tibi

438 4281 558 4337 alus
587 4280 864 4348 redderet,
886 4283 1098 4353 quando
1118 4285 1412 4354 accipiebat
1438 4288 1707 4359 gaudens,
1734 4303 1786 4348 et
1805 4297 2016 4366 quando

435 4373 692 4430 reddebat
705 4375 935 4445 plorans.
958 4376 1068 4432 lloc
1082 4377 1318 4442 volebas,
1337 4389 1499 4451 etego
1519 4384 1861 4453 prohibebam
1879 4407 1891 4443 :
1907 4390 2017 4447 dixi

434 4465 598 4530 enim,
631 4465 730 4534 Qui
758 4469 1019 4537 pecuniam
1049 4484 1195 4524 suam
1240 4487 1340 4526 non
1361 4472 1499 4528 dedit
1527 4477 1597 4530 ad
1615 4494 1821 4534 usuram
1841 4482 2014 4552 (Psal.

432 4572 558 4622 xw,
589 4556 668 4628 5).
701 4557 1051 4614 Prohibeham
1095 4570 1147 4615 te
1183 4576 1212 4615 a
1245 4561 1426 4620 fenore
1458 4583 1470 4619 :
1495 4567 1659 4637 jubeo
1699 4572 1791 4627 tibi
1820 4572 1977 4632 fenus
1997 4618 2013 4643 ,

433 4666 520 4705 nte
550 4651 730 4706 fenera
754 4653 795 4706 ⁷η.
839 4652 949 4707 lloc
976 4653 1068 4708 tibi
1107 4654 1234 4710 dicit
1262 4657 1517 4716 Dominus
1545 4671 1664 4717 tuus
1695 4683 1707 4718 :
1738 4665 1907 4722 Pauca
1934 4669 2017 4724 vis

430 4741 598 4809 dare,
646 4751 702 4798 et
747 4744 896 4813 plura
925 4745 1167 4815 accipere
1217 4765 1230 4802 :
1277 4750 1515 4823 relinque
1564 4753 1872 4827 hominem,
1925 4763 2015 4832 qui

431 4839 651 4910 plangit,
677 4839 886 4910 quando
901 4841 1089 4912 exigis;
1120 4858 1204 4898 me
1231 4844 1429 4912 inveni,
1445 4850 1532 4918 qui
1556 4852 1780 4920 gaudeo,
1803 4858 2014 4924 quando

432 4932 618 4990 reddo.
651 4931 789 4988 Ecce
815 4932 1002 4988 adsum
1035 4951 1048 4988 :
1077 4933 1171 5000 da,
1203 4945 1258 4990 et
1283 4954 1466 5003 sume;
1497 4949 1734 5012 tempore
1761 4946 2015 5002 redditio-

431 5027 514 5080 nis
537 5023 755 5081 reddam
779 5023 890 5080 tibi.
918 5024 986 5078 Et
1003 5025 1125 5094 quid
1149 5027 1402 5082 reddam?
1428 5029 1596 5086 Pauca
1619 5033 1833 5102 dedisti,
1863 5037 2010 5106 plura

434 5132 632 5173 sume:
675 5125 886 5172 terrena
915 5115 1142 5185 dedisti,
1171 5119 1406 5176 caelestia
1454 5138 1606 5180 sume
1647 5143 1659 5180 :
1703 5130 2007 5198 temporalia

489 5316 503 5380 ξ
531 5315 605 5380 sic
626 5315 892 5363 Victorinus
914 5323 992 5364 trs.
1022 5324 1074 5366 At
1099 5317 1234 5380 editi,
1253 5319 1340 5368 sed
1361 5331 1518 5380 serva,
1539 5329 1584 5372 et
1607 5323 1726 5374 ueni.

485 5377 506 5407 ⁸
530 5377 603 5424 sic
619 5383 722 5424 Mss.
748 5381 804 5423 Αι
825 5381 955 5435 Lov.,
980 5377 1138 5428 videri
1158 5379 1338 5429 nolunt.
1372 5377 1541 5432 Caeteri
1567 5385 1703 5447 editi,
1741 5386 1902 5441 videre
1924 5404 2006 5442 tto-

421 5436 540 5488 lunt.

486 5501 508 5530 ³
525 5499 597 5547 sic
620 5505 730 5564 Mss.
753 5506 806 5564 A_t
831 5499 962 5557 editi,
990 5513 1048 5550 ne
1064 5507 1243 5564 pereat.

483 5563 629 5631 fuss.
650 5593 666 5619 ,
687 5559 886 5629 “habere
939 5559 1275 5631 consciattiuin
1328 5566 1442 5629 quia
1497 5575 1654 5620 servat
1669 5605 1685 5631 ,
1721 5579 1816 5622 etc.

484 5624 505 5689 If
532 5623 793 5689 victoribus
815 5631 916 5685 Ms.,
938 5631 983 5673 et
999 5626 1302 5689 nongperdat.

483 5685 506 5716 ⁸
532 5682 798 5735 Victorinus
819 5682 922 5744 Ms,
948 5694 1065 5735 Nam
1087 5682 1175 5737 hoc
1198 5687 1317 5739 dicit
1336 5698 1478 5740 Deus.

482 5749 502 5778 ⁷
529 5745 740 5827 tn‘etlitis
767 5747 1364 5827 omissumhhgterat,‘
1395 5751 1483 5803 [ibi
1505 5754 1657 5818 fenus,
1695 5771 1770 5809 me
1797 5760 1998 5827 (onera;

420 5809 546 5873 quod
569 5807 648 5856 hic
672 5821 733 5859 ex
769 5811 1102 5873 manuscriptis
1125 5807 1412 5868 restituitur.

1670 363 1726 420 S.
1769 365 2136 424 AUGUSTINI
2173 368 2478 430 EPISCOPI

3629 392 3735 452 260

2147 482 2373 554 dedisti,
2399 497 2596 544 :eterna
2620 503 2771 548 sume
2796 512 2814 549 :
2837 509 2953 551 mea
2978 497 3200 567 dedisti,
3246 516 3332 558 me
3356 501 3529 573 ipsum
3559 523 3733 569 sume.

2145 573 2279 641 Quid
2322 578 2462 632 enim
2507 579 2733 652 dedisti,
2764 587 2862 639 nisi
2902 602 2967 642 ex
2993 605 3058 643 eo
3101 591 3244 661 quod
3275 609 3302 646 a
3333 610 3420 650 me
3443 601 3734 669 accepisti?

2144 664 2296 731 Quod
2327 667 2536 727 dederis
2565 673 2582 705 ¹
2614 691 2722 729 non
2749 677 2940 744 reddo,
2968 681 3056 749 qui
3086 684 3225 738 unde
3260 685 3416 742 dares
3453 664 3614 746 dedi?
3641 694 3734 762 qui

2148 767 2197 812 te
2222 759 2390 828 ipsum
2416 764 2504 832 qui
2530 764 2686 820 dares
2715 767 2870 834 dedi;
2908 772 2993 841 qui
3024 773 3115 828 tibi
3145 775 3414 832 Christum
3453 782 3539 836 cui
3573 759 3734 840 dares

2143 849 2284 916 dedi,
2318 855 2404 923 qui
2435 855 2524 908 tibi
2546 855 2780 924 diceret,
2816 859 3030 925 Quando
3058 865 3145 917 uni
3173 881 3238 919 ea:
3263 868 3482 924 minimis
3504 872 3628 926 meis
3659 877 3734 945 [e-

2142 940 2271 1007 cisti,
2300 944 2425 997 mihi
2460 947 2624 1013 fecisti
2657 948 2866 1020 (Matth.
2901 969 3034 1017 xxv,
3066 955 3179 1026 40).
3208 958 3346 1014 Ecce
3373 962 3455 1015 cui
3484 962 3600 1030 das,
3631 940 3731 1037 pa-

2141 1031 2242 1086 scit
2269 1033 2289 1064 ²
2310 1045 2362 1088 et
2383 1037 2548 1090 esurit
2574 1051 2788 1108 prapter
2811 1050 2862 1095 te
2886 1059 2901 1095 :
2927 1043 3108 1111 donat,
3133 1056 3186 1101 et
3213 1060 3351 1119 eget.
3381 1052 3602 1118 Quando
3628 1031 3729 1110 do-

2142 1131 2264 1190 nat,
2308 1126 2385 1179 vis
2409 1128 2651 1197 accipere
2684 1149 2697 1185 :
2725 1133 2937 1201 quando
2964 1145 3116 1206 eget,
3157 1155 3260 1194 non
3294 1143 3374 1196 vis
3414 1145 3563 1200 dare.
3593 1147 3730 1216 Eget

2139 1212 2408 1283 Christus,
2441 1221 2651 1286 quando
2689 1232 2808 1292 eget
2832 1241 3030 1296 pauper
3060 1246 3072 1280 :
3104 1231 3191 1300 qui
3221 1235 3469 1290 onntibus
3494 1238 3605 1292 suis
3641 1212 3728 1294 vi-

2140 1313 2245 1360 tam
2267 1317 2516 1363 aeternam
2540 1322 2752 1379 paratus
2777 1316 3032 1384 estdare,
3064 1320 3118 1375 in
3149 1337 3465 1397 unoquoque
3492 1344 3718 1401 paupere

2141 1403 2498 1469 temporaliter
2512 1404 2756 1474 dignatus
2784 1417 2867 1463 est
2894 1412 3156 1482 accipere.

2209 1511 2430 1567 CAPUT
2461 1514 2566 1569 \‘Il.
2591 1547 2660 1558 —-
2683 1517 2734 1574 9.
2784 1519 2981 1576 Divitiae
3016 1525 3068 1578 in
3117 1527 3296 1581 calum
3341 1534 3704 1599 prtemittendc

2137 1601 2416 1674 Pauperes,
2447 1607 2695 1663 laturarii.
2721 1611 2787 1666 Et
2811 1614 3087 1670 consilium
3109 1618 3195 1672 dat
3224 1636 3329 1689 quo
3357 1624 3550 1693 migres
3581 1644 3594 1681 :
3625 1628 3722 1683 de-

2135 1696 2213 1751 dit
2259 1697 2401 1752 enim
2445 1701 2723 1756 consilium
2772 1721 2875 1773 quo
2923 1709 3152 1778 migrare
3193 1712 3407 1768 debeas.
3447 1717 3606 1787 Migra
3654 1719 3725 1776 de

2137 1797 2274 1842 terra
2323 1789 2374 1842 in
2418 1793 2644 1856 coelum,
2678 1809 2747 1849 ne
2777 1798 2984 1866 perdas.
3019 1799 3185 1868 Quam
3219 1806 3369 1860 multi
3411 1809 3551 1862 enim
3580 1811 3724 1880 quod

2135 1879 2416 1935 servabant
2445 1884 2808 1954 perdiderunt,
2831 1898 2882 1942 et
2914 1904 3011 1944 nec
3036 1891 3113 1945 sic
3134 1897 3355 1950 correcti
3385 1897 3437 1952 in
3465 1901 3600 1954 cado
3630 1917 3726 1970 po-

2135 1987 2262 2025 nere
2291 1971 2605 2028 didicerunt.
2639 1975 2694 2030 Si
2725 1978 2858 2032 forte
2901 1979 2992 2034 tibi
3036 1982 3227 2052 aliquis
3269 1984 3510 2056 diceret,
3557 1990 3723 2062 Migra

2134 2060 2342 2116 divitias
2371 2072 2486 2118 tuas
2515 2065 2581 2120 ab
2607 2064 2895 2123 Occidente
2925 2069 2976 2124 in
3007 2069 3276 2128 Orientem
3303 2117 3317 2140 ,
3345 2079 3388 2132 si
3418 2095 3522 2134 non
3551 2060 3722 2138 vis‘ut

2133 2165 2384 2223 pereant;
2427 2165 2706 2224 :estuares,
2742 2160 3041 2230 laborares,
3083 2176 3384 2238 satageres,
3416 2174 3723 2231 attenderes

2133 2255 2326 2314 quanta
2352 2259 2530 2304 essent
2554 2265 2671 2319 quae
2699 2250 2924 2308 haberes
2943 2295 2959 2319 ,
2988 2256 3196 2313 videres
3243 2268 3292 2315 te
3332 2264 3722 2333 multiplicitate

2134 2353 2310 2392 rerum
2341 2349 2544 2395 tuarum
2573 2341 2724 2398 facile
2749 2343 2802 2396 in
2824 2345 3106 2417 longinqua
3135 2351 3366 2420 migrare
3394 2370 3495 2407 non
3523 2371 3718 2424 posse:

2131 2437 2188 2483 et
2216 2428 2351 2486 forte
2375 2431 2552 2500 ﬂeres,
2576 2437 2696 2505 quia
2724 2437 2800 2492 ire
2820 2441 3090 2509 cogereris
3113 2483 3129 2506 ,
3158 2451 3211 2497 et
3251 2447 3516 2514 quomodo
3545 2458 3722 2505 tecum

2134 2523 2346 2578 tolleres
2369 2525 2508 2594 quod
2529 2528 2821 2599 collegeras
2838 2547 2943 2586 non
2971 2533 3256 2591 invenires.
3280 2537 3332 2591 ln
3352 2539 3721 2612 longinquiora

2133 2625 2184 2670 te
2215 2619 2640 2688 migrarejussit,
2671 2623 2758 2692 qui
2789 2640 2894 2679 non
2925 2626 3033 2692 ait,
3067 2627 3230 2698 Migra
3257 2629 3323 2684 ab
3348 2631 3634 2688 Occidente
3663 2635 3720 2689 in

2131 2708 2433 2775 Orientem;
2464 2712 2556 2767 sed
2577 2755 2592 2780 ,
2625 2714 2786 2785 Migra
2827 2716 2896 2772 de
2936 2729 3074 2773 terra
3107 2721 3158 2774 in
3199 2724 3414 2778 caelum.
3455 2724 3673 2780 Estuas
3699 2767 3720 2793 ,

2130 2801 2279 2870 quasi
2309 2802 2673 2860 difficultatem
2698 2809 2952 2877 majorem
2981 2812 3071 2866 tibi
3098 2812 3291 2868 videris
3323 2817 3425 2884 pati
3450 2858 3467 2882 ,
3506 2827 3558 2872 et
3584 2818 3725 2875 dicis

2131 2891 2224 2944 tibi
2259 2909 2271 2945 :
2303 2891 2356 2946 Si
2388 2909 2495 2946 non
2521 2894 2851 2952 inveniebam
2872 2899 3111 2967 jumenta
3135 2912 3190 2957 et
3215 2919 3407 2970 naves,
3437 2908 3628 2976 quibus
3648 2910 3723 2965 ab

2131 2979 2414 3036 Occidente
2437 2984 2720 3054 migrarent
2751 2987 2815 3041 ad
2841 2990 3134 3058 Orientem;
3156 2996 3424 3064 quomodo
3451 2999 3720 3056 inveniam

2127 3071 2320 3139 scalas,
2349 3074 2541 3143 quibus
2565 3091 2594 3129 a
2625 3086 2761 3131 terra
2791 3081 3010 3150 migrent
3035 3084 3084 3137 in
3107 3087 3497 3155 etelutn?Noli,
3523 3090 3717 3160 inquit,

2130 3162 2222 3217 tibi
2254 3163 2412 3230 Deus,
2437 3164 2698 3232 laborare,
2718 3169 2826 3224 noli
2848 3171 3091 3228 laborare
3121 3177 3244 3246 :qui
3276 3189 3326 3232 te
3351 3179 3566 3235 divitem
3591 3183 3714 3249 feci,

2127 3254 2214 3322 qui
2269 3254 2359 3308 tibi
2407 3257 2549 3324 quod
2593 3257 2751 3313 dares
2795 3261 2949 3329 dedi,
2983 3264 3264 3322 laturarios
3312 3269 3406 3323 tibi
3455 3287 3722 3342 pauperes

2126 3341 2249 3398 feci.
2277 3340 2331 3400 Si
2353 3386 2368 3409 ,
2405 3348 2550 3402 verbi
2579 3351 2744 3418 gratia
2766 3393 2783 3418 ,
2815 3353 3082 3410 invenires
3117 3359 3345 3428 aliquem
3393 3362 3602 3432 inopem
3643 3365 3718 3422 de

2127 3444 2274 3490 trans
2299 3452 2444 3492 mare
2468 3479 2482 3504 ,
2513 3449 2606 3493 aut
2633 3458 2738 3510 quo
2761 3442 2840 3498 ire
2864 3446 3026 3500 velles
3043 3488 3060 3513 ,
3095 3446 3362 3505 invenires
3391 3453 3513 3508 inde
3538 3457 3715 3511 civem

2126 3527 2357 3598 aliquem
2389 3534 2759 3589 necessitatem
2795 3537 3082 3605 patientem
3105 3583 3118 3605 ,
3154 3542 3360 3600 diceres
3392 3546 3482 3600 tibi
3515 3564 3528 3600 :
3565 3546 3716 3603 Civis

2124 3619 2224 3675 iste
2251 3621 2374 3677 inde
2399 3633 2480 3678 est
2504 3640 2610 3694 quo
2636 3642 2735 3696 ego
2757 3629 2877 3683 volo
2902 3630 3008 3696 ire;
3031 3643 3150 3702 eget
3181 3633 3266 3690 hie
3287 3676 3301 3699 ,
3331 3635 3401 3691 do
3431 3637 3503 3691 illi
3527 3638 3548 3668 ³
3567 3640 3715 3709 quod

2125 3712 2195 3767 ibi
2249 3713 2378 3768 mihi
2436 3716 2638 3772 reddat.
2694 3719 2835 3776 Ecce
2881 3731 3002 3794 eget
3042 3725 3128 3780 hic
3176 3743 3408 3797 pauper,
3452 3731 3581 3785 civis
3625 3742 3716 3788 est

2123 3806 2270 3876 regni
2306 3808 2561 3863 caelorum
2593 3812 2757 3880 :quid
2794 3813 3003 3872 dubitas
3041 3818 3215 3874 facere
3247 3821 3620 3891 trajectitium?
3650 3825 3713 3880 Si

2123 3897 2266 3950 enim
2294 3897 2423 3952 dant
2449 3901 2539 3970 qui
2572 3901 2671 3956 hoc
2717 3902 2954 3970 faciunt,
2994 3917 3050 3961 ut
3085 3909 3231 3977 plura
3261 3913 3554 3982 accipiant,
3583 3931 3712 3971 cum

2122 3985 2188 4039 ad
2219 4002 2280 4041 ea
2319 3988 2432 4043 loca
2464 3992 2736 4060 venerint,
2762 3995 2901 4051 unde
2929 4007 3011 4051 est
3037 3999 3127 4053 ille
3151 4001 3241 4070 qui
3269 4005 3470 4073 accepit
3495 4022 3509 4062 :
3542 4007 3712 4060 facia-

2121 4093 2241 4133 mus
2269 4089 2321 4135 et
2350 4097 2466 4137 1108.

2193 4195 2421 4252 CAPUT
2463 4198 2594 4254 VIII.
2623 4231 2691 4240 —
2717 4201 2803 4256 10.
2833 4201 2990 4258 Fides
3015 4206 3067 4259 in
3093 4208 3264 4273 corde,
3291 4211 3433 4277 quasi
3472 4210 3713 4269 Christus

2121 4284 2176 4338 in
2223 4288 2340 4340 naui
2387 4289 2672 4357 dormiens,
2715 4295 3002 4349 excitanda.
3033 4297 3144 4352 Hoc
3183 4297 3269 4363 ﬁt,
3301 4300 3347 4355 si
3388 4301 3706 4370 credamus,

2120 4377 2166 4432 si
2194 4377 2350 4434 fidem
2374 4381 2684 4437 excitemus.
2736 4384 2867 4439 Nam
2914 4403 3051 4442 vane
3079 4391 3480 4447 conturbamur.
3525 4393 3708 4460 Quare
3799 4379 3804 4382 l

2120 4483 2256 4524 vane
2275 4471 2687 4527 conturbamur?
2716 4476 2846 4541 Quia
2875 4478 3171 4534 dormiente
3219 4479 3431 4536 Christo
3455 4484 3506 4537 in
3539 4487 3660 4540 navi
3684 4527 3704 4551 ,

2116 4543 2259 4630 pene
2296 4563 2741 4634 naufragaverunt
2767 4568 3032 4638 discipuli.
3081 4571 3385 4626 Dormiebat
3425 4573 3616 4642 Jesus,
3649 4590 3709 4632 et

2122 4652 2468 4708 turbabantur
2492 4655 2756 4725 discipuli.
2792 4657 2942 4712 Venti
2977 4660 3301 4728 saeviebant,
3332 4662 3527 4720 fluctus
3550 4669 3702 4720 exci-

2119 4743 2386 4809 tabantur,
2415 4748 2562 4801 navis
2593 4749 2926 4819 mergebatur
2949 4751 3160 4822 (Matth.
3192 4771 3304 4824 vut,
3323 4755 3536 4828 25-27).
3559 4758 3712 4823 Qua-

2119 4837 2214 4891 re?
2234 4837 2365 4906 Quia
2385 4838 2537 4895 Jesus
2566 4841 2882 4897 dormiebat.
2907 4844 2997 4898 Sic
3025 4855 3080 4899 et
3118 4855 3192 4910 tu,
3234 4849 3448 4917 quando
3490 4858 3674 4920 tempe
3692 4880 3708 4891 ο

2118 4935 2286 4986 states
2314 4930 2664 4985 tentationum
2713 4933 2942 4988 saeviunt
2986 4934 3040 4988 in
3080 4936 3183 4990 isto
3211 4938 3428 5002 sa-culo,
3459 4940 3708 4995 turbatur

2116 5032 2209 5071 cor
2236 5030 2379 5073 tuum
2402 5061 2418 5085 ,
2466 5030 2714 5092 tanquam
2745 5025 2892 5078 navis
2924 5034 3032 5082 tua.
3060 5026 3255 5095 Quare,
3284 5030 3389 5084 nisi
3419 5032 3541 5100 quia
3569 5031 3705 5084 (Inr-

2114 5110 2211 5163 mit
2237 5109 2366 5165 fides
2390 5113 2513 5165 tua?
2540 5112 2629 5169 Sic
2652 5115 2793 5169 enim
2836 5116 3031 5171 Paulus
3055 5120 3326 5188 apostolus
3371 5120 3520 5186 dicit,
3573 5124 3703 5190 quia

2115 5200 2314 5256 habitat
2337 5202 2580 5258 Christus
2609 5220 2702 5274 per
2730 5207 2887 5262 fidem
2915 5209 2967 5262 in
2992 5209 3240 5265 cordibus
3261 5214 3455 5268 nostris
3477 5212 3701 5284 (Ep/tes.

2112 5307 2192 5358 tn,
2220 5293 2328 5364 t7).
2359 5295 2542 5349 Excita
2572 5312 2700 5367 ergo
2740 5297 3011 5355 Christum
3053 5302 3104 5356 in
3135 5303 3296 5358 corde
3343 5314 3467 5368 tuo,
3514 5306 3706 5375 vigilet

2110 5387 2244 5442 fides
2288 5397 2396 5453 tua,
2445 5391 2819 5460 tranquilletur
2857 5394 3182 5449 conscientia
3213 5404 3319 5463 tua,
3347 5407 3401 5452 et
3438 5398 3704 5454 liberatur

2111 5479 2261 5533 navis
2288 5488 2395 5533 tua.
2425 5477 2607 5545 Senti,
2663 5483 2909 5552 quoniam
2956 5485 3044 5554 qui
3093 5487 3337 5555 promisit
3379 5504 3536 5543 verax
3588 5501 3699 5545 est.

2106 5567 2350 5624 Nondum
2384 5570 2649 5636 ostendit;
2671 5573 2793 5642 quia
2824 5574 3059 5629 nondum
3076 5585 3159 5632 est
3188 5586 3396 5648 tempus
3425 5589 3697 5635 utosten-

2171 5701 2454 5780 tamen
2470 5703 2619 5780 '..‘.‘§dt
2641 5712 2772 5780 Ven:
2786 5713 2837 5780 et
2854 5713 2982 5768 ιοτοι
3011 5721 3182 5780 ergone
3203 5709 3331 5775 quod
3353 5709 3566 5766 mem-
3631 5721 3695 5768 δε-

2168 5764 2189 5831 ξ
2210 5764 2280 5831 sic
2299 5771 2399 5831 Mss.
2427 5764 2555 5814 Editi
2565 5779 2701 5826 vero,
2723 5772 2772 5831 ut
2795 5768 2886 5831 des
2903 5764 3069 5831 pascit;

2170 5825 2190 5856 ³
2213 5826 2477 5875 Victorinus
2499 5832 2602 5889 Hs,
2618 5840 2706 5893 ego
2728 5828 2790 5877 do
2811 5825 2901 5879 illi.
