4012 6338
261 372 360 427 ιιι

260 488 381 542 dat.
461 483 624 540 Multa
687 483 798 553 jam
843 493 1020 538 tamen
1065 482 1340 538 ostendit:
1371 480 1633 536 Christum
1685 496 1838 535 suum

261 577 542 646 promisit,
569 585 623 631 et
650 575 795 629 dedit
820 593 834 628 :
857 574 1298 629 resurrectionem
1344 575 1460 641 ejus
1489 573 1751 642 promisit,
1786 580 1840 626 et

257 667 411 722 dedit
447 685 460 719 :
491 666 834 736 Evangelium
864 681 1016 719 suum
1045 665 1320 734 promisit,
1362 673 1418 719 et
1443 665 1624 718 dedit:
1655 665 1838 718 Eccle-

258 761 395 811 siam
425 773 578 809 suam
602 763 715 810 toto
735 757 865 810 orbe
889 755 1281 810 diilundendam
1304 756 1564 824 promisit,
1589 764 1643 808 et
1657 753 1800 808 dedit
1823 770 1836 806 :

259 847 632 901 tribulationes
657 847 800 915 ipsas
839 856 892 899 et
939 859 1158 914 aggeres
1185 845 1542 899 calamitatum
1590 845 1641 898 in
1682 845 1843 898 rebus

258 939 513 994 humanis
544 937 807 1006 praedixit,
837 945 892 991 et
936 936 1184 990 ostendit.
1232 936 1436 1002 Quanta
1467 945 1590 990 sunt
1615 953 1730 1005 qua:
1758 952 1843 990 re-

257 1030 443 1089 stant?
471 1027 760 1098 implentur
781 1043 899 1097 quas
939 1027 1197 1096 promissa
1221 1038 1366 1092 sunt,
1407 1027 1696 1096 implentur
1721 1043 1840 1096 quae

258 1118 517 1186 praedicta
546 1128 670 1172 sunt
695 1136 707 1171 :
734 1128 790 1172 et
817 1118 1012 1172 titubas
1037 1133 1104 1172 ne
1127 1134 1230 1171 non
1269 1119 1447 1172 veniat
1467 1117 1605 1186 quod
1637 1118 1842 1171 restat?

258 1208 412 1261 Tunc
443 1209 632 1262 timere
654 1208 900 1271 deberes,
929 1208 975 1261 si
1003 1207 1144 1277 quod
1183 1208 1489 1276 priedictum
1521 1217 1603 1262 est
1631 1224 1735 1262 non
1761 1208 1840 1261 vi-

256 1299 442 1354 deres.
489 1299 632 1354 Bella
688 1310 845 1366 sunt,
893 1299 1060 1354 iantes
1114 1309 1258 1365 sunt,
1311 1301 1656 1354 contritiones
1697 1309 1839 1354 sunt.

259 1389 506 1458 Regnum
529 1405 691 1458 super
717 1405 938 1459 regnum
960 1398 1077 1456 est,
1108 1399 1264 1445 terrae
1307 1399 1483 1445 motus
1522 1400 1663 1456 sunt,
1699 1392 1844 1445 cala-

258 1481 507 1533 usitatum
534 1492 659 1535 sunt
703 1480 1156 1552 exaggeratioues,
1202 1483 1524 1536 abundantia
1560 1482 1841 1537 scandalu-

260 1589 402 1636 rum,
436 1573 602 1641 frigus
629 1573 932 1639 charitatis,
960 1574 1110 1643 copia
1156 1575 1466 1642 iniquitatis.
1503 1575 1625 1630 Hmc
1663 1577 1840 1630 omnia

261 1667 400 1734 lege,
426 1666 683 1733 pra-dicta
703 1675 844 1720 sunt.
870 1665 1028 1736 Lege,
1047 1666 1188 1729 vide,
1216 1668 1336 1737 quia
1355 1669 1529 1736 omnia
1552 1683 1669 1738 quae
1696 1667 1843 1723 vides

263 1757 514 1818 praedicta
546 1767 705 1810 sunt:
737 1767 790 1812 et
819 1758 978 1812 crede
1004 1768 1058 1812 te
1089 1759 1324 1813 visurum
1371 1776 1491 1814 esse
1530 1761 1670 1828 quod
1709 1777 1843 1815 non-

260 1849 387 1900 dum
417 1848 602 1910 venit,
653 1865 936 1902 numerans
979 1861 1174 1918 quanta
1223 1861 1499 1906 venerunt.
1543 1853 1620 1906 Tu
1663 1863 1841 1909 autem

263 1939 496 1992 videndo
541 1940 703 1993 Deum
744 1939 1027 1994 ostendere
1059 1957 1178 2010 quae
1217 1942 1494 2011 praedixit,
1537 1959 1640 1998 non
1670 1945 1843 2000 credis

261 2030 510 2082 daturum
540 2044 660 2083 esse
686 2030 824 2098 quod
853 2031 1129 2100 promisit?
1160 2031 1235 2087 lbi
1263 2033 1481 2088 credere
1528 2034 1722 2102 debes,
1755 2036 1842 2091 ubi

261 2119 466 2172 turbari
496 2121 725 2188 coepisti.

338 2211 420 2262 tl.
447 2209 677 2261 Mundus
701 2221 948 2263 amatores
972 2228 1092 2265 suos
1116 2212 1370 2282 relinquit.
1425 2215 1479 2268 Si
1503 2215 1623 2269 linis
1661 2215 1843 2271 mundi

261 2309 379 2363 est,
431 2300 764 2368 migrandum
810 2311 892 2355 est
943 2302 1009 2355 de
1053 2304 1272 2368 mundo,
1314 2320 1418 2358 non
1460 2307 1716 2361 antandns
1763 2319 1845 2366 est

263 2389 518 2442 mundus.
542 2389 681 2443 Ecce
711 2391 954 2445 turbatur
984 2393 1229 2455 mundus,
1260 2403 1316 2448 et
1341 2404 1548 2450 amatur
1595 2399 1841 2452 mundus.

263 2482 420 2549 Quid,
443 2483 488 2535 si
519 2483 832 2552 tranquillus
857 2494 999 2538 esset
1019 2485 1281 2539 mundus?
1305 2486 1560 2542 Formosa
1579 2490 1845 2558 quomodo

264 2574 521 2639 haereres,
565 2573 655 2644 qui
702 2575 778 2629 sic
822 2576 1156 2646 amplecteris
1210 2576 1446 2631 fmdum?
1497 2577 1682 2635 Flores
1727 2581 1843 2649 ejus

262 2664 535 2734 quomodo
571 2665 870 2734 colligi-res,
901 2666 988 2735 qui
1027 2666 1094 2719 ab
1138 2667 1310 2735 spinis
1338 2684 1446 2722 non
1479 2683 1698 2724 revocas
1724 2686 1838 2724 ma-

264 2756 428 2810 num?
450 2755 571 2809 Non
599 2755 676 2808 vis
705 2756 1006 2826 relinquere
1029 2757 1304 2825 mundum,
1336 2759 1586 2830 relinquit
1614 2769 1664 2814 te
1686 2776 1844 2815 mun-

263 2850 383 2908 dus.
419 2859 474 2902 et
519 2849 760 2917 sequeris
811 2847 1062 2902 mttndum
1092 2849 1130 2900 ¹.
1154 2848 1259 2902 Cor
1309 2864 1436 2919 ergo
1492 2850 1842 2919 mandemus,

263 2939 565 2992 charissimi
597 2957 610 2991 :
638 2946 690 2992 et
728 2953 830 2991 non
862 2937 1142 3007 perdamus
1173 2939 1576 3000 sustinentium;
1607 2940 1699 2996 sed
1725 2957 1849 3012 per-

263 3031 526 3099 cipiamus
593 3029 938 3096 sapientiam,
988 3039 1042 3083 et
1099 3038 1371 3084 teneamus
1435 3032 1843 3087 continentiam.

265 3118 478 3172 Transit
522 3119 691 3183 labor,
739 3119 886 3171 venit
923 3118 1134 3186 requies
1167 3136 1179 3171 :
1215 3129 1488 3174 transeunt
1534 3119 1662 3175 falsa
1710 3121 1844 3178 deli—

265 3210 430 3270 ciosa,
462 3217 519 3262 et
543 3209 688 3260 venit
715 3209 907 3260 bonum
947 3207 1086 3274 quod
1116 3208 1420 3276 concupivit
1443 3210 1616 3263 anima
1649 3211 1837 3276 ﬁdelis,

264 3301 345 3353 cui
375 3298 668 3352 inardescit
685 3306 738 3352 et
757 3298 984 3366 suspirat
1009 3299 1181 3352 ointiis
1206 3301 1514 3368 peregrinus
1539 3301 1590 3354 in
1613 3302 1843 3357 smculo:

265 3393 433 3462 patria
460 3393 625 3453 bona,
653 3391 818 3460 patria
859 3391 1126 3454 caelestis,
1174 3391 1340 3460 patria
1385 3393 1846 3461 contemplationis

264 3485 632 3554 Angelorum;
665 3483 827 3552 patria
859 3483 947 3536 ubi
978 3483 1151 3536 nullus
1172 3484 1301 3536 civis
1329 3473 1570 3548 moiitur,
1594 3499 1699 3552 quo
1725 3485 1845 3538 nul-

263 3577 344 3629 lus
372 3577 546 3629 hostis
573 3576 897 3638 admittitur;
931 3576 1097 3644 patria
1126 3576 1211 3628 ubi
1234 3575 1433 3631 habeas
1462 3577 1846 3645 sempiternum

263 3666 430 3720 Deum
455 3667 686 3719 amicum
709 3707 724 3730 ,
753 3665 838 3719 ubi
871 3665 1070 3718 nullum
1099 3667 1286 3720 timeas
1313 3666 1609 3720 inimicum.

728 3775 952 3831 SERMO
990 3775 1212 3831 XXXIX
1241 3781 1258 3799 ·
1287 3779 1389 3845 (a).

264 3867 341 3923 De
364 3884 425 3922 eo
444 3868 583 3934 quod
606 3869 847 3939 scriptum
897 3879 968 3922 est
998 3868 1356 3932 Ecclesiastici,
1386 3887 1438 3935 v,
1467 3871 1520 3933 8,
1553 3869 1606 3934 9,
1636 3870 1714 3925 Ne
1741 3879 1848 3925 tar-

329 3958 430 4012 des
455 3959 696 4012 conuerti
726 3958 790 4012 ad
832 3959 1028 4023 Deum,
1082 3974 1254 4028 neque
1302 3959 1516 4013 diﬂ‘eras
1561 3961 1629 4014 de
1657 3961 1742 4016 die
1791 3960 1844 4016 in

329 4050 499 4104 diem.
533 4049 600 4102 Et
651 4051 713 4103 de
741 4051 896 4103 verbis
926 4050 1183 4116 Apostoli,
1217 4051 1234 4104 Ι
1266 4051 1395 4105 Tim.
1423 4068 1495 4118 νι,
1528 4053 1678 4115 7-l9,
1704 4052 1849 4110 Nihil

333 4141 616 4194 intulimus
646 4141 697 4193 in
724 4141 863 4195 hunc
890 4141 1148 4196 ιιιιιιιιΙιιιιι
1168 4182 1182 4204 ,
1223 4153 1322 4196 etc.

328 4253 564 4309 CAPUT
604 4253 978 4309 PRJMUM.——
1018 4256 1071 4308 ί.
1117 4253 1382 4310 Conversio
1447 4274 1547 4310 non
1607 4257 1845 4324 cli/feren-

261 4348 348 4399 da.
398 4376 474 4386 —
510 4345 824 4400 Audivimus
851 4387 867 4408 ,
926 4346 1138 4408 fratres,
1183 4362 1276 4416 per
1317 4348 1620 4417 prophetam
1665 4351 1846 4405 dicen-

260 4449 364 4492 tem
397 4439 682 4492 Dominum
703 4480 717 4501 ,
751 4437 835 4491 Ne
869 4440 1035 4492 tardas
1080 4439 1297 4492 converti
1335 4440 1402 4492 ad
1441 4439 1636 4503 Deum,
1683 4458 1842 4510 neque

259 4529 473 4594 diﬂ’ems
498 4529 564 4582 de
581 4529 664 4581 die
689 4530 743 4582 in
779 4529 928 4582 diem.
959 4529 1142 4584 Subito
1177 4531 1311 4584 enim
1352 4532 1507 4584 veniet
1531 4531 1607 4584 ira
1640 4534 1766 4602 ejus,
1799 4542 1844 4586 et

259 4624 308 4674 in
326 4633 560 4690 tempore
595 4622 825 4674 vindictae
865 4622 1116 4691 disperdet
1155 4633 1221 4677 te.
1255 4624 1500 4677 Promisit
1547 4625 1670 4690 tibi,
1709 4641 1840 4694 qun-

258 4713 402 4766 niam
446 4727 560 4780 quo
606 4712 693 4766 die
741 4726 1033 4766 conversus
1088 4712 1282 4777 fueris,
1335 4714 1664 4768 obliviscitur
1705 4715 1842 4768 mala

260 4811 343 4855 tua
405 4802 882 4870 pr:eterita':sed
937 4805 1188 4872 numquid
1241 4805 1400 4858 vitam
1454 4807 1668 4861 crastini
1735 4806 1842 4862 diei

258 4893 507 4960 promisit
531 4893 665 4946 tibi?
685 4894 764 4945 An
795 4891 933 4947 forte
981 4908 1085 4946 non
1117 4895 1208 4947 tibi
1241 4896 1380 4948 illam
1410 4898 1654 4967 promisit
1681 4899 1838 4965 Deus,

258 4995 308 5037 et
339 4984 588 5051 promisit
613 4984 758 5036 illam
789 4985 881 5038 tibi
904 4984 1308 5040 mathematicus
1331 5028 1346 5053 ,
1381 4997 1435 5040 ut
1460 4987 1679 5043 damnet
1701 4998 1756 5043 et
1789 4998 1840 5046 te

261 5083 312 5127 et
331 5074 481 5126 illum
510 5074 686 5127 Deus?
710 5075 854 5128 Diem
887 5077 1072 5128 mortis
1103 5077 1360 5130 incertum
1400 5079 1682 5134 salubriter
1709 5096 1841 5135 con-

260 5165 432 5217 stituit
461 5164 601 5216 Deus
625 5181 640 5216 :
663 5161 804 5218 diem
841 5165 1080 5218 ultimum
1126 5181 1277 5220 suum
1307 5169 1531 5238 quisque
1559 5171 1842 5226 salubriter

237 5257 474 5324 cogitet.
502 5255 855 5309 Misericordia
883 5257 973 5311 Dei
1001 5266 1084 5311 est
1105 5259 1226 5328 quia
1254 5261 1420 5313 nescit
1447 5261 1605 5314 homo
1628 5264 1840 5331 quando

260 5345 693 5399 moriatur.Latet
706 5347 920 5400 ultimus
931 5347 1066 5412 dies,
1081 5360 1134 5402 ut
1145 5349 1497 5405 observentur
1508 5367 1692 5408 omnes
1705 5354 1840 5410 dies.

323 5479 342 5542 ξ
369 5478 640 5542 victorious
661 5484 765 5542 Ms,
788 5477 877 5528 etsi
897 5479 1108 5542 sequeris
1128 5483 1376 5532 mundum.

320 5539 475 5614 ἐμάς.
493 5538 617 5614 loco,
636 5540 765 5614 nulla
787 5547 868 5614 tua
884 5538 1369 5614 prrbteritmhhabcnt,
1392 5545 1588 5598 malitia:
1601 5553 1697 5598 tua:
1719 5562 1844 5614 pra:-

259 5600 413 5665 terjta:
429 5613 446 5658 ;
469 5608 553 5648 aut
569 5599 799 5665 nm_li_timn
812 5599 944 5665 tuam
965 5599 1272 5665 pra’teritam.

327 5663 343 5677 ‘
723 5669 776 5711 et
796 5663 857 5712 40
875 5657 934 5712 ad
955 5657 1075 5714 aut..-
1096 5668 1155 5715 cl.
1181 5671 1238 5716 att
1259 5681 1334 5731 gr.
1358 5681 1450 5718 rm.
1470 5684 1514 5722 v.
1528 5678 1627 5720 Am.
1645 5677 1718 5722 Er.
1735 5679 1838 5724 Par.

261 5721 367 5767 ων.
393 5723 640 5772 emendati
663 5731 794 5772 sunt.

321 5782 393 5844 (ιι)
429 5781 576 5844 Alias,
598 5785 658 5836 l3
680 5797 746 5836 ex
769 5785 978 5836 Homiliis
999 5786 1076 5838 50.

1606 368 1834 425 SERMO
1872 368 2113 425 XXXIX.

3411 381 3519 436 εις

2016 481 2072 536 2.
2120 481 2440 556 Contemptus
2485 491 2678 560 numdi.
2728 492 2832 548 Sed
2890 502 3033 548 tenet
3079 494 3337 559 mundus,
3393 496 3513 550 ille-

1945 572 2120 626 cebra:
2148 575 2558 648 circumquaque
2593 581 2968 648 blandiuntur;
3013 585 3240 640 delectat
3276 588 3515 656 pecunias

1945 663 2286 731 magnitudo,
2313 666 2540 722 delectat
2578 669 2793 726 honoris
2832 671 3022 743 fulgor,
3064 674 3293 730 delectat
3323 663 3515 745 poteni

1946 753 2032 806 tim
2063 765 2237 810 terror
2263 775 2276 810 :
2303 759 2568 815 delectant
2597 761 2732 828 ista;
2772 765 2864 819 sed
2909 765 3151 821 audiatur
3181 769 3468 835 Apostolus
3498 786 3513 820 :

1948 843 2098 900 Nihil
2122 848 2386 905 intulimus
2413 852 2464 906 in
2493 852 2627 906 hunc
2654 857 2917 916 mundum.
2940 859 3029 912 sed
3054 876 3142 912 nec
3164 861 3362 929 auferre
3387 861 3510 932 quid

1946 953 2230 1007 possumus.
2264 941 2443 996 Honor
2487 954 2538 998 te
2575 944 2736 1000 debet
2772 963 3048 1017 quaerere,
3089 967 3191 1006 nou
3231 961 3286 1007 tu
3318 939 3517 1024 ipsum.

1955 1027 2122 1083 Debes
2151 1032 2292 1084 enim
2322 1032 2372 1084 in
2413 1033 2532 1088 loco
2561 1034 2825 1091 humiliori
2856 1037 3210 1105 discumbere,
3242 1053 3299 1096 ut
3328 1044 3417 1112 qui
3464 1055 3517 1101 te

1947 1119 2215 1184 invitavit,
2245 1121 2398 1177 faciat
2423 1134 2474 1178 te
2511 1125 2577 1180 ad
2609 1125 2999 1184 honoratiorem
3035 1131 3202 1187 locum
3228 1119 3517 1191 ascendere

1949 1209 2098 1276 (Luc.
2150 1228 2255 1276 xiv,
2312 1215 2417 1284 l0).
2469 1214 2525 1270 Si
2570 1227 2745 1271 autem
2789 1219 3036 1284 noluerit,
3087 1222 3171 1275 ubi
3219 1225 3518 1290 recumbis,

1948 1302 2201 1357 manduca
2234 1322 2246 1358 :
2276 1306 2396 1374 quia
2443 1307 2568 1362 nihil
2598 1310 2818 1364 intulisti
2851 1311 2900 1365 in
2934 1312 3072 1367 hunc
3099 1302 3383 1369 mundum.
3416 1317 3521 1370 Pa-

1946 1407 2064 1446 rum
2099 1403 2180 1448 est
2232 1396 2324 1450 tibi
2369 1397 2487 1466 quia
2545 1399 2612 1454 de
2663 1401 2836 1457 alieno
2870 1403 3192 1458 manducas?
3242 1396 3520 1460 Discumbe

1947 1484 2298 1555 ubicumque,
2325 1497 2378 1542 et
2405 1489 2680 1543 manduca.
2715 1491 2959 1546 Dicturus
2986 1506 3073 1560 es,
3109 1494 3180 1547 De
3210 1510 3348 1549 meo.
3381 1497 3518 1550 Audi

1945 1575 2258 1642 Apostolutn
2295 1596 2308 1632 :
2342 1575 2488 1632 Nihil
2529 1580 2789 1634 intulimus
2832 1583 2885 1636 in
2929 1585 3066 1637 hunc
3122 1586 3384 1640 nutndum.
3439 1587 3521 1642 Ad

1946 1665 2200 1720 mundum
2249 1669 2476 1736 venisti,
2533 1672 2744 1741 plenam
2790 1689 3027 1728 mensam
3086 1676 3352 1731 invenisti.
3414 1677 3522 1733 Sed

1946 1756 2154 1812 Domini
2181 1768 2263 1814 est
2305 1769 2446 1816 terra
2475 1772 2529 1849 et
2555 1763 2828 1833 plenitudo
2856 1766 2970 1835 ejus
2997 1765 3168 1837 (Psal.
3200 1785 3349 1836 xxiii,
3380 1771 3456 1842 1).
3517 1769 3520 1772 ’

2014 1867 2239 1926 CAPUT
2278 1871 2338 1926 ll.
2371 1875 2510 1929 -—3.
2572 1875 2836 1946 Cupiditas
2893 1879 3182 1934 divitiarum
3225 1900 3376 1950 quam
3433 1903 3523 1958 ρετ

1945 1959 2184 2014 riculosa.
2230 1992 2302 2002 -—
2347 1962 2488 2017 Nam
2527 1967 2614 2036 qui
2661 1968 2867 2036 volunt,
2913 1971 3118 2040 inquit,
3165 1973 3340 2028 divites
3387 1976 3520 2040 ﬁeri.

1945 2049 2059 2106 Non
2090 2052 2250 2114 dixit,
2287 2054 2386 2121 Qui
2417 2057 2611 2112 divites
2639 2068 2793 2125 sunt;
2838 2061 2953 2124 sed,
3002 2061 3103 2127 Qui
3130 2065 3299 2117 volunt
3349 2065 3522 2121 divites

1947 2141 2059 2210 ﬁeri
2079 2159 2098 2198 :
2125 2144 2435 2212 cupiditates
2464 2150 2749 2216 accusavit,
2777 2167 2878 2204 ιιοιι
2903 2151 3195 2210 facultates.
3233 2155 3332 2220 Qui
3350 2156 3522 2228 volunt

1947 2234 2122 2288 divites
2147 2238 2261 2305 ﬁeri
2283 2279 2296 2301 ,
2328 2239 2556 2294 incidunt
2592 2242 2983 2298 intentationem
3009 2256 3056 2300 et
3085 2246 3337 2302 desideria
3359 2251 3523 2304 multa

1947 2330 2100 2381 stulta
2121 2340 2166 2382 et
2187 2332 2358 2396 noxia,
2376 2350 2489 2402 qua:
2506 2344 2730 2405 mergunt
2749 2337 2972 2391 homines
2994 2339 3044 2392 in
3075 2341 3326 2394 interitum
3340 2352 3384 2396 et
3403 2359 3516 2411 per-

1948 2418 2200 2473 ditionem.
2236 2421 2461 2476 Pccunia
2483 2424 2728 2490 delectat,
2759 2428 2856 2481 ista
2885 2444 2988 2483 non
3040 2431 3232 2486 limes?
3261 2432 3408 2487 Bona
3430 2449 3520 2488 res

1949 2521 2034 2565 est
2058 2514 2306 2580 pecunia,
2338 2516 2470 2569 bona
2503 2533 2588 2571 res
2612 2528 2691 2571 est
2712 2535 2899 2589 magna
2924 2523 3164 2590 pecunia.
3188 2522 3430 2578 Incidunt
3460 2525 3513 2578 in

1950 2605 2270 2658 tentationem
2284 2621 2300 2658 :
2314 2622 2415 2659 non
2432 2609 2609 2662 times?
2623 2608 2684 2661 In
2699 2610 2945 2664 desideria
2958 2615 3114 2666 multa
3129 2614 3352 2668 incidunt
3365 2617 3521 2669 stulta

1949 2704 1996 2750 et
2016 2698 2198 2750 noxia:
2217 2714 2318 2752 non
2341 2699 2529 2755 times?
2549 2700 2815 2756 Desideria
2833 2704 3175 2772 qundueunt,
3207 2707 3354 2762 time.
3383 2707 3519 2775 Quid

1949 2794 2047 2850 est,
2071 2801 2174 2855 quo
2189 2787 2411 2843 ducant?
2432 2790 2556 2855 Qua:
2580 2803 2828 2863 mergunt,
2845 2793 3033 2864 inquit,
3055 2797 3278 2851 homines
3297 2798 3348 2851 in
3365 2799 3524 2852 inter-

1948 2875 2076 2930 itum
2111 2888 2158 2931 et
2205 2881 2550 2948 perditionem.
2600 2883 2662 2936 Et
2706 2884 2877 2938 adhuc
2915 2885 3106 2941 surdus
3131 2887 3222 2941 es?
3253 2888 3522 2943 lnteritmn

1950 2977 2004 3023 et
2033 2969 2382 3037 perditionem
2427 2989 2528 3024 non
2553 2972 2709 3026 times
2729 2973 2854 3028 ?Sic
2885 2975 3023 3030 Deus
3040 2984 3207 3044 tonat,
3234 2987 3285 3031 et
3303 2981 3523 3034 stertis?

2021 3057 2075 3111 4.
2111 3055 2303 3113 Vermis
2349 3061 2632 3114 divitiarum
2677 3064 2926 3133 superbia.
2972 3064 3236 3120 Cmterum
3294 3066 3377 3121 his
3429 3070 3522 3138 qui

1947 3149 2055 3218 jam
2101 3151 2292 3206 divites
2357 3163 2498 3217 sunt,
2538 3153 2709 3208 adhuc
2751 3157 3032 3212 consilium
3084 3158 3229 3216 dedit
3292 3163 3524 3231 Aposto-

1949 3243 2031 3298 lus
2057 3259 2071 3297 :
2097 3243 2348 3313 Prwcipe,
2391 3245 2595 3316 inquit,
2642 3247 2873 3303 divitibus
2893 3249 3045 3321 hujus
3092 3252 3268 3306 mundi
3305 3270 3406 3306 non
3434 3270 3524 3308 su-

1951 3335 2096 3404 perbe
2123 3353 2315 3407 sapere.
2347 3337 2556 3393 Vermis
2578 3340 2876 3396 divitiarum
2905 3344 3149 3413 superbia
3176 3353 3276 3416 est.
3302 3346 3524 3402 Dil‘licile
3569 3385 3573 3388 -

1949 3436 2030 3482 est
2051 3439 2105 3481 ut
2135 3445 2237 3482 non
2269 3429 2337 3483 sit
2365 3431 2644 3500 superbus,
2677 3433 2767 3504 qui
2815 3435 2964 3489 dives
2988 3445 3087 3490 est.
3133 3435 3282 3508 Tolle
3331 3453 3521 3508 super-

1951 3518 2121 3585 biam,
2153 3520 2350 3575 divitia:
2379 3536 2484 3575 non
2530 3525 2814 3578 nocebunt.
2843 3524 2945 3580 Sed
2987 3525 3200 3580 attende
3225 3527 3350 3596 quid
3397 3527 3525 3583 inde

1949 3608 2123 3666 facere
2149 3611 2364 3676 debeas,
2406 3629 2473 3669 ne
2518 3624 2670 3670 vacet
2707 3617 2842 3686 apud
2901 3627 2952 3672 te
2993 3619 3130 3686 qttod
3176 3619 3390 3688 largitus
3438 3632 3524 3676 est

1950 3702 2108 3756 Deus.
2161 3701 2286 3757 Non
2332 3706 2542 3775 superbe
2572 3707 2954 3774 sapere:istud
3008 3708 3190 3762 vitium
3225 3709 3369 3762 tolle.
3414 3707 3566 3765 [νε-⁸

1947 3809 2042 3863 que
2079 3810 2281 3865 sperare
2317 3795 2370 3848 in
2411 3797 2598 3850 incerto
2641 3798 2923 3851 divitiarum
2951 3815 2971 3852 :
2998 3799 3123 3854 tolle
3181 3810 3236 3855 et
3293 3800 3395 3855 hoc
3448 3804 3526 3856 vi-

1950 3886 2100 3940 tium.
2125 3885 2255 3941 Cum
2287 3888 2567 3944 abstuleris
2593 3890 2690 3944 ista
2712 3932 2727 3955 ,
2756 3906 2952 3945 exerce
2981 3906 3141 3960 opera
3168 3892 3322 3946 bona.
3350 3893 3522 3960 Quas?

1949 3977 2084 4031 Audi
2117 3996 2129 4031 :
2153 3977 2342 4032 Divites
2368 3980 2486 4043 sint,
2522 3980 2708 4050 inquit,
2735 3981 2786 4033 in
2817 3981 3048 4048 operibus
3074 3981 3231 4044 bonis,
3277 4001 3376 4037 non
3401 4002 3514 4051 spe-

1949 4076 2059 4120 rent
2093 4068 2146 4120 in
2183 4067 2370 4121 incerto
2396 4067 2703 4122 divitiarum.
2746 4069 2847 4125 Sed
2880 4071 2965 4124 ubi
3019 4074 3268 4142 sperent?
3306 4071 3373 4126 In
3416 4073 3530 4128 Deo-

1947 4157 2056 4209 vivo
2084 4158 2170 4222 qui
2203 4167 2407 4227 prastat
2427 4158 2568 4211 nobis
2592 4159 2761 4212 omnia
2799 4160 3112 4214 abundanter
3135 4162 3203 4214 ad
3231 4163 3523 4232 fruendum.

1947 4248 2199 4304 Mundum
2251 4258 2466 4319 prasstat
2513 4250 2651 4304 Deus
2707 4251 2946 4320 pauperi,
2990 4262 3206 4321 praestat
3257 4254 3519 4310 ctdiviti.

1949 4339 2214 4408 Numquid
2245 4342 2367 4410 quia
2405 4341 2554 4396 dives
2602 4353 2716 4405 est,
2770 4343 2907 4397 duos
2953 4355 3168 4400 ventres
3210 4345 3524 4416 impleturus

1949 4434 2071 4489 est?
2103 4435 2402 4500 Attendite,
2447 4444 2500 4489 et
2527 4435 2699 4490 videte
2727 4437 2975 4506 quoniam
3017 4437 3085 4492 de
3110 4438 3247 4494 datis
3275 4439 3369 4494 Dei
3399 4455 3521 4508 pau-

1950 4542 2106 4595 peres
2154 4528 2372 4581 saturati
2421 4525 2710 4581 dormiunt.
2741 4527 2841 4596 Qui
2879 4530 3048 4600 pascit
3094 4531 3423 4600 vos,,pascit
3466 4543 3522 4585 et

1946 4617 2067 4672 illos
2096 4632 2189 4688 per
2217 4633 2331 4672 vos.

2019 4728 2242 4784 CAPUT
2283 4729 2368 4784 ill.
2396 4761 2468 4770 ——
2493 4731 2545 4786 5.
2580 4729 2880 4786 Diuitiarum
2897 4749 3017 4787 usus
3036 4734 3087 4787 in
3103 4733 3332 4802 aperibus
3357 4733 3522 4788 bonis.

1950 4819 2089 4891 Ergo
2129 4837 2234 4875 non
2277 4831 2484 4876 ametur
2513 4825 2731 4892 pecunia
2761 4841 2774 4876 :
2805 4825 2970 4879 sed.si
2997 4826 3104 4893 jam
3143 4825 3386 4888 habetur,
3419 4825 3519 4880 hoc

1946 4915 2069 4970 inde
2102 4916 2209 4969 liat.
2244 4915 2440 4970 Divites
2481 4925 2672 4982 estote,
2721 4917 2813 4987 qui
2845 4917 2985 4973 illam
3016 4916 3240 4972 habetis.
3284 4917 3387 4972 Sed
3433 4917 3523 4972 ubi

1947 5005 2176 5061 divites?
2203 5005 2267 5058 In
2314 5005 2545 5077 Operibus
2584 5008 2742 5062 bonis.
2789 5007 2981 5072 Facile,
3030 5006 3218 5076 inquit,
3263 5006 3519 5074 tribuant,

1946 5097 2332 5152 communicent.
2375 5097 2471 5152 Hic
2494 5097 2602 5166 jam
2633 5099 2848 5155 avaritia
2882 5097 3147 5152 contrahit
3171 5112 3230 5151 se
3251 5137 3264 5162 ,
3310 5097 3522 5167 quando

1947 5192 2097 5246 audit
2128 5191 2166 5257 ⁸,
2214 5189 2391 5244 Facile
2442 5191 2718 5257 tribuant,
2752 5189 3112 5244 communicent
3136 5190 3339 5244 aveluti
3386 5207 3522 5258 aqua

1949 5282 2134 5352 frigida
2160 5281 2770 5352 perfunditur,rigcscit,
2802 5279 3014 5346 stringit
3038 5278 3211 5333 sinuin
3238 5320 3252 5344 ,
3275 5288 3329 5334 et
3365 5279 3516 5346 dicit,

1950 5373 2064 5429 Non
2089 5373 2255 5444 perdo
2280 5374 2488 5430 labores
2507 5388 2674 5427 meos.
2697 5369 2899 5435 infelix,
2923 5369 3148 5438 perdere
3175 5386 3280 5424 non
3297 5373 3316 5402 ²
3340 5370 3418 5424 vis
3441 5372 3520 5424 la-

1952 5468 2113 5522 bores
2157 5469 2307 5521 tuos?
2337 5468 2473 5521 Ecce
2507 5463 2784 5528 morieris,
2826 5471 2878 5516 et
2920 5461 3010 5532 qui
3056 5462 3184 5516 nihil
3233 5463 3333 5518 huc
3378 5471 3521 5518 attu-

1953 5561 2080 5627 listi,
2111 5559 2241 5612 nihil
2275 5558 2398 5612 hinc
2434 5566 2581 5627 potes
2615 5553 2824 5608 auferre
2853 5571 2867 5608 :
2895 5568 3013 5608 cum
3056 5553 3185 5610 nihil
3213 5554 3515 5620 abstuleris,
3541 5587 3544 5590 -

2012 5734 2027 5765 ί
2056 5740 2182 5793 Mss.,
2207 5730 2452 5790 Sequentin
2469 5730 2587 5784 nudi
2607 5729 2799 5782 .‘Fttt‘ilc
2813 5729 3052 5793 tribuant.
3078 5738 3175 5786 etc.

2011 5795 2481 5846 'Abestnonaltss.
