3994 6434
478 391 585 449 265

478 519 655 559 nonne
675 503 948 574 perdidisti
975 519 1158 560 omnes
1181 503 1392 561 labores
1423 506 1573 562 tuos?
1595 505 1732 562 Audi
1757 523 1886 578 ergo
1917 523 2046 563 con-

475 597 652 652 silium
698 597 810 652 Dei.
842 595 956 651 Non
988 598 1255 661 terrearis,
1281 599 1402 667 quia
1427 595 1581 665 dixit,
1607 599 1780 655 Facile
1805 600 2046 668 tribuant,

474 689 858 741 communicent.
899 688 1035 743 Audi
1084 689 1225 759 quod
1277 693 1542 761 sequitur.
1603 691 1899 762 Exspecta,
1944 695 2050 749 noli

477 790 656 834 contra
684 796 769 835 me
791 781 1036 836 claudere
1065 785 1258 837 ostium
1279 824 1299 849 ,
1347 800 1445 840 nec
1482 787 1682 842 aditum
1713 787 1890 841 cordis
1931 789 2002 841 tui
2027 803 2042 852 ;

473 880 746 940 exspecta.
781 868 871 925 Vis
903 887 1096 940 nosse,
1137 871 1314 930 Facile
1354 875 1607 945 tribuant,
1648 880 2048 944 communicent,

472 961 594 1028 quia
645 977 748 1015 non
803 962 1014 1031 perdes,
1046 975 1099 1018 et
1141 965 1243 1020 hoc
1283 967 1454 1022 solum
1501 983 1606 1023 non
1652 969 1874 1040 perdes?
1911 969 2050 1024 The-

471 1052 760 1116 saurizent,
802 1053 990 1123 inquit,
1045 1055 1138 1110 sibi
1192 1058 1576 1127 fundamentum
1631 1063 1816 1115 bonum
1866 1062 1919 1116 in
1967 1067 2052 1133 fu-

478 1152 645 1196 turum
670 1185 688 1210 ,
752 1155 806 1198 ut
865 1147 1250 1216 apprehenderat
1311 1167 1478 1204 veram
1542 1153 1714 1206 ritam.
1773 1154 1874 1209 ista
1923 1169 2052 1224 ergo

473 1249 594 1302 qum
651 1243 702 1289 te
755 1234 1015 1301 delectat,
1070 1238 1196 1292 falsa
1254 1240 1358 1294 vita
1407 1244 1698 1312 estzquasi
1751 1243 1802 1298 in
1850 1245 2051 1299 somnis

473 1323 562 1378 hic
602 1325 755 1381 vivis.
805 1327 858 1383 Si
889 1330 1039 1398 quasi
1087 1329 1139 1384 in
1186 1332 1386 1386 somnis
1423 1333 1511 1389 hic
1559 1334 1714 1397 vivis,
1771 1336 2047 1406 evigilatu-

477 1430 566 1470 rus
617 1432 675 1471 es
728 1418 938 1488 quando
991 1421 1256 1486 morieris,
1302 1431 1353 1478 et
1403 1424 1480 1478 sic
1529 1425 1659 1478 nihil
1695 1425 1857 1480 habes
1905 1427 2051 1482 inve-

475 1508 591 1563 nire
616 1508 668 1562 in
691 1510 932 1565 manibus
965 1513 1086 1566 tuis.
1106 1514 1383 1580 Quomodo
1421 1517 1466 1570 si
1503 1517 1776 1574 mendicus
1795 1518 2047 1585 dormiat,

474 1598 601 1653 etin
637 1601 840 1655 somnis
884 1601 955 1656 illi
985 1604 1160 1658 veniat
1193 1605 1502 1672 hmreditas;
1548 1609 1681 1662 nihil
1724 1609 1812 1663 illo
1841 1609 2048 1665 felicius

471 1697 753 1760 antequam
785 1702 985 1762 surgat.
1018 1693 1174 1750 Videt
1197 1711 1256 1750 se
1285 1697 1334 1750 iu
1364 1698 1570 1753 somnis
1609 1708 1837 1756 tractare
1877 1702 2048 1754 maui-

471 1779 572 1836 bus
603 1792 774 1838 vestes
802 1784 1061 1855 egregias,
1097 1789 1323 1857 pretiosa
1348 1804 1469 1845 vasa
1494 1805 1652 1845 aurea
1679 1800 1733 1845 et
1776 1801 2046 1861 argentea,

471 1873 676 1929 intrare
698 1875 748 1929 in
775 1878 1136 1934 amoenissima
1153 1889 1208 1935 et
1229 1883 1554 1952 amplissima
1575 1883 1795 1954 praedia,
1828 1884 2048 1954 obsequi

475 1963 576 2019 sibi
598 1980 816 2035 magnas
845 1967 1104 2024 familias:
1128 1972 1360 2042 evigilat,
1389 1982 1444 2028 et
1469 1975 1659 2044 plorat.
1693 1976 1757 2029 Et
1784 1976 2049 2044 quomodo

471 2056 695 2127 vigilans
720 2069 934 2115 accusat
979 2061 1246 2118 hominem
1291 2065 1380 2134 qui
1423 2065 1570 2120 illum
1600 2068 1942 2136 exspoliavit,
1974 2069 2054 2123 sic

473 2145 564 2202 ille
591 2158 805 2204 accusat
831 2151 920 2221 qui
943 2151 1088 2206 illum
1125 2154 1391 2209 excitavit.
1430 2157 1779 2225 Apertissime
1808 2157 1929 2212 hinc
1959 2159 2042 2212 lo-

475 2249 630 2294 cutus
673 2251 755 2295 est
803 2242 1043 2299 Psalmns
1087 2264 1102 2300 :
1145 2245 1507 2314 Dormieruut,
1563 2250 1769 2320 inquit,
1823 2268 2054 2306 somnum

475 2347 644 2396 suum,
673 2342 722 2386 et
748 2334 876 2388 nihil
895 2336 1184 2391 invenerunt
1210 2355 1379 2394 omnes
1420 2341 1514 2394 viri
1552 2343 1837 2396 divitiarum
1864 2345 1914 2398 in
1945 2361 2050 2396 ma-

474 2424 623 2478 nibus
642 2425 746 2478 suis
775 2424 942 2498 (Psal.
968 2443 1124 2495 Lxxv,
1155 2429 1231 2501 6),
1273 2442 1618 2504 posteaquam
1675 2433 1924 2489 ﬁnierunt
1968 2451 2057 2490 so-

475 2528 662 2568 mnum
691 2531 865 2570 suum.

547 2604 775 2661 CAPUT
834 2607 919 2661 IV.
965 2609 1115 2664 —6.
1165 2608 1510 2682 Eleemosyme
1565 2630 1665 2684 qua
1726 2631 1961 2668 mensura
2011 2626 2056 2672 et

485 2713 585 2765 quo
615 2698 717 2765 ﬁne
744 2699 1086 2770 faciendw.—
1129 2701 1260 2770 Quia
1290 2718 1419 2774 ergo
1447 2705 1575 2759 nihil
1629 2707 1872 2773 attulisti,
1924 2708 2054 2763 nihil

480 2784 604 2840 hinc
629 2787 895 2843 ablaturus
920 2805 997 2845 es.
1021 2791 1165 2846 Mitte
1189 2807 1396 2847 sursum
1419 2795 1559 2864 quod
1590 2796 1857 2864 invenisti,
1876 2807 1929 2853 et
1949 2815 2056 2854 non

478 2873 782 2944 perditurus
819 2895 896 2934 es.
933 2881 1003 2934 Da
1031 2883 1245 2937 Christo
1271 2901 1284 2937 :
1317 2883 1563 2940 Christus
1587 2888 1728 2942 enim
1779 2889 1864 2944 hic
1893 2891 2057 2946 voluit.

480 2968 742 3037 accipere.
779 2971 848 3024 Da
876 2972 1088 3028 Christo
1107 3017 1121 3042 ,
1153 2985 1208 3030 et
1246 2992 1349 3030 non
1395 2978 1592 3046 perdis.
1623 2980 1738 3034 Non
1767 2983 1945 3052 perdis
1968 3025 1983 3045 ,
2011 2985 2055 3039 si

481 3060 825 3117 commendas
851 3077 1004 3118 servo
1032 3074 1155 3132 tuo;
1184 3077 1236 3121 et
1262 3068 1439 3136 perdis
1461 3112 1477 3137 ,
1508 3072 1553 3125 si
1583 3074 1924 3129 commendas
1955 3075 2054 3130 Do-

483 3150 627 3204 mino
655 3154 778 3205 tuo?
806 3154 916 3209 Non
950 3159 1147 3225 perdis,
1177 3160 1220 3212 si
1250 3164 1594 3220 commendas
1619 3179 1772 3219 servo
1802 3175 1893 3222 tuo
1915 3168 2054 3236 quod

479 3245 770 3313 acquisisti;
786 3258 835 3301 et
848 3249 1060 3318 perdes,
1075 3252 1116 3304 si
1134 3255 1474 3310 commendes
1489 3256 1808 3312 Dominotuo
1821 3260 1957 3328 quod
1971 3276 2058 3314 ac-

481 3337 667 3406 cepisti
703 3338 770 3392 ab
821 3339 936 3410 ipso
967 3341 1191 3396 Domino
1219 3344 1341 3398 tuo?
1370 3347 1540 3414 Egere
1570 3347 1655 3403 ltic
1698 3350 1862 3403 voluit
1901 3350 2056 3404 Chri-

481 3435 615 3492 stus,
643 3429 736 3484 sed
765 3440 982 3500 prepter
1008 3448 1123 3487 nos.
1150 3433 1350 3492 Omnes
1387 3453 1646 3508 pauperes
1673 3457 1806 3512 quos
1832 3443 2054 3509 videtis;

484 3520 652 3586 potuit
683 3522 802 3576 illos
845 3523 1083 3580 Christus
1131 3543 1370 3597 pascere,
1418 3533 1685 3602 quomodo
1715 3551 1810 3604 per
1836 3551 2054 3592 corvum

484 3609 655 3664 Eliam
680 3615 814 3680 pavit
843 3632 855 3667 :
891 3623 1062 3672 tamen
1097 3628 1150 3674 et
1170 3620 1264 3688 ipsi
1295 3622 1421 3677 Elite
1449 3624 1708 3680 subtraxit
1737 3617 1975 3691 corvum,
2002 3639 2058 3683 ut

483 3716 512 3748 a
535 3700 688 3754 vidua
721 3715 1024 3771 pasceretur
1054 3725 1158 3763 non
1188 3711 1317 3766 Elim
1347 3715 1589 3782 prteStitit
1609 3758 1622 3780 ,
1659 3717 1751 3772 sed
1774 3719 1943 3773 vidua:
1968 3719 2055 3790 (111

488 3789 611 3880 lieg.
644 3807 780 3856 xvn,
811 3793 888 3866 6).
919 3795 1138 3864 Quando
1160 3816 1287 3870 ergo
1305 3803 1442 3857 Deus
1474 3820 1731 3876 pauperes
1758 3807 1907 3874 iacit,
1936 3789 2057 3880 quia

484 3878 598 3946 ipse
626 3897 728 3934 non
755 3884 864 3938 vult
893 3896 946 3939 ut
977 3887 1074 3956 ipsi
1097 3888 1360 3957 habeant;
1386 3897 1602 3964 quando
1619 3896 1743 3953 facit
1773 3878 2052 3970 pauperes,

485 3971 674 4036 probat
697 3973 908 4031 divites.
936 3977 1023 4033 Sic
1057 3983 1197 4035 enim
1228 3985 1480 4054 scriptum
1511 3997 1592 4043 est
1622 4006 1636 4043 :
1672 3989 1878 4062 Pauper
1902 4003 1947 4048 et
1973 3997 2056 4048 di-

481 4077 564 4112 ves
584 4076 906 4120 occurrerunt
945 4069 1057 4121 sibi.
1091 4070 1189 4124 Ubi
1221 4074 1314 4126 sibi
1334 4082 1697 4134 occurrerunt?
1718 4081 1773 4135 In
1801 4083 1900 4139 hac
1927 4087 2056 4140 vita.

484 4150 648 4204 Natus
673 4166 753 4206 est
783 4156 894 4237 ille,
921 4169 1076 4213 natus
1104 4171 1185 4216 est
1209 4172 1262 4217 et
1288 4165 1376 4220 ille
1401 4185 1413 4219 :
1448 4167 1760 4226 invenerunt
1781 4189 1860 4237 se,
1885 4192 2061 4230 occur-

479 4255 654 4297 rerunt
676 4246 787 4300 sibi.
823 4249 886 4304 Et
913 4252 1031 4319 quis
1059 4252 1182 4308 fecit
1209 4255 1326 4312 illos
1354 4259 1576 4316 ambos?
1603 4262 1850 4319 Dominus
1876 4266 2055 4337 (Prov.

484 4349 616 4402 'xu,
648 4337 737 4409 2).
769 4339 1013 4408 Divitem,
1043 4345 1182 4401 unde
1213 4363 1492 4419 pauperem
1521 4354 1825 4422 adiuvaret;
1860 4375 2057 4429 paupe-

486 4440 618 4491 rem,
642 4429 783 4482 unde
809 4431 1022 4488 divitem
1047 4437 1312 4504 probaret.
1346 4441 1450 4495 Pro
1476 4444 1671 4498 viribus
1702 4449 1812 4502 suis
1837 4451 2058 4520 quisque

482 4515 639 4572 faciat
669 4537 680 4571 :
707 4537 809 4574 non
834 4523 910 4577 sic
941 4524 1116 4592 l'aeial,
1149 4538 1205 4582 ut
1234 4529 1346 4598 ipse
1377 4533 1601 4600 patiatur
1624 4515 1913 4606 angustias.
1941 4515 2057 4595 Non

487 4608 586 4664 hoc
611 4610 855 4667 dicimus.
887 4616 1161 4685 Superllua
1195 4628 1278 4674 tua
1308 4626 1603 4678 necessaria
1643 4637 1766 4682 sunt
1804 4630 1910 4683 alii.
1945 4633 2054 4685 Au-

481 4701 634 4755 distis
661 4703 819 4756 modo
839 4746 852 4767 ,
877 4721 995 4760 cum
1035 4709 1374 4780 Evangelium
1418 4715 1684 4785 legeretur
1711 4737 1723 4771 :
1750 4718 2060 4793 Quicumque

483 4791 677 4847 dederit
705 4795 911 4848 calicem
949 4814 1092 4867 aqua:
1116 4800 1317 4871 frigida:
1341 4803 1431 4856 uni
1457 4821 1518 4858 ex
1543 4807 1761 4863 minimis
1799 4811 1920 4864 meis
1940 4791 2057 4880 pro-

480 4895 589 4950 pter
617 4901 714 4950 me,
741 4902 839 4941 non
888 4889 1060 4959 perdet
1085 4894 1358 4948 mercedem
1394 4912 1539 4949 suam
1569 4897 1780 4966 (Matth.
1816 4917 1872 4964 κ,
1921 4903 1988 4956 42
2009 4901 2053 4973 ).

479 4974 720 5046 Regnum
751 4979 1006 5034 caelorum
1038 4984 1225 5039 venale
1273 4988 1567 5055 proposuit,
1597 5000 1649 5042 et
1687 4992 1910 5059 pretium
1942 4994 2056 5062 ejus

479 5069 697 5124 calicem
727 5087 878 5140 aqum
915 5072 1117 5143 frigida:
1145 5091 1265 5132 esse
1312 5079 1497 5134 voluit.
1540 5081 1642 5136 Sed
1677 5085 1889 5152 quando
1923 5101 2053 5155 pau-

477 5176 574 5226 per
612 5170 693 5215 est
736 5164 822 5231 qui
868 5164 988 5219 facit
1039 5166 1440 5240 eleemosyuas,
1490 5179 1616 5227 tunc
1667 5173 1863 5229 debent
1909 5178 2053 5232 elee-

479 5264 716 5320 mosynac
767 5253 884 5322 ejus
935 5270 1055 5311 esse
1106 5257 1243 5312 calix
1299 5275 1449 5329 aqua:
1497 5260 1717 5332 frigidm.
1777 5267 1879 5332 Qui
1935 5269 2054 5335 plus

477 5338 665 5402 habet,
713 5341 835 5410 plus
885 5343 1061 5399 faciat.
1127 5345 1290 5402 Vidua
1340 5350 1426 5403 illa
1473 5351 1538 5406 de
1579 5352 1784 5409 duobus
1838 5357 2054 5414 minutis

477 5432 596 5486 fecit
626 5432 814 5500 (Marc.
849 5453 937 5497 xu.
971 5439 1060 5510 42)
1090 5440 1410 5496 :Zaeehzcus
1438 5443 1711 5500 dimidium
1741 5464 1919 5502 rerum
1939 5465 2054 5504 sua-

478 5542 595 5580 rum
634 5527 799 5591 dedit,
827 5540 881 5583 et
899 5531 965 5584 ad
996 5532 1292 5588 reddendas
1316 5533 1528 5591 fraudes
1558 5553 1704 5605 suas,
1725 5541 1864 5594 aliud
1891 5542 2050 5596 dirui-

472 5616 622 5672 dium
645 5619 933 5675 reservavit
954 5620 1102 5689 (Luc.
1135 5640 1248 5688 xu,
1281 5624 1356 5698 8).
1398 5626 1763 5700 Eleemosynte
1791 5629 1895 5685 illis
1925 5647 2050 5701 pro-

475 5721 596 5764 sunt
617 5754 631 5775 ,
664 5712 752 5782 qui
783 5713 941 5770 vitam
969 5724 1325 5773 mutaverunt.
1362 5720 1464 5776 Das
1485 5721 1624 5775 enim
1651 5720 1861 5777 Christo
1885 5738 2049 5794 egeu-
2097 5741 2108 5748 ·

475 5802 548 5867 ti,
582 5811 638 5856 ut
675 5813 886 5874 peccata
931 5815 1016 5860 tua
1053 5807 1282 5864 redimas
1328 5812 1613 5879 praeterita.
1665 5813 1804 5870 Nam.
1835 5815 1879 5871 si
1926 5817 2045 5872 ideo

1711 395 1766 452 S.
1807 388 2148 450 AUGUSTIN
2153 389 2168 442 1
2211 392 2510 452 EPISCOPI

3635 411 3742 468 ΞΗ

2155 507 2291 575 das,
2336 520 2394 566 ut
2445 512 2600 567 liccat
2644 513 2737 569 tibi
2790 528 3002 586 semper
3047 523 3264 588 impune
3313 535 3576 591 peccare;
3631 541 3740 583 non

2155 601 2421 657 Christum
2465 603 2669 673 pascis,
2712 605 2806 660 sed
2841 607 3073 675 judicem
3123 623 3466 680 corrumpere
3502 616 3738 670 conaris.

2163 695 2304 766 Ergo
2328 696 2393 750 ad
2420 696 2521 751 hoc
2548 695 2702 753 facite
2721 699 3090 771 eleemosynas
3108 742 3124 768 ,
3155 710 3213 756 ut
3237 712 3432 759 vestrm
3465 706 3740 762 orationes

2158 785 2526 854 exaudiantur,
2566 797 2622 844 et
2648 787 2863 858 adjuvet
2890 805 2984 844 vos
3007 792 3146 845 Deus
3170 791 3238 846 ad
3265 793 3429 847 vitam
3455 795 3511 849 in
3540 797 3735 853 melius

2157 877 2605 933 commutandam.
2636 879 2703 934 Et
2721 881 2808 950 qui
2833 883 3167 936 commutatis
3194 883 3436 940 eamdem
3466 885 3652 952 vitam,
3679 887 3736 942 in

2155 967 2345 1023 melius
2381 979 2736 1035 commutate;
2767 979 2818 1026 ut
2853 986 2948 1040 per
2983 972 3349 1045 eleemosynas
3383 983 3439 1030 et
3462 976 3734 1034 orationes

2154 1057 2429 1114 deleantur
2453 1059 2591 1114 mala
2633 1069 2810 1141 vestra
2841 1063 3128 1132 prmterita,
3161 1072 3218 1118 et
3260 1062 3436 1120 futura
3473 1065 3615 1121 bona
3639 1081 3734 1122 ve-

2156 1148 2308 1202 niant
2333 1150 2674 1221 sempiterna.

2704 1283 2931 1342 saeuo
2958 1286 3050 1344 χι
3077 1287 3178 1360 (α).

2152 1416 2230 1472 De
2255 1419 2430 1472 eodem
2451 1418 2559 1473 loco
2579 1417 2919 1474 Ecclesiastici
2948 1437 3003 1486 v,
3031 1422 3086 1487 8,
3109 1421 3187 1477 Ne
3208 1420 3383 1477 tardes
3405 1423 3642 1478 converti
3665 1423 3734 1478 ad

2227 1511 2391 1567 Deum
2417 1553 2431 1574 ,
2461 1521 2554 1566 etc.
2585 1510 2652 1566 In
2682 1529 2765 1567 eos
2789 1513 2874 1583 qui
2898 1515 3267 1569 conversionem
3313 1515 3376 1568 de
3412 1515 3494 1569 die
3517 1515 3570 1570 in
3599 1516 3736 1570 diem

2223 1601 2483 1670 cli/ferunt,
2511 1619 2725 1674 quorum
2746 1603 2838 1659 alii
2856 1606 2989 1660 male
3006 1606 3277 1676 sperando,
3301 1607 3392 1662 alii
3417 1607 3734 1678 desperanda

2225 1704 2434 1765 pereunt
2463 1696 2504 1747 ί.

2224 1826 2453 1883 CAPUT
2491 1827 2768 1884 PRIMUM.
2795 1860 2866 1869 —
2887 1829 2937 1884 1.
2985 1829 3246 1884 Sustinere
3284 1829 3560 1886 Dominum
3585 1832 3731 1904 quid.

2155 1915 2479 1986 Frequenter
2503 1959 2520 1985 ,
2577 1919 2764 1974 fratres
2782 1961 2798 1985 ,
2847 1917 3008 1974 cum‘
3024 1921 3303 1977 Psalmista
3360 1924 3691 1979 cantavimus
3714 1966 3732 1990 ,

2156 2010 2364 2066 Sustine
2411 2011 2713 2076 Dominum,
2759 2013 2966 2067 viriliter
3016 2030 3143 2085 age;
3196 2023 3244 2068 et
3293 2019 3599 2086 confortetur
3646 2033 3738 2071 cor

2153 2112 2293 2157 tuum
2310 2144 2326 2169 ,
2352 2111 2400 2156 et
2426 2105 2615 2158 sustine
2635 2104 2907 2159 Dominum
2928 2103 3100 2176 (Psal.
3126 2123 3251 2161 xxw
3271 2149 3286 2174 ,
3322 2107 3430 2180 M).
3461 2108 3594 2176 Quid
3624 2118 3731 2174 est,

2155 2194 2363 2250 Sustine
2404 2195 2716 2250 Dominum?
2743 2196 2812 2252 Ut
2855 2207 2980 2251 tunc
3019 2199 3280 2268 accipias,
3311 2199 3522 2268 quando
3550 2200 3732 2266 dabit;

2155 2300 2262 2340 non
2287 2294 2409 2340 tunc
2428 2287 2636 2357 exigas,
2659 2287 2871 2358 quando
2899 2289 2995 2342 vis.
3027 2289 3260 2358 Tempus
3294 2290 3454 2345 dandi
3493 2292 3734 2348 nondum

2154 2386 2273 2434 est:
2302 2380 2550 2434 sustinuit
2588 2387 2674 2446 te,
2701 2381 2903 2436 suStine
2941 2381 3109 2436 illum.
3141 2382 3277 2450 Quid
3305 2393 3388 2438 est
3413 2384 3555 2454 quod
3585 2385 3732 2448 dixi,

2154 2470 2411 2526 Sustinuit
2438 2480 2509 2535 te,
2539 2473 2742 2527 sustine
2764 2464 2951 2528 illum?
2976 2473 3029 2529 Si
3054 2475 3160 2542 ja‘m
3191 2475 3335 2544 juste
3363 2477 3525 2543 vivis,
3553 2479 3595 2532 si
3617 2478 3732 2547 jam

2156 2560 2220 2614 ad
2253 2561 2397 2615 illum
2428 2577 2718 2619 conversus
2738 2579 2817 2628 es,
2841 2565 2884 2620 si
2905 2565 2995 2619 tibi
3021 2567 3301 2635 displicent
3327 2566 3457 2622 laeta
3484 2578 3569 2623 tua
3597 2585 3737 2639 praao

2159 2652 2330 2716 terita,
2357 2653 2402 2707 si
2423 2651 2530 2722 jam
2553 2653 2748 2723 placuit
2774 2655 2863 2710 tibi
2886 2655 3079 2726 eligere
3101 2659 3260 2711 vitam
3288 2659 3478 2713 bonam
3501 2677 3691 2714 novatn
3717 2679 3733 2726 ;

2159 2744 2264 2797 noli
2295 2743 2546 2800 festinare
2575 2747 2804 2816 exigere.
2843 2746 3104 2804 Sustinuit
3130 2758 3200 2815 te,
3231 2759 3290 2805 ut
3315 2761 3546 2807 mutares
3571 2753 3737 2808 vitam

2158 2833 2349 2888 malam
2376 2850 2390 2886 :
2423 2836 2624 2891 sustine
2653 2837 2822 2904 illum,
2850 2846 2907 2892 ut
2929 2849 3150 2895 coronet
3173 2841 3330 2896 vitam
3361 2841 3572 2897 bonam.
3602 2844 3736 2899 Nam

2157 2924 2201 2978 si
2244 2933 2298 2980 et
2340 2925 2428 2980 ille
2459 2941 2562 2981 non
2591 2928 2908 2995 sustineret,
2942 2944 3049 2983 non
3097 2940 3241 2986 esset
3280 2932 3366 2987 cui
3408 2932 3576 2988 daret.
3597 2933 3736 2992 Sus-

2159 3015 2266 3070 tine
2291 3031 2439 3086 ergo,
2463 3017 2584 3086 quia
2616 3027 2943 3081 sustentatus
2968 3035 3047 3075 es.

2226 3108 2280 3160 2.
2311 3109 2691 3164 Conversionem
2710 3111 2800 3164 alii
2820 3112 3094 3183 sperando,
3121 3112 3213 3166 alii
3237 3114 3548 3184 desperando
3576 3116 3738 3183 αἰπε-

2156 3209 2337 3252 rentes.
2371 3199 2450 3254 Tu
2509 3217 2635 3255 vero
2705 3201 2792 3271 qui
2827 3217 2930 3256 non
2962 3204 3042 3256 vis
3069 3203 3296 3274 corrigi,
3327 3222 3361 3260 ο
3384 3206 3621 3276 quisquis
3647 3206 3741 3263 hic

2158 3305 2216 3343 es
2259 3291 2346 3360 qui
2393 3289 2566 3345 adlmc
2606 3307 2708 3345 non
2739 3292 2816 3345 vis
2842 3292 3068 3362 corrigi;
3095 3295 3242 3364 quasi
3269 3310 3406 3349 unus
3427 3297 3493 3350 sit
3522 3314 3534 3349 :
3567 3299 3740 3366 magis

2157 3381 2336 3435 dicere
2365 3379 2555 3448 debui,
2583 3381 2910 3451 Quicumque
2934 3381 3018 3437 hic
3046 3384 3192 3438 estis.
3219 3384 3298 3438 Tu
3327 3395 3501 3441 tamen
3534 3389 3621 3456 qui
3647 3387 3742 3446 hic

2158 3485 2235 3531 es.
2266 3470 2352 3540 qui
2376 3487 2478 3524 non
2501 3471 2726 3536 statuisti
2749 3473 2968 3542 corrigi:
2990 3474 3065 3526 sic
3085 3475 3273 3542 loquar
3289 3477 3436 3544 quasi
3460 3478 3523 3530 ad
3549 3495 3736 3544 unum,

2157 3562 2405 3631 Quisquis
2423 3579 2524 3615 non
2539 3563 2618 3616 vis
2629 3564 2838 3632 corrigi,
2853 3563 2977 3633 quid
2993 3564 3080 3619 tibi
3095 3566 3385 3635 promittis?
3400 3569 3742 3638 Desperanda

2160 3654 2318 3722 peris,
2334 3669 2398 3706 an
2413 3653 2701 3722 sperando?
2717 3654 2965 3724 Quisquis
2982 3654 3311 3725 desperando
3324 3659 3741 3726 peris,bocdicis

2161 3742 2407 3798 inanimo
2433 3753 2521 3797 tuo
2549 3759 2560 3794 :
2597 3744 2846 3813 iniquitas
2872 3761 2987 3800 mea
3015 3761 3174 3815 super
3205 3764 3288 3802 me
3307 3759 3406 3812 est,
3428 3751 3477 3804 in
3507 3756 3743 3819 peccatis

2149 3835 2294 3889 .meis
2309 3835 2656 3900 contabesco;
2680 3851 2796 3902 quae
2816 3835 2945 3889 mihi
2970 3851 3090 3905 Spes
3107 3848 3186 3890 est.
3201 3839 3406 3892 vivendi
3420 3842 3442 3892 ?
3455 3842 3493 3894 A
3503 3841 3586 3896 udi
3612 3859 3740 3911 pro-

2161 3924 2370 3993 pbetam
2400 3924 2683 3988 dicentem,
2703 3923 2840 3979 Nolo
2855 3936 3059 3979 mortem
3075 3928 3214 3997 impii
3229 3937 3448 3991 ;tantum
3465 3943 3743 3987 revertatur

2159 4014 2346 4084 impius
2372 4031 2404 4067 a
2433 4015 2512 4067 via
2538 4031 2631 4068 sua
2659 4017 2892 4085 pessima,
2921 4025 2967 4069 et
2999 4017 3129 4070 vivat
3160 4017 3370 4088 (Ezech.
3405 4037 3586 4084 xxxul,
3618 4024 3737 4094 li).

2161 4103 2258 4172 Qui
2289 4105 2551 4171 sperando
2578 4106 2752 4174 peris,
2783 4105 2886 4160 hoc
2909 4106 3042 4160 dicis
3082 4107 3136 4161 in
3175 4110 3353 4162 animo
3393 4119 3484 4165 tuo
3512 4130 3526 4166 :
3555 4113 3740 4168 Bonus

2161 4205 2244 4250 est
2273 4197 2444 4260 Deus,
2474 4197 2779 4250 misericors
2803 4205 2886 4251 est
2911 4197 3051 4252 Deus
3070 4239 3084 4265 ,
3127 4199 3352 4267 ignoscit
3392 4203 3565 4256 omnia
3583 4245 3597 4268 ,
3626 4219 3740 4260 non

2162 4285 2337 4340 reddit
2375 4285 2509 4338 mala
2550 4301 2646 4354 pro
2678 4286 2852 4340 malis.
2897 4287 3033 4341 Audi
3073 4289 3382 4357 Apostolum
3431 4290 3738 4359 dicentem,

2163 4374 2380 4445 Ignoras
2426 4377 2544 4446 quia
2589 4377 2830 4446 patientia
2861 4376 2959 4431 Dei
3005 4378 3074 4430 ad
3102 4380 3438 4449 pamitentiam
3463 4391 3510 4435 te
3532 4383 3744 4439 adducit

2165 4467 2338 4539 (Rom.
2367 4484 2422 4532 ll,
2453 4467 2543 4539 4)?

2232 4561 2284 4612 ‘5.
2341 4558 2574 4631 Plerique
2628 4561 2759 4615 male
2807 4561 3057 4632 sperando
3111 4562 3372 4630 cli/ferunt.
3429 4565 3564 4634 Quid
3610 4583 3747 4640 ergo

2161 4649 2359 4703 restat?
2387 4648 2516 4716 Quia
2564 4650 2609 4704 si
2651 4649 2974 4704 obtinuimus
2995 4654 3016 4684 ³
3042 4654 3179 4722 apud
3227 4663 3279 4709 te
3321 4655 3516 4726 aliquid
3537 4698 3551 4721 ,
3580 4659 3624 4712 si
3653 4660 3745 4714 in-

2162 4742 2318 4796 travit
2343 4742 2394 4796 in
2426 4757 2519 4796 cor
2547 4742 2685 4812 quod
2711 4743 2850 4810 dixi;
2873 4744 3026 4800 video
3054 4747 3180 4816 quid
3223 4748 3350 4802 mihi
3390 4751 3744 4817 respondeas.

2116 4891 2117 4898 η
2163 4833 2358 4888 Verum
2386 4841 2496 4895 est,
2521 4848 2621 4888 nec
2648 4833 2894 4904 despero,
2926 4845 2983 4890 ut
3011 4835 3343 4904 desperando
3369 4853 3615 4907 percara;
3643 4859 3748 4897 nec

2159 4940 2316 4994 spero
2361 4925 2532 4990 male,
2564 4934 2617 4979 ut
2661 4925 2923 4995 sperando
2967 4941 3200 4996 peream.
3241 4929 3354 4984 Non
3397 4929 3526 4984 mihi
3569 4932 3694 4986 dico
3731 4953 3747 4988 :

2160 5017 2411 5086 lniquitas
2437 5032 2553 5070 mea
2579 5032 2737 5086 super
2761 5033 2847 5072 me
2875 5027 2990 5083 est,
3011 5019 3117 5086 jam
3146 5019 3340 5074 nullam
3369 5037 3518 5091 spem
3545 5023 3744 5077 habeo.

2159 5107 2268 5163 Nec
2304 5108 2432 5162 mihi
2482 5108 2608 5163 illud
2655 5108 2774 5163 dico
2799 5125 2816 5163 :
2837 5110 3012 5163 Bonus
3039 5120 3121 5164 est
3148 5111 3304 5178 Deus,
3338 5113 3533 5167 nemini
3564 5113 3746 5170 reddit

2160 5200 2317 5253 mala.
2343 5198 2453 5254 Nec
2479 5199 2604 5254 illud
2630 5199 2770 5264 dico,
2799 5215 2895 5255 nec
2918 5200 3044 5256 illuc
3067 5201 3188 5257 dico
3215 5201 3255 5255 ³;
3275 5204 3468 5272 premit
3496 5219 3583 5260 me
3611 5203 3745 5259 Pro-

2225 5373 2240 5404 ί
2267 5377 2318 5422 tn
2357 5371 2622 5445 prgcjpuis
2800 5371 2969 5445 titulus
2991 5380 3086 5445 est,
3111 5372 3377 5445 admonitio
3411 5377 3749 5445 s._.4ugustini

2157 5432 2224 5484 ad
2246 5447 2324 5484 eos
2347 5432 2431 5508 qui
2459 5432 2656 5508 dicunt,
2691 5432 3100 5508 exspectoadhuc
3130 5435 3372 5508 modicum
3387 5473 3401 5496 ,
3438 5443 3484 5487 et
3521 5432 3747 5508 clinici-to

2157 5509 2234 5545 me
2249 5502 2334 5606 ;det
2357 5494 2473 5546 dum
2496 5494 2718 5559 diﬂbrtur
2741 5495 2802 5545 de
2827 5494 2907 5545 die
2927 5495 2979 5546 in
3000 5495 3146 5556 dicat,
3171 5496 3323 5549 subito
3341 5494 3610 5562 supervenit
3633 5500 3746 5550 ulti-

2157 5571 2237 5608 ma
2291 5571 2378 5607 tes.

2219 5621 2240 5651 ³
2255 5625 2380 5678 Mss,
2406 5617 2543 5682 quasi
2562 5617 2862 5670 obtinuimus.
3482 5681 3494 5694 .

2224 5680 2512 5752 ‘.Er._l.ug.d.
2543 5688 2664 5752 ven.
2692 5687 2744 5728 et
2769 5686 2877 5752 nov.
2906 5689 3062 5752 Bonus
3083 5686 3173 5752 est,
3188 5691 3310 5736 Deus
3325 5717 3340 5746 ,
3363 5695 3545 5736 neum
3565 5682 3747 5737 reddet

2157 5738 2305 5791 mala.
2323 5750 2418 5792 tvec
2434 5738 2560 5791 illud
2582 5741 2710 5801 dico,
2729 5754 2815 5792 nec
2831 5740 2919 5792 hoc
2942 5741 3069 5793 dico.
3135 5751 3193 5795 It.

2220 5823 2294 5886 (a)
2329 5821 2468 5886 Alias,
2495 5824 2544 5873 11
2571 5825 2699 5874 inter
2721 5823 2940 5875 Homilies
2961 5825 3040 5875 50.
