  <div class='ocr_page' id='page_1' title='image "/cluster/home/n/w/nwhite01/storage/ocr_20150623/38/hvd.32044015706294/128.png"; bbox 0 0 4012 6338; ppageno 0'>
   <div class='ocr_carea' id='block_1_1' title="bbox 294 323 404 385">
    <p class='ocr_par' dir='ltr' id='par_1_1' title="bbox 294 323 404 385">
     <span class='ocr_line' id='line_1_1' title="bbox 294 323 404 385; baseline 0 0"><span class='ocrx_word' id='word_1_1' title='bbox 294 323 404 385; x_wconf 68' lang='grc'><strong>245</strong></span> 
     </span>
    </p>
   </div>
   <div class='ocr_carea' id='block_1_2' title="bbox 298 440 1154 515">
    <p class='ocr_par' dir='ltr' id='par_1_2' title="bbox 298 440 1154 515">
     <span class='ocr_line' id='line_1_2' title="bbox 298 440 1154 515; baseline -0.006 -18"><span class='ocrx_word' id='word_1_2' title='bbox 298 443 488 515; x_wconf 85' lang='lat' dir='ltr'><strong>pheta,</strong></span> <span class='ocrx_word' id='word_1_3' title='bbox 518 442 717 512; x_wconf 98' lang='lat' dir='ltr'><strong>premit</strong></span> <span class='ocrx_word' id='word_1_4' title='bbox 740 457 827 497; x_wconf 90' lang='lat' dir='ltr'><strong>me</strong></span> <span class='ocrx_word' id='word_1_5' title='bbox 848 440 1154 512; x_wconf 73' lang='lat' dir='ltr'><strong>Apostolus.</strong></span> 
     </span>
    </p>
   </div>
   <div class='ocr_carea' id='block_1_3' title="bbox 368 528 1893 605">
    <p class='ocr_par' dir='ltr' id='par_1_3' title="bbox 368 528 1893 605">
     <span class='ocr_line' id='line_1_3' title="bbox 368 528 1893 605; baseline -0.009 -13"><span class='ocrx_word' id='word_1_6' title='bbox 368 535 600 593; x_wconf 76' lang='lat' dir='ltr'><strong>CAPUT</strong></span> <span class='ocrx_word' id='word_1_7' title='bbox 638 535 701 590; x_wconf 90' lang='lat' dir='ltr'><strong>ll.</strong></span> <span class='ocrx_word' id='word_1_8' title='bbox 719 567 791 577; x_wconf 93' lang='lat'><strong><em>—</em></strong></span> <span class='ocrx_word' id='word_1_9' title='bbox 813 535 882 591; x_wconf 87' lang='lat' dir='ltr'><strong>Et</strong></span> <span class='ocrx_word' id='word_1_10' title='bbox 907 533 1032 605; x_wconf 91' lang='lat' dir='ltr'><strong>quid</strong></span> <span class='ocrx_word' id='word_1_11' title='bbox 1059 531 1226 588; x_wconf 88' lang='lat' dir='ltr'><strong>dicis?</strong></span> <span class='ocrx_word' id='word_1_12' title='bbox 1250 528 1437 586; x_wconf 81' lang='lat' dir='ltr'><strong>Adhuc</strong></span> <span class='ocrx_word' id='word_1_13' title='bbox 1467 528 1732 584; x_wconf 90' lang='lat' dir='ltr'><strong>modicum</strong></span> <span class='ocrx_word' id='word_1_14' title='bbox 1756 536 1893 581; x_wconf 90' lang='lat' dir='ltr'><strong>tem-</strong></span> 
     </span>
    </p>
   </div>
   <div class='ocr_carea' id='block_1_4' title="bbox 293 620 1888 699">
    <p class='ocr_par' dir='ltr' id='par_1_4' title="bbox 293 620 1888 699">
     <span class='ocr_line' id='line_1_4' title="bbox 293 620 1888 699; baseline -0.007 -17"><span class='ocrx_word' id='word_1_15' title='bbox 293 644 398 699; x_wconf 86' lang='lat' dir='ltr'><strong>pus</strong></span> <span class='ocrx_word' id='word_1_16' title='bbox 428 629 603 683; x_wconf 85' lang='lat' dir='ltr'><strong>vivam</strong></span> <span class='ocrx_word' id='word_1_17' title='bbox 634 627 904 698; x_wconf 90' lang='lat' dir='ltr'><strong>quomodo</strong></span> <span class='ocrx_word' id='word_1_18' title='bbox 929 627 1071 682; x_wconf 89' lang='lat' dir='ltr'><strong>volo.</strong></span> <span class='ocrx_word' id='word_1_19' title='bbox 1106 625 1193 681; x_wconf 93' lang='lat' dir='ltr'><strong>Isti</strong></span> <span class='ocrx_word' id='word_1_20' title='bbox 1232 633 1357 678; x_wconf 90' lang='lat' dir='ltr'><strong>sunt</strong></span> <span class='ocrx_word' id='word_1_21' title='bbox 1383 622 1471 692; x_wconf 87' lang='lat' dir='ltr'><strong>qui</strong></span> <span class='ocrx_word' id='word_1_22' title='bbox 1502 636 1598 676; x_wconf 88' lang='lat' dir='ltr'><strong>nos</strong></span> <span class='ocrx_word' id='word_1_23' title='bbox 1626 620 1843 690; x_wconf 88' lang='lat' dir='ltr'><strong>fatigant</strong></span> <span class='ocrx_word' id='word_1_24' title='bbox 1876 636 1888 671; x_wconf 92' lang='lat'>:</span> 
     </span>
    </p>
   </div>
   <div class='ocr_carea' id='block_1_5' title="bbox 295 713 1893 787">
    <p class='ocr_par' dir='ltr' id='par_1_5' title="bbox 295 713 1893 787">
     <span class='ocr_line' id='line_1_5' title="bbox 295 713 1893 787; baseline -0.006 -15"><span class='ocrx_word' id='word_1_25' title='bbox 295 719 515 787; x_wconf 82' lang='lat' dir='ltr'><strong>plurimi</strong></span> <span class='ocrx_word' id='word_1_26' title='bbox 544 730 667 775; x_wconf 89' lang='lat' dir='ltr'><strong>sunt</strong></span> <span class='ocrx_word' id='word_1_27' title='bbox 687 762 701 787; x_wconf 91' lang='lat'><strong>,</strong></span> <span class='ocrx_word' id='word_1_28' title='bbox 734 717 945 775; x_wconf 86' lang='lat' dir='ltr'><strong>molesti</strong></span> <span class='ocrx_word' id='word_1_29' title='bbox 987 726 1130 772; x_wconf 90' lang='lat' dir='ltr'><strong>sunt.</strong></span> <span class='ocrx_word' id='word_1_30' title='bbox 1172 714 1359 770; x_wconf 82' lang='lat' dir='ltr'><strong>Adhuc</strong></span> <span class='ocrx_word' id='word_1_31' title='bbox 1390 713 1655 769; x_wconf 89' lang='lat' dir='ltr'><strong>modicum</strong></span> <span class='ocrx_word' id='word_1_32' title='bbox 1686 721 1893 780; x_wconf 91' lang='lat' dir='ltr'><strong>tempus</strong></span> 
     </span>
    </p>
   </div>
   <div class='ocr_carea' id='block_1_6' title="bbox 292 805 1889 882">
    <p class='ocr_par' dir='ltr' id='par_1_6' title="bbox 292 805 1889 882">
     <span class='ocr_line' id='line_1_6' title="bbox 292 805 1889 882; baseline -0.003 -21"><span class='ocrx_word' id='word_1_33' title='bbox 292 811 475 865; x_wconf 77' lang='lat' dir='ltr'><strong>vivam</strong></span> <span class='ocrx_word' id='word_1_34' title='bbox 506 811 777 882; x_wconf 68' lang='lat' dir='ltr'><strong>quemuis</strong></span> <span class='ocrx_word' id='word_1_35' title='bbox 801 811 952 874; x_wconf 67' lang='lat' dir='ltr'><strong>vdo,</strong></span> <span class='ocrx_word' id='word_1_36' title='bbox 983 817 1165 879; x_wconf 86' lang='lat' dir='ltr'><strong>postea</strong></span> <span class='ocrx_word' id='word_1_37' title='bbox 1192 805 1407 876; x_wconf 83' lang='lat' dir='ltr'><strong>quando</strong></span> <span class='ocrx_word' id='word_1_38' title='bbox 1444 821 1533 860; x_wconf 91' lang='lat' dir='ltr'><strong>me</strong></span> <span class='ocrx_word' id='word_1_39' title='bbox 1567 816 1852 859; x_wconf 81' lang='lat' dir='ltr'><strong>correxere</strong></span> <span class='ocrx_word' id='word_1_40' title='bbox 1875 845 1889 866; x_wconf 95' lang='lat'><strong>,</strong></span> 
     </span>
    </p>
   </div>
   <div class='ocr_carea' id='block_1_7' title="bbox 295 895 1893 974">
    <p class='ocr_par' dir='ltr' id='par_1_7' title="bbox 295 895 1893 974">
     <span class='ocr_line' id='line_1_7' title="bbox 295 895 1893 974; baseline -0.008 -15"><span class='ocrx_word' id='word_1_41' title='bbox 295 906 487 974; x_wconf 84' lang='lat' dir='ltr'><strong>utique</strong></span> <span class='ocrx_word' id='word_1_42' title='bbox 512 918 699 959; x_wconf 84' lang='lat' dir='ltr'><strong>verum</strong></span> <span class='ocrx_word' id='word_1_43' title='bbox 732 910 815 958; x_wconf 88' lang='lat' dir='ltr'><strong>est</strong></span> <span class='ocrx_word' id='word_1_44' title='bbox 844 900 985 972; x_wconf 90' lang='lat' dir='ltr'><strong>quod</strong></span> <span class='ocrx_word' id='word_1_45' title='bbox 1023 900 1157 956; x_wconf 77' lang='lat' dir='ltr'><strong>dixit</strong></span> <span class='ocrx_word' id='word_1_46' title='bbox 1182 897 1451 969; x_wconf 80' lang='lat' dir='ltr'><strong>Propheta</strong></span> <span class='ocrx_word' id='word_1_47' title='bbox 1470 939 1487 965; x_wconf 92' lang='lat'><strong>,</strong></span> <span class='ocrx_word' id='word_1_48' title='bbox 1518 895 1657 950; x_wconf 81' lang='lat' dir='ltr'><strong>Nolo</strong></span> <span class='ocrx_word' id='word_1_49' title='bbox 1683 905 1893 949; x_wconf 85' lang='lat' dir='ltr'><strong>mortem</strong></span> 
     </span>
    </p>
   </div>
   <div class='ocr_carea' id='block_1_8' title="bbox 293 989 1891 1067">
    <p class='ocr_par' dir='ltr' id='par_1_8' title="bbox 293 989 1891 1067">
     <span class='ocr_line' id='line_1_8' title="bbox 293 989 1891 1067; baseline -0.008 -17"><span class='ocrx_word' id='word_1_50' title='bbox 293 998 443 1067; x_wconf 83' lang='lat' dir='ltr'><strong>impii</strong></span> <span class='ocrx_word' id='word_1_51' title='bbox 463 1014 483 1061; x_wconf 92' lang='lat'><strong><em>;</em></strong></span> <span class='ocrx_word' id='word_1_52' title='bbox 510 1005 705 1049; x_wconf 83' lang='lat' dir='ltr'><strong>tantum</strong></span> <span class='ocrx_word' id='word_1_53' title='bbox 749 1004 1028 1048; x_wconf 78' lang='lat' dir='ltr'><strong>revertatur</strong></span> <span class='ocrx_word' id='word_1_54' title='bbox 1055 992 1241 1062; x_wconf 78' lang='lat' dir='ltr'><strong>impius</strong></span> <span class='ocrx_word' id='word_1_55' title='bbox 1269 1006 1301 1043; x_wconf 91' lang='lat' dir='ltr'><strong>a</strong></span> <span class='ocrx_word' id='word_1_56' title='bbox 1329 991 1408 1044; x_wconf 88' lang='lat' dir='ltr'><strong>via</strong></span> <span class='ocrx_word' id='word_1_57' title='bbox 1439 1004 1534 1043; x_wconf 78' lang='lat' dir='ltr'><strong>sua</strong></span> <span class='ocrx_word' id='word_1_58' title='bbox 1575 989 1788 1057; x_wconf 80' lang='lat' dir='ltr'><strong>pessima</strong></span> <span class='ocrx_word' id='word_1_59' title='bbox 1806 1028 1820 1051; x_wconf 93' lang='lat'><strong>,</strong></span> <span class='ocrx_word' id='word_1_60' title='bbox 1847 994 1891 1038; x_wconf 80' lang='lat' dir='ltr'><strong>et</strong></span> 
     </span>
    </p>
   </div>
   <div class='ocr_carea' id='block_1_9' title="bbox 294 1077 1891 1157">
    <p class='ocr_par' dir='ltr' id='par_1_9' title="bbox 294 1077 1891 1157">
     <span class='ocr_line' id='line_1_9' title="bbox 294 1077 1891 1157; baseline -0.005 -17"><span class='ocrx_word' id='word_1_61' title='bbox 294 1090 449 1141; x_wconf 66' lang='lat' dir='ltr'><strong>riunt.</strong></span> <span class='ocrx_word' id='word_1_62' title='bbox 498 1087 726 1157; x_wconf 83' lang='lat' dir='ltr'><strong>Quando</strong></span> <span class='ocrx_word' id='word_1_63' title='bbox 764 1100 1061 1142; x_wconf 86' lang='lat' dir='ltr'><strong>conversus</strong></span> <span class='ocrx_word' id='word_1_64' title='bbox 1102 1084 1289 1149; x_wconf 85' lang='lat' dir='ltr'><strong>fuero,</strong></span> <span class='ocrx_word' id='word_1_65' title='bbox 1316 1081 1517 1138; x_wconf 86' lang='lat' dir='ltr'><strong>delebit</strong></span> <span class='ocrx_word' id='word_1_66' title='bbox 1544 1080 1720 1133; x_wconf 81' lang='lat' dir='ltr'><strong>omnia</strong></span> <span class='ocrx_word' id='word_1_67' title='bbox 1751 1077 1891 1132; x_wconf 88' lang='lat' dir='ltr'><strong>mala</strong></span> 
     </span>
    </p>
   </div>
   <div class='ocr_carea' id='block_1_10' title="bbox 293 1171 1893 1249">
    <p class='ocr_par' dir='ltr' id='par_1_10' title="bbox 293 1171 1893 1249">
     <span class='ocr_line' id='line_1_10' title="bbox 293 1171 1893 1249; baseline -0.005 -16"><span class='ocrx_word' id='word_1_68' title='bbox 293 1196 415 1234; x_wconf 84' lang='lat' dir='ltr'><strong>mea</strong></span> <span class='ocrx_word' id='word_1_69' title='bbox 445 1197 461 1233; x_wconf 86' lang='lat'><strong>:</strong></span> <span class='ocrx_word' id='word_1_70' title='bbox 488 1196 655 1249; x_wconf 88' lang='lat' dir='ltr'><strong>quare</strong></span> <span class='ocrx_word' id='word_1_71' title='bbox 683 1197 787 1234; x_wconf 92' lang='lat' dir='ltr'><strong>non</strong></span> <span class='ocrx_word' id='word_1_72' title='bbox 827 1178 965 1234; x_wconf 83' lang='lat' dir='ltr'><strong>addo</strong></span> <span class='ocrx_word' id='word_1_73' title='bbox 1005 1176 1205 1247; x_wconf 90' lang='lat' dir='ltr'><strong>aliquid</strong></span> <span class='ocrx_word' id='word_1_74' title='bbox 1246 1173 1609 1245; x_wconf 80' lang='lat' dir='ltr'><strong>voluptatibus</strong></span> <span class='ocrx_word' id='word_1_75' title='bbox 1645 1171 1777 1226; x_wconf 84' lang='lat' dir='ltr'><strong>meis</strong></span> <span class='ocrx_word' id='word_1_76' title='bbox 1798 1213 1811 1237; x_wconf 93' lang='lat'><strong>,</strong></span> <span class='ocrx_word' id='word_1_77' title='bbox 1840 1179 1893 1225; x_wconf 89' lang='lat' dir='ltr'><strong>ct</strong></span> 
     </span>
    </p>
   </div>
   <div class='ocr_carea' id='block_1_11' title="bbox 293 1270 1891 1345">
    <p class='ocr_par' dir='ltr' id='par_1_11' title="bbox 293 1270 1891 1345">
     <span class='ocr_line' id='line_1_11' title="bbox 293 1270 1891 1345; baseline -0.007 -17"><span class='ocrx_word' id='word_1_78' title='bbox 293 1276 416 1328; x_wconf 81' lang='lat' dir='ltr'><strong>vivo</strong></span> <span class='ocrx_word' id='word_1_79' title='bbox 444 1284 701 1345; x_wconf 89' lang='lat' dir='ltr'><strong>quantum</strong></span> <span class='ocrx_word' id='word_1_80' title='bbox 718 1274 860 1341; x_wconf 88' lang='lat' dir='ltr'><strong>volo,</strong></span> <span class='ocrx_word' id='word_1_81' title='bbox 883 1270 1153 1344; x_wconf 89' lang='lat' dir='ltr'><strong>quomodo</strong></span> <span class='ocrx_word' id='word_1_82' title='bbox 1174 1270 1317 1336; x_wconf 92' lang='lat' dir='ltr'><strong>volo,</strong></span> <span class='ocrx_word' id='word_1_83' title='bbox 1345 1276 1527 1339; x_wconf 85' lang='lat' dir='ltr'><strong>postea</strong></span> <span class='ocrx_word' id='word_1_84' title='bbox 1552 1282 1639 1323; x_wconf 90' lang='lat' dir='ltr'><strong>me</strong></span> <span class='ocrx_word' id='word_1_85' title='bbox 1660 1278 1891 1320; x_wconf 88' lang='lat' dir='ltr'><strong>conver-</strong></span> 
     </span>
    </p>
   </div>
   <div class='ocr_carea' id='block_1_12' title="bbox 286 1366 786 1421">
    <p class='ocr_par' dir='ltr' id='par_1_12' title="bbox 286 1366 786 1421">
     <span class='ocr_line' id='line_1_12' title="bbox 286 1366 786 1421; baseline -0.006 1"><span class='ocrx_word' id='word_1_86' title='bbox 286 1382 457 1421; x_wconf 75' lang='lat' dir='ltr'><strong>surus</strong></span> <span class='ocrx_word' id='word_1_87' title='bbox 482 1366 548 1420; x_wconf 86' lang='lat' dir='ltr'><strong>ad</strong></span> <span class='ocrx_word' id='word_1_88' title='bbox 582 1366 786 1420; x_wconf 82' lang='lat' dir='ltr'><strong>Deum?</strong></span> 
     </span>
    </p>
   </div>
   <div class='ocr_carea' id='block_1_13' title="bbox 367 1448 1891 1522">
    <p class='ocr_par' dir='ltr' id='par_1_13' title="bbox 367 1448 1891 1522">
     <span class='ocr_line' id='line_1_13' title="bbox 367 1448 1891 1522; baseline -0.008 -9"><span class='ocrx_word' id='word_1_89' title='bbox 367 1459 424 1513; x_wconf 62' lang='grc'><strong>4.</strong></span> <span class='ocrx_word' id='word_1_90' title='bbox 450 1457 763 1512; x_wconf 72' lang='lat' dir='ltr'><strong>Paenitentia</strong></span> <span class='ocrx_word' id='word_1_91' title='bbox 785 1459 837 1511; x_wconf 90' lang='lat' dir='ltr'><strong>in</strong></span> <span class='ocrx_word' id='word_1_92' title='bbox 862 1458 1135 1511; x_wconf 82' lang='lat' dir='ltr'><strong>crastinum</strong></span> <span class='ocrx_word' id='word_1_93' title='bbox 1164 1472 1264 1510; x_wconf 82' lang='lat' dir='ltr'><strong>non</strong></span> <span class='ocrx_word' id='word_1_94' title='bbox 1289 1452 1773 1522; x_wconf 75' lang='lat' dir='ltr'><strong>diﬁ&#39;erenda.Quare</strong></span> <span class='ocrx_word' id='word_1_95' title='bbox 1789 1448 1891 1502; x_wconf 90' lang='lat' dir='ltr'><strong>hoc</strong></span> 
     </span>
    </p>
   </div>
   <div class='ocr_carea' id='block_1_14' title="bbox 292 1541 1889 1619">
    <p class='ocr_par' dir='ltr' id='par_1_14' title="bbox 292 1541 1889 1619">
     <span class='ocr_line' id='line_1_14' title="bbox 292 1541 1889 1619; baseline -0.005 -18"><span class='ocrx_word' id='word_1_96' title='bbox 292 1549 455 1614; x_wconf 85' lang='lat' dir='ltr'><strong>dicis,</strong></span> <span class='ocrx_word' id='word_1_97' title='bbox 476 1550 640 1605; x_wconf 78' lang='lat' dir='ltr'><strong>frater</strong></span> <span class='ocrx_word' id='word_1_98' title='bbox 656 1550 679 1602; x_wconf 89' lang='lat'><strong>?</strong></span> <span class='ocrx_word' id='word_1_99' title='bbox 694 1548 1039 1619; x_wconf 88' lang='lat' dir='ltr'><strong>quare?Quia</strong></span> <span class='ocrx_word' id='word_1_100' title='bbox 1063 1548 1306 1618; x_wconf 84' lang='lat' dir='ltr'><strong>promisit</strong></span> <span class='ocrx_word' id='word_1_101' title='bbox 1326 1546 1466 1601; x_wconf 86' lang='lat' dir='ltr'><strong>Deus</strong></span> <span class='ocrx_word' id='word_1_102' title='bbox 1487 1541 1889 1613; x_wconf 87' lang='lat' dir='ltr'><strong>indulgentiam,</strong></span> 
     </span>
    </p>
   </div>
   <div class='ocr_carea' id='block_1_15' title="bbox 289 1632 1891 1708">
    <p class='ocr_par' dir='ltr' id='par_1_15' title="bbox 289 1632 1891 1708">
     <span class='ocr_line' id='line_1_15' title="bbox 289 1632 1891 1708; baseline -0.006 -15"><span class='ocrx_word' id='word_1_103' title='bbox 289 1641 340 1693; x_wconf 87' lang='lat' dir='ltr'><strong>si</strong></span> <span class='ocrx_word' id='word_1_104' title='bbox 364 1655 453 1693; x_wconf 90' lang='lat' dir='ltr'><strong>me</strong></span> <span class='ocrx_word' id='word_1_105' title='bbox 481 1649 777 1694; x_wconf 73' lang='lat' dir='ltr'><strong>muttivero.</strong></span> <span class='ocrx_word' id='word_1_106' title='bbox 804 1638 994 1705; x_wconf 78' lang='lat' dir='ltr'><strong>Video,</strong></span> <span class='ocrx_word' id='word_1_107' title='bbox 1017 1640 1151 1703; x_wconf 90' lang='lat' dir='ltr'><strong>scio,</strong></span> <span class='ocrx_word' id='word_1_108' title='bbox 1179 1637 1419 1708; x_wconf 87' lang='lat' dir='ltr'><strong>promisit</strong></span> <span class='ocrx_word' id='word_1_109' title='bbox 1446 1636 1585 1690; x_wconf 89' lang='lat' dir='ltr'><strong>Deus</strong></span> <span class='ocrx_word' id='word_1_110' title='bbox 1612 1632 1891 1699; x_wconf 87' lang='lat' dir='ltr'><strong>indulgen-</strong></span> 
     </span>
    </p>
   </div>
   <div class='ocr_carea' id='block_1_16' title="bbox 296 1724 1893 1802">
    <p class='ocr_par' dir='ltr' id='par_1_16' title="bbox 296 1724 1893 1802">
     <span class='ocr_line' id='line_1_16' title="bbox 296 1724 1893 1802; baseline -0.008 -14"><span class='ocrx_word' id='word_1_111' title='bbox 296 1734 465 1794; x_wconf 80' lang='lat' dir='ltr'><strong>tiam;</strong></span> <span class='ocrx_word' id='word_1_112' title='bbox 501 1748 597 1802; x_wconf 83' lang='lat' dir='ltr'><strong>per</strong></span> <span class='ocrx_word' id='word_1_113' title='bbox 612 1741 853 1786; x_wconf 88' lang='lat' dir='ltr'><strong>sanctum</strong></span> <span class='ocrx_word' id='word_1_114' title='bbox 892 1731 1211 1801; x_wconf 84' lang='lat' dir='ltr'><strong>Propltetam</strong></span> <span class='ocrx_word' id='word_1_115' title='bbox 1253 1729 1389 1783; x_wconf 89' lang='lat' dir='ltr'><strong>banc</strong></span> <span class='ocrx_word' id='word_1_116' title='bbox 1419 1724 1693 1799; x_wconf 88' lang='lat' dir='ltr'><strong>promittit,</strong></span> <span class='ocrx_word' id='word_1_117' title='bbox 1719 1732 1771 1778; x_wconf 91' lang='lat' dir='ltr'><strong>et</strong></span> <span class='ocrx_word' id='word_1_118' title='bbox 1797 1738 1893 1792; x_wconf 87' lang='lat' dir='ltr'><strong>per</strong></span> 
     </span>
    </p>
   </div>
   <div class='ocr_carea' id='block_1_17' title="bbox 294 1816 1889 1892">
    <p class='ocr_par' dir='ltr' id='par_1_17' title="bbox 294 1816 1889 1892">
     <span class='ocr_line' id='line_1_17' title="bbox 294 1816 1889 1892; baseline -0.003 -16"><span class='ocrx_word' id='word_1_119' title='bbox 294 1840 383 1878; x_wconf 89' lang='lat' dir='ltr'><strong>me</strong></span> <span class='ocrx_word' id='word_1_120' title='bbox 400 1825 683 1878; x_wconf 89' lang='lat' dir='ltr'><strong>minimum</strong></span> <span class='ocrx_word' id='word_1_121' title='bbox 708 1838 921 1879; x_wconf 78' lang='lat' dir='ltr'><strong>servum</strong></span> <span class='ocrx_word' id='word_1_122' title='bbox 958 1839 1110 1878; x_wconf 90' lang='lat' dir='ltr'><strong>suum</strong></span> <span class='ocrx_word' id='word_1_123' title='bbox 1135 1822 1413 1892; x_wconf 80' lang='lat' dir='ltr'><strong>promittit,</strong></span> <span class='ocrx_word' id='word_1_124' title='bbox 1444 1836 1627 1874; x_wconf 88' lang='lat' dir='ltr'><strong>verum</strong></span> <span class='ocrx_word' id='word_1_125' title='bbox 1646 1816 1889 1887; x_wconf 88' lang='lat' dir='ltr'><strong>estquod</strong></span> 
     </span>
    </p>
   </div>
   <div class='ocr_carea' id='block_1_18' title="bbox 296 1911 1887 1983">
    <p class='ocr_par' dir='ltr' id='par_1_18' title="bbox 296 1911 1887 1983">
     <span class='ocr_line' id='line_1_18' title="bbox 296 1911 1887 1983; baseline -0.004 -15"><span class='ocrx_word' id='word_1_126' title='bbox 296 1915 592 1983; x_wconf 83' lang='lat' dir='ltr'><strong>promittit,</strong></span> <span class='ocrx_word' id='word_1_127' title='bbox 621 1913 758 1969; x_wconf 84' lang='lat' dir='ltr'><strong>hanc</strong></span> <span class='ocrx_word' id='word_1_128' title='bbox 797 1914 1040 1983; x_wconf 89' lang='lat' dir='ltr'><strong>promisit</strong></span> <span class='ocrx_word' id='word_1_129' title='bbox 1084 1929 1178 1983; x_wconf 88' lang='lat' dir='ltr'><strong>per</strong></span> <span class='ocrx_word' id='word_1_130' title='bbox 1218 1913 1429 1967; x_wconf 89' lang='lat' dir='ltr'><strong>unicum</strong></span> <span class='ocrx_word' id='word_1_131' title='bbox 1475 1911 1666 1965; x_wconf 84' lang='lat' dir='ltr'><strong>Filium</strong></span> <span class='ocrx_word' id='word_1_132' title='bbox 1710 1923 1887 1962; x_wconf 92' lang='lat' dir='ltr'><strong>suum.</strong></span> 
     </span>
    </p>
   </div>
   <div class='ocr_carea' id='block_1_19' title="bbox 295 2000 1893 2077">
    <p class='ocr_par' dir='ltr' id='par_1_19' title="bbox 295 2000 1893 2077">
     <span class='ocr_line' id='line_1_19' title="bbox 295 2000 1893 2077; baseline -0.004 -16"><span class='ocrx_word' id='word_1_133' title='bbox 295 2006 404 2061; x_wconf 84' lang='lat' dir='ltr'><strong>Sed</strong></span> <span class='ocrx_word' id='word_1_134' title='bbox 435 2007 561 2077; x_wconf 89' lang='lat' dir='ltr'><strong>quid</strong></span> <span class='ocrx_word' id='word_1_135' title='bbox 590 2008 669 2061; x_wconf 86' lang='lat' dir='ltr'><strong>vis</strong></span> <span class='ocrx_word' id='word_1_136' title='bbox 690 2006 884 2061; x_wconf 89' lang='lat' dir='ltr'><strong>addere</strong></span> <span class='ocrx_word' id='word_1_137' title='bbox 901 2006 1018 2061; x_wconf 90' lang='lat' dir='ltr'><strong>dies</strong></span> <span class='ocrx_word' id='word_1_138' title='bbox 1044 2005 1211 2060; x_wconf 89' lang='lat' dir='ltr'><strong>malos</strong></span> <span class='ocrx_word' id='word_1_139' title='bbox 1230 2004 1419 2058; x_wconf 89' lang='lat' dir='ltr'><strong>diebus</strong></span> <span class='ocrx_word' id='word_1_140' title='bbox 1440 2001 1629 2058; x_wconf 81' lang='lat' dir='ltr'><strong>malis?</strong></span> <span class='ocrx_word' id='word_1_141' title='bbox 1652 2000 1893 2057; x_wconf 83' lang='lat' dir='ltr'><strong>Sufficiat</strong></span> 
     </span>
    </p>
   </div>
   <div class='ocr_carea' id='block_1_20' title="bbox 294 2091 1887 2169">
    <p class='ocr_par' dir='ltr' id='par_1_20' title="bbox 294 2091 1887 2169">
     <span class='ocr_line' id='line_1_20' title="bbox 294 2091 1887 2169; baseline -0.004 -17"><span class='ocrx_word' id='word_1_142' title='bbox 294 2100 404 2153; x_wconf 88' lang='lat' dir='ltr'><strong>diei</strong></span> <span class='ocrx_word' id='word_1_143' title='bbox 431 2098 631 2152; x_wconf 89' lang='lat' dir='ltr'><strong>malitia</strong></span> <span class='ocrx_word' id='word_1_144' title='bbox 662 2114 755 2152; x_wconf 90' lang='lat' dir='ltr'><strong>sua</strong></span> <span class='ocrx_word' id='word_1_145' title='bbox 781 2097 996 2169; x_wconf 79' lang='lat' dir='ltr'><strong>(Matth.</strong></span> <span class='ocrx_word' id='word_1_146' title='bbox 1025 2113 1098 2161; x_wconf 82' lang='lat' dir='ltr'><strong>Vl,</strong></span> <span class='ocrx_word' id='word_1_147' title='bbox 1124 2094 1240 2165; x_wconf 68' lang='grc'><strong>54).</strong></span> <span class='ocrx_word' id='word_1_148' title='bbox 1267 2094 1430 2149; x_wconf 84' lang='lat' dir='ltr'><strong>Malus</strong></span> <span class='ocrx_word' id='word_1_149' title='bbox 1448 2094 1565 2148; x_wconf 90' lang='lat' dir='ltr'><strong>dies</strong></span> <span class='ocrx_word' id='word_1_150' title='bbox 1586 2091 1887 2157; x_wconf 83' lang='lat' dir='ltr'><strong>liesternus,</strong></span> 
     </span>
    </p>
   </div>
   <div class='ocr_carea' id='block_1_21' title="bbox 293 2184 1890 2253">
    <p class='ocr_par' dir='ltr' id='par_1_21' title="bbox 293 2184 1890 2253">
     <span class='ocr_line' id='line_1_21' title="bbox 293 2184 1890 2253; baseline -0.007 -5"><span class='ocrx_word' id='word_1_151' title='bbox 293 2192 477 2248; x_wconf 86' lang='lat' dir='ltr'><strong>malus</strong></span> <span class='ocrx_word' id='word_1_152' title='bbox 502 2200 557 2244; x_wconf 91' lang='lat' dir='ltr'><strong>ct</strong></span> <span class='ocrx_word' id='word_1_153' title='bbox 586 2189 894 2252; x_wconf 89' lang='lat' dir='ltr'><strong>hodiernus,</strong></span> <span class='ocrx_word' id='word_1_154' title='bbox 924 2190 1094 2244; x_wconf 88' lang='lat' dir='ltr'><strong>malus</strong></span> <span class='ocrx_word' id='word_1_155' title='bbox 1118 2198 1172 2243; x_wconf 91' lang='lat' dir='ltr'><strong>et</strong></span> <span class='ocrx_word' id='word_1_156' title='bbox 1188 2184 1573 2241; x_wconf 83' lang='lat' dir='ltr'><strong>crastinus.An</strong></span> <span class='ocrx_word' id='word_1_157' title='bbox 1599 2193 1749 2253; x_wconf 87' lang='lat' dir='ltr'><strong>putas</strong></span> <span class='ocrx_word' id='word_1_158' title='bbox 1769 2198 1890 2238; x_wconf 86' lang='lat' dir='ltr'><strong>esse</strong></span> 
     </span>
    </p>
   </div>
   <div class='ocr_carea' id='block_1_22' title="bbox 294 2276 1885 2351">
    <p class='ocr_par' dir='ltr' id='par_1_22' title="bbox 294 2276 1885 2351">
     <span class='ocr_line' id='line_1_22' title="bbox 294 2276 1885 2351; baseline -0.005 -14"><span class='ocrx_word' id='word_1_159' title='bbox 294 2282 473 2337; x_wconf 85' lang='lat' dir='ltr'><strong>bonos</strong></span> <span class='ocrx_word' id='word_1_160' title='bbox 530 2280 684 2345; x_wconf 86' lang='lat' dir='ltr'><strong>dies,</strong></span> <span class='ocrx_word' id='word_1_161' title='bbox 734 2281 949 2351; x_wconf 84' lang='lat' dir='ltr'><strong>quando</strong></span> <span class='ocrx_word' id='word_1_162' title='bbox 996 2280 1123 2336; x_wconf 88' lang='lat' dir='ltr'><strong>facis</strong></span> <span class='ocrx_word' id='word_1_163' title='bbox 1171 2280 1301 2333; x_wconf 83' lang='lat' dir='ltr'><strong>satis</strong></span> <span class='ocrx_word' id='word_1_164' title='bbox 1344 2276 1696 2347; x_wconf 80' lang='lat' dir='ltr'><strong>voluptatibus</strong></span> <span class='ocrx_word' id='word_1_165' title='bbox 1744 2276 1885 2341; x_wconf 85' lang='lat' dir='ltr'><strong>tuis,</strong></span> 
     </span>
    </p>
   </div>
   <div class='ocr_carea' id='block_1_23' title="bbox 293 2366 1890 2441">
    <p class='ocr_par' dir='ltr' id='par_1_23' title="bbox 293 2366 1890 2441">
     <span class='ocr_line' id='line_1_23' title="bbox 293 2366 1890 2441; baseline -0.004 -16"><span class='ocrx_word' id='word_1_166' title='bbox 293 2372 514 2441; x_wconf 85' lang='lat' dir='ltr'><strong>quando</strong></span> <span class='ocrx_word' id='word_1_167' title='bbox 545 2372 596 2425; x_wconf 93' lang='lat' dir='ltr'><strong>in</strong></span> <span class='ocrx_word' id='word_1_168' title='bbox 621 2372 841 2426; x_wconf 80' lang='lat' dir='ltr'><strong>luxuriis</strong></span> <span class='ocrx_word' id='word_1_169' title='bbox 867 2373 1071 2427; x_wconf 88' lang='lat' dir='ltr'><strong>enutris</strong></span> <span class='ocrx_word' id='word_1_170' title='bbox 1094 2386 1189 2425; x_wconf 92' lang='lat' dir='ltr'><strong>cor</strong></span> <span class='ocrx_word' id='word_1_171' title='bbox 1215 2382 1362 2424; x_wconf 91' lang='lat' dir='ltr'><strong>tuum</strong></span> <span class='ocrx_word' id='word_1_172' title='bbox 1385 2411 1401 2435; x_wconf 96' lang='lat'><strong>,</strong></span> <span class='ocrx_word' id='word_1_173' title='bbox 1428 2367 1643 2438; x_wconf 87' lang='lat' dir='ltr'><strong>quando</strong></span> <span class='ocrx_word' id='word_1_174' title='bbox 1670 2366 1890 2421; x_wconf 85' lang='lat' dir='ltr'><strong>insidia-</strong></span> 
     </span>
    </p>
   </div>
   <div class='ocr_carea' id='block_1_24' title="bbox 296 2458 1887 2534">
    <p class='ocr_par' dir='ltr' id='par_1_24' title="bbox 296 2458 1887 2534">
     <span class='ocr_line' id='line_1_24' title="bbox 296 2458 1887 2534; baseline -0.003 -19"><span class='ocrx_word' id='word_1_175' title='bbox 296 2464 374 2516; x_wconf 87' lang='lat' dir='ltr'><strong>ris</strong></span> <span class='ocrx_word' id='word_1_176' title='bbox 394 2463 590 2518; x_wconf 76' lang='lat' dir='ltr'><strong>aliena:</strong></span> <span class='ocrx_word' id='word_1_177' title='bbox 618 2464 903 2534; x_wconf 60' lang='lat' dir='ltr'><strong>pudicitiae,</strong></span> <span class='ocrx_word' id='word_1_178' title='bbox 934 2462 1148 2533; x_wconf 88' lang='lat' dir='ltr'><strong>quando</strong></span> <span class='ocrx_word' id='word_1_179' title='bbox 1175 2460 1359 2516; x_wconf 82' lang='lat' dir='ltr'><strong>fraude</strong></span> <span class='ocrx_word' id='word_1_180' title='bbox 1388 2461 1672 2515; x_wconf 90' lang='lat' dir='ltr'><strong>contristas</strong></span> <span class='ocrx_word' id='word_1_181' title='bbox 1705 2458 1887 2528; x_wconf 79' lang='lat' dir='ltr'><strong>proxi-</strong></span> 
     </span>
    </p>
   </div>
   <div class='ocr_carea' id='block_1_25' title="bbox 298 2547 1887 2623">
    <p class='ocr_par' dir='ltr' id='par_1_25' title="bbox 298 2547 1887 2623">
     <span class='ocr_line' id='line_1_25' title="bbox 298 2547 1887 2623; baseline -0.003 -17"><span class='ocrx_word' id='word_1_182' title='bbox 298 2568 447 2606; x_wconf 88' lang='lat' dir='ltr'><strong>mum</strong></span> <span class='ocrx_word' id='word_1_183' title='bbox 478 2561 623 2606; x_wconf 88' lang='lat' dir='ltr'><strong>tuum</strong></span> <span class='ocrx_word' id='word_1_184' title='bbox 644 2595 660 2619; x_wconf 93' lang='lat'><strong>,</strong></span> <span class='ocrx_word' id='word_1_185' title='bbox 693 2552 905 2623; x_wconf 86' lang='lat' dir='ltr'><strong>quando</strong></span> <span class='ocrx_word' id='word_1_186' title='bbox 932 2552 1300 2607; x_wconf 87' lang='lat' dir='ltr'><strong>commendata</strong></span> <span class='ocrx_word' id='word_1_187' title='bbox 1329 2565 1491 2620; x_wconf 91' lang='lat' dir='ltr'><strong>negas</strong></span> <span class='ocrx_word' id='word_1_188' title='bbox 1511 2590 1526 2615; x_wconf 90' lang='lat'><strong>,</strong></span> <span class='ocrx_word' id='word_1_189' title='bbox 1549 2548 1760 2617; x_wconf 82' lang='lat' dir='ltr'><strong>quando</strong></span> <span class='ocrx_word' id='word_1_190' title='bbox 1788 2547 1887 2601; x_wconf 86' lang='lat' dir='ltr'><strong>fal-</strong></span> 
     </span>
    </p>
   </div>
   <div class='ocr_carea' id='block_1_26' title="bbox 300 2640 1887 2714">
    <p class='ocr_par' dir='ltr' id='par_1_26' title="bbox 300 2640 1887 2714">
     <span class='ocr_line' id='line_1_26' title="bbox 300 2640 1887 2714; baseline -0.004 -16"><span class='ocrx_word' id='word_1_191' title='bbox 300 2659 420 2698; x_wconf 89' lang='lat' dir='ltr'><strong>sum</strong></span> <span class='ocrx_word' id='word_1_192' title='bbox 450 2660 551 2714; x_wconf 91' lang='lat' dir='ltr'><strong>pro</strong></span> <span class='ocrx_word' id='word_1_193' title='bbox 579 2660 797 2699; x_wconf 90' lang='lat' dir='ltr'><strong>nummo</strong></span> <span class='ocrx_word' id='word_1_194' title='bbox 817 2644 1004 2714; x_wconf 88' lang='lat' dir='ltr'><strong>juras?</strong></span> <span class='ocrx_word' id='word_1_195' title='bbox 1034 2642 1255 2711; x_wconf 86' lang='lat' dir='ltr'><strong>Quando</strong></span> <span class='ocrx_word' id='word_1_196' title='bbox 1298 2640 1518 2696; x_wconf 82' lang='lat' dir='ltr'><strong>exhibes</strong></span> <span class='ocrx_word' id='word_1_197' title='bbox 1561 2640 1652 2694; x_wconf 92' lang='lat' dir='ltr'><strong>tibi</strong></span> <span class='ocrx_word' id='word_1_198' title='bbox 1693 2640 1887 2694; x_wconf 90' lang='lat' dir='ltr'><strong>bonum</strong></span> 
     </span>
    </p>
   </div>
   <div class='ocr_carea' id='block_1_27' title="bbox 297 2731 1889 2813">
    <p class='ocr_par' dir='ltr' id='par_1_27' title="bbox 297 2731 1889 2813">
     <span class='ocr_line' id='line_1_27' title="bbox 297 2731 1889 2813; baseline -0.001 -26"><span class='ocrx_word' id='word_1_199' title='bbox 297 2738 608 2806; x_wconf 83' lang='lat' dir='ltr'><strong>prandium,</strong></span> <span class='ocrx_word' id='word_1_200' title='bbox 639 2737 762 2792; x_wconf 88' lang='lat' dir='ltr'><strong>ideo</strong></span> <span class='ocrx_word' id='word_1_201' title='bbox 786 2746 941 2808; x_wconf 87' lang='lat' dir='ltr'><strong>ptttas</strong></span> <span class='ocrx_word' id='word_1_202' title='bbox 967 2738 1088 2806; x_wconf 82' lang='lat' dir='ltr'><strong>quia</strong></span> <span class='ocrx_word' id='word_1_203' title='bbox 1119 2738 1314 2791; x_wconf 90' lang='lat' dir='ltr'><strong>bonum</strong></span> <span class='ocrx_word' id='word_1_204' title='bbox 1350 2734 1489 2791; x_wconf 90' lang='lat' dir='ltr'><strong>dicm</strong></span> <span class='ocrx_word' id='word_1_205' title='bbox 1510 2733 1705 2813; x_wconf 81' lang='lat' dir='ltr'><strong>ducis?</strong></span> <span class='ocrx_word' id='word_1_206' title='bbox 1736 2731 1889 2787; x_wconf 84' lang='lat' dir='ltr'><strong>Unde</strong></span> 
     </span>
    </p>
   </div>
   <div class='ocr_carea' id='block_1_28' title="bbox 297 2822 1889 2899">
    <p class='ocr_par' dir='ltr' id='par_1_28' title="bbox 297 2822 1889 2899">
     <span class='ocr_line' id='line_1_28' title="bbox 297 2822 1889 2899; baseline -0.003 -18"><span class='ocrx_word' id='word_1_207' title='bbox 297 2830 416 2883; x_wconf 82' lang='lat' dir='ltr'><strong>ﬁeri</strong></span> <span class='ocrx_word' id='word_1_208' title='bbox 444 2837 628 2899; x_wconf 83' lang='lat' dir='ltr'><strong>potest</strong></span> <span class='ocrx_word' id='word_1_209' title='bbox 657 2837 717 2882; x_wconf 89' lang='lat' dir='ltr'><strong>ut</strong></span> <span class='ocrx_word' id='word_1_210' title='bbox 744 2828 858 2882; x_wconf 91' lang='lat' dir='ltr'><strong>dies</strong></span> <span class='ocrx_word' id='word_1_211' title='bbox 893 2828 1063 2881; x_wconf 88' lang='lat' dir='ltr'><strong>bonus</strong></span> <span class='ocrx_word' id='word_1_212' title='bbox 1105 2826 1206 2888; x_wconf 85' lang='lat' dir='ltr'><strong>sit,</strong></span> <span class='ocrx_word' id='word_1_213' title='bbox 1238 2841 1358 2880; x_wconf 92' lang='lat' dir='ltr'><strong>cum</strong></span> <span class='ocrx_word' id='word_1_214' title='bbox 1398 2825 1568 2879; x_wconf 85' lang='lat' dir='ltr'><strong>malus</strong></span> <span class='ocrx_word' id='word_1_215' title='bbox 1596 2825 1664 2879; x_wconf 91' lang='lat' dir='ltr'><strong>sit</strong></span> <span class='ocrx_word' id='word_1_216' title='bbox 1694 2822 1889 2879; x_wconf 85' lang='lat' dir='ltr'><strong>homo?</strong></span> 
     </span>
    </p>
   </div>
   <div class='ocr_carea' id='block_1_29' title="bbox 298 2916 1377 2973">
    <p class='ocr_par' dir='ltr' id='par_1_29' title="bbox 298 2916 1377 2973">
     <span class='ocr_line' id='line_1_29' title="bbox 298 2916 1377 2973; baseline -0.004 -1"><span class='ocrx_word' id='word_1_217' title='bbox 298 2918 473 2973; x_wconf 70' lang='lat' dir='ltr'><strong>Malos</strong></span> <span class='ocrx_word' id='word_1_218' title='bbox 502 2920 617 2973; x_wconf 90' lang='lat' dir='ltr'><strong>dies</strong></span> <span class='ocrx_word' id='word_1_219' title='bbox 644 2919 723 2972; x_wconf 80' lang='lat' dir='ltr'><strong>vis</strong></span> <span class='ocrx_word' id='word_1_220' title='bbox 752 2917 948 2972; x_wconf 80' lang='lat' dir='ltr'><strong>addere</strong></span> <span class='ocrx_word' id='word_1_221' title='bbox 974 2917 1127 2971; x_wconf 89' lang='lat' dir='ltr'><strong>malis</strong></span> <span class='ocrx_word' id='word_1_222' title='bbox 1152 2916 1377 2971; x_wconf 83' lang='lat' dir='ltr'><strong>diebus?</strong></span> 
     </span>
    </p>
   </div>
   <div class='ocr_carea' id='block_1_30' title="bbox 370 3007 1888 3079">
    <p class='ocr_par' dir='ltr' id='par_1_30' title="bbox 370 3007 1888 3079">
     <span class='ocr_line' id='line_1_30' title="bbox 370 3007 1888 3079; baseline -0.003 -14"><span class='ocrx_word' id='word_1_223' title='bbox 370 3012 423 3065; x_wconf 84' lang='grc'><strong>5.</strong></span> <span class='ocrx_word' id='word_1_224' title='bbox 450 3010 599 3063; x_wconf 84' lang='lat' dir='ltr'><strong>Idem</strong></span> <span class='ocrx_word' id='word_1_225' title='bbox 645 3019 891 3063; x_wconf 83' lang='lat' dir='ltr'><strong>tractatur</strong></span> <span class='ocrx_word' id='word_1_226' title='bbox 920 3017 1288 3079; x_wconf 82' lang='lat' dir='ltr'><strong>argumentum.</strong></span> <span class='ocrx_word' id='word_1_227' title='bbox 1336 3007 1503 3075; x_wconf 81' lang='lat' dir='ltr'><strong>Rogo,</strong></span> <span class='ocrx_word' id='word_1_228' title='bbox 1539 3007 1888 3075; x_wconf 88' lang='lat' dir='ltr'><strong>aliquantmn,</strong></span> 
     </span>
    </p>
   </div>
   <div class='ocr_carea' id='block_1_31' title="bbox 299 3097 1891 3174">
    <p class='ocr_par' dir='ltr' id='par_1_31' title="bbox 299 3097 1891 3174">
     <span class='ocr_line' id='line_1_31' title="bbox 299 3097 1891 3174; baseline -0.003 -16"><span class='ocrx_word' id='word_1_229' title='bbox 299 3106 511 3174; x_wconf 78' lang='lat' dir='ltr'><strong>inquit,</strong></span> <span class='ocrx_word' id='word_1_230' title='bbox 542 3103 840 3157; x_wconf 89' lang='lat' dir='ltr'><strong>dimittatur</strong></span> <span class='ocrx_word' id='word_1_231' title='bbox 872 3101 1020 3156; x_wconf 88' lang='lat' dir='ltr'><strong>mihi.</strong></span> <span class='ocrx_word' id='word_1_232' title='bbox 1047 3100 1257 3168; x_wconf 82' lang='lat' dir='ltr'><strong>Quare?</strong></span> <span class='ocrx_word' id='word_1_233' title='bbox 1299 3099 1431 3167; x_wconf 86' lang='lat' dir='ltr'><strong>Quia</strong></span> <span class='ocrx_word' id='word_1_234' title='bbox 1473 3098 1717 3169; x_wconf 88' lang='lat' dir='ltr'><strong>promisit</strong></span> <span class='ocrx_word' id='word_1_235' title='bbox 1760 3097 1891 3153; x_wconf 88' lang='lat' dir='ltr'><strong>mihi</strong></span> 
     </span>
    </p>
   </div>
   <div class='ocr_carea' id='block_1_32' title="bbox 301 3197 872 3268">
    <p class='ocr_par' dir='ltr' id='par_1_32' title="bbox 301 3197 872 3268">
     <span class='ocr_line' id='line_1_32' title="bbox 301 3197 872 3268; baseline -0.009 -14"><span class='ocrx_word' id='word_1_236' title='bbox 301 3201 445 3254; x_wconf 85' lang='lat' dir='ltr'><strong>Deus</strong></span> <span class='ocrx_word' id='word_1_237' title='bbox 470 3197 872 3268; x_wconf 80' lang='lat' dir='ltr'><strong>indulgentiam.</strong></span> 
     </span>
    </p>
   </div>
   <div class='ocr_carea' id='block_1_33' title="bbox 372 3284 1893 3345">
    <p class='ocr_par' dir='ltr' id='par_1_33' title="bbox 372 3284 1893 3345">
     <span class='ocr_line' id='line_1_33' title="bbox 372 3284 1893 3345; baseline -0.005 -1"><span class='ocrx_word' id='word_1_238' title='bbox 372 3288 603 3345; x_wconf 80' lang='lat' dir='ltr'><strong>CAPUT</strong></span> <span class='ocrx_word' id='word_1_239' title='bbox 646 3287 732 3341; x_wconf 93' lang='lat' dir='ltr'><strong>lll.</strong></span> <span class='ocrx_word' id='word_1_240' title='bbox 771 3317 845 3327; x_wconf 90' lang='lat'><strong><em>—</em></strong></span> <span class='ocrx_word' id='word_1_241' title='bbox 872 3285 976 3341; x_wconf 89' lang='lat' dir='ltr'><strong>Sed</strong></span> <span class='ocrx_word' id='word_1_242' title='bbox 997 3286 1230 3341; x_wconf 89' lang='lat' dir='ltr'><strong>crastino</strong></span> <span class='ocrx_word' id='word_1_243' title='bbox 1258 3285 1345 3339; x_wconf 90' lang='lat' dir='ltr'><strong>die</strong></span> <span class='ocrx_word' id='word_1_244' title='bbox 1373 3294 1425 3340; x_wconf 85' lang='lat' dir='ltr'><strong>te</strong></span> <span class='ocrx_word' id='word_1_245' title='bbox 1446 3284 1706 3339; x_wconf 89' lang='lat' dir='ltr'><strong>victurum</strong></span> <span class='ocrx_word' id='word_1_246' title='bbox 1734 3298 1893 3338; x_wconf 90' lang='lat' dir='ltr'><strong>nemo</strong></span> 
     </span>
    </p>
   </div>
   <div class='ocr_carea' id='block_1_34' title="bbox 298 3377 1895 3450">
    <p class='ocr_par' dir='ltr' id='par_1_34' title="bbox 298 3377 1895 3450">
     <span class='ocr_line' id='line_1_34' title="bbox 298 3377 1895 3450; baseline -0.002 -16"><span class='ocrx_word' id='word_1_247' title='bbox 298 3382 396 3434; x_wconf 88' lang='lat' dir='ltr'><strong>tibi</strong></span> <span class='ocrx_word' id='word_1_248' title='bbox 429 3380 696 3450; x_wconf 89' lang='lat' dir='ltr'><strong>promisit.</strong></span> <span class='ocrx_word' id='word_1_249' title='bbox 727 3382 831 3433; x_wconf 83' lang='lat' dir='ltr'><strong>Aut</strong></span> <span class='ocrx_word' id='word_1_250' title='bbox 860 3380 975 3449; x_wconf 81' lang='lat' dir='ltr'><strong>lege</strong></span> <span class='ocrx_word' id='word_1_251' title='bbox 1004 3379 1132 3433; x_wconf 92' lang='lat' dir='ltr'><strong>mihi</strong></span> <span class='ocrx_word' id='word_1_252' title='bbox 1153 3420 1169 3443; x_wconf 92' lang='lat'><strong>,</strong></span> <span class='ocrx_word' id='word_1_253' title='bbox 1202 3378 1471 3448; x_wconf 88' lang='lat' dir='ltr'><strong>quomodo</strong></span> <span class='ocrx_word' id='word_1_254' title='bbox 1498 3378 1631 3449; x_wconf 91' lang='lat' dir='ltr'><strong>legis</strong></span> <span class='ocrx_word' id='word_1_255' title='bbox 1658 3377 1895 3446; x_wconf 88' lang='lat' dir='ltr'><strong>Prophe-</strong></span> 
     </span>
    </p>
   </div>
   <div class='ocr_carea' id='block_1_35' title="bbox 299 3472 1896 3542">
    <p class='ocr_par' dir='ltr' id='par_1_35' title="bbox 299 3472 1896 3542">
     <span class='ocr_line' id='line_1_35' title="bbox 299 3472 1896 3542; baseline -0.002 -16"><span class='ocrx_word' id='word_1_256' title='bbox 299 3482 435 3538; x_wconf 79' lang='lat' dir='ltr'><strong>tam,</strong></span> <span class='ocrx_word' id='word_1_257' title='bbox 470 3472 838 3542; x_wconf 84' lang='lat' dir='ltr'><strong>Evangelium,</strong></span> <span class='ocrx_word' id='word_1_258' title='bbox 872 3472 1206 3541; x_wconf 87' lang='lat' dir='ltr'><strong>Apostolum,</strong></span> <span class='ocrx_word' id='word_1_259' title='bbox 1237 3472 1363 3540; x_wconf 86' lang='lat' dir='ltr'><strong>quia</strong></span> <span class='ocrx_word' id='word_1_260' title='bbox 1390 3486 1509 3524; x_wconf 89' lang='lat' dir='ltr'><strong>cum</strong></span> <span class='ocrx_word' id='word_1_261' title='bbox 1536 3479 1586 3524; x_wconf 87' lang='lat' dir='ltr'><strong>te</strong></span> <span class='ocrx_word' id='word_1_262' title='bbox 1615 3478 1896 3523; x_wconf 89' lang='lat' dir='ltr'><strong>converte-</strong></span> 
     </span>
    </p>
   </div>
   <div class='ocr_carea' id='block_1_36' title="bbox 299 3560 1894 3631">
    <p class='ocr_par' dir='ltr' id='par_1_36' title="bbox 299 3560 1894 3631">
     <span class='ocr_line' id='line_1_36' title="bbox 299 3560 1894 3631; baseline -0.001 -15"><span class='ocrx_word' id='word_1_263' title='bbox 299 3567 397 3629; x_wconf 86' lang='lat' dir='ltr'><strong>ris,</strong></span> <span class='ocrx_word' id='word_1_264' title='bbox 426 3562 575 3617; x_wconf 89' lang='lat' dir='ltr'><strong>delet</strong></span> <span class='ocrx_word' id='word_1_265' title='bbox 601 3563 740 3617; x_wconf 91' lang='lat' dir='ltr'><strong>Deus</strong></span> <span class='ocrx_word' id='word_1_266' title='bbox 767 3578 952 3617; x_wconf 91' lang='lat' dir='ltr'><strong>omnes</strong></span> <span class='ocrx_word' id='word_1_267' title='bbox 982 3563 1287 3631; x_wconf 87' lang='lat' dir='ltr'><strong>iniquitates</strong></span> <span class='ocrx_word' id='word_1_268' title='bbox 1317 3572 1432 3616; x_wconf 89' lang='lat' dir='ltr'><strong>tuas</strong></span> <span class='ocrx_word' id='word_1_269' title='bbox 1464 3578 1476 3613; x_wconf 92' lang='lat'>:</span> <span class='ocrx_word' id='word_1_270' title='bbox 1503 3562 1619 3629; x_wconf 84' lang='lat' dir='ltr'><strong>lege</strong></span> <span class='ocrx_word' id='word_1_271' title='bbox 1650 3561 1776 3615; x_wconf 88' lang='lat' dir='ltr'><strong>mihi</strong></span> <span class='ocrx_word' id='word_1_272' title='bbox 1806 3560 1894 3615; x_wconf 89' lang='lat' dir='ltr'><strong>ubi</strong></span> 
     </span>
    </p>
   </div>
   <div class='ocr_carea' id='block_1_37' title="bbox 302 3650 1896 3723">
    <p class='ocr_par' dir='ltr' id='par_1_37' title="bbox 302 3650 1896 3723">
     <span class='ocr_line' id='line_1_37' title="bbox 302 3650 1896 3723; baseline -0.001 -15"><span class='ocrx_word' id='word_1_273' title='bbox 302 3656 397 3709; x_wconf 90' lang='lat' dir='ltr'><strong>tibi</strong></span> <span class='ocrx_word' id='word_1_274' title='bbox 432 3655 730 3723; x_wconf 87' lang='lat' dir='ltr'><strong>promissus</strong></span> <span class='ocrx_word' id='word_1_275' title='bbox 757 3662 839 3708; x_wconf 91' lang='lat' dir='ltr'><strong>est</strong></span> <span class='ocrx_word' id='word_1_276' title='bbox 865 3654 1128 3707; x_wconf 87' lang='lat' dir='ltr'><strong>crastinus</strong></span> <span class='ocrx_word' id='word_1_277' title='bbox 1149 3654 1294 3719; x_wconf 90' lang='lat' dir='ltr'><strong>dies,</strong></span> <span class='ocrx_word' id='word_1_278' title='bbox 1322 3662 1375 3708; x_wconf 91' lang='lat' dir='ltr'><strong>et</strong></span> <span class='ocrx_word' id='word_1_279' title='bbox 1402 3652 1520 3707; x_wconf 89' lang='lat' dir='ltr'><strong>vive</strong></span> <span class='ocrx_word' id='word_1_280' title='bbox 1547 3651 1783 3706; x_wconf 90' lang='lat' dir='ltr'><strong>crastino</strong></span> <span class='ocrx_word' id='word_1_281' title='bbox 1808 3650 1896 3707; x_wconf 85' lang='lat' dir='ltr'><strong>die</strong></span> 
     </span>
    </p>
   </div>
   <div class='ocr_carea' id='block_1_38' title="bbox 304 3740 1897 3814">
    <p class='ocr_par' dir='ltr' id='par_1_38' title="bbox 304 3740 1897 3814">
     <span class='ocr_line' id='line_1_38' title="bbox 304 3740 1897 3814; baseline -0.002 -16"><span class='ocrx_word' id='word_1_282' title='bbox 304 3746 471 3799; x_wconf 86' lang='lat' dir='ltr'><strong>male.</strong></span> <span class='ocrx_word' id='word_1_283' title='bbox 501 3746 847 3814; x_wconf 84' lang='lat' dir='ltr'><strong>Quanquam,</strong></span> <span class='ocrx_word' id='word_1_284' title='bbox 872 3743 1035 3797; x_wconf 81' lang='lat' dir='ltr'><strong>frater</strong></span> <span class='ocrx_word' id='word_1_285' title='bbox 1073 3758 1253 3806; x_wconf 90' lang='lat' dir='ltr'><strong>meus,</strong></span> <span class='ocrx_word' id='word_1_286' title='bbox 1303 3759 1408 3797; x_wconf 90' lang='lat' dir='ltr'><strong>non</strong></span> <span class='ocrx_word' id='word_1_287' title='bbox 1458 3742 1551 3797; x_wconf 90' lang='lat' dir='ltr'><strong>tibi</strong></span> <span class='ocrx_word' id='word_1_288' title='bbox 1597 3741 1698 3796; x_wconf 86' lang='lat' dir='ltr'><strong>hoc</strong></span> <span class='ocrx_word' id='word_1_289' title='bbox 1738 3740 1897 3795; x_wconf 88' lang='lat' dir='ltr'><strong>debui</strong></span> 
     </span>
    </p>
   </div>
   <div class='ocr_carea' id='block_1_39' title="bbox 302 3830 1897 3905">
    <p class='ocr_par' dir='ltr' id='par_1_39' title="bbox 302 3830 1897 3905">
     <span class='ocr_line' id='line_1_39' title="bbox 302 3830 1897 3905; baseline -0.004 -16"><span class='ocrx_word' id='word_1_290' title='bbox 302 3837 511 3890; x_wconf 84' lang='lat' dir='ltr'><strong>dicere.</strong></span> <span class='ocrx_word' id='word_1_291' title='bbox 542 3834 723 3905; x_wconf 88' lang='lat' dir='ltr'><strong>Longa</strong></span> <span class='ocrx_word' id='word_1_292' title='bbox 759 3834 860 3889; x_wconf 90' lang='lat' dir='ltr'><strong>erit</strong></span> <span class='ocrx_word' id='word_1_293' title='bbox 889 3834 1024 3888; x_wconf 90' lang='lat' dir='ltr'><strong>forte</strong></span> <span class='ocrx_word' id='word_1_294' title='bbox 1053 3832 1156 3887; x_wconf 88' lang='lat' dir='ltr'><strong>vita</strong></span> <span class='ocrx_word' id='word_1_295' title='bbox 1187 3844 1272 3887; x_wconf 90' lang='lat' dir='ltr'><strong>tua</strong></span> <span class='ocrx_word' id='word_1_296' title='bbox 1302 3850 1314 3885; x_wconf 91' lang='lat'>:</span> <span class='ocrx_word' id='word_1_297' title='bbox 1342 3833 1385 3885; x_wconf 89' lang='lat' dir='ltr'><strong>si</strong></span> <span class='ocrx_word' id='word_1_298' title='bbox 1414 3832 1569 3900; x_wconf 91' lang='lat' dir='ltr'><strong>longa</strong></span> <span class='ocrx_word' id='word_1_299' title='bbox 1599 3831 1732 3895; x_wconf 91' lang='lat' dir='ltr'><strong>erit,</strong></span> <span class='ocrx_word' id='word_1_300' title='bbox 1761 3830 1897 3884; x_wconf 89' lang='lat' dir='ltr'><strong>bona</strong></span> 
     </span>
    </p>
   </div>
   <div class='ocr_carea' id='block_1_40' title="bbox 305 3923 1899 3994">
    <p class='ocr_par' dir='ltr' id='par_1_40' title="bbox 305 3923 1899 3994">
     <span class='ocr_line' id='line_1_40' title="bbox 305 3923 1899 3994; baseline -0.002 -14"><span class='ocrx_word' id='word_1_301' title='bbox 305 3929 398 3982; x_wconf 90' lang='lat' dir='ltr'><strong>sit.</strong></span> <span class='ocrx_word' id='word_1_302' title='bbox 424 3927 604 3994; x_wconf 87' lang='lat' dir='ltr'><strong>Quare</strong></span> <span class='ocrx_word' id='word_1_303' title='bbox 644 3927 723 3980; x_wconf 85' lang='lat' dir='ltr'><strong>vis</strong></span> <span class='ocrx_word' id='word_1_304' title='bbox 772 3926 967 3980; x_wconf 83' lang='lat' dir='ltr'><strong>habere</strong></span> <span class='ocrx_word' id='word_1_305' title='bbox 1004 3927 1217 3994; x_wconf 80' lang='lat' dir='ltr'><strong>longam</strong></span> <span class='ocrx_word' id='word_1_306' title='bbox 1264 3925 1425 3978; x_wconf 88' lang='lat' dir='ltr'><strong>vitam</strong></span> <span class='ocrx_word' id='word_1_307' title='bbox 1451 3934 1505 3979; x_wconf 90' lang='lat' dir='ltr'><strong>et</strong></span> <span class='ocrx_word' id='word_1_308' title='bbox 1530 3923 1759 3977; x_wconf 85' lang='lat' dir='ltr'><strong>malam?</strong></span> <span class='ocrx_word' id='word_1_309' title='bbox 1792 3924 1899 3977; x_wconf 81' lang='lat' dir='ltr'><strong>Aut</strong></span> 
     </span>
    </p>
   </div>
   <div class='ocr_carea' id='block_1_41' title="bbox 308 4015 1900 4086">
    <p class='ocr_par' dir='ltr' id='par_1_41' title="bbox 308 4015 1900 4086">
     <span class='ocr_line' id='line_1_41' title="bbox 308 4015 1900 4086; baseline -0.002 -15"><span class='ocrx_word' id='word_1_310' title='bbox 308 4018 470 4086; x_wconf 85' lang='lat' dir='ltr'><strong>longa</strong></span> <span class='ocrx_word' id='word_1_311' title='bbox 502 4034 607 4070; x_wconf 89' lang='lat' dir='ltr'><strong>non</strong></span> <span class='ocrx_word' id='word_1_312' title='bbox 638 4020 771 4081; x_wconf 88' lang='lat' dir='ltr'><strong>erit;</strong></span> <span class='ocrx_word' id='word_1_313' title='bbox 799 4025 851 4069; x_wconf 91' lang='lat' dir='ltr'><strong>ct</strong></span> <span class='ocrx_word' id='word_1_314' title='bbox 880 4016 968 4069; x_wconf 88' lang='lat' dir='ltr'><strong>illa</strong></span> <span class='ocrx_word' id='word_1_315' title='bbox 1005 4016 1158 4085; x_wconf 87' lang='lat' dir='ltr'><strong>longa</strong></span> <span class='ocrx_word' id='word_1_316' title='bbox 1198 4015 1353 4069; x_wconf 88' lang='lat' dir='ltr'><strong>debet</strong></span> <span class='ocrx_word' id='word_1_317' title='bbox 1380 4023 1430 4068; x_wconf 91' lang='lat' dir='ltr'><strong>te</strong></span> <span class='ocrx_word' id='word_1_318' title='bbox 1456 4015 1751 4078; x_wconf 86' lang='lat' dir='ltr'><strong>delectare,</strong></span> <span class='ocrx_word' id='word_1_319' title='bbox 1782 4030 1900 4083; x_wconf 74' lang='lat' dir='ltr'><strong>quae</strong></span> 
     </span>
    </p>
   </div>
   <div class='ocr_carea' id='block_1_42' title="bbox 310 4104 1897 4175">
    <p class='ocr_par' dir='ltr' id='par_1_42' title="bbox 310 4104 1897 4175">
     <span class='ocr_line' id='line_1_42' title="bbox 310 4104 1897 4175; baseline -0.003 -13"><span class='ocrx_word' id='word_1_320' title='bbox 310 4124 419 4163; x_wconf 89' lang='lat' dir='ltr'><strong>non</strong></span> <span class='ocrx_word' id='word_1_321' title='bbox 468 4107 628 4161; x_wconf 82' lang='lat' dir='ltr'><strong>habet</strong></span> <span class='ocrx_word' id='word_1_322' title='bbox 672 4108 831 4161; x_wconf 84' lang='lat' dir='ltr'><strong>finem</strong></span> <span class='ocrx_word' id='word_1_323' title='bbox 859 4124 871 4159; x_wconf 89' lang='lat'><strong>:</strong></span> <span class='ocrx_word' id='word_1_324' title='bbox 901 4116 991 4159; x_wconf 88' lang='lat' dir='ltr'><strong>aut</strong></span> <span class='ocrx_word' id='word_1_325' title='bbox 1029 4106 1181 4175; x_wconf 87' lang='lat' dir='ltr'><strong>longa</strong></span> <span class='ocrx_word' id='word_1_326' title='bbox 1209 4106 1345 4169; x_wconf 89' lang='lat' dir='ltr'><strong>erit;</strong></span> <span class='ocrx_word' id='word_1_327' title='bbox 1377 4113 1429 4158; x_wconf 89' lang='lat' dir='ltr'><strong>et</strong></span> <span class='ocrx_word' id='word_1_328' title='bbox 1458 4104 1581 4173; x_wconf 88' lang='lat' dir='ltr'><strong>quid</strong></span> <span class='ocrx_word' id='word_1_329' title='bbox 1611 4104 1733 4158; x_wconf 89' lang='lat' dir='ltr'><strong>mali</strong></span> <span class='ocrx_word' id='word_1_330' title='bbox 1768 4107 1897 4170; x_wconf 89' lang='lat' dir='ltr'><strong>erit,</strong></span> 
     </span>
    </p>
   </div>
   <div class='ocr_carea' id='block_1_43' title="bbox 309 4195 1901 4268">
    <p class='ocr_par' dir='ltr' id='par_1_43' title="bbox 309 4195 1901 4268">
     <span class='ocr_line' id='line_1_43' title="bbox 309 4195 1901 4268; baseline -0.001 -17"><span class='ocrx_word' id='word_1_331' title='bbox 309 4199 437 4268; x_wconf 87' lang='lat' dir='ltr'><strong>quia</strong></span> <span class='ocrx_word' id='word_1_332' title='bbox 483 4198 572 4252; x_wconf 91' lang='lat' dir='ltr'><strong>diu</strong></span> <span class='ocrx_word' id='word_1_333' title='bbox 615 4197 754 4253; x_wconf 84' lang='lat' dir='ltr'><strong>bene</strong></span> <span class='ocrx_word' id='word_1_334' title='bbox 780 4197 994 4252; x_wconf 81' lang='lat' dir='ltr'><strong>vixisti?</strong></span> <span class='ocrx_word' id='word_1_335' title='bbox 1021 4197 1099 4250; x_wconf 92' lang='lat' dir='ltr'><strong>Tu</strong></span> <span class='ocrx_word' id='word_1_336' title='bbox 1135 4196 1273 4250; x_wconf 88' lang='lat' dir='ltr'><strong>male</strong></span> <span class='ocrx_word' id='word_1_337' title='bbox 1303 4197 1383 4249; x_wconf 86' lang='lat' dir='ltr'><strong>vis</strong></span> <span class='ocrx_word' id='word_1_338' title='bbox 1406 4195 1497 4250; x_wconf 91' lang='lat' dir='ltr'><strong>diu</strong></span> <span class='ocrx_word' id='word_1_339' title='bbox 1524 4196 1733 4260; x_wconf 84' lang='lat' dir='ltr'><strong>vivere,</strong></span> <span class='ocrx_word' id='word_1_340' title='bbox 1764 4196 1901 4251; x_wconf 90' lang='lat' dir='ltr'><strong>bene</strong></span> 
     </span>
    </p>
   </div>
   <div class='ocr_carea' id='block_1_44' title="bbox 312 4286 1901 4355">
    <p class='ocr_par' dir='ltr' id='par_1_44' title="bbox 312 4286 1901 4355">
     <span class='ocr_line' id='line_1_44' title="bbox 312 4286 1901 4355; baseline -0.002 -12"><span class='ocrx_word' id='word_1_341' title='bbox 312 4304 423 4343; x_wconf 87' lang='lat' dir='ltr'><strong>non</strong></span> <span class='ocrx_word' id='word_1_342' title='bbox 453 4288 569 4341; x_wconf 86' lang='lat' dir='ltr'><strong>vis?</strong></span> <span class='ocrx_word' id='word_1_343' title='bbox 600 4287 665 4350; x_wconf 77' lang='lat' dir='ltr'><strong>Et</strong></span> <span class='ocrx_word' id='word_1_344' title='bbox 703 4297 878 4343; x_wconf 89' lang='lat' dir='ltr'><strong>tamen</strong></span> <span class='ocrx_word' id='word_1_345' title='bbox 917 4287 1205 4341; x_wconf 90' lang='lat' dir='ltr'><strong>crastinum</strong></span> <span class='ocrx_word' id='word_1_346' title='bbox 1231 4287 1372 4341; x_wconf 91' lang='lat' dir='ltr'><strong>diem</strong></span> <span class='ocrx_word' id='word_1_347' title='bbox 1399 4301 1556 4340; x_wconf 90' lang='lat' dir='ltr'><strong>nemo</strong></span> <span class='ocrx_word' id='word_1_348' title='bbox 1583 4287 1675 4339; x_wconf 90' lang='lat' dir='ltr'><strong>tibi</strong></span> <span class='ocrx_word' id='word_1_349' title='bbox 1706 4286 1901 4355; x_wconf 88' lang='lat' dir='ltr'><strong>promi-</strong></span> 
     </span>
    </p>
   </div>
   <div class='ocr_carea' id='block_1_45' title="bbox 312 4376 1901 4449">
    <p class='ocr_par' dir='ltr' id='par_1_45' title="bbox 312 4376 1901 4449">
     <span class='ocr_line' id='line_1_45' title="bbox 312 4376 1901 4449; baseline 0 -16"><span class='ocrx_word' id='word_1_350' title='bbox 312 4378 403 4433; x_wconf 83' lang='lat' dir='ltr'><strong>sit.</strong></span> <span class='ocrx_word' id='word_1_351' title='bbox 455 4378 670 4449; x_wconf 87' lang='lat' dir='ltr'><strong>Corrige</strong></span> <span class='ocrx_word' id='word_1_352' title='bbox 697 4388 783 4444; x_wconf 92' lang='lat' dir='ltr'><strong>te,</strong></span> <span class='ocrx_word' id='word_1_353' title='bbox 822 4378 945 4431; x_wconf 88' lang='lat' dir='ltr'><strong>audi</strong></span> <span class='ocrx_word' id='word_1_354' title='bbox 991 4378 1319 4447; x_wconf 89' lang='lat' dir='ltr'><strong>Scripturam</strong></span> <span class='ocrx_word' id='word_1_355' title='bbox 1345 4395 1357 4431; x_wconf 92' lang='lat'><strong>:</strong></span> <span class='ocrx_word' id='word_1_356' title='bbox 1385 4376 1466 4431; x_wconf 89' lang='lat' dir='ltr'><strong>Ne</strong></span> <span class='ocrx_word' id='word_1_357' title='bbox 1496 4378 1662 4432; x_wconf 79' lang='lat' dir='ltr'><strong>tardes</strong></span> <span class='ocrx_word' id='word_1_358' title='bbox 1686 4380 1901 4433; x_wconf 83' lang='lat' dir='ltr'><strong>converti</strong></span> 
     </span>
    </p>
   </div>
   <div class='ocr_carea' id='block_1_46' title="bbox 311 4470 1899 4527">
    <p class='ocr_par' dir='ltr' id='par_1_46' title="bbox 311 4470 1899 4527">
     <span class='ocr_line' id='line_1_46' title="bbox 311 4470 1899 4527; baseline 0 -2"><span class='ocrx_word' id='word_1_359' title='bbox 311 4472 384 4525; x_wconf 86' lang='lat' dir='ltr'><strong>ad</strong></span> <span class='ocrx_word' id='word_1_360' title='bbox 408 4470 601 4526; x_wconf 82' lang='lat' dir='ltr'><strong>Deum.</strong></span> <span class='ocrx_word' id='word_1_361' title='bbox 628 4470 801 4526; x_wconf 77' lang='lat' dir='ltr'><strong>Verba</strong></span> <span class='ocrx_word' id='word_1_362' title='bbox 830 4473 926 4526; x_wconf 86' lang='lat' dir='ltr'><strong>ista</strong></span> <span class='ocrx_word' id='word_1_363' title='bbox 959 4488 1076 4527; x_wconf 89' lang='lat' dir='ltr'><strong>mea</strong></span> <span class='ocrx_word' id='word_1_364' title='bbox 1100 4489 1204 4527; x_wconf 92' lang='lat' dir='ltr'><strong>non</strong></span> <span class='ocrx_word' id='word_1_365' title='bbox 1230 4482 1351 4527; x_wconf 90' lang='lat' dir='ltr'><strong>sunt</strong></span> <span class='ocrx_word' id='word_1_366' title='bbox 1374 4490 1385 4525; x_wconf 93' lang='lat'>:</span> <span class='ocrx_word' id='word_1_367' title='bbox 1410 4472 1504 4526; x_wconf 89' lang='lat' dir='ltr'><strong>sed</strong></span> <span class='ocrx_word' id='word_1_368' title='bbox 1532 4482 1586 4527; x_wconf 90' lang='lat' dir='ltr'><strong>et</strong></span> <span class='ocrx_word' id='word_1_369' title='bbox 1612 4488 1727 4527; x_wconf 88' lang='lat' dir='ltr'><strong>mea</strong></span> <span class='ocrx_word' id='word_1_370' title='bbox 1755 4480 1899 4527; x_wconf 90' lang='lat' dir='ltr'><strong>sunt.</strong></span> 
     </span>
    </p>
   </div>
   <div class='ocr_carea' id='block_1_47' title="bbox 314 4564 1904 4628">
    <p class='ocr_par' dir='ltr' id='par_1_47' title="bbox 314 4564 1904 4628">
     <span class='ocr_line' id='line_1_47' title="bbox 314 4564 1904 4628; baseline 0.002 -10"><span class='ocrx_word' id='word_1_371' title='bbox 314 4564 371 4618; x_wconf 90' lang='lat' dir='ltr'><strong>Si</strong></span> <span class='ocrx_word' id='word_1_372' title='bbox 402 4579 550 4628; x_wconf 85' lang='lat' dir='ltr'><strong>amo,</strong></span> <span class='ocrx_word' id='word_1_373' title='bbox 582 4578 700 4617; x_wconf 91' lang='lat' dir='ltr'><strong>mea</strong></span> <span class='ocrx_word' id='word_1_374' title='bbox 734 4573 857 4617; x_wconf 88' lang='lat' dir='ltr'><strong>sunt</strong></span> <span class='ocrx_word' id='word_1_375' title='bbox 881 4582 893 4617; x_wconf 87' lang='lat'><strong>:</strong></span> <span class='ocrx_word' id='word_1_376' title='bbox 917 4572 1112 4628; x_wconf 90' lang='lat' dir='ltr'><strong>amate,</strong></span> <span class='ocrx_word' id='word_1_377' title='bbox 1145 4573 1199 4619; x_wconf 88' lang='lat' dir='ltr'><strong>et</strong></span> <span class='ocrx_word' id='word_1_378' title='bbox 1224 4573 1400 4619; x_wconf 88' lang='lat' dir='ltr'><strong>vestra</strong></span> <span class='ocrx_word' id='word_1_379' title='bbox 1427 4573 1570 4619; x_wconf 89' lang='lat' dir='ltr'><strong>sunt.</strong></span> <span class='ocrx_word' id='word_1_380' title='bbox 1595 4565 1782 4619; x_wconf 88' lang='lat' dir='ltr'><strong>Sermo</strong></span> <span class='ocrx_word' id='word_1_381' title='bbox 1803 4566 1904 4621; x_wconf 92' lang='lat' dir='ltr'><strong>iste</strong></span> 
     </span>
    </p>
   </div>
   <div class='ocr_carea' id='block_1_48' title="bbox 312 4657 1906 4731">
    <p class='ocr_par' dir='ltr' id='par_1_48' title="bbox 312 4657 1906 4731">
     <span class='ocr_line' id='line_1_48' title="bbox 312 4657 1906 4731; baseline 0.002 -20"><span class='ocrx_word' id='word_1_382' title='bbox 312 4673 477 4727; x_wconf 86' lang='lat' dir='ltr'><strong>quem</strong></span> <span class='ocrx_word' id='word_1_383' title='bbox 502 4657 663 4711; x_wconf 93' lang='lat' dir='ltr'><strong>modo</strong></span> <span class='ocrx_word' id='word_1_384' title='bbox 694 4657 833 4723; x_wconf 89' lang='lat' dir='ltr'><strong>dico,</strong></span> <span class='ocrx_word' id='word_1_385' title='bbox 860 4658 1147 4727; x_wconf 77' lang='lat' dir='ltr'><strong>Scripturte</strong></span> <span class='ocrx_word' id='word_1_386' title='bbox 1176 4669 1373 4713; x_wconf 76' lang='lat' dir='ltr'><strong>sancta:</strong></span> <span class='ocrx_word' id='word_1_387' title='bbox 1394 4666 1477 4713; x_wconf 92' lang='lat' dir='ltr'><strong>est</strong></span> <span class='ocrx_word' id='word_1_388' title='bbox 1500 4676 1513 4711; x_wconf 83' lang='lat'><strong>:</strong></span> <span class='ocrx_word' id='word_1_389' title='bbox 1540 4658 1906 4731; x_wconf 74' lang='lat' dir='ltr'><strong>sicontemnis</strong></span> 
     </span>
    </p>
   </div>
   <div class='ocr_carea' id='block_1_49' title="bbox 314 4749 1908 4812">
    <p class='ocr_par' dir='ltr' id='par_1_49' title="bbox 314 4749 1908 4812">
     <span class='ocr_line' id='line_1_49' title="bbox 314 4749 1908 4812; baseline 0.001 -10"><span class='ocrx_word' id='word_1_390' title='bbox 314 4751 492 4812; x_wconf 89' lang='lat' dir='ltr'><strong>illum,</strong></span> <span class='ocrx_word' id='word_1_391' title='bbox 511 4749 986 4804; x_wconf 87' lang='lat' dir='ltr'><strong>adversariustuus</strong></span> <span class='ocrx_word' id='word_1_392' title='bbox 1015 4758 1115 4804; x_wconf 88' lang='lat' dir='ltr'><strong>est.</strong></span> <span class='ocrx_word' id='word_1_393' title='bbox 1139 4750 1243 4804; x_wconf 89' lang='lat' dir='ltr'><strong>Sed</strong></span> <span class='ocrx_word' id='word_1_394' title='bbox 1275 4750 1395 4803; x_wconf 91' lang='lat' dir='ltr'><strong>audi</strong></span> <span class='ocrx_word' id='word_1_395' title='bbox 1418 4751 1695 4803; x_wconf 90' lang='lat' dir='ltr'><strong>Dominum</strong></span> <span class='ocrx_word' id='word_1_396' title='bbox 1726 4750 1908 4805; x_wconf 89' lang='lat' dir='ltr'><strong>dicen-</strong></span> 
     </span>
    </p>
   </div>
   <div class='ocr_carea' id='block_1_50' title="bbox 322 4838 1905 4911">
    <p class='ocr_par' dir='ltr' id='par_1_50' title="bbox 322 4838 1905 4911">
     <span class='ocr_line' id='line_1_50' title="bbox 322 4838 1905 4911; baseline 0 -16"><span class='ocrx_word' id='word_1_397' title='bbox 322 4847 450 4904; x_wconf 83' lang='lat' dir='ltr'><strong>tem,</strong></span> <span class='ocrx_word' id='word_1_398' title='bbox 484 4838 748 4894; x_wconf 84' lang='lat' dir='ltr'><strong>Concorda</strong></span> <span class='ocrx_word' id='word_1_399' title='bbox 776 4856 890 4893; x_wconf 87' lang='lat' dir='ltr'><strong>cum</strong></span> <span class='ocrx_word' id='word_1_400' title='bbox 918 4839 1203 4893; x_wconf 75' lang='lat' dir='ltr'><strong>adversario</strong></span> <span class='ocrx_word' id='word_1_401' title='bbox 1233 4848 1318 4893; x_wconf 87' lang='lat' dir='ltr'><strong>tuo</strong></span> <span class='ocrx_word' id='word_1_402' title='bbox 1346 4840 1442 4893; x_wconf 87' lang='lat' dir='ltr'><strong>cito</strong></span> <span class='ocrx_word' id='word_1_403' title='bbox 1468 4839 1679 4911; x_wconf 82' lang='lat' dir='ltr'><strong>(Matth.</strong></span> <span class='ocrx_word' id='word_1_404' title='bbox 1709 4855 1764 4905; x_wconf 74' lang='grc' dir='ltr'><strong>ν,</strong></span> <span class='ocrx_word' id='word_1_405' title='bbox 1787 4839 1905 4909; x_wconf 74' lang='grc'><strong>25).</strong></span> 
     </span>
    </p>
   </div>
   <div class='ocr_carea' id='block_1_51' title="bbox 331 4930 1907 5001">
    <p class='ocr_par' dir='ltr' id='par_1_51' title="bbox 331 4930 1907 5001">
     <span class='ocr_line' id='line_1_51' title="bbox 331 4930 1907 5001; baseline -0.001 -15"><span class='ocrx_word' id='word_1_406' title='bbox 331 4933 559 4987; x_wconf 73' lang='lat' dir='ltr'><strong>\udiant</strong></span> <span class='ocrx_word' id='word_1_407' title='bbox 604 4947 823 4998; x_wconf 89' lang='lat' dir='ltr'><strong>omnes,</strong></span> <span class='ocrx_word' id='word_1_408' title='bbox 873 4932 1037 4987; x_wconf 83' lang='lat' dir='ltr'><strong>verba</strong></span> <span class='ocrx_word' id='word_1_409' title='bbox 1084 4932 1252 4986; x_wconf 86' lang='lat' dir='ltr'><strong>recito</strong></span> <span class='ocrx_word' id='word_1_410' title='bbox 1296 4931 1581 5001; x_wconf 72' lang='lat' dir='ltr'><strong>Scriptura:</strong></span> <span class='ocrx_word' id='word_1_411' title='bbox 1624 4931 1835 4986; x_wconf 79' lang='lat' dir='ltr'><strong>divinze.</strong></span> <span class='ocrx_word' id='word_1_412' title='bbox 1862 4930 1907 4986; x_wconf 88' lang='grc'><strong>0</strong></span> 
     </span>
    </p>
   </div>
   <div class='ocr_carea' id='block_1_52' title="bbox 324 5025 1907 5096">
    <p class='ocr_par' dir='ltr' id='par_1_52' title="bbox 324 5025 1907 5096">
     <span class='ocr_line' id='line_1_52' title="bbox 324 5025 1907 5096; baseline -0.001 -16"><span class='ocrx_word' id='word_1_413' title='bbox 324 5030 469 5082; x_wconf 88' lang='lat' dir='ltr'><strong>male</strong></span> <span class='ocrx_word' id='word_1_414' title='bbox 485 5028 697 5093; x_wconf 90' lang='lat' dir='ltr'><strong>dilator,</strong></span> <span class='ocrx_word' id='word_1_415' title='bbox 712 5044 745 5080; x_wconf 94' lang='lat' dir='ltr'><strong>o</strong></span> <span class='ocrx_word' id='word_1_416' title='bbox 763 5027 979 5082; x_wconf 86' lang='lat' dir='ltr'><strong>crastini</strong></span> <span class='ocrx_word' id='word_1_417' title='bbox 1010 5028 1146 5081; x_wconf 89' lang='lat' dir='ltr'><strong>male</strong></span> <span class='ocrx_word' id='word_1_418' title='bbox 1162 5027 1445 5096; x_wconf 89' lang='lat' dir='ltr'><strong>appetitor,</strong></span> <span class='ocrx_word' id='word_1_419' title='bbox 1472 5025 1594 5080; x_wconf 88' lang='lat' dir='ltr'><strong>audi</strong></span> <span class='ocrx_word' id='word_1_420' title='bbox 1628 5025 1907 5080; x_wconf 90' lang='lat' dir='ltr'><strong>Dominum</strong></span> 
     </span>
    </p>
   </div>
   <div class='ocr_carea' id='block_1_53' title="bbox 318 5118 1905 5189">
    <p class='ocr_par' dir='ltr' id='par_1_53' title="bbox 318 5118 1905 5189">
     <span class='ocr_line' id='line_1_53' title="bbox 318 5118 1905 5189; baseline 0 -16"><span class='ocrx_word' id='word_1_421' title='bbox 318 5121 626 5181; x_wconf 85' lang='lat' dir='ltr'><strong>dicentem,</strong></span> <span class='ocrx_word' id='word_1_422' title='bbox 670 5120 791 5173; x_wconf 91' lang='lat' dir='ltr'><strong>audi</strong></span> <span class='ocrx_word' id='word_1_423' title='bbox 845 5120 1170 5189; x_wconf 89' lang='lat' dir='ltr'><strong>Scripturam</strong></span> <span class='ocrx_word' id='word_1_424' title='bbox 1229 5130 1463 5172; x_wconf 89' lang='lat' dir='ltr'><strong>sanctam</strong></span> <span class='ocrx_word' id='word_1_425' title='bbox 1510 5118 1905 5187; x_wconf 72' lang='lat' dir='ltr'><strong>prtedicentem.</strong></span> 
     </span>
    </p>
   </div>
   <div class='ocr_carea' id='block_1_54' title="bbox 323 5209 1913 5283">
    <p class='ocr_par' dir='ltr' id='par_1_54' title="bbox 323 5209 1913 5283">
     <span class='ocr_line' id='line_1_54' title="bbox 323 5209 1913 5283; baseline -0.001 -17"><span class='ocrx_word' id='word_1_426' title='bbox 323 5214 399 5267; x_wconf 90' lang='lat' dir='ltr'><strong>De</strong></span> <span class='ocrx_word' id='word_1_427' title='bbox 444 5214 551 5266; x_wconf 86' lang='lat' dir='ltr'><strong>isto</strong></span> <span class='ocrx_word' id='word_1_428' title='bbox 593 5213 709 5266; x_wconf 88' lang='lat' dir='ltr'><strong>loco</strong></span> <span class='ocrx_word' id='word_1_429' title='bbox 758 5212 1060 5281; x_wconf 80' lang='lat' dir='ltr'><strong>speculator</strong></span> <span class='ocrx_word' id='word_1_430' title='bbox 1097 5227 1234 5264; x_wconf 90' lang='lat' dir='ltr'><strong>sum.</strong></span> <span class='ocrx_word' id='word_1_431' title='bbox 1272 5209 1354 5264; x_wconf 88' lang='lat' dir='ltr'><strong>Ne</strong></span> <span class='ocrx_word' id='word_1_432' title='bbox 1392 5211 1559 5264; x_wconf 78' lang='lat' dir='ltr'><strong>tardes</strong></span> <span class='ocrx_word' id='word_1_433' title='bbox 1588 5212 1807 5283; x_wconf 82' lang='lat' dir='ltr'><strong>converti</strong></span> <span class='ocrx_word' id='word_1_434' title='bbox 1844 5210 1913 5264; x_wconf 75' lang='lat' dir='ltr'><strong>ad</strong></span> 
     </span>
    </p>
   </div>
   <div class='ocr_carea' id='block_1_55' title="bbox 326 5300 1914 5372">
    <p class='ocr_par' dir='ltr' id='par_1_55' title="bbox 326 5300 1914 5372">
     <span class='ocr_line' id='line_1_55' title="bbox 326 5300 1914 5372; baseline 0.001 -18"><span class='ocrx_word' id='word_1_435' title='bbox 326 5301 519 5367; x_wconf 80' lang='lat' dir='ltr'><strong>Deum,</strong></span> <span class='ocrx_word' id='word_1_436' title='bbox 556 5319 710 5372; x_wconf 82' lang='lat' dir='ltr'><strong>neque</strong></span> <span class='ocrx_word' id='word_1_437' title='bbox 727 5301 934 5367; x_wconf 73' lang='lat' dir='ltr'><strong>cli/feras</strong></span> <span class='ocrx_word' id='word_1_438' title='bbox 960 5302 1020 5353; x_wconf 84' lang='lat' dir='ltr'><strong>de</strong></span> <span class='ocrx_word' id='word_1_439' title='bbox 1040 5301 1121 5353; x_wconf 85' lang='lat' dir='ltr'><strong>die</strong></span> <span class='ocrx_word' id='word_1_440' title='bbox 1149 5301 1201 5352; x_wconf 86' lang='lat' dir='ltr'><strong>in</strong></span> <span class='ocrx_word' id='word_1_441' title='bbox 1228 5301 1379 5354; x_wconf 85' lang='lat' dir='ltr'><strong>diem.</strong></span> <span class='ocrx_word' id='word_1_442' title='bbox 1411 5300 1542 5355; x_wconf 79' lang='lat' dir='ltr'><strong>Vide</strong></span> <span class='ocrx_word' id='word_1_443' title='bbox 1578 5301 1622 5354; x_wconf 90' lang='lat' dir='ltr'><strong>si</strong></span> <span class='ocrx_word' id='word_1_444' title='bbox 1646 5316 1751 5355; x_wconf 90' lang='lat' dir='ltr'><strong>non</strong></span> <span class='ocrx_word' id='word_1_445' title='bbox 1781 5301 1914 5355; x_wconf 83' lang='lat' dir='ltr'><strong>vidit</strong></span> 
     </span>
    </p>
   </div>
   <div class='ocr_carea' id='block_1_56' title="bbox 325 5391 1914 5461">
    <p class='ocr_par' dir='ltr' id='par_1_56' title="bbox 325 5391 1914 5461">
     <span class='ocr_line' id='line_1_56' title="bbox 325 5391 1914 5461; baseline -0.001 -13"><span class='ocrx_word' id='word_1_446' title='bbox 325 5396 475 5459; x_wconf 89' lang='lat' dir='ltr'><strong>illos,</strong></span> <span class='ocrx_word' id='word_1_447' title='bbox 507 5393 627 5447; x_wconf 84' lang='lat' dir='ltr'><strong>vide</strong></span> <span class='ocrx_word' id='word_1_448' title='bbox 654 5394 697 5447; x_wconf 88' lang='lat' dir='ltr'><strong>si</strong></span> <span class='ocrx_word' id='word_1_449' title='bbox 726 5410 829 5447; x_wconf 91' lang='lat' dir='ltr'><strong>non</strong></span> <span class='ocrx_word' id='word_1_450' title='bbox 859 5392 1087 5461; x_wconf 80' lang='lat' dir='ltr'><strong>inspexit</strong></span> <span class='ocrx_word' id='word_1_451' title='bbox 1132 5391 1248 5445; x_wconf 91' lang='lat' dir='ltr'><strong>illos</strong></span> <span class='ocrx_word' id='word_1_452' title='bbox 1294 5391 1383 5460; x_wconf 89' lang='lat' dir='ltr'><strong>qui</strong></span> <span class='ocrx_word' id='word_1_453' title='bbox 1433 5391 1644 5459; x_wconf 82' lang='lat' dir='ltr'><strong>dicunt,</strong></span> <span class='ocrx_word' id='word_1_454' title='bbox 1672 5392 1914 5446; x_wconf 83' lang='lat' dir='ltr'><strong>Crastino</strong></span> 
     </span>
    </p>
   </div>
   <div class='ocr_carea' id='block_1_57' title="bbox 329 5484 1912 5551">
    <p class='ocr_par' dir='ltr' id='par_1_57' title="bbox 329 5484 1912 5551">
     <span class='ocr_line' id='line_1_57' title="bbox 329 5484 1912 5551; baseline -0.003 -10"><span class='ocrx_word' id='word_1_455' title='bbox 329 5490 466 5541; x_wconf 89' lang='lat' dir='ltr'><strong>bene</strong></span> <span class='ocrx_word' id='word_1_456' title='bbox 496 5488 630 5551; x_wconf 83' lang='lat' dir='ltr'><strong>vivo,</strong></span> <span class='ocrx_word' id='word_1_457' title='bbox 656 5486 816 5541; x_wconf 88' lang='lat' dir='ltr'><strong>hodie</strong></span> <span class='ocrx_word' id='word_1_458' title='bbox 850 5486 986 5538; x_wconf 85' lang='lat' dir='ltr'><strong>male</strong></span> <span class='ocrx_word' id='word_1_459' title='bbox 1024 5486 1216 5538; x_wconf 81' lang='lat' dir='ltr'><strong>vivam.</strong></span> <span class='ocrx_word' id='word_1_460' title='bbox 1260 5484 1327 5538; x_wconf 85' lang='lat' dir='ltr'><strong>Et</strong></span> <span class='ocrx_word' id='word_1_461' title='bbox 1363 5499 1480 5539; x_wconf 91' lang='lat' dir='ltr'><strong>cum</strong></span> <span class='ocrx_word' id='word_1_462' title='bbox 1518 5498 1635 5538; x_wconf 90' lang='lat' dir='ltr'><strong>cras</strong></span> <span class='ocrx_word' id='word_1_463' title='bbox 1672 5484 1912 5551; x_wconf 82' lang='lat' dir='ltr'><strong>venerit,</strong></span> 
     </span>
    </p>
   </div>
   <div class='ocr_carea' id='block_1_58' title="bbox 330 5574 1919 5643">
    <p class='ocr_par' dir='ltr' id='par_1_58' title="bbox 330 5574 1919 5643">
     <span class='ocr_line' id='line_1_58' title="bbox 330 5574 1919 5643; baseline -0.003 -12"><span class='ocrx_word' id='word_1_464' title='bbox 330 5579 435 5632; x_wconf 85' lang='lat' dir='ltr'><strong>hoc</strong></span> <span class='ocrx_word' id='word_1_465' title='bbox 481 5578 716 5633; x_wconf 87' lang='lat' dir='ltr'><strong>dicturus</strong></span> <span class='ocrx_word' id='word_1_466' title='bbox 756 5592 835 5631; x_wconf 90' lang='lat' dir='ltr'><strong>es.</strong></span> <span class='ocrx_word' id='word_1_467' title='bbox 886 5575 966 5628; x_wconf 83' lang='lat' dir='ltr'><strong>Ne</strong></span> <span class='ocrx_word' id='word_1_468' title='bbox 994 5576 1161 5628; x_wconf 76' lang='lat' dir='ltr'><strong>tardes</strong></span> <span class='ocrx_word' id='word_1_469' title='bbox 1208 5577 1424 5629; x_wconf 83' lang='lat' dir='ltr'><strong>converti</strong></span> <span class='ocrx_word' id='word_1_470' title='bbox 1451 5575 1519 5627; x_wconf 85' lang='lat' dir='ltr'><strong>ad</strong></span> <span class='ocrx_word' id='word_1_471' title='bbox 1540 5574 1733 5640; x_wconf 86' lang='lat' dir='ltr'><strong>Deum,</strong></span> <span class='ocrx_word' id='word_1_472' title='bbox 1760 5590 1919 5643; x_wconf 83' lang='lat' dir='ltr'><strong>neque</strong></span> 
     </span>
    </p>
   </div>
   <div class='ocr_carea' id='block_1_59' title="bbox 330 5665 1913 5735">
    <p class='ocr_par' dir='ltr' id='par_1_59' title="bbox 330 5665 1913 5735">
     <span class='ocr_line' id='line_1_59' title="bbox 330 5665 1913 5735; baseline -0.003 -12"><span class='ocrx_word' id='word_1_473' title='bbox 330 5668 539 5735; x_wconf 72' lang='lat' dir='ltr'><strong>differas</strong></span> <span class='ocrx_word' id='word_1_474' title='bbox 591 5670 654 5721; x_wconf 86' lang='lat' dir='ltr'><strong>de</strong></span> <span class='ocrx_word' id='word_1_475' title='bbox 695 5668 777 5721; x_wconf 85' lang='lat' dir='ltr'><strong>die</strong></span> <span class='ocrx_word' id='word_1_476' title='bbox 826 5668 878 5720; x_wconf 84' lang='lat' dir='ltr'><strong>in</strong></span> <span class='ocrx_word' id='word_1_477' title='bbox 927 5667 1080 5720; x_wconf 84' lang='lat' dir='ltr'><strong>diem.</strong></span> <span class='ocrx_word' id='word_1_478' title='bbox 1114 5665 1293 5721; x_wconf 83' lang='lat' dir='ltr'><strong>Subito</strong></span> <span class='ocrx_word' id='word_1_479' title='bbox 1320 5667 1451 5721; x_wconf 86' lang='lat' dir='ltr'><strong>enim</strong></span> <span class='ocrx_word' id='word_1_480' title='bbox 1479 5665 1633 5719; x_wconf 84' lang='lat' dir='ltr'><strong>veniet</strong></span> <span class='ocrx_word' id='word_1_481' title='bbox 1669 5666 1746 5717; x_wconf 87' lang='lat' dir='ltr'><strong>ira</strong></span> <span class='ocrx_word' id='word_1_482' title='bbox 1772 5667 1879 5735; x_wconf 79' lang='lat' dir='ltr'><strong>ejus</strong></span> <span class='ocrx_word' id='word_1_483' title='bbox 1900 5707 1913 5729; x_wconf 86' lang='lat'><strong>,</strong></span> 
     </span>
    </p>
   </div>
   <div class='ocr_carea' id='block_1_60' title="bbox 330 5757 1918 5833">
    <p class='ocr_par' dir='ltr' id='par_1_60' title="bbox 330 5757 1918 5833">
     <span class='ocr_line' id='line_1_60' title="bbox 330 5757 1918 5833; baseline -0.002 -17"><span class='ocrx_word' id='word_1_484' title='bbox 330 5771 377 5816; x_wconf 73' lang='grc' dir='ltr'><strong><em>α</em></strong></span> <span class='ocrx_word' id='word_1_485' title='bbox 432 5778 483 5816; x_wconf 78' lang='lat' dir='ltr'><strong>tn</strong></span> <span class='ocrx_word' id='word_1_486' title='bbox 534 5771 757 5833; x_wconf 78' lang='lat' dir='ltr'><strong>tempore</strong></span> <span class='ocrx_word' id='word_1_487' title='bbox 802 5758 1034 5814; x_wconf 76' lang='lat' dir='ltr'><strong>vindicta:</strong></span> <span class='ocrx_word' id='word_1_488' title='bbox 1086 5757 1338 5830; x_wconf 72' lang='lat' dir='ltr'><strong>dispcrdct</strong></span> <span class='ocrx_word' id='word_1_489' title='bbox 1395 5770 1459 5813; x_wconf 86' lang='lat' dir='ltr'><strong>te.</strong></span> <span class='ocrx_word' id='word_1_490' title='bbox 1516 5757 1918 5830; x_wconf 62' lang='lat' dir='ltr'><strong>Ntttnquidcao</strong></span> 
     </span>
    </p>
   </div>
   <div class='ocr_carea' id='block_1_61' title="bbox 1756 316 2135 373">
    <p class='ocr_par' dir='ltr' id='par_1_61' title="bbox 1756 316 2135 373">
     <span class='ocr_line' id='line_1_61' title="bbox 1756 316 2135 373; baseline -0.005 0"><span class='ocrx_word' id='word_1_491' title='bbox 1756 316 1985 373; x_wconf 80' lang='lat' dir='ltr'><strong>SEBMO</strong></span> <span class='ocrx_word' id='word_1_492' title='bbox 2025 316 2135 372; x_wconf 75' lang='lat' dir='ltr'><strong>XL.</strong></span> 
     </span>
    </p>
   </div>
   <div class='ocr_carea' id='block_1_62' title="bbox 3474 320 3581 378">
    <p class='ocr_par' dir='ltr' id='par_1_62' title="bbox 3474 320 3581 378">
     <span class='ocr_line' id='line_1_62' title="bbox 3474 320 3581 378; baseline 0 -2"><span class='ocrx_word' id='word_1_493' title='bbox 3474 320 3581 378; x_wconf 63' lang='grc'><strong>146</strong></span> 
     </span>
    </p>
   </div>
   <div class='ocr_carea' id='block_1_63' title="bbox 2002 431 3580 507">
    <p class='ocr_par' dir='ltr' id='par_1_63' title="bbox 2002 431 3580 507">
     <span class='ocr_line' id='line_1_63' title="bbox 2002 431 3580 507; baseline 0.006 -23"><span class='ocrx_word' id='word_1_494' title='bbox 2002 434 2103 488; x_wconf 86' lang='lat' dir='ltr'><strong>hoc</strong></span> <span class='ocrx_word' id='word_1_495' title='bbox 2146 432 2370 503; x_wconf 82' lang='lat' dir='ltr'><strong>scripsi?</strong></span> <span class='ocrx_word' id='word_1_496' title='bbox 2396 431 2660 506; x_wconf 88' lang='lat' dir='ltr'><strong>Numquid</strong></span> <span class='ocrx_word' id='word_1_497' title='bbox 2700 448 2801 506; x_wconf 84' lang='lat' dir='ltr'><strong>ego</strong></span> <span class='ocrx_word' id='word_1_498' title='bbox 2844 432 3021 491; x_wconf 87' lang='lat' dir='ltr'><strong>delere</strong></span> <span class='ocrx_word' id='word_1_499' title='bbox 3069 434 3194 490; x_wconf 91' lang='lat' dir='ltr'><strong>illud</strong></span> <span class='ocrx_word' id='word_1_500' title='bbox 3238 436 3493 507; x_wconf 80' lang='lat' dir='ltr'><strong>possum?</strong></span> <span class='ocrx_word' id='word_1_501' title='bbox 3520 437 3580 494; x_wconf 87' lang='lat' dir='ltr'><strong>Si</strong></span> 
     </span>
    </p>
   </div>
   <div class='ocr_carea' id='block_1_64' title="bbox 1999 524 3581 598">
    <p class='ocr_par' dir='ltr' id='par_1_64' title="bbox 1999 524 3581 598">
     <span class='ocr_line' id='line_1_64' title="bbox 1999 524 3581 598; baseline 0.005 -20"><span class='ocrx_word' id='word_1_502' title='bbox 1999 524 2279 586; x_wconf 82' lang='lat' dir='ltr'><strong>delevero,</strong></span> <span class='ocrx_word' id='word_1_503' title='bbox 2311 527 2473 582; x_wconf 90' lang='lat' dir='ltr'><strong>timeo</strong></span> <span class='ocrx_word' id='word_1_504' title='bbox 2496 526 2684 591; x_wconf 84' lang='lat' dir='ltr'><strong>deleri.</strong></span> <span class='ocrx_word' id='word_1_505' title='bbox 2725 529 2925 585; x_wconf 87' lang='lat' dir='ltr'><strong>Tacere</strong></span> <span class='ocrx_word' id='word_1_506' title='bbox 2964 528 3091 584; x_wconf 89' lang='lat' dir='ltr'><strong>illud</strong></span> <span class='ocrx_word' id='word_1_507' title='bbox 3129 544 3345 598; x_wconf 80' lang='lat' dir='ltr'><strong>possum</strong></span> <span class='ocrx_word' id='word_1_508' title='bbox 3374 545 3388 583; x_wconf 88' lang='lat'><strong>:</strong></span> <span class='ocrx_word' id='word_1_509' title='bbox 3416 530 3581 586; x_wconf 87' lang='lat' dir='ltr'><strong>timeo</strong></span> 
     </span>
    </p>
   </div>
   <div class='ocr_carea' id='block_1_65' title="bbox 2001 618 3581 691">
    <p class='ocr_par' dir='ltr' id='par_1_65' title="bbox 2001 618 3581 691">
     <span class='ocr_line' id='line_1_65' title="bbox 2001 618 3581 691; baseline 0.006 -21"><span class='ocrx_word' id='word_1_510' title='bbox 2001 626 2194 673; x_wconf 88' lang='lat' dir='ltr'><strong>tacere.</strong></span> <span class='ocrx_word' id='word_1_511' title='bbox 2219 618 2518 676; x_wconf 70' lang='lat' dir='ltr'><strong>Praedicare</strong></span> <span class='ocrx_word' id='word_1_512' title='bbox 2534 636 2731 691; x_wconf 85' lang='lat' dir='ltr'><strong>cogor:</strong></span> <span class='ocrx_word' id='word_1_513' title='bbox 2765 622 2978 677; x_wconf 87' lang='lat' dir='ltr'><strong>territus</strong></span> <span class='ocrx_word' id='word_1_514' title='bbox 3007 630 3204 679; x_wconf 84' lang='lat' dir='ltr'><strong>terrea.</strong></span> <span class='ocrx_word' id='word_1_515' title='bbox 3236 622 3443 681; x_wconf 86' lang='lat' dir='ltr'><strong>Timete</strong></span> <span class='ocrx_word' id='word_1_516' title='bbox 3467 638 3581 680; x_wconf 84' lang='lat' dir='ltr'><strong>me-</strong></span> 
     </span>
    </p>
   </div>
   <div class='ocr_carea' id='block_1_66' title="bbox 1997 713 3558 785">
    <p class='ocr_par' dir='ltr' id='par_1_66' title="bbox 1997 713 3558 785">
     <span class='ocr_line' id='line_1_66' title="bbox 1997 713 3558 785; baseline 0.004 -20"><span class='ocrx_word' id='word_1_517' title='bbox 1997 726 2140 775; x_wconf 91' lang='lat' dir='ltr'><strong>cum,</strong></span> <span class='ocrx_word' id='word_1_518' title='bbox 2162 719 2220 766; x_wconf 88' lang='lat' dir='ltr'><strong>ut</strong></span> <span class='ocrx_word' id='word_1_519' title='bbox 2237 713 2513 784; x_wconf 76' lang='lat' dir='ltr'><strong>gaudeatis</strong></span> <span class='ocrx_word' id='word_1_520' title='bbox 2538 730 2768 785; x_wconf 82' lang='lat' dir='ltr'><strong>mecum.</strong></span> <span class='ocrx_word' id='word_1_521' title='bbox 2790 715 2842 770; x_wconf 86' lang='grc' dir='ltr'><strong><em>Ν</em></strong></span> <span class='ocrx_word' id='word_1_522' title='bbox 2846 733 2872 770; x_wconf 89' lang='lat' dir='ltr'><strong>e</strong></span> <span class='ocrx_word' id='word_1_523' title='bbox 2887 716 3053 772; x_wconf 78' lang='lat' dir='ltr'><strong>tardes</strong></span> <span class='ocrx_word' id='word_1_524' title='bbox 3074 718 3289 771; x_wconf 85' lang='lat' dir='ltr'><strong>converti</strong></span> <span class='ocrx_word' id='word_1_525' title='bbox 3314 718 3380 770; x_wconf 86' lang='lat' dir='ltr'><strong>ad</strong></span> <span class='ocrx_word' id='word_1_526' title='bbox 3392 716 3558 771; x_wconf 78' lang='lat' dir='ltr'><strong>Deum</strong></span> 
     </span>
    </p>
   </div>
   <div class='ocr_carea' id='block_1_67' title="bbox 1999 803 3579 881">
    <p class='ocr_par' dir='ltr' id='par_1_67' title="bbox 1999 803 3579 881">
     <span class='ocr_line' id='line_1_67' title="bbox 1999 803 3579 881; baseline 0.004 -25"><span class='ocrx_word' id='word_1_527' title='bbox 1999 803 2242 871; x_wconf 88' lang='lat' dir='ltr'><strong>Domine,</strong></span> <span class='ocrx_word' id='word_1_528' title='bbox 2285 805 2405 861; x_wconf 83' lang='lat' dir='ltr'><strong>vide</strong></span> <span class='ocrx_word' id='word_1_529' title='bbox 2447 807 2569 876; x_wconf 91' lang='lat' dir='ltr'><strong>quia</strong></span> <span class='ocrx_word' id='word_1_530' title='bbox 2618 806 2771 863; x_wconf 87' lang='lat' dir='ltr'><strong>dico:</strong></span> <span class='ocrx_word' id='word_1_531' title='bbox 2797 808 3038 875; x_wconf 88' lang='lat' dir='ltr'><strong>Domine,</strong></span> <span class='ocrx_word' id='word_1_532' title='bbox 3061 808 3166 863; x_wconf 88' lang='lat' dir='ltr'><strong>scis</strong></span> <span class='ocrx_word' id='word_1_533' title='bbox 3192 808 3314 881; x_wconf 89' lang='lat' dir='ltr'><strong>quia</strong></span> <span class='ocrx_word' id='word_1_534' title='bbox 3343 808 3579 864; x_wconf 90' lang='lat' dir='ltr'><strong>terruisti</strong></span> 
     </span>
    </p>
   </div>
   <div class='ocr_carea' id='block_1_68' title="bbox 1997 897 3578 969">
    <p class='ocr_par' dir='ltr' id='par_1_68' title="bbox 1997 897 3578 969">
     <span class='ocr_line' id='line_1_68' title="bbox 1997 897 3578 969; baseline 0.004 -22"><span class='ocrx_word' id='word_1_535' title='bbox 1997 908 2239 959; x_wconf 89' lang='lat' dir='ltr'><strong>me,eum</strong></span> <span class='ocrx_word' id='word_1_536' title='bbox 2290 904 2410 950; x_wconf 90' lang='lat' dir='ltr'><strong>tuus</strong></span> <span class='ocrx_word' id='word_1_537' title='bbox 2447 897 2714 968; x_wconf 87' lang='lat' dir='ltr'><strong>Propheta</strong></span> <span class='ocrx_word' id='word_1_538' title='bbox 2758 898 3046 969; x_wconf 70' lang='lat' dir='ltr'><strong>legeretur.</strong></span> <span class='ocrx_word' id='word_1_539' title='bbox 3079 899 3321 966; x_wconf 90' lang='lat' dir='ltr'><strong>Domine,</strong></span> <span class='ocrx_word' id='word_1_540' title='bbox 3354 899 3495 955; x_wconf 88' lang='lat' dir='ltr'><strong>nosti</strong></span> <span class='ocrx_word' id='word_1_541' title='bbox 3523 900 3578 954; x_wconf 88' lang='lat' dir='ltr'><strong>in</strong></span> 
     </span>
    </p>
   </div>
   <div class='ocr_carea' id='block_1_69' title="bbox 1997 983 3579 1062">
    <p class='ocr_par' dir='ltr' id='par_1_69' title="bbox 1997 983 3579 1062">
     <span class='ocr_line' id='line_1_69' title="bbox 1997 983 3579 1062; baseline 0.003 -21"><span class='ocrx_word' id='word_1_542' title='bbox 1997 983 2084 1041; x_wconf 87' lang='lat' dir='ltr'><strong>illa</strong></span> <span class='ocrx_word' id='word_1_543' title='bbox 2109 988 2360 1043; x_wconf 82' lang='lat' dir='ltr'><strong>cathedra</strong></span> <span class='ocrx_word' id='word_1_544' title='bbox 2388 989 2631 1046; x_wconf 89' lang='lat' dir='ltr'><strong>timorem</strong></span> <span class='ocrx_word' id='word_1_545' title='bbox 2667 1005 2841 1046; x_wconf 90' lang='lat' dir='ltr'><strong>meum</strong></span> <span class='ocrx_word' id='word_1_546' title='bbox 2860 1032 2875 1057; x_wconf 92' lang='lat'><strong>,</strong></span> <span class='ocrx_word' id='word_1_547' title='bbox 2904 1006 3025 1045; x_wconf 91' lang='lat' dir='ltr'><strong>cum</strong></span> <span class='ocrx_word' id='word_1_548' title='bbox 3054 999 3174 1047; x_wconf 92' lang='lat' dir='ltr'><strong>tuus</strong></span> <span class='ocrx_word' id='word_1_549' title='bbox 3201 991 3465 1062; x_wconf 82' lang='lat' dir='ltr'><strong>Propheta</strong></span> <span class='ocrx_word' id='word_1_550' title='bbox 3495 990 3579 1046; x_wconf 90' lang='lat' dir='ltr'><strong>le-</strong></span> 
     </span>
    </p>
   </div>
   <div class='ocr_carea' id='block_1_70' title="bbox 1995 1082 3583 1154">
    <p class='ocr_par' dir='ltr' id='par_1_70' title="bbox 1995 1082 3583 1154">
     <span class='ocr_line' id='line_1_70' title="bbox 1995 1082 3583 1154; baseline 0.002 -19"><span class='ocrx_word' id='word_1_551' title='bbox 1995 1090 2228 1151; x_wconf 78' lang='lat' dir='ltr'><strong>geretur.</strong></span> <span class='ocrx_word' id='word_1_552' title='bbox 2253 1082 2390 1139; x_wconf 86' lang='lat' dir='ltr'><strong>Ecce</strong></span> <span class='ocrx_word' id='word_1_553' title='bbox 2416 1082 2555 1150; x_wconf 87' lang='lat' dir='ltr'><strong>dico,</strong></span> <span class='ocrx_word' id='word_1_554' title='bbox 2585 1083 2669 1138; x_wconf 85' lang='lat' dir='ltr'><strong>Ne</strong></span> <span class='ocrx_word' id='word_1_555' title='bbox 2695 1084 2860 1138; x_wconf 72' lang='lat' dir='ltr'><strong>tardes</strong></span> <span class='ocrx_word' id='word_1_556' title='bbox 2882 1084 3101 1139; x_wconf 81' lang='lat' dir='ltr'><strong>converti</strong></span> <span class='ocrx_word' id='word_1_557' title='bbox 3124 1084 3192 1138; x_wconf 87' lang='lat' dir='ltr'><strong>ad</strong></span> <span class='ocrx_word' id='word_1_558' title='bbox 3220 1082 3401 1148; x_wconf 88' lang='lat' dir='ltr'><strong>Deum,</strong></span> <span class='ocrx_word' id='word_1_559' title='bbox 3422 1099 3583 1154; x_wconf 72' lang='lat' dir='ltr'><strong>neque</strong></span> 
     </span>
    </p>
   </div>
   <div class='ocr_carea' id='block_1_71' title="bbox 1994 1172 3581 1245">
    <p class='ocr_par' dir='ltr' id='par_1_71' title="bbox 1994 1172 3581 1245">
     <span class='ocr_line' id='line_1_71' title="bbox 1994 1172 3581 1245; baseline 0.001 -14"><span class='ocrx_word' id='word_1_560' title='bbox 1994 1172 2204 1240; x_wconf 65' lang='lat' dir='ltr'><strong>lli/feras</strong></span> <span class='ocrx_word' id='word_1_561' title='bbox 2230 1174 2291 1227; x_wconf 85' lang='lat' dir='ltr'><strong>de</strong></span> <span class='ocrx_word' id='word_1_562' title='bbox 2316 1175 2397 1229; x_wconf 85' lang='lat' dir='ltr'><strong>die</strong></span> <span class='ocrx_word' id='word_1_563' title='bbox 2424 1176 2476 1229; x_wconf 87' lang='lat' dir='ltr'><strong>in</strong></span> <span class='ocrx_word' id='word_1_564' title='bbox 2504 1176 2655 1229; x_wconf 84' lang='lat' dir='ltr'><strong>diem.</strong></span> <span class='ocrx_word' id='word_1_565' title='bbox 2690 1176 2869 1231; x_wconf 81' lang='lat' dir='ltr'><strong>Subito</strong></span> <span class='ocrx_word' id='word_1_566' title='bbox 2896 1176 3029 1230; x_wconf 81' lang='lat' dir='ltr'><strong>enim</strong></span> <span class='ocrx_word' id='word_1_567' title='bbox 3058 1176 3217 1229; x_wconf 82' lang='lat' dir='ltr'><strong>veniet</strong></span> <span class='ocrx_word' id='word_1_568' title='bbox 3242 1175 3320 1229; x_wconf 88' lang='lat' dir='ltr'><strong>ira</strong></span> <span class='ocrx_word' id='word_1_569' title='bbox 3347 1176 3486 1245; x_wconf 76' lang='lat' dir='ltr'><strong>ejus,</strong></span> <span class='ocrx_word' id='word_1_570' title='bbox 3532 1189 3581 1233; x_wconf 75' lang='grc' dir='ltr'><strong>α</strong></span> 
     </span>
    </p>
   </div>
   <div class='ocr_carea' id='block_1_72' title="bbox 1995 1264 3504 1337">
    <p class='ocr_par' dir='ltr' id='par_1_72' title="bbox 1995 1264 3504 1337">
     <span class='ocr_line' id='line_1_72' title="bbox 1995 1264 3504 1337; baseline 0.004 -20"><span class='ocrx_word' id='word_1_571' title='bbox 1995 1264 2049 1317; x_wconf 75' lang='lat' dir='ltr'><strong>in</strong></span> <span class='ocrx_word' id='word_1_572' title='bbox 2072 1274 2292 1334; x_wconf 83' lang='lat' dir='ltr'><strong>tempore</strong></span> <span class='ocrx_word' id='word_1_573' title='bbox 2312 1265 2545 1321; x_wconf 71' lang='lat' dir='ltr'><strong>vindicat</strong></span> <span class='ocrx_word' id='word_1_574' title='bbox 2567 1266 2820 1334; x_wconf 76' lang='lat' dir='ltr'><strong>disperdet</strong></span> <span class='ocrx_word' id='word_1_575' title='bbox 2843 1276 2908 1321; x_wconf 86' lang='lat' dir='ltr'><strong>te.</strong></span> <span class='ocrx_word' id='word_1_576' title='bbox 2936 1266 3042 1323; x_wconf 86' lang='lat' dir='ltr'><strong>Sed</strong></span> <span class='ocrx_word' id='word_1_577' title='bbox 3072 1267 3195 1323; x_wconf 89' lang='lat' dir='ltr'><strong>nolo</strong></span> <span class='ocrx_word' id='word_1_578' title='bbox 3221 1267 3407 1337; x_wconf 87' lang='lat' dir='ltr'><strong>perdat</strong></span> <span class='ocrx_word' id='word_1_579' title='bbox 3431 1278 3504 1323; x_wconf 88' lang='lat' dir='ltr'><strong>te.</strong></span> 
     </span>
    </p>
   </div>
   <div class='ocr_carea' id='block_1_73' title="bbox 2064 1356 3575 1430">
    <p class='ocr_par' dir='ltr' id='par_1_73' title="bbox 2064 1356 3575 1430">
     <span class='ocr_line' id='line_1_73' title="bbox 2064 1356 3575 1430; baseline -0.001 -17"><span class='ocrx_word' id='word_1_580' title='bbox 2064 1356 2292 1413; x_wconf 85' lang='lat' dir='ltr'><strong>CAPUT</strong></span> <span class='ocrx_word' id='word_1_581' title='bbox 2337 1356 2423 1413; x_wconf 83' lang='lat' dir='ltr'><strong>IV.</strong></span> <span class='ocrx_word' id='word_1_582' title='bbox 2444 1388 2517 1398; x_wconf 89' lang='lat'>—</span> <span class='ocrx_word' id='word_1_583' title='bbox 2535 1358 2586 1413; x_wconf 92' lang='lat'><strong>6.</strong></span> <span class='ocrx_word' id='word_1_584' title='bbox 2614 1356 2931 1413; x_wconf 73' lang='lat' dir='ltr'><strong>Excitandus</strong></span> <span class='ocrx_word' id='word_1_585' title='bbox 2962 1367 3183 1430; x_wconf 59' lang='lat' dir='ltr'><strong>aegrotus</strong></span> <span class='ocrx_word' id='word_1_586' title='bbox 3208 1360 3356 1413; x_wconf 84' lang='lat' dir='ltr'><strong>etiam</strong></span> <span class='ocrx_word' id='word_1_587' title='bbox 3379 1360 3575 1415; x_wconf 71' lang='lat' dir='ltr'><strong>nolens.</strong></span> 
     </span>
    </p>
   </div>
   <div class='ocr_carea' id='block_1_74' title="bbox 1993 1444 3578 1521">
    <p class='ocr_par' dir='ltr' id='par_1_74' title="bbox 1993 1444 3578 1521">
     <span class='ocr_line' id='line_1_74' title="bbox 1993 1444 3578 1521; baseline 0.003 -21"><span class='ocrx_word' id='word_1_588' title='bbox 1993 1444 2127 1501; x_wconf 87' lang='lat' dir='ltr'><strong>Nolo</strong></span> <span class='ocrx_word' id='word_1_589' title='bbox 2176 1447 2305 1504; x_wconf 86' lang='lat' dir='ltr'><strong>mihi</strong></span> <span class='ocrx_word' id='word_1_590' title='bbox 2352 1448 2534 1513; x_wconf 89' lang='lat' dir='ltr'><strong>dicas,</strong></span> <span class='ocrx_word' id='word_1_591' title='bbox 2571 1449 2755 1505; x_wconf 89' lang='lat' dir='ltr'><strong>Perire</strong></span> <span class='ocrx_word' id='word_1_592' title='bbox 2783 1450 3089 1520; x_wconf 74' lang='lat' dir='ltr'><strong>volozquia</strong></span> <span class='ocrx_word' id='word_1_593' title='bbox 3142 1465 3241 1521; x_wconf 86' lang='lat' dir='ltr'><strong>ego</strong></span> <span class='ocrx_word' id='word_1_594' title='bbox 3285 1449 3428 1505; x_wconf 90' lang='lat' dir='ltr'><strong>nolo.</strong></span> <span class='ocrx_word' id='word_1_595' title='bbox 3467 1450 3578 1505; x_wconf 81' lang='lat' dir='ltr'><strong>Me-</strong></span> 
     </span>
    </p>
   </div>
   <div class='ocr_carea' id='block_1_75' title="bbox 1995 1537 3579 1612">
    <p class='ocr_par' dir='ltr' id='par_1_75' title="bbox 1995 1537 3579 1612">
     <span class='ocr_line' id='line_1_75' title="bbox 1995 1537 3579 1612; baseline 0.003 -21"><span class='ocrx_word' id='word_1_596' title='bbox 1995 1537 2099 1592; x_wconf 93' lang='lat' dir='ltr'><strong>lius</strong></span> <span class='ocrx_word' id='word_1_597' title='bbox 2123 1550 2206 1594; x_wconf 90' lang='lat' dir='ltr'><strong>est</strong></span> <span class='ocrx_word' id='word_1_598' title='bbox 2229 1555 2378 1610; x_wconf 84' lang='lat' dir='ltr'><strong>ergo,</strong></span> <span class='ocrx_word' id='word_1_599' title='bbox 2396 1540 2531 1594; x_wconf 85' lang='lat' dir='ltr'><strong>Nolo</strong></span> <span class='ocrx_word' id='word_1_600' title='bbox 2555 1556 2754 1605; x_wconf 91' lang='lat' dir='ltr'><strong>meum,</strong></span> <span class='ocrx_word' id='word_1_601' title='bbox 2776 1542 3095 1612; x_wconf 84' lang='lat' dir='ltr'><strong>qnam,Volo</strong></span> <span class='ocrx_word' id='word_1_602' title='bbox 3122 1549 3289 1596; x_wconf 89' lang='lat' dir='ltr'><strong>tuum.</strong></span> <span class='ocrx_word' id='word_1_603' title='bbox 3307 1540 3363 1595; x_wconf 90' lang='lat' dir='ltr'><strong>Si</strong></span> <span class='ocrx_word' id='word_1_604' title='bbox 3382 1541 3579 1597; x_wconf 85' lang='lat' dir='ltr'><strong>lethar-</strong></span> 
     </span>
    </p>
   </div>
   <div class='ocr_carea' id='block_1_76' title="bbox 1992 1632 3576 1704">
    <p class='ocr_par' dir='ltr' id='par_1_76' title="bbox 1992 1632 3576 1704">
     <span class='ocr_line' id='line_1_76' title="bbox 1992 1632 3576 1704; baseline 0.003 -19"><span class='ocrx_word' id='word_1_605' title='bbox 1992 1632 2141 1702; x_wconf 87' lang='lat' dir='ltr'><strong>gicus</strong></span> <span class='ocrx_word' id='word_1_606' title='bbox 2182 1644 2331 1701; x_wconf 88' lang='lat' dir='ltr'><strong>pater</strong></span> <span class='ocrx_word' id='word_1_607' title='bbox 2371 1641 2493 1687; x_wconf 92' lang='lat' dir='ltr'><strong>tuus</strong></span> <span class='ocrx_word' id='word_1_608' title='bbox 2533 1643 2819 1704; x_wconf 70' lang='lat' dir='ltr'><strong>aegrotaret</strong></span> <span class='ocrx_word' id='word_1_609' title='bbox 2861 1634 3004 1690; x_wconf 91' lang='lat' dir='ltr'><strong>inter</strong></span> <span class='ocrx_word' id='word_1_610' title='bbox 3043 1649 3232 1689; x_wconf 89' lang='lat' dir='ltr'><strong>manus</strong></span> <span class='ocrx_word' id='word_1_611' title='bbox 3263 1644 3407 1698; x_wconf 89' lang='lat' dir='ltr'><strong>tuas,</strong></span> <span class='ocrx_word' id='word_1_612' title='bbox 3440 1644 3495 1689; x_wconf 91' lang='lat' dir='ltr'><strong>et</strong></span> <span class='ocrx_word' id='word_1_613' title='bbox 3520 1644 3576 1689; x_wconf 82' lang='lat' dir='ltr'><strong>tu</strong></span> 
     </span>
    </p>
   </div>
   <div class='ocr_carea' id='block_1_77' title="bbox 1994 1722 3571 1795">
    <p class='ocr_par' dir='ltr' id='par_1_77' title="bbox 1994 1722 3571 1795">
     <span class='ocr_line' id='line_1_77' title="bbox 1994 1722 3571 1795; baseline 0.003 -20"><span class='ocrx_word' id='word_1_614' title='bbox 1994 1723 2210 1777; x_wconf 85' lang='lat' dir='ltr'><strong>adesses</strong></span> <span class='ocrx_word' id='word_1_615' title='bbox 2235 1722 2444 1792; x_wconf 70' lang='lat' dir='ltr'><strong>juvenis</strong></span> <span class='ocrx_word' id='word_1_616' title='bbox 2484 1725 2765 1795; x_wconf 70' lang='lat' dir='ltr'><strong>aegrotanti</strong></span> <span class='ocrx_word' id='word_1_617' title='bbox 2803 1725 2917 1779; x_wconf 89' lang='lat' dir='ltr'><strong>seni</strong></span> <span class='ocrx_word' id='word_1_618' title='bbox 2942 1766 2957 1792; x_wconf 89' lang='lat'><strong>,</strong></span> <span class='ocrx_word' id='word_1_619' title='bbox 2987 1734 3040 1780; x_wconf 92' lang='lat' dir='ltr'><strong>et</strong></span> <span class='ocrx_word' id='word_1_620' title='bbox 3067 1724 3268 1780; x_wconf 91' lang='lat' dir='ltr'><strong>diceret</strong></span> <span class='ocrx_word' id='word_1_621' title='bbox 3294 1724 3531 1780; x_wconf 91' lang='lat' dir='ltr'><strong>medicus</strong></span> <span class='ocrx_word' id='word_1_622' title='bbox 3553 1767 3571 1791; x_wconf 94' lang='lat'><strong>,</strong></span> 
     </span>
    </p>
   </div>
   <div class='ocr_carea' id='block_1_78' title="bbox 1995 1813 3577 1887">
    <p class='ocr_par' dir='ltr' id='par_1_78' title="bbox 1995 1813 3577 1887">
     <span class='ocr_line' id='line_1_78' title="bbox 1995 1813 3577 1887; baseline 0.001 -19"><span class='ocrx_word' id='word_1_623' title='bbox 1995 1813 2329 1869; x_wconf 88' lang='lat' dir='ltr'><strong>Periclitatur</strong></span> <span class='ocrx_word' id='word_1_624' title='bbox 2354 1824 2504 1885; x_wconf 89' lang='lat' dir='ltr'><strong>pater</strong></span> <span class='ocrx_word' id='word_1_625' title='bbox 2525 1826 2678 1881; x_wconf 91' lang='lat' dir='ltr'><strong>tuus;</strong></span> <span class='ocrx_word' id='word_1_626' title='bbox 2704 1832 2925 1871; x_wconf 87' lang='lat' dir='ltr'><strong>somnus</strong></span> <span class='ocrx_word' id='word_1_627' title='bbox 2952 1816 3051 1871; x_wconf 90' lang='lat' dir='ltr'><strong>iste</strong></span> <span class='ocrx_word' id='word_1_628' title='bbox 3074 1816 3304 1887; x_wconf 84' lang='lat' dir='ltr'><strong>gravedo</strong></span> <span class='ocrx_word' id='word_1_629' title='bbox 3327 1824 3408 1871; x_wconf 89' lang='lat' dir='ltr'><strong>est</strong></span> <span class='ocrx_word' id='word_1_630' title='bbox 3425 1832 3577 1887; x_wconf 34' lang='lat' dir='ltr'><strong>quies</strong></span> 
     </span>
    </p>
   </div>
   <div class='ocr_carea' id='block_1_79' title="bbox 1992 1905 3576 1978">
    <p class='ocr_par' dir='ltr' id='par_1_79' title="bbox 1992 1905 3576 1978">
     <span class='ocr_line' id='line_1_79' title="bbox 1992 1905 3576 1978; baseline 0.002 -17"><span class='ocrx_word' id='word_1_631' title='bbox 1992 1905 2113 1961; x_wconf 84' lang='lat' dir='ltr'><strong>dam</strong></span> <span class='ocrx_word' id='word_1_632' title='bbox 2142 1906 2382 1973; x_wconf 80' lang='lat' dir='ltr'><strong>letltalis;</strong></span> <span class='ocrx_word' id='word_1_633' title='bbox 2405 1909 2630 1965; x_wconf 89' lang='lat' dir='ltr'><strong>observa</strong></span> <span class='ocrx_word' id='word_1_634' title='bbox 2656 1925 2801 1975; x_wconf 89' lang='lat' dir='ltr'><strong>eum,</strong></span> <span class='ocrx_word' id='word_1_635' title='bbox 2828 1909 2937 1964; x_wconf 91' lang='lat' dir='ltr'><strong>noli</strong></span> <span class='ocrx_word' id='word_1_636' title='bbox 2960 1924 3083 1964; x_wconf 90' lang='lat' dir='ltr'><strong>eum</strong></span> <span class='ocrx_word' id='word_1_637' title='bbox 3113 1910 3417 1978; x_wconf 86' lang='lat' dir='ltr'><strong>permittere</strong></span> <span class='ocrx_word' id='word_1_638' title='bbox 3445 1910 3576 1964; x_wconf 84' lang='lat' dir='ltr'><strong>dor—</strong></span> 
     </span>
    </p>
   </div>
   <div class='ocr_carea' id='block_1_80' title="bbox 1995 1999 3576 2071">
    <p class='ocr_par' dir='ltr' id='par_1_80' title="bbox 1995 1999 3576 2071">
     <span class='ocr_line' id='line_1_80' title="bbox 1995 1999 3576 2071; baseline 0.002 -18"><span class='ocrx_word' id='word_1_639' title='bbox 1995 1999 2168 2066; x_wconf 90' lang='lat' dir='ltr'><strong>mire;</strong></span> <span class='ocrx_word' id='word_1_640' title='bbox 2197 2000 2241 2054; x_wconf 92' lang='lat' dir='ltr'><strong>si</strong></span> <span class='ocrx_word' id='word_1_641' title='bbox 2278 1999 2472 2056; x_wconf 90' lang='lat' dir='ltr'><strong>videris</strong></span> <span class='ocrx_word' id='word_1_642' title='bbox 2518 2016 2639 2056; x_wconf 91' lang='lat' dir='ltr'><strong>eum</strong></span> <span class='ocrx_word' id='word_1_643' title='bbox 2678 2001 2911 2056; x_wconf 85' lang='lat' dir='ltr'><strong>dormire</strong></span> <span class='ocrx_word' id='word_1_644' title='bbox 2940 2041 2954 2063; x_wconf 90' lang='lat'><strong>,</strong></span> <span class='ocrx_word' id='word_1_645' title='bbox 2984 2004 3153 2056; x_wconf 78' lang='lat' dir='ltr'><strong>excita</strong></span> <span class='ocrx_word' id='word_1_646' title='bbox 3203 2017 3358 2067; x_wconf 89' lang='lat' dir='ltr'><strong>eum;</strong></span> <span class='ocrx_word' id='word_1_647' title='bbox 3390 2003 3436 2056; x_wconf 90' lang='lat' dir='ltr'><strong>si</strong></span> <span class='ocrx_word' id='word_1_648' title='bbox 3479 2018 3576 2071; x_wconf 84' lang='lat' dir='ltr'><strong>pa-</strong></span> 
     </span>
    </p>
   </div>
   <div class='ocr_carea' id='block_1_81' title="bbox 1994 2092 3578 2165">
    <p class='ocr_par' dir='ltr' id='par_1_81' title="bbox 1994 2092 3578 2165">
     <span class='ocr_line' id='line_1_81' title="bbox 1994 2092 3578 2165; baseline 0.003 -21"><span class='ocrx_word' id='word_1_649' title='bbox 1994 2106 2110 2145; x_wconf 89' lang='lat' dir='ltr'><strong>rum</strong></span> <span class='ocrx_word' id='word_1_650' title='bbox 2147 2100 2231 2146; x_wconf 91' lang='lat' dir='ltr'><strong>est</strong></span> <span class='ocrx_word' id='word_1_651' title='bbox 2267 2093 2499 2147; x_wconf 83' lang='lat' dir='ltr'><strong>excitare</strong></span> <span class='ocrx_word' id='word_1_652' title='bbox 2531 2134 2545 2157; x_wconf 91' lang='lat'><strong>,</strong></span> <span class='ocrx_word' id='word_1_653' title='bbox 2588 2092 2809 2159; x_wconf 88' lang='lat' dir='ltr'><strong>vellica;</strong></span> <span class='ocrx_word' id='word_1_654' title='bbox 2850 2095 2895 2149; x_wconf 82' lang='lat' dir='ltr'><strong>si</strong></span> <span class='ocrx_word' id='word_1_655' title='bbox 2934 2103 2987 2149; x_wconf 87' lang='lat' dir='ltr'><strong>et</strong></span> <span class='ocrx_word' id='word_1_656' title='bbox 3024 2093 3128 2149; x_wconf 88' lang='lat' dir='ltr'><strong>hoc</strong></span> <span class='ocrx_word' id='word_1_657' title='bbox 3193 2109 3411 2165; x_wconf 91' lang='lat' dir='ltr'><strong>parum,</strong></span> <span class='ocrx_word' id='word_1_658' title='bbox 3481 2096 3578 2148; x_wconf 89' lang='lat' dir='ltr'><strong>sti-</strong></span> 
     </span>
    </p>
   </div>
   <div class='ocr_carea' id='block_1_82' title="bbox 1994 2184 3573 2256">
    <p class='ocr_par' dir='ltr' id='par_1_82' title="bbox 1994 2184 3573 2256">
     <span class='ocr_line' id='line_1_82' title="bbox 1994 2184 3573 2256; baseline 0.003 -20"><span class='ocrx_word' id='word_1_659' title='bbox 1994 2184 2135 2237; x_wconf 85' lang='lat' dir='ltr'><strong>mula</strong></span> <span class='ocrx_word' id='word_1_660' title='bbox 2176 2198 2331 2248; x_wconf 89' lang='lat' dir='ltr'><strong>eum,</strong></span> <span class='ocrx_word' id='word_1_661' title='bbox 2376 2199 2445 2238; x_wconf 88' lang='lat' dir='ltr'><strong>ne</strong></span> <span class='ocrx_word' id='word_1_662' title='bbox 2487 2185 2743 2240; x_wconf 88' lang='lat' dir='ltr'><strong>moriatur</strong></span> <span class='ocrx_word' id='word_1_663' title='bbox 2792 2195 2941 2254; x_wconf 89' lang='lat' dir='ltr'><strong>pater</strong></span> <span class='ocrx_word' id='word_1_664' title='bbox 2996 2186 3573 2256; x_wconf 79' lang='lat' dir='ltr'><strong>tuuszadessesjuve-</strong></span> 
     </span>
    </p>
   </div>
   <div class='ocr_carea' id='block_1_83' title="bbox 1993 2275 3578 2332">
    <p class='ocr_par' dir='ltr' id='par_1_83' title="bbox 1993 2275 3578 2332">
     <span class='ocr_line' id='line_1_83' title="bbox 1993 2275 3578 2332; baseline 0.003 -5"><span class='ocrx_word' id='word_1_665' title='bbox 1993 2275 2077 2328; x_wconf 87' lang='lat' dir='ltr'><strong>nis</strong></span> <span class='ocrx_word' id='word_1_666' title='bbox 2103 2276 2216 2329; x_wconf 89' lang='lat' dir='ltr'><strong>seni</strong></span> <span class='ocrx_word' id='word_1_667' title='bbox 2252 2291 2531 2330; x_wconf 88' lang='lat' dir='ltr'><strong>onerosus.</strong></span> <span class='ocrx_word' id='word_1_668' title='bbox 2562 2277 2655 2331; x_wconf 89' lang='lat' dir='ltr'><strong>llle</strong></span> <span class='ocrx_word' id='word_1_669' title='bbox 2684 2279 2734 2330; x_wconf 90' lang='lat' dir='ltr'><strong>in</strong></span> <span class='ocrx_word' id='word_1_670' title='bbox 2773 2276 2979 2332; x_wconf 90' lang='lat' dir='ltr'><strong>dulcem</strong></span> <span class='ocrx_word' id='word_1_671' title='bbox 3020 2276 3262 2331; x_wconf 90' lang='lat' dir='ltr'><strong>morbum</strong></span> <span class='ocrx_word' id='word_1_672' title='bbox 3312 2277 3578 2331; x_wconf 90' lang='lat' dir='ltr'><strong>resolutus</strong></span> 
     </span>
    </p>
   </div>
   <div class='ocr_carea' id='block_1_84' title="bbox 1993 2366 3578 2439">
    <p class='ocr_par' dir='ltr' id='par_1_84' title="bbox 1993 2366 3578 2439">
     <span class='ocr_line' id='line_1_84' title="bbox 1993 2366 3578 2439; baseline 0.002 -18"><span class='ocrx_word' id='word_1_673' title='bbox 1993 2366 2129 2435; x_wconf 88' lang='lat' dir='ltr'><strong>iret,</strong></span> <span class='ocrx_word' id='word_1_674' title='bbox 2159 2368 2341 2422; x_wconf 91' lang='lat' dir='ltr'><strong>oculos</strong></span> <span class='ocrx_word' id='word_1_675' title='bbox 2392 2369 2681 2439; x_wconf 75' lang='lat' dir='ltr'><strong>gravedine</strong></span> <span class='ocrx_word' id='word_1_676' title='bbox 2723 2368 2814 2423; x_wconf 91' lang='lat' dir='ltr'><strong>illa</strong></span> <span class='ocrx_word' id='word_1_677' title='bbox 2862 2378 3133 2438; x_wconf 89' lang='lat' dir='ltr'><strong>premente</strong></span> <span class='ocrx_word' id='word_1_678' title='bbox 3175 2369 3478 2435; x_wconf 84' lang='lat' dir='ltr'><strong>clauderet,</strong></span> <span class='ocrx_word' id='word_1_679' title='bbox 3521 2378 3578 2424; x_wconf 91' lang='lat' dir='ltr'><strong>tu</strong></span> 
     </span>
    </p>
   </div>
   <div class='ocr_carea' id='block_1_85' title="bbox 1993 2459 3579 2529">
    <p class='ocr_par' dir='ltr' id='par_1_85' title="bbox 1993 2459 3579 2529">
     <span class='ocr_line' id='line_1_85' title="bbox 1993 2459 3579 2529; baseline -0.001 -13"><span class='ocrx_word' id='word_1_680' title='bbox 1993 2470 2175 2516; x_wconf 87' lang='lat' dir='ltr'><strong>contra</strong></span> <span class='ocrx_word' id='word_1_681' title='bbox 2206 2461 2465 2514; x_wconf 84' lang='lat' dir='ltr'><strong>clamares</strong></span> <span class='ocrx_word' id='word_1_682' title='bbox 2491 2460 2623 2529; x_wconf 87' lang='lat' dir='ltr'><strong>patri</strong></span> <span class='ocrx_word' id='word_1_683' title='bbox 2654 2460 2801 2514; x_wconf 85' lang='lat' dir='ltr'><strong>:Noli</strong></span> <span class='ocrx_word' id='word_1_684' title='bbox 2832 2461 3086 2515; x_wconf 87' lang='lat' dir='ltr'><strong>dormire.</strong></span> <span class='ocrx_word' id='word_1_685' title='bbox 3120 2462 3187 2515; x_wconf 81' lang='lat' dir='ltr'><strong>At</strong></span> <span class='ocrx_word' id='word_1_686' title='bbox 3214 2461 3335 2515; x_wconf 86' lang='lat' dir='ltr'><strong>ille:</strong></span> <span class='ocrx_word' id='word_1_687' title='bbox 3362 2459 3579 2515; x_wconf 83' lang='lat' dir='ltr'><strong>Dimitte</strong></span> 
     </span>
    </p>
   </div>
   <div class='ocr_carea' id='block_1_86' title="bbox 1993 2550 3571 2617">
    <p class='ocr_par' dir='ltr' id='par_1_86' title="bbox 1993 2550 3571 2617">
     <span class='ocr_line' id='line_1_86' title="bbox 1993 2550 3571 2617; baseline 0 -12"><span class='ocrx_word' id='word_1_688' title='bbox 1993 2566 2080 2605; x_wconf 91' lang='lat' dir='ltr'><strong>me</strong></span> <span class='ocrx_word' id='word_1_689' title='bbox 2100 2592 2114 2616; x_wconf 93' lang='lat'><strong>,</strong></span> <span class='ocrx_word' id='word_1_690' title='bbox 2142 2550 2377 2605; x_wconf 91' lang='lat' dir='ltr'><strong>dormire</strong></span> <span class='ocrx_word' id='word_1_691' title='bbox 2404 2552 2543 2605; x_wconf 83' lang='lat' dir='ltr'><strong>vnio.</strong></span> <span class='ocrx_word' id='word_1_692' title='bbox 2592 2551 2656 2605; x_wconf 84' lang='lat' dir='ltr'><strong>Et</strong></span> <span class='ocrx_word' id='word_1_693' title='bbox 2686 2561 2739 2605; x_wconf 93' lang='lat' dir='ltr'><strong>tu</strong></span> <span class='ocrx_word' id='word_1_694' title='bbox 2771 2570 2785 2606; x_wconf 88' lang='lat'><strong>:</strong></span> <span class='ocrx_word' id='word_1_695' title='bbox 2812 2552 2914 2606; x_wconf 89' lang='lat' dir='ltr'><strong>Sed</strong></span> <span class='ocrx_word' id='word_1_696' title='bbox 2944 2552 3181 2607; x_wconf 91' lang='lat' dir='ltr'><strong>medicus</strong></span> <span class='ocrx_word' id='word_1_697' title='bbox 3205 2552 3368 2617; x_wconf 84' lang='lat' dir='ltr'><strong>dixit,</strong></span> <span class='ocrx_word' id='word_1_698' title='bbox 3393 2550 3449 2606; x_wconf 89' lang='lat' dir='ltr'><strong>Si</strong></span> <span class='ocrx_word' id='word_1_699' title='bbox 3478 2567 3571 2605; x_wconf 90' lang='lat' dir='ltr'><strong>vo-</strong></span> 
     </span>
    </p>
   </div>
   <div class='ocr_carea' id='block_1_87' title="bbox 1995 2642 3575 2713">
    <p class='ocr_par' dir='ltr' id='par_1_87' title="bbox 1995 2642 3575 2713">
     <span class='ocr_line' id='line_1_87' title="bbox 1995 2642 3575 2713; baseline 0 -17"><span class='ocrx_word' id='word_1_700' title='bbox 1995 2642 2159 2697; x_wconf 88' lang='lat' dir='ltr'><strong>luerit</strong></span> <span class='ocrx_word' id='word_1_701' title='bbox 2198 2644 2431 2697; x_wconf 87' lang='lat' dir='ltr'><strong>dormire</strong></span> <span class='ocrx_word' id='word_1_702' title='bbox 2453 2685 2468 2708; x_wconf 92' lang='lat'><strong>,</strong></span> <span class='ocrx_word' id='word_1_703' title='bbox 2498 2660 2604 2697; x_wconf 89' lang='lat' dir='ltr'><strong>non</strong></span> <span class='ocrx_word' id='word_1_704' title='bbox 2635 2644 2882 2699; x_wconf 88' lang='lat' dir='ltr'><strong>dormiat.</strong></span> <span class='ocrx_word' id='word_1_705' title='bbox 2912 2646 2981 2698; x_wconf 84' lang='lat' dir='ltr'><strong>At</strong></span> <span class='ocrx_word' id='word_1_706' title='bbox 3007 2645 3129 2699; x_wconf 89' lang='lat' dir='ltr'><strong>ille:</strong></span> <span class='ocrx_word' id='word_1_707' title='bbox 3161 2644 3337 2713; x_wconf 79' lang='lat' dir='ltr'><strong>Rogo,</strong></span> <span class='ocrx_word' id='word_1_708' title='bbox 3367 2643 3575 2698; x_wconf 90' lang='lat' dir='ltr'><strong>dimitte</strong></span> 
     </span>
    </p>
   </div>
   <div class='ocr_carea' id='block_1_88' title="bbox 1994 2734 3573 2805">
    <p class='ocr_par' dir='ltr' id='par_1_88' title="bbox 1994 2734 3573 2805">
     <span class='ocr_line' id='line_1_88' title="bbox 1994 2734 3573 2805; baseline -0.002 -15"><span class='ocrx_word' id='word_1_709' title='bbox 1994 2750 2099 2800; x_wconf 90' lang='lat' dir='ltr'><strong>me,</strong></span> <span class='ocrx_word' id='word_1_710' title='bbox 2134 2735 2268 2791; x_wconf 88' lang='lat' dir='ltr'><strong>mori</strong></span> <span class='ocrx_word' id='word_1_711' title='bbox 2293 2737 2432 2789; x_wconf 91' lang='lat' dir='ltr'><strong>volo.</strong></span> <span class='ocrx_word' id='word_1_712' title='bbox 2473 2735 2577 2790; x_wconf 77' lang='lat' dir='ltr'><strong>Sed</strong></span> <span class='ocrx_word' id='word_1_713' title='bbox 2617 2751 2716 2805; x_wconf 93' lang='lat' dir='ltr'><strong>ego</strong></span> <span class='ocrx_word' id='word_1_714' title='bbox 2747 2737 2902 2802; x_wconf 91' lang='lat' dir='ltr'><strong>nolo,</strong></span> <span class='ocrx_word' id='word_1_715' title='bbox 2930 2735 3057 2790; x_wconf 91' lang='lat' dir='ltr'><strong>dicit</strong></span> <span class='ocrx_word' id='word_1_716' title='bbox 3083 2735 3222 2789; x_wconf 84' lang='lat' dir='ltr'><strong>filius</strong></span> <span class='ocrx_word' id='word_1_717' title='bbox 3253 2735 3407 2804; x_wconf 88' lang='lat' dir='ltr'><strong>patri.</strong></span> <span class='ocrx_word' id='word_1_718' title='bbox 3438 2734 3573 2789; x_wconf 82' lang='lat' dir='ltr'><strong>Cui?</strong></span> 
     </span>
    </p>
   </div>
   <div class='ocr_carea' id='block_1_89' title="bbox 1996 2826 3570 2897">
    <p class='ocr_par' dir='ltr' id='par_1_89' title="bbox 1996 2826 3570 2897">
     <span class='ocr_line' id='line_1_89' title="bbox 1996 2826 3570 2897; baseline -0.001 -14"><span class='ocrx_word' id='word_1_719' title='bbox 1996 2826 2191 2897; x_wconf 86' lang='lat' dir='ltr'><strong>Utique</strong></span> <span class='ocrx_word' id='word_1_720' title='bbox 2212 2828 2410 2897; x_wconf 85' lang='lat' dir='ltr'><strong>optanti</strong></span> <span class='ocrx_word' id='word_1_721' title='bbox 2438 2843 2496 2881; x_wconf 90' lang='lat' dir='ltr'><strong>se</strong></span> <span class='ocrx_word' id='word_1_722' title='bbox 2522 2827 2675 2880; x_wconf 88' lang='lat' dir='ltr'><strong>mori.</strong></span> <span class='ocrx_word' id='word_1_723' title='bbox 2701 2828 2766 2881; x_wconf 85' lang='lat' dir='ltr'><strong>Et</strong></span> <span class='ocrx_word' id='word_1_724' title='bbox 2788 2836 2964 2882; x_wconf 88' lang='lat' dir='ltr'><strong>tamen</strong></span> <span class='ocrx_word' id='word_1_725' title='bbox 2992 2828 3073 2881; x_wconf 88' lang='lat' dir='ltr'><strong>vis</strong></span> <span class='ocrx_word' id='word_1_726' title='bbox 3100 2826 3316 2882; x_wconf 77' lang='lat' dir='ltr'><strong>differre</strong></span> <span class='ocrx_word' id='word_1_727' title='bbox 3345 2835 3570 2895; x_wconf 82' lang='lat' dir='ltr'><strong>mortem</strong></span> 
     </span>
    </p>
   </div>
   <div class='ocr_carea' id='block_1_90' title="bbox 1994 2918 3577 2990">
    <p class='ocr_par' dir='ltr' id='par_1_90' title="bbox 1994 2918 3577 2990">
     <span class='ocr_line' id='line_1_90' title="bbox 1994 2918 3577 2990; baseline 0.001 -18"><span class='ocrx_word' id='word_1_728' title='bbox 1994 2919 2161 2990; x_wconf 89' lang='lat' dir='ltr'><strong>patris</strong></span> <span class='ocrx_word' id='word_1_729' title='bbox 2191 2920 2263 2973; x_wconf 91' lang='lat' dir='ltr'><strong>tui</strong></span> <span class='ocrx_word' id='word_1_730' title='bbox 2290 2962 2303 2985; x_wconf 92' lang='lat'><strong>,</strong></span> <span class='ocrx_word' id='word_1_731' title='bbox 2340 2929 2393 2972; x_wconf 89' lang='lat' dir='ltr'><strong>et</strong></span> <span class='ocrx_word' id='word_1_732' title='bbox 2421 2918 2693 2989; x_wconf 86' lang='lat' dir='ltr'><strong>aliquanto</strong></span> <span class='ocrx_word' id='word_1_733' title='bbox 2723 2918 2921 2973; x_wconf 91' lang='lat' dir='ltr'><strong>diutius</strong></span> <span class='ocrx_word' id='word_1_734' title='bbox 2952 2918 3128 2973; x_wconf 87' lang='lat' dir='ltr'><strong>vivere</strong></span> <span class='ocrx_word' id='word_1_735' title='bbox 3155 2933 3275 2973; x_wconf 93' lang='lat' dir='ltr'><strong>cum</strong></span> <span class='ocrx_word' id='word_1_736' title='bbox 3318 2918 3577 2973; x_wconf 89' lang='lat' dir='ltr'><strong>morituro</strong></span> 
     </span>
    </p>
   </div>
   <div class='ocr_carea' id='block_1_91' title="bbox 1996 3009 3580 3082">
    <p class='ocr_par' dir='ltr' id='par_1_91' title="bbox 1996 3009 3580 3082">
     <span class='ocr_line' id='line_1_91' title="bbox 1996 3009 3580 3082; baseline -0.003 -15"><span class='ocrx_word' id='word_1_737' title='bbox 1996 3027 2123 3067; x_wconf 88' lang='lat' dir='ltr'><strong>sene</strong></span> <span class='ocrx_word' id='word_1_738' title='bbox 2152 3021 2298 3082; x_wconf 90' lang='lat' dir='ltr'><strong>patre</strong></span> <span class='ocrx_word' id='word_1_739' title='bbox 2327 3020 2436 3065; x_wconf 91' lang='lat' dir='ltr'><strong>tuo.</strong></span> <span class='ocrx_word' id='word_1_740' title='bbox 2474 3012 2729 3066; x_wconf 92' lang='lat' dir='ltr'><strong>Dominus</strong></span> <span class='ocrx_word' id='word_1_741' title='bbox 2772 3010 2864 3064; x_wconf 87' lang='lat' dir='ltr'><strong>tibi</strong></span> <span class='ocrx_word' id='word_1_742' title='bbox 2906 3010 3143 3065; x_wconf 90' lang='lat' dir='ltr'><strong>clamat:</strong></span> <span class='ocrx_word' id='word_1_743' title='bbox 3168 3009 3285 3064; x_wconf 89' lang='lat' dir='ltr'><strong>Noli</strong></span> <span class='ocrx_word' id='word_1_744' title='bbox 3311 3010 3580 3076; x_wconf 84' lang='lat' dir='ltr'><strong>dormire,</strong></span> 
     </span>
    </p>
   </div>
   <div class='ocr_carea' id='block_1_92' title="bbox 1997 3101 3581 3171">
    <p class='ocr_par' dir='ltr' id='par_1_92' title="bbox 1997 3101 3581 3171">
     <span class='ocr_line' id='line_1_92' title="bbox 1997 3101 3581 3171; baseline -0.002 -13"><span class='ocrx_word' id='word_1_745' title='bbox 1997 3119 2066 3159; x_wconf 90' lang='lat' dir='ltr'><strong>ne</strong></span> <span class='ocrx_word' id='word_1_746' title='bbox 2115 3103 2166 3156; x_wconf 91' lang='lat' dir='ltr'><strong>in</strong></span> <span class='ocrx_word' id='word_1_747' title='bbox 2208 3114 2464 3157; x_wconf 65' lang='lat' dir='ltr'><strong>teter-num</strong></span> <span class='ocrx_word' id='word_1_748' title='bbox 2488 3101 2751 3165; x_wconf 90' lang='lat' dir='ltr'><strong>dormias;</strong></span> <span class='ocrx_word' id='word_1_749' title='bbox 2773 3101 2983 3171; x_wconf 84' lang='lat' dir='ltr'><strong>evigila,</strong></span> <span class='ocrx_word' id='word_1_750' title='bbox 3003 3109 3061 3154; x_wconf 91' lang='lat' dir='ltr'><strong>ut</strong></span> <span class='ocrx_word' id='word_1_751' title='bbox 3085 3116 3294 3155; x_wconf 87' lang='lat' dir='ltr'><strong>mecum</strong></span> <span class='ocrx_word' id='word_1_752' title='bbox 3322 3102 3499 3167; x_wconf 86' lang='lat' dir='ltr'><strong>vivas,</strong></span> <span class='ocrx_word' id='word_1_753' title='bbox 3524 3111 3581 3155; x_wconf 90' lang='lat' dir='ltr'><strong>et</strong></span> 
     </span>
    </p>
   </div>
   <div class='ocr_carea' id='block_1_93' title="bbox 1998 3192 3576 3267">
    <p class='ocr_par' dir='ltr' id='par_1_93' title="bbox 1998 3192 3576 3267">
     <span class='ocr_line' id='line_1_93' title="bbox 1998 3192 3576 3267; baseline -0.003 -18"><span class='ocrx_word' id='word_1_754' title='bbox 1998 3207 2200 3267; x_wconf 88' lang='lat' dir='ltr'><strong>patrem</strong></span> <span class='ocrx_word' id='word_1_755' title='bbox 2222 3196 2416 3249; x_wconf 89' lang='lat' dir='ltr'><strong>habeas</strong></span> <span class='ocrx_word' id='word_1_756' title='bbox 2438 3210 2593 3264; x_wconf 89' lang='lat' dir='ltr'><strong>quem</strong></span> <span class='ocrx_word' id='word_1_757' title='bbox 2633 3210 2737 3247; x_wconf 92' lang='lat' dir='ltr'><strong>non</strong></span> <span class='ocrx_word' id='word_1_758' title='bbox 2762 3192 2971 3249; x_wconf 83' lang='lat' dir='ltr'><strong>efferas.</strong></span> <span class='ocrx_word' id='word_1_759' title='bbox 2988 3193 3173 3255; x_wconf 86' lang='lat' dir='ltr'><strong>Audis,</strong></span> <span class='ocrx_word' id='word_1_760' title='bbox 3203 3202 3257 3247; x_wconf 91' lang='lat' dir='ltr'><strong>et</strong></span> <span class='ocrx_word' id='word_1_761' title='bbox 3285 3192 3477 3247; x_wconf 83' lang='lat' dir='ltr'><strong>surdus</strong></span> <span class='ocrx_word' id='word_1_762' title='bbox 3498 3208 3576 3247; x_wconf 88' lang='lat' dir='ltr'><strong>es.</strong></span> 
     </span>
    </p>
   </div>
   <div class='ocr_carea' id='block_1_94' title="bbox 2070 3284 3583 3355">
    <p class='ocr_par' dir='ltr' id='par_1_94' title="bbox 2070 3284 3583 3355">
     <span class='ocr_line' id='line_1_94' title="bbox 2070 3284 3583 3355; baseline -0.001 -14"><span class='ocrx_word' id='word_1_763' title='bbox 2070 3289 2122 3343; x_wconf 90' lang='lat'><strong>7.</strong></span> <span class='ocrx_word' id='word_1_764' title='bbox 2166 3286 2327 3341; x_wconf 85' lang='lat' dir='ltr'><strong>Nulla</strong></span> <span class='ocrx_word' id='word_1_765' title='bbox 2356 3295 2427 3340; x_wconf 84' lang='lat' dir='ltr'><strong>est</strong></span> <span class='ocrx_word' id='word_1_766' title='bbox 2452 3287 2711 3351; x_wconf 79' lang='lat' dir='ltr'><strong>securitas,</strong></span> <span class='ocrx_word' id='word_1_767' title='bbox 2744 3286 2841 3340; x_wconf 75' lang='lat' dir='ltr'><strong>nisi</strong></span> <span class='ocrx_word' id='word_1_768' title='bbox 2869 3302 2901 3338; x_wconf 91' lang='lat' dir='ltr'><strong>a</strong></span> <span class='ocrx_word' id='word_1_769' title='bbox 2929 3284 3059 3339; x_wconf 87' lang='lat' dir='ltr'><strong>Deo.</strong></span> <span class='ocrx_word' id='word_1_770' title='bbox 3090 3316 3159 3326; x_wconf 91' lang='lat'><strong>-—</strong></span> <span class='ocrx_word' id='word_1_771' title='bbox 3186 3285 3322 3353; x_wconf 92' lang='lat' dir='ltr'><strong>Quid</strong></span> <span class='ocrx_word' id='word_1_772' title='bbox 3352 3300 3450 3355; x_wconf 87' lang='lat' dir='ltr'><strong>ego</strong></span> <span class='ocrx_word' id='word_1_773' title='bbox 3479 3284 3583 3340; x_wconf 79' lang='lat' dir='ltr'><strong>feci</strong></span> 
     </span>
    </p>
   </div>
   <div class='ocr_carea' id='block_1_95' title="bbox 1998 3376 3582 3449">
    <p class='ocr_par' dir='ltr' id='par_1_95' title="bbox 1998 3376 3582 3449">
     <span class='ocr_line' id='line_1_95' title="bbox 1998 3376 3582 3449; baseline -0.001 -15"><span class='ocrx_word' id='word_1_774' title='bbox 1998 3377 2340 3449; x_wconf 87' lang='lat' dir='ltr'><strong>speculator?</strong></span> <span class='ocrx_word' id='word_1_775' title='bbox 2367 3377 2502 3431; x_wconf 88' lang='lat' dir='ltr'><strong>liber</strong></span> <span class='ocrx_word' id='word_1_776' title='bbox 2540 3393 2679 3443; x_wconf 91' lang='lat' dir='ltr'><strong>sum,</strong></span> <span class='ocrx_word' id='word_1_777' title='bbox 2716 3392 2820 3430; x_wconf 92' lang='lat' dir='ltr'><strong>non</strong></span> <span class='ocrx_word' id='word_1_778' title='bbox 2852 3391 2947 3430; x_wconf 89' lang='lat' dir='ltr'><strong>vos</strong></span> <span class='ocrx_word' id='word_1_779' title='bbox 2985 3391 3166 3447; x_wconf 82' lang='lat' dir='ltr'><strong>gravo.</strong></span> <span class='ocrx_word' id='word_1_780' title='bbox 3195 3376 3320 3432; x_wconf 87' lang='lat' dir='ltr'><strong>Scio</strong></span> <span class='ocrx_word' id='word_1_781' title='bbox 3347 3377 3582 3433; x_wconf 90' lang='lat' dir='ltr'><strong>dicturos</strong></span> 
     </span>
    </p>
   </div>
   <div class='ocr_carea' id='block_1_96' title="bbox 1997 3466 3586 3540">
    <p class='ocr_par' dir='ltr' id='par_1_96' title="bbox 1997 3466 3586 3540">
     <span class='ocr_line' id='line_1_96' title="bbox 1997 3466 3586 3540; baseline 0 -19"><span class='ocrx_word' id='word_1_782' title='bbox 1997 3469 2252 3540; x_wconf 87' lang='lat' dir='ltr'><strong>quosdam</strong></span> <span class='ocrx_word' id='word_1_783' title='bbox 2279 3486 2291 3521; x_wconf 88' lang='lat'><strong>:</strong></span> <span class='ocrx_word' id='word_1_784' title='bbox 2326 3467 2460 3534; x_wconf 89' lang='lat' dir='ltr'><strong>Quid</strong></span> <span class='ocrx_word' id='word_1_785' title='bbox 2501 3467 2653 3521; x_wconf 90' lang='lat' dir='ltr'><strong>nobis</strong></span> <span class='ocrx_word' id='word_1_786' title='bbox 2680 3466 2846 3521; x_wconf 90' lang='lat' dir='ltr'><strong>voluit</strong></span> <span class='ocrx_word' id='word_1_787' title='bbox 2874 3466 3090 3522; x_wconf 85' lang='lat' dir='ltr'><strong>dicere?</strong></span> <span class='ocrx_word' id='word_1_788' title='bbox 3135 3466 3365 3532; x_wconf 84' lang='lat' dir='ltr'><strong>Terruit,</strong></span> <span class='ocrx_word' id='word_1_789' title='bbox 3395 3482 3586 3537; x_wconf 86' lang='lat' dir='ltr'><strong>grava-</strong></span> 
     </span>
    </p>
   </div>
   <div class='ocr_carea' id='block_1_97' title="bbox 2000 3562 3579 3630">
    <p class='ocr_par' dir='ltr' id='par_1_97' title="bbox 2000 3562 3579 3630">
     <span class='ocr_line' id='line_1_97' title="bbox 2000 3562 3579 3630; baseline -0.002 -12"><span class='ocrx_word' id='word_1_790' title='bbox 2000 3565 2112 3619; x_wconf 75' lang='lat' dir='ltr'><strong>vitl</strong></span> <span class='ocrx_word' id='word_1_791' title='bbox 2136 3580 2267 3630; x_wconf 90' lang='lat' dir='ltr'><strong>nos,</strong></span> <span class='ocrx_word' id='word_1_792' title='bbox 2296 3580 2417 3620; x_wconf 92' lang='lat' dir='ltr'><strong>reos</strong></span> <span class='ocrx_word' id='word_1_793' title='bbox 2456 3579 2553 3618; x_wconf 94' lang='lat' dir='ltr'><strong>nos</strong></span> <span class='ocrx_word' id='word_1_794' title='bbox 2580 3563 2723 3618; x_wconf 88' lang='lat' dir='ltr'><strong>fecit.</strong></span> <span class='ocrx_word' id='word_1_795' title='bbox 2753 3562 2862 3619; x_wconf 92' lang='lat' dir='ltr'><strong>lmo</strong></span> <span class='ocrx_word' id='word_1_796' title='bbox 2904 3578 2934 3616; x_wconf 89' lang='lat' dir='ltr'><strong>a</strong></span> <span class='ocrx_word' id='word_1_797' title='bbox 2974 3572 3126 3619; x_wconf 90' lang='lat' dir='ltr'><strong>reatu</strong></span> <span class='ocrx_word' id='word_1_798' title='bbox 3164 3563 3309 3618; x_wconf 92' lang='lat' dir='ltr'><strong>volui</strong></span> <span class='ocrx_word' id='word_1_799' title='bbox 3330 3563 3579 3618; x_wconf 85' lang='lat' dir='ltr'><strong>liberare.</strong></span> 
     </span>
    </p>
   </div>
   <div class='ocr_carea' id='block_1_98' title="bbox 2002 3654 3583 3726">
    <p class='ocr_par' dir='ltr' id='par_1_98' title="bbox 2002 3654 3583 3726">
     <span class='ocr_line' id='line_1_98' title="bbox 2002 3654 3583 3726; baseline -0.001 -15"><span class='ocrx_word' id='word_1_800' title='bbox 2002 3658 2223 3712; x_wconf 84' lang='lat' dir='ltr'><strong>Foedum</strong></span> <span class='ocrx_word' id='word_1_801' title='bbox 2262 3666 2365 3724; x_wconf 90' lang='lat' dir='ltr'><strong>est,</strong></span> <span class='ocrx_word' id='word_1_802' title='bbox 2395 3666 2547 3726; x_wconf 89' lang='lat' dir='ltr'><strong>turpe</strong></span> <span class='ocrx_word' id='word_1_803' title='bbox 2583 3664 2668 3711; x_wconf 89' lang='lat' dir='ltr'><strong>est</strong></span> <span class='ocrx_word' id='word_1_804' title='bbox 2691 3674 2703 3709; x_wconf 90' lang='lat'>:</span> <span class='ocrx_word' id='word_1_805' title='bbox 2729 3656 2851 3711; x_wconf 92' lang='lat' dir='ltr'><strong>nolo</strong></span> <span class='ocrx_word' id='word_1_806' title='bbox 2876 3655 3055 3711; x_wconf 92' lang='lat' dir='ltr'><strong>dicere</strong></span> <span class='ocrx_word' id='word_1_807' title='bbox 3098 3656 3314 3721; x_wconf 90' lang='lat' dir='ltr'><strong>malum,</strong></span> <span class='ocrx_word' id='word_1_808' title='bbox 3353 3656 3477 3709; x_wconf 91' lang='lat' dir='ltr'><strong>nolo</strong></span> <span class='ocrx_word' id='word_1_809' title='bbox 3501 3654 3583 3709; x_wconf 89' lang='lat' dir='ltr'><strong>di-</strong></span> 
     </span>
    </p>
   </div>
   <div class='ocr_carea' id='block_1_99' title="bbox 2001 3745 3583 3818">
    <p class='ocr_par' dir='ltr' id='par_1_99' title="bbox 2001 3745 3583 3818">
     <span class='ocr_line' id='line_1_99' title="bbox 2001 3745 3583 3818; baseline -0.004 -15"><span class='ocrx_word' id='word_1_810' title='bbox 2001 3764 2125 3803; x_wconf 89' lang='lat' dir='ltr'><strong>cere</strong></span> <span class='ocrx_word' id='word_1_811' title='bbox 2147 3748 2527 3818; x_wconf 85' lang='lat' dir='ltr'><strong>periculosum,</strong></span> <span class='ocrx_word' id='word_1_812' title='bbox 2576 3746 2699 3799; x_wconf 93' lang='lat' dir='ltr'><strong>nolo</strong></span> <span class='ocrx_word' id='word_1_813' title='bbox 2733 3745 2910 3800; x_wconf 89' lang='lat' dir='ltr'><strong>dicere</strong></span> <span class='ocrx_word' id='word_1_814' title='bbox 2954 3745 3235 3799; x_wconf 81' lang='lat' dir='ltr'><strong>exitiosum</strong></span> <span class='ocrx_word' id='word_1_815' title='bbox 3266 3762 3281 3799; x_wconf 88' lang='lat'><strong>:</strong></span> <span class='ocrx_word' id='word_1_816' title='bbox 3308 3750 3460 3814; x_wconf 86' lang='lat' dir='ltr'><strong>turpe</strong></span> <span class='ocrx_word' id='word_1_817' title='bbox 3501 3753 3583 3798; x_wconf 86' lang='lat' dir='ltr'><strong>est</strong></span> 
     </span>
    </p>
   </div>
   <div class='ocr_carea' id='block_1_100' title="bbox 2002 3836 3060 3903">
    <p class='ocr_par' dir='ltr' id='par_1_100' title="bbox 2002 3836 3060 3903">
     <span class='ocr_line' id='line_1_100' title="bbox 2002 3836 3060 3903; baseline -0.004 -9"><span class='ocrx_word' id='word_1_818' title='bbox 2002 3849 2061 3895; x_wconf 91' lang='lat' dir='ltr'><strong>ut</strong></span> <span class='ocrx_word' id='word_1_819' title='bbox 2087 3855 2182 3893; x_wconf 89' lang='lat' dir='ltr'><strong>vos</strong></span> <span class='ocrx_word' id='word_1_820' title='bbox 2209 3838 2407 3903; x_wconf 85' lang='lat' dir='ltr'><strong>fallam,</strong></span> <span class='ocrx_word' id='word_1_821' title='bbox 2436 3838 2481 3893; x_wconf 89' lang='lat' dir='ltr'><strong>si</strong></span> <span class='ocrx_word' id='word_1_822' title='bbox 2501 3837 2641 3891; x_wconf 79' lang='lat' dir='ltr'><strong>Deus</strong></span> <span class='ocrx_word' id='word_1_823' title='bbox 2662 3852 2748 3891; x_wconf 92' lang='lat' dir='ltr'><strong>me</strong></span> <span class='ocrx_word' id='word_1_824' title='bbox 2773 3852 2878 3890; x_wconf 91' lang='lat' dir='ltr'><strong>non</strong></span> <span class='ocrx_word' id='word_1_825' title='bbox 2908 3836 3060 3890; x_wconf 83' lang='lat' dir='ltr'><strong>fallit.</strong></span> 
     </span>
    </p>
   </div>
   <div class='ocr_carea' id='block_1_101' title="bbox 2074 3925 3579 3995">
    <p class='ocr_par' dir='ltr' id='par_1_101' title="bbox 2074 3925 3579 3995">
     <span class='ocr_line' id='line_1_101' title="bbox 2074 3925 3579 3995; baseline -0.004 -11"><span class='ocrx_word' id='word_1_826' title='bbox 2074 3928 2299 3984; x_wconf 84' lang='lat' dir='ltr'><strong>CAPUT</strong></span> <span class='ocrx_word' id='word_1_827' title='bbox 2320 3927 2385 3983; x_wconf 83' lang='lat' dir='ltr'><strong>V.</strong></span> <span class='ocrx_word' id='word_1_828' title='bbox 2412 3958 2483 3967; x_wconf 93' lang='lat'><strong>—</strong></span> <span class='ocrx_word' id='word_1_829' title='bbox 2508 3928 2763 3982; x_wconf 92' lang='lat' dir='ltr'><strong>Dominus</strong></span> <span class='ocrx_word' id='word_1_830' title='bbox 2814 3936 3041 3980; x_wconf 89' lang='lat' dir='ltr'><strong>mortem</strong></span> <span class='ocrx_word' id='word_1_831' title='bbox 3090 3926 3320 3980; x_wconf 90' lang='lat' dir='ltr'><strong>minatur</strong></span> <span class='ocrx_word' id='word_1_832' title='bbox 3367 3925 3543 3995; x_wconf 90' lang='lat' dir='ltr'><strong>impiis</strong></span> <span class='ocrx_word' id='word_1_833' title='bbox 3564 3967 3579 3988; x_wconf 90' lang='lat'><strong>,</strong></span> 
     </span>
    </p>
   </div>
   <div class='ocr_carea' id='block_1_102' title="bbox 2004 4016 3587 4091">
    <p class='ocr_par' dir='ltr' id='par_1_102' title="bbox 2004 4016 3587 4091">
     <span class='ocr_line' id='line_1_102' title="bbox 2004 4016 3587 4091; baseline -0.003 -16"><span class='ocrx_word' id='word_1_834' title='bbox 2004 4020 2366 4091; x_wconf 84' lang='lat' dir='ltr'><strong>aequissimis,</strong></span> <span class='ocrx_word' id='word_1_835' title='bbox 2394 4018 2808 4085; x_wconf 87' lang='lat' dir='ltr'><strong>frandatoribus,</strong></span> <span class='ocrx_word' id='word_1_836' title='bbox 2857 4018 3151 4082; x_wconf 87' lang='lat' dir='ltr'><strong>sceleratis,</strong></span> <span class='ocrx_word' id='word_1_837' title='bbox 3187 4016 3461 4079; x_wconf 82' lang='lat' dir='ltr'><strong>adulteris,</strong></span> <span class='ocrx_word' id='word_1_838' title='bbox 3491 4033 3587 4070; x_wconf 84' lang='lat' dir='ltr'><strong>vo-</strong></span> 
     </span>
    </p>
   </div>
   <div class='ocr_carea' id='block_1_103' title="bbox 1996 4107 3586 4180">
    <p class='ocr_par' dir='ltr' id='par_1_103' title="bbox 1996 4107 3586 4180">
     <span class='ocr_line' id='line_1_103' title="bbox 1996 4107 3586 4180; baseline -0.002 -15"><span class='ocrx_word' id='word_1_839' title='bbox 1996 4110 2265 4180; x_wconf 78' lang='lat' dir='ltr'><strong>luptatum</strong></span> <span class='ocrx_word' id='word_1_840' title='bbox 2287 4109 2706 4179; x_wconf 89' lang='lat' dir='ltr'><strong>inquisitoribus,</strong></span> <span class='ocrx_word' id='word_1_841' title='bbox 2735 4108 2845 4163; x_wconf 91' lang='lat' dir='ltr'><strong>suis</strong></span> <span class='ocrx_word' id='word_1_842' title='bbox 2865 4107 3333 4177; x_wconf 77' lang='lat' dir='ltr'><strong>contemptor-ibus,</strong></span> <span class='ocrx_word' id='word_1_843' title='bbox 3364 4108 3430 4162; x_wconf 88' lang='lat' dir='ltr'><strong>de</strong></span> <span class='ocrx_word' id='word_1_844' title='bbox 3454 4117 3586 4162; x_wconf 90' lang='lat' dir='ltr'><strong>tem-</strong></span> 
     </span>
    </p>
   </div>
   <div class='ocr_carea' id='block_1_104' title="bbox 2007 4202 3584 4274">
    <p class='ocr_par' dir='ltr' id='par_1_104' title="bbox 2007 4202 3584 4274">
     <span class='ocr_line' id='line_1_104' title="bbox 2007 4202 3584 4274; baseline -0.001 -18"><span class='ocrx_word' id='word_1_845' title='bbox 2007 4203 2262 4274; x_wconf 77' lang='lat' dir='ltr'><strong>poribus&#39;</strong></span> <span class='ocrx_word' id='word_1_846' title='bbox 2291 4202 2748 4257; x_wconf 88' lang='lat' dir='ltr'><strong>murmurantibus</strong></span> <span class='ocrx_word' id='word_1_847' title='bbox 2770 4209 2825 4256; x_wconf 87' lang='lat' dir='ltr'><strong>et</strong></span> <span class='ocrx_word' id='word_1_848' title='bbox 2850 4216 3028 4255; x_wconf 92' lang='lat' dir='ltr'><strong>mores</strong></span> <span class='ocrx_word' id='word_1_849' title='bbox 3052 4216 3176 4256; x_wconf 89' lang='lat' dir='ltr'><strong>suos</strong></span> <span class='ocrx_word' id='word_1_850' title='bbox 3198 4216 3300 4255; x_wconf 92' lang='lat' dir='ltr'><strong>non</strong></span> <span class='ocrx_word' id='word_1_851' title='bbox 3332 4202 3584 4255; x_wconf 89' lang='lat' dir='ltr'><strong>mutanti-</strong></span> 
     </span>
    </p>
   </div>
   <div class='ocr_carea' id='block_1_105' title="bbox 2008 4292 3587 4362">
    <p class='ocr_par' dir='ltr' id='par_1_105' title="bbox 2008 4292 3587 4362">
     <span class='ocr_line' id='line_1_105' title="bbox 2008 4292 3587 4362; baseline -0.002 -13"><span class='ocrx_word' id='word_1_852' title='bbox 2008 4296 2105 4350; x_wconf 91' lang='lat' dir='ltr'><strong>bus</strong></span> <span class='ocrx_word' id='word_1_853' title='bbox 2134 4312 2146 4348; x_wconf 93' lang='lat'>:</span> <span class='ocrx_word' id='word_1_854' title='bbox 2180 4295 2441 4349; x_wconf 91' lang='lat' dir='ltr'><strong>Dominus</strong></span> <span class='ocrx_word' id='word_1_855' title='bbox 2469 4293 2572 4348; x_wconf 92' lang='lat' dir='ltr'><strong>illis</strong></span> <span class='ocrx_word' id='word_1_856' title='bbox 2596 4301 2824 4348; x_wconf 90' lang='lat' dir='ltr'><strong>mortem</strong></span> <span class='ocrx_word' id='word_1_857' title='bbox 2846 4292 3096 4359; x_wconf 80' lang='lat' dir='ltr'><strong>minatur,</strong></span> <span class='ocrx_word' id='word_1_858' title='bbox 3119 4294 3388 4362; x_wconf 80' lang='lat' dir='ltr'><strong>geliennas</strong></span> <span class='ocrx_word' id='word_1_859' title='bbox 3418 4292 3587 4346; x_wconf 83' lang='lat' dir='ltr'><strong>mina—</strong></span> 
     </span>
    </p>
   </div>
   <div class='ocr_carea' id='block_1_106' title="bbox 2009 4382 3591 4454">
    <p class='ocr_par' dir='ltr' id='par_1_106' title="bbox 2009 4382 3591 4454">
     <span class='ocr_line' id='line_1_106' title="bbox 2009 4382 3591 4454; baseline -0.003 -13"><span class='ocrx_word' id='word_1_860' title='bbox 2009 4396 2113 4454; x_wconf 89' lang='lat' dir='ltr'><strong>tur,</strong></span> <span class='ocrx_word' id='word_1_861' title='bbox 2138 4386 2409 4440; x_wconf 89' lang='lat' dir='ltr'><strong>interitum</strong></span> <span class='ocrx_word' id='word_1_862' title='bbox 2436 4385 2819 4454; x_wconf 89' lang='lat' dir='ltr'><strong>sempiternum</strong></span> <span class='ocrx_word' id='word_1_863' title='bbox 2856 4383 3104 4438; x_wconf 88' lang='lat' dir='ltr'><strong>minatur.</strong></span> <span class='ocrx_word' id='word_1_864' title='bbox 3131 4382 3266 4450; x_wconf 90' lang='lat' dir='ltr'><strong>Quid</strong></span> <span class='ocrx_word' id='word_1_865' title='bbox 3297 4383 3499 4449; x_wconf 89' lang='lat' dir='ltr'><strong>volunt,</strong></span> <span class='ocrx_word' id='word_1_866' title='bbox 3533 4393 3591 4437; x_wconf 89' lang='lat' dir='ltr'><strong>ut</strong></span> 
     </span>
    </p>
   </div>
   <div class='ocr_carea' id='block_1_107' title="bbox 2008 4474 3587 4549">
    <p class='ocr_par' dir='ltr' id='par_1_107' title="bbox 2008 4474 3587 4549">
     <span class='ocr_line' id='line_1_107' title="bbox 2008 4474 3587 4549; baseline -0.003 -16"><span class='ocrx_word' id='word_1_867' title='bbox 2008 4494 2107 4549; x_wconf 85' lang='lat' dir='ltr'><strong>ego</strong></span> <span class='ocrx_word' id='word_1_868' title='bbox 2128 4477 2434 4548; x_wconf 89' lang='lat' dir='ltr'><strong>promittam</strong></span> <span class='ocrx_word' id='word_1_869' title='bbox 2462 4477 2604 4547; x_wconf 92' lang='lat' dir='ltr'><strong>quod</strong></span> <span class='ocrx_word' id='word_1_870' title='bbox 2634 4476 2724 4531; x_wconf 91' lang='lat' dir='ltr'><strong>ille</strong></span> <span class='ocrx_word' id='word_1_871' title='bbox 2749 4491 2852 4531; x_wconf 91' lang='lat' dir='ltr'><strong>non</strong></span> <span class='ocrx_word' id='word_1_872' title='bbox 2883 4475 3180 4545; x_wconf 86' lang='lat' dir='ltr'><strong>promittit?</strong></span> <span class='ocrx_word' id='word_1_873' title='bbox 3204 4475 3343 4530; x_wconf 88' lang='lat' dir='ltr'><strong>Ecce</strong></span> <span class='ocrx_word' id='word_1_874' title='bbox 3380 4474 3469 4529; x_wconf 84' lang='lat' dir='ltr'><strong>dat</strong></span> <span class='ocrx_word' id='word_1_875' title='bbox 3496 4475 3587 4529; x_wconf 86' lang='lat' dir='ltr'><strong>tibi</strong></span> 
     </span>
    </p>
   </div>
   <div class='ocr_carea' id='block_1_108' title="bbox 2009 4567 3588 4639">
    <p class='ocr_par' dir='ltr' id='par_1_108' title="bbox 2009 4567 3588 4639">
     <span class='ocr_line' id='line_1_108' title="bbox 2009 4567 3588 4639; baseline -0.003 -14"><span class='ocrx_word' id='word_1_876' title='bbox 2009 4572 2347 4625; x_wconf 87' lang='lat' dir='ltr'><strong>securitatem</strong></span> <span class='ocrx_word' id='word_1_877' title='bbox 2389 4581 2698 4639; x_wconf 88' lang='lat' dir='ltr'><strong>procurator</strong></span> <span class='ocrx_word' id='word_1_878' title='bbox 2727 4568 2891 4638; x_wconf 89' lang='lat' dir='ltr'><strong>:quid</strong></span> <span class='ocrx_word' id='word_1_879' title='bbox 2932 4568 3025 4622; x_wconf 89' lang='lat' dir='ltr'><strong>tibi</strong></span> <span class='ocrx_word' id='word_1_880' title='bbox 3053 4567 3292 4638; x_wconf 88' lang='lat' dir='ltr'><strong>prodest,</strong></span> <span class='ocrx_word' id='word_1_881' title='bbox 3333 4567 3379 4621; x_wconf 92' lang='lat' dir='ltr'><strong>si</strong></span> <span class='ocrx_word' id='word_1_882' title='bbox 3408 4576 3588 4636; x_wconf 82' lang='lat' dir='ltr'><strong>pater-</strong></span> 
     </span>
    </p>
   </div>
   <div class='ocr_carea' id='block_1_109' title="bbox 2009 4662 3590 4731">
    <p class='ocr_par' dir='ltr' id='par_1_109' title="bbox 2009 4662 3590 4731">
     <span class='ocr_line' id='line_1_109' title="bbox 2009 4662 3590 4731; baseline -0.003 -13"><span class='ocrx_word' id='word_1_883' title='bbox 2009 4663 2238 4718; x_wconf 84' lang='lat' dir='ltr'><strong>familias</strong></span> <span class='ocrx_word' id='word_1_884' title='bbox 2264 4678 2367 4716; x_wconf 90' lang='lat' dir='ltr'><strong>non</strong></span> <span class='ocrx_word' id='word_1_885' title='bbox 2395 4662 2670 4731; x_wconf 89' lang='lat' dir='ltr'><strong>acceptet?</strong></span> <span class='ocrx_word' id='word_1_886' title='bbox 2692 4662 3011 4716; x_wconf 89' lang='lat' dir='ltr'><strong>Procurator</strong></span> <span class='ocrx_word' id='word_1_887' title='bbox 3040 4675 3178 4725; x_wconf 89' lang='lat' dir='ltr'><strong>sum,</strong></span> <span class='ocrx_word' id='word_1_888' title='bbox 3206 4673 3401 4714; x_wconf 81' lang='lat' dir='ltr'><strong>servus</strong></span> <span class='ocrx_word' id='word_1_889' title='bbox 3424 4673 3541 4711; x_wconf 93' lang='lat' dir='ltr'><strong>sum</strong></span> <span class='ocrx_word' id='word_1_890' title='bbox 3576 4675 3590 4713; x_wconf 89' lang='lat'><strong>:</strong></span> 
     </span>
    </p>
   </div>
   <div class='ocr_carea' id='block_1_110' title="bbox 2011 4750 3590 4822">
    <p class='ocr_par' dir='ltr' id='par_1_110' title="bbox 2011 4750 3590 4822">
     <span class='ocr_line' id='line_1_110' title="bbox 2011 4750 3590 4822; baseline -0.004 -15"><span class='ocrx_word' id='word_1_891' title='bbox 2011 4756 2092 4809; x_wconf 89' lang='lat' dir='ltr'><strong>vis</strong></span> <span class='ocrx_word' id='word_1_892' title='bbox 2116 4755 2287 4809; x_wconf 88' lang='lat' dir='ltr'><strong>dicam</strong></span> <span class='ocrx_word' id='word_1_893' title='bbox 2332 4754 2446 4817; x_wconf 89' lang='lat' dir='ltr'><strong>tibi,</strong></span> <span class='ocrx_word' id='word_1_894' title='bbox 2480 4753 2610 4807; x_wconf 84' lang='lat' dir='ltr'><strong>Vive</strong></span> <span class='ocrx_word' id='word_1_895' title='bbox 2649 4752 2916 4822; x_wconf 90' lang='lat' dir='ltr'><strong>quomodo</strong></span> <span class='ocrx_word' id='word_1_896' title='bbox 2959 4751 3061 4818; x_wconf 89' lang='lat' dir='ltr'><strong>vis,</strong></span> <span class='ocrx_word' id='word_1_897' title='bbox 3094 4750 3349 4821; x_wconf 87' lang='lat' dir='ltr'><strong>Dominus</strong></span> <span class='ocrx_word' id='word_1_898' title='bbox 3393 4760 3443 4804; x_wconf 92' lang='lat' dir='ltr'><strong>te</strong></span> <span class='ocrx_word' id='word_1_899' title='bbox 3484 4765 3590 4802; x_wconf 92' lang='lat' dir='ltr'><strong>non</strong></span> 
     </span>
    </p>
   </div>
   <div class='ocr_carea' id='block_1_111' title="bbox 2012 4840 3595 4918">
    <p class='ocr_par' dir='ltr' id='par_1_111' title="bbox 2012 4840 3595 4918">
     <span class='ocr_line' id='line_1_111' title="bbox 2012 4840 3595 4918; baseline -0.007 -16"><span class='ocrx_word' id='word_1_900' title='bbox 2012 4847 2229 4918; x_wconf 88' lang='lat' dir='ltr'><strong>perdet?</strong></span> <span class='ocrx_word' id='word_1_901' title='bbox 2253 4846 2601 4901; x_wconf 90' lang='lat' dir='ltr'><strong>Securitatem</strong></span> <span class='ocrx_word' id='word_1_902' title='bbox 2644 4844 2739 4898; x_wconf 91' lang='lat' dir='ltr'><strong>tibi</strong></span> <span class='ocrx_word' id='word_1_903' title='bbox 2769 4853 3088 4913; x_wconf 85' lang='lat' dir='ltr'><strong>procurator</strong></span> <span class='ocrx_word' id='word_1_904' title='bbox 3123 4840 3273 4897; x_wconf 91' lang='lat' dir='ltr'><strong>dedit</strong></span> <span class='ocrx_word' id='word_1_905' title='bbox 3303 4858 3317 4896; x_wconf 90' lang='lat'><strong>:</strong></span> <span class='ocrx_word' id='word_1_906' title='bbox 3344 4840 3470 4893; x_wconf 90' lang='lat' dir='ltr'><strong>nihil</strong></span> <span class='ocrx_word' id='word_1_907' title='bbox 3502 4855 3595 4893; x_wconf 82' lang='lat' dir='ltr'><strong>va-</strong></span> 
     </span>
    </p>
   </div>
   <div class='ocr_carea' id='block_1_112' title="bbox 2013 4930 3591 5007">
    <p class='ocr_par' dir='ltr' id='par_1_112' title="bbox 2013 4930 3591 5007">
     <span class='ocr_line' id='line_1_112' title="bbox 2013 4930 3591 5007; baseline -0.008 -12"><span class='ocrx_word' id='word_1_908' title='bbox 2013 4942 2087 4995; x_wconf 90' lang='lat' dir='ltr'><strong>let</strong></span> <span class='ocrx_word' id='word_1_909' title='bbox 2106 4939 2362 4995; x_wconf 89' lang='lat' dir='ltr'><strong>securitas</strong></span> <span class='ocrx_word' id='word_1_910' title='bbox 2382 4936 2760 5007; x_wconf 91' lang='lat' dir='ltr'><strong>procuratoris.</strong></span> <span class='ocrx_word' id='word_1_911' title='bbox 2793 4933 3005 4990; x_wconf 84' lang='lat' dir='ltr'><strong>Utinam</strong></span> <span class='ocrx_word' id='word_1_912' title='bbox 3028 4933 3283 4988; x_wconf 84' lang='lat' dir='ltr'><strong>Dominus</strong></span> <span class='ocrx_word' id='word_1_913' title='bbox 3303 4931 3395 4986; x_wconf 88' lang='lat' dir='ltr'><strong>tibi</strong></span> <span class='ocrx_word' id='word_1_914' title='bbox 3418 4930 3591 4995; x_wconf 87' lang='lat' dir='ltr'><strong>daret,</strong></span> 
     </span>
    </p>
   </div>
   <div class='ocr_carea' id='block_1_113' title="bbox 2014 5026 3598 5104">
    <p class='ocr_par' dir='ltr' id='par_1_113' title="bbox 2014 5026 3598 5104">
     <span class='ocr_line' id='line_1_113' title="bbox 2014 5026 3598 5104; baseline -0.008 -15"><span class='ocrx_word' id='word_1_915' title='bbox 2014 5044 2194 5104; x_wconf 85' lang='lat' dir='ltr'><strong>cLego</strong></span> <span class='ocrx_word' id='word_1_916' title='bbox 2223 5042 2275 5088; x_wconf 92' lang='lat' dir='ltr'><strong>te</strong></span> <span class='ocrx_word' id='word_1_917' title='bbox 2309 5033 2594 5086; x_wconf 91' lang='lat' dir='ltr'><strong>sollicitum</strong></span> <span class='ocrx_word' id='word_1_918' title='bbox 2622 5030 2885 5085; x_wconf 85' lang='lat' dir='ltr'><strong>facerem!</strong></span> <span class='ocrx_word' id='word_1_919' title='bbox 2924 5027 3130 5084; x_wconf 91' lang='lat' dir='ltr'><strong>Domini</strong></span> <span class='ocrx_word' id='word_1_920' title='bbox 3161 5027 3302 5082; x_wconf 89' lang='lat' dir='ltr'><strong>enim</strong></span> <span class='ocrx_word' id='word_1_921' title='bbox 3333 5026 3598 5081; x_wconf 85' lang='lat' dir='ltr'><strong>securitas</strong></span> 
     </span>
    </p>
   </div>
   <div class='ocr_carea' id='block_1_114' title="bbox 2014 5116 3597 5191">
    <p class='ocr_par' dir='ltr' id='par_1_114' title="bbox 2014 5116 3597 5191">
     <span class='ocr_line' id='line_1_114' title="bbox 2014 5116 3597 5191; baseline -0.005 -14"><span class='ocrx_word' id='word_1_922' title='bbox 2014 5125 2177 5191; x_wconf 84' lang='lat' dir='ltr'><strong>valet,</strong></span> <span class='ocrx_word' id='word_1_923' title='bbox 2221 5123 2428 5178; x_wconf 88' lang='lat' dir='ltr'><strong>etiamsi</strong></span> <span class='ocrx_word' id='word_1_924' title='bbox 2464 5122 2666 5184; x_wconf 88' lang='lat' dir='ltr'><strong>nolim;</strong></span> <span class='ocrx_word' id='word_1_925' title='bbox 2710 5136 2829 5175; x_wconf 90' lang='lat' dir='ltr'><strong>mea</strong></span> <span class='ocrx_word' id='word_1_926' title='bbox 2881 5135 3010 5175; x_wconf 89' lang='lat' dir='ltr'><strong>vero</strong></span> <span class='ocrx_word' id='word_1_927' title='bbox 3038 5118 3172 5173; x_wconf 88' lang='lat' dir='ltr'><strong>nihil</strong></span> <span class='ocrx_word' id='word_1_928' title='bbox 3209 5117 3367 5182; x_wconf 87' lang='lat' dir='ltr'><strong>valet,</strong></span> <span class='ocrx_word' id='word_1_929' title='bbox 3419 5116 3463 5171; x_wconf 91' lang='lat' dir='ltr'><strong>si</strong></span> <span class='ocrx_word' id='word_1_930' title='bbox 3508 5117 3597 5170; x_wconf 89' lang='lat' dir='ltr'><strong>ille</strong></span> 
     </span>
    </p>
   </div>
   <div class='ocr_carea' id='block_1_115' title="bbox 2017 5209 3599 5281">
    <p class='ocr_par' dir='ltr' id='par_1_115' title="bbox 2017 5209 3599 5281">
     <span class='ocr_line' id='line_1_115' title="bbox 2017 5209 3599 5281; baseline -0.004 -11"><span class='ocrx_word' id='word_1_931' title='bbox 2017 5216 2267 5270; x_wconf 91' lang='lat' dir='ltr'><strong>noluerit.</strong></span> <span class='ocrx_word' id='word_1_932' title='bbox 2301 5215 2431 5281; x_wconf 73' lang='lat' dir='ltr'><strong>Qure</strong></span> <span class='ocrx_word' id='word_1_933' title='bbox 2477 5222 2560 5271; x_wconf 85' lang='lat' dir='ltr'><strong>est</strong></span> <span class='ocrx_word' id='word_1_934' title='bbox 2597 5223 2772 5267; x_wconf 88' lang='lat' dir='ltr'><strong>autem</strong></span> <span class='ocrx_word' id='word_1_935' title='bbox 2801 5212 3080 5278; x_wconf 88' lang='lat' dir='ltr'><strong>securitas,</strong></span> <span class='ocrx_word' id='word_1_936' title='bbox 3122 5209 3330 5277; x_wconf 89' lang='lat' dir='ltr'><strong>fratres,</strong></span> <span class='ocrx_word' id='word_1_937' title='bbox 3370 5209 3451 5264; x_wconf 83' lang='lat' dir='ltr'><strong>vel</strong></span> <span class='ocrx_word' id='word_1_938' title='bbox 3481 5223 3599 5263; x_wconf 87' lang='lat' dir='ltr'><strong>mea</strong></span> 
     </span>
    </p>
   </div>
   <div class='ocr_carea' id='block_1_116' title="bbox 2018 5302 3602 5371">
    <p class='ocr_par' dir='ltr' id='par_1_116' title="bbox 2018 5302 3602 5371">
     <span class='ocr_line' id='line_1_116' title="bbox 2018 5302 3602 5371; baseline -0.003 -12"><span class='ocrx_word' id='word_1_939' title='bbox 2018 5308 2101 5361; x_wconf 83' lang='lat' dir='ltr'><strong>vel</strong></span> <span class='ocrx_word' id='word_1_940' title='bbox 2128 5314 2325 5369; x_wconf 90' lang='lat' dir='ltr'><strong>vestra,</strong></span> <span class='ocrx_word' id='word_1_941' title='bbox 2367 5304 2468 5358; x_wconf 86' lang='lat' dir='ltr'><strong>nisi</strong></span> <span class='ocrx_word' id='word_1_942' title='bbox 2496 5314 2555 5359; x_wconf 77' lang='lat' dir='ltr'><strong>ut</strong></span> <span class='ocrx_word' id='word_1_943' title='bbox 2585 5303 2791 5358; x_wconf 91' lang='lat' dir='ltr'><strong>Domini</strong></span> <span class='ocrx_word' id='word_1_944' title='bbox 2823 5302 2969 5371; x_wconf 83' lang='lat' dir='ltr'><strong>jussa</strong></span> <span class='ocrx_word' id='word_1_945' title='bbox 3001 5302 3205 5357; x_wconf 88' lang='lat' dir='ltr'><strong>intente</strong></span> <span class='ocrx_word' id='word_1_946' title='bbox 3230 5310 3285 5356; x_wconf 89' lang='lat' dir='ltr'><strong>et</strong></span> <span class='ocrx_word' id='word_1_947' title='bbox 3320 5302 3602 5371; x_wconf 87' lang='lat' dir='ltr'><strong>diligenter</strong></span> 
     </span>
    </p>
   </div>
   <div class='ocr_carea' id='block_1_117' title="bbox 2019 5392 3602 5465">
    <p class='ocr_par' dir='ltr' id='par_1_117' title="bbox 2019 5392 3602 5465">
     <span class='ocr_line' id='line_1_117' title="bbox 2019 5392 3602 5465; baseline -0.004 -13"><span class='ocrx_word' id='word_1_948' title='bbox 2019 5398 2315 5458; x_wconf 89' lang='lat' dir='ltr'><strong>audiamus.</strong></span> <span class='ocrx_word' id='word_1_949' title='bbox 2347 5406 2401 5451; x_wconf 89' lang='lat' dir='ltr'><strong>et</strong></span> <span class='ocrx_word' id='word_1_950' title='bbox 2436 5396 2696 5465; x_wconf 89' lang='lat' dir='ltr'><strong>promissa</strong></span> <span class='ocrx_word' id='word_1_951' title='bbox 2729 5393 2956 5447; x_wconf 87' lang='lat' dir='ltr'><strong>ﬁdeliter</strong></span> <span class='ocrx_word' id='word_1_952' title='bbox 2982 5393 3392 5462; x_wconf 81' lang='lat' dir='ltr'><strong>exSpectcmus?</strong></span> <span class='ocrx_word' id='word_1_953' title='bbox 3425 5393 3480 5447; x_wconf 84' lang='lat' dir='ltr'><strong>In</strong></span> <span class='ocrx_word' id='word_1_954' title='bbox 3520 5392 3602 5446; x_wconf 89' lang='lat' dir='ltr'><strong>his</strong></span> 
     </span>
    </p>
   </div>
   <div class='ocr_carea' id='block_1_118' title="bbox 2022 5484 3599 5558">
    <p class='ocr_par' dir='ltr' id='par_1_118' title="bbox 2022 5484 3599 5558">
     <span class='ocr_line' id='line_1_118' title="bbox 2022 5484 3599 5558; baseline -0.003 -15"><span class='ocrx_word' id='word_1_955' title='bbox 2022 5489 2305 5558; x_wconf 86' lang='lat' dir='ltr'><strong>fatigamur</strong></span> <span class='ocrx_word' id='word_1_956' title='bbox 2320 5488 2362 5552; x_wconf 85' lang='grc'><em>³,</em></span> <span class='ocrx_word' id='word_1_957' title='bbox 2403 5488 2523 5557; x_wconf 89' lang='lat' dir='ltr'><strong>quia</strong></span> <span class='ocrx_word' id='word_1_958' title='bbox 2552 5486 2794 5541; x_wconf 88' lang='lat' dir='ltr'><strong>homines</strong></span> <span class='ocrx_word' id='word_1_959' title='bbox 2821 5500 3004 5539; x_wconf 89' lang='lat' dir='ltr'><strong>sumus</strong></span> <span class='ocrx_word' id='word_1_960' title='bbox 3033 5502 3046 5539; x_wconf 87' lang='lat'><strong>:</strong></span> <span class='ocrx_word' id='word_1_961' title='bbox 3074 5485 3238 5555; x_wconf 90' lang='lat' dir='ltr'><strong>ipsius</strong></span> <span class='ocrx_word' id='word_1_962' title='bbox 3276 5484 3599 5554; x_wconf 73' lang='lat' dir='ltr'><strong>adiutorium</strong></span> 
     </span>
    </p>
   </div>
   <div class='ocr_carea' id='block_1_119' title="bbox 2088 5575 2919 5640">
    <p class='ocr_par' dir='ltr' id='par_1_119' title="bbox 2088 5575 2919 5640">
     <span class='ocr_line' id='line_1_119' title="bbox 2088 5575 2919 5640; baseline -0.006 -12"><span class='ocrx_word' id='word_1_963' title='bbox 2088 5585 2103 5613; x_wconf 76' lang='grc' dir='ltr'><strong><em>ι</em></strong></span> <span class='ocrx_word' id='word_1_964' title='bbox 2129 5587 2201 5629; x_wconf 75' lang='grc' dir='ltr'><strong>διο</strong></span> <span class='ocrx_word' id='word_1_965' title='bbox 2223 5586 2329 5628; x_wconf 81' lang='lat' dir='ltr'><strong>Mss.</strong></span> <span class='ocrx_word' id='word_1_966' title='bbox 2356 5585 2411 5627; x_wconf 82' lang='lat' dir='ltr'><strong>At</strong></span> <span class='ocrx_word' id='word_1_967' title='bbox 2434 5578 2567 5640; x_wconf 82' lang='lat' dir='ltr'><strong>editi,</strong></span> <span class='ocrx_word' id='word_1_968' title='bbox 2585 5575 2794 5640; x_wconf 77' lang='lat' dir='ltr'><strong>graviter</strong></span> <span class='ocrx_word' id='word_1_969' title='bbox 2815 5586 2919 5625; x_wconf 82' lang='lat' dir='ltr'><strong>nos.</strong></span> 
     </span>
    </p>
   </div>
   <div class='ocr_carea' id='block_1_120' title="bbox 2086 5633 3604 5701">
    <p class='ocr_par' dir='ltr' id='par_1_120' title="bbox 2086 5633 3604 5701">
     <span class='ocr_line' id='line_1_120' title="bbox 2086 5633 3604 5701; baseline -0.003 -12"><span class='ocrx_word' id='word_1_970' title='bbox 2086 5645 2105 5674; x_wconf 76' lang='grc' dir='ltr'><strong>ι</strong></span> <span class='ocrx_word' id='word_1_971' title='bbox 2131 5642 2265 5701; x_wconf 63' lang='lat' dir='ltr'><strong>aliti,</strong></span> <span class='ocrx_word' id='word_1_972' title='bbox 2284 5633 2647 5690; x_wconf 57' lang='lat' dir='ltr'><strong>detractoribus.</strong></span> <span class='ocrx_word' id='word_1_973' title='bbox 2667 5639 2940 5687; x_wconf 76' lang='lat' dir='ltr'><strong>Victorinus</strong></span> <span class='ocrx_word' id='word_1_974' title='bbox 2959 5636 3134 5697; x_wconf 84' lang='lat' dir='ltr'><strong>codex,</strong></span> <span class='ocrx_word' id='word_1_975' title='bbox 3158 5633 3504 5699; x_wconf 64' lang='lat' dir='ltr'><strong>deceptoﬁbas.</strong></span> <span class='ocrx_word' id='word_1_976' title='bbox 3519 5634 3604 5685; x_wconf 66' lang='lat' dir='ltr'><strong>alii</strong></span> 
     </span>
    </p>
   </div>
   <div class='ocr_carea' id='block_1_121' title="bbox 2025 5700 3123 5765">
    <p class='ocr_par' dir='ltr' id='par_1_121' title="bbox 2025 5700 3123 5765">
     <span class='ocr_line' id='line_1_121' title="bbox 2025 5700 3123 5765; baseline -0.012 -11"><span class='ocrx_word' id='word_1_977' title='bbox 2025 5712 2151 5754; x_wconf 53' lang='lat' dir='ltr'><strong>Mssa.</strong></span> <span class='ocrx_word' id='word_1_978' title='bbox 2178 5703 2238 5750; x_wconf 85' lang='lat' dir='ltr'><strong>de</strong></span> <span class='ocrx_word' id='word_1_979' title='bbox 2261 5700 2568 5765; x_wconf 69' lang='lat' dir='ltr'><strong>temporibus.</strong></span> <span class='ocrx_word' id='word_1_980' title='bbox 2701 5762 2713 5765; x_wconf 30' lang='grc' dir='ltr'><strong>Α</strong></span> <span class='ocrx_word' id='word_1_981' title='bbox 2762 5760 2773 5765; x_wconf 86' lang='lat'><strong>_</strong></span> <span class='ocrx_word' id='word_1_982' title='bbox 3118 5726 3123 5741; x_wconf 69' lang='grc' dir='ltr'><strong><em>ς</em></strong></span> 
     </span>
    </p>
   </div>
   <div class='ocr_carea' id='block_1_122' title="bbox 2091 5738 3605 5828">
    <p class='ocr_par' dir='ltr' id='par_1_122' title="bbox 2091 5738 3605 5828">
     <span class='ocr_line' id='line_1_122' title="bbox 2091 5738 3605 5828; baseline -0.005 -14"><span class='ocrx_word' id='word_1_983' title='bbox 2685 5760 2969 5828; x_wconf 73' lang='lat' dir='ltr'><strong>fatigamur.</strong></span> <span class='ocrx_word' id='word_1_984' title='bbox 3003 5767 3062 5811; x_wconf 80' lang='grc' dir='ltr'><strong>Αι</strong></span> <span class='ocrx_word' id='word_1_985' title='bbox 3083 5738 3188 5811; x_wconf 72' lang='lat' dir='ltr'><strong>Mss.</strong></span> <span class='ocrx_word' id='word_1_986' title='bbox 3210 5759 3299 5820; x_wconf 62' lang='grc' dir='ltr'><strong>,ἐκ</strong></span> <span class='ocrx_word' id='word_1_987' title='bbox 3327 5757 3403 5808; x_wconf 72' lang='lat' dir='ltr'><strong>Itis</strong></span> <span class='ocrx_word' id='word_1_988' title='bbox 3431 5756 3605 5822; x_wconf 74' lang='lat' dir='ltr'><strong>fatiga-</strong></span> 
     </span>
    </p>
   </div>
  </div>
