3994 6450
507 347 613 405 247

496 466 872 536 'imploremus,
904 464 972 521 ad
1009 463 1153 520 illum
1195 465 1621 536 ingemiscamus.
1653 466 1847 524 Preces
1892 479 2090 527 nostra:

504 572 610 611 non
626 557 731 612 sint
748 571 844 627 pro
868 558 1030 613 rebus
1050 554 1395 614 saecularibus
1424 561 1890 629 praetereuntibus,
1918 572 2095 617 trans-

502 650 696 716 itoriis,
725 658 780 705 et
827 651 941 705 vice
966 651 1180 721 vaporis
1205 653 1644 710 evanescentibus
1677 673 1690 709 :
1717 654 1810 709 sed
1838 656 1944 710 sint
1969 671 2091 726 pre-

501 755 593 798 ces
632 751 828 797 nostra:
855 758 952 812 pro
981 743 1093 814 ipsa
1138 743 1410 814 implenda
1432 744 1655 815 justitia,
1693 754 1749 802 et
1784 748 2087 802 sanctiﬁca-

499 824 647 887 tione
678 840 772 901 pro
795 833 1010 888 nomine
1042 832 1132 889 Dei
1160 851 1173 889 :
1207 847 1312 889 non
1342 832 1448 905 pro
1476 836 1738 892 vincendo
1763 837 1960 906 vicino,
1992 838 2087 893 sed

496 938 598 993 pro
634 924 892 981 vincenda
946 925 1161 982 libidine
1191 945 1206 981 :
1239 942 1343 982 non
1380 943 1477 998 pro
1511 929 1743 984 sananda
1771 944 1953 992 carne,
1990 930 2083 986 sed

494 1031 597 1084 pro
623 1015 885 1072 domanda
907 1018 923 1048 ¹
952 1017 1193 1072 avaritia.
1226 1017 1360 1073 Hinc
1392 1020 1499 1073 sint
1527 1018 1721 1090 preces
1735 1031 1930 1076 nostrae
1954 1038 1968 1074 :
1996 1023 2082 1076 in-

494 1105 583 1175 jus
612 1123 709 1164 nos
735 1110 989 1180 adjuvent
1011 1111 1291 1177 luctantes,
1315 1119 1372 1165 ut
1397 1124 1655 1168 coronent
1681 1113 1972 1170 vincentes.

1008 1246 1238 1304 SERMO
1275 1247 1391 1303 XLI
1410 1247 1426 1265 '
1458 1247 1555 1321 (a).

508 1376 570 1432 9e
597 1396 658 1434 eo
682 1380 818 1451 quod
853 1382 1096 1452 scriptum
1125 1392 1200 1436 est
1224 1381 1561 1438 Ecclesiastici
1587 1398 1725 1450 χιιι,
1758 1384 1849 1450 28,
1891 1384 2073 1440 Fidem

562 1471 779 1541 piis‘side
818 1487 939 1527 cum
977 1474 1220 1543 proximo
1260 1474 1312 1529 in
1355 1484 1667 1546 paupertate
1708 1477 1893 1547 ipsius,
1930 1485 1985 1532 ut
2022 1487 2076 1533 et

561 1563 717 1618 honis
745 1562 862 1633 ejus
893 1563 1201 1635 perfruaris.

564 1702 613 1753 ι.
664 1677 835 1755 Fides
857 1700 1019 1755 amico
1067 1701 1121 1755 in
1160 1702 1270 1771 ejus
1306 1711 1601 1772 paupertate
1643 1702 1909 1758 seruanda.
1938 1703 2070 1758 Cum

486 1772 686 1848 divina:
749 1793 1036 1864 Scripturae
1095 1793 1428 1865 legerentur,
1462 1795 1533 1851 de
1574 1811 1797 1866 quarum
1858 1806 2072 1853 senten-

487 1884 574 1937 tiis
642 1884 888 1940 omnibus
947 1900 1088 1941 nunc
1153 1886 1295 1958 loqui
1364 1901 1469 1941 non
1524 1888 1782 1955 valemus,
1831 1889 2070 1944 animad-

484 1976 617 2030 verti
657 1990 815 2035 unam
846 1977 1186 2044 Sententiam,
1228 1977 1510 2033 verborum
1551 1995 1774 2035 numero
1820 1979 2069 2035 brevissi-

485 2080 663 2131 mam,
720 2065 957 2135 pondere
1006 2077 1183 2121 autem
1233 2082 1421 2123 sensus
1463 2070 1876 2139 amplissimam,
1926 2070 2068 2127 unde

481 2159 639 2227 elegi,
678 2158 966 2228 adjuvante
1014 2159 1264 2224 Domino,
1312 2162 1436 2215 huic
1475 2168 1635 2216 tantae
1682 2163 2065 2232 exspectationi

478 2249 765 2306 Charitatis
787 2260 996 2316 vestrm,
1018 2266 1118 2322 pro
1144 2252 1334 2307 virium
1368 2262 1670 2307 nostrarum
1699 2254 2065 2310 mediocritate

478 2339 702 2407 servire,
744 2348 799 2394 et
842 2340 1143 2396 ministrare
1191 2341 1342 2397 vobis
1384 2342 1454 2398 de
1498 2341 1715 2397 cellario
1764 2342 2061 2412 Dominico,

479 2430 621 2487 unde
659 2440 716 2487 et
747 2448 846 2502 ego
872 2433 1142 2489 vobiscum
1169 2434 1309 2488 vivo.
1339 2434 1464 2489 llaec
1501 2450 1629 2505 ergo
1665 2437 1929 2491 sententia
1957 2447 2059 2500 est,

474 2521 544 2576 de
558 2537 662 2592 qua
682 2522 873 2592 loquor
901 2541 913 2577 :
943 2523 1118 2577 Fidem
1146 2525 1346 2595 posside
1381 2541 1495 2579 cum
1517 2526 1747 2596 proximo
1769 2527 1823 2580 in
1844 2543 2063 2598 pauper-

474 2621 576 2667 tate
601 2614 780 2684 ipsius,
798 2621 916 2667 utet
936 2612 1078 2668 bonis
1096 2615 1207 2685 ejus
1227 2614 1526 2684 perfruaris.
1557 2615 1893 2685 Accipiamus
1923 2616 2062 2673 hanc

472 2705 700 2774 primum
730 2714 786 2760 ut
808 2705 1016 2761 videtur
1034 2720 1229 2761 sonare
1254 2707 1586 2776 simpliciter,
1610 2716 1668 2761 ιιι
1690 2723 1810 2762 eam
1837 2718 2060 2780 possunt

472 2797 766 2869 intelligere
793 2813 1004 2866 omnes,
1032 2799 1191 2854 etiam
1214 2799 1305 2869 qui
1333 2799 1476 2854 nulla
1504 2800 1896 2870 Scripturarnm
1925 2802 2060 2857 divi-

470 2902 659 2943 narum
711 2891 1001 2945 secretiora
1049 2888 1329 2944 rimantur.
1380 2889 1585 2956 Fidem,
1629 2891 1818 2962 inquit,
1858 2893 2060 2963 posside

468 2993 583 3031 cum
615 2979 844 3048 proximo
874 2979 927 3034 in
958 2967 1456 3050 paupertateipsius,
1491 2990 1544 3033 ut
1568 2989 1615 3035 et
1643 2981 1784 3036 bouis
1807 2984 1916 3053 ejus
1937 3001 2056 3053 per-

467 3067 676 3136 fruaris.
714 3066 910 3122 Verum
948 3076 1051 3134 est,
1093 3069 1281 3139 inquit,
1324 3070 1415 3140 qui
1449 3071 1762 3142 simpliciter
1804 3073 2051 3130 audivit:

467 3157 680 3226 quando
708 3158 911 3213 amicus
952 3174 1153 3230 pauper
1176 3169 1280 3226 est,
1321 3176 1426 3216 non
1469 3163 1518 3218 ei
1546 3161 1834 3233 frangenda
1876 3177 1958 3221 est
1989 3169 2053 3222 ﬁ-

464 3248 591 3313 des;
627 3250 1043 3319 permanendum
1073 3267 1194 3307 cum
1225 3252 1316 3308 illo
1339 3261 1441 3320 est,
1470 3269 1568 3309 nec
1590 3257 1838 3312 mutanda
1863 3261 2051 3316 amici-

464 3339 538 3394 tia
580 3339 828 3399 facultate
874 3352 1107 3406 mutata;
1146 3343 1240 3399 sed
1280 3345 1543 3403 servanda
1583 3346 1735 3413 ﬁdes,
1781 3350 2053 3411 voluntate

465 3431 694 3487 ﬁrmata.
728 3433 947 3488 Amicus
969 3434 1113 3489 enim
1145 3450 1314 3502 meus,
1345 3436 1389 3491 si
1416 3453 1539 3493 cum
1560 3438 1708 3495 dives
1726 3451 1888 3509 esset,
1917 3460 2050 3501 ami-

461 3534 558 3574 cns
597 3521 725 3585 fuit;
757 3537 878 3578 cum
912 3539 1112 3595 pauper
1135 3534 1244 3592 est,
1270 3527 1474 3583 amicus
1512 3544 1618 3583 non
1660 3540 1776 3595 est;
1801 3549 1905 3589 non
1936 3536 2049 3605 ipse

461 3610 596 3665 mihi
626 3613 850 3679 amicus,
892 3613 985 3669 sed
1015 3631 1204 3670 aurum
1244 3616 1361 3687 ejus
1392 3615 1513 3672 fuit.
1545 3617 1601 3674 Si
1638 3631 1815 3677 autem
1845 3626 2046 3683 amicus

458 3717 613 3758 meus
643 3703 757 3774 ipse
786 3704 946 3760 homo
976 3706 1099 3774 fuit;
1129 3716 1183 3764 et
1222 3720 1474 3767 manente
1497 3728 1647 3779 auro,
1671 3725 1725 3769 et
1764 3718 2045 3776 recedente

455 3809 610 3862 auro,
632 3794 745 3865 ipse
772 3807 854 3851 est
881 3799 967 3867 qui
995 3798 1090 3853 fuit
1115 3816 1129 3853 :
1153 3815 1320 3871 quare
1344 3817 1472 3873 ergo
1501 3804 1659 3859 modo
1685 3821 1789 3862 non
1820 3809 1888 3863 sit
1906 3811 2041 3865 ami-

453 3905 570 3957 cus,
601 3891 690 3961 qui
720 3900 773 3945 et
809 3891 856 3948 si
890 3892 1116 3963 perdidit
1145 3893 1476 3962 thesaurum,
1506 3912 1609 3952 non
1644 3901 1880 3968 perdidit
1917 3906 2039 3958 ani-

453 3980 641 4034 muin?
681 3981 887 4050 Equum
932 3983 977 4037 si
1023 3998 1280 4049 emerem,
1322 3986 1572 4042 detractis
1611 3994 1944 4048 ornamentis
1986 4006 2040 4054 et

452 4077 641 4134 strato,
670 4070 866 4124 nudum
896 4072 1028 4127 forte
1068 4088 1172 4127 non
1200 4075 1567 4144 despicerem;
1599 4088 1655 4135 et
1678 4083 1883 4138 amicus
1907 4087 2051 4142 mibi-

450 4159 674 4213 vestitus
690 4160 908 4231 placuit,
928 4163 1252 4233 exSpoliatus
1272 4164 1556 4235 displicet?
1584 4169 1726 4226 Bene
1749 4187 1877 4244 ergo
1902 4191 2038 4245 prm-

449 4249 581 4320 cipit
615 4249 892 4322 Scriptura
929 4254 1128 4323 divina,
1160 4257 1447 4315 salubriter
1475 4263 1693 4317 omnino
1731 4273 1786 4320 et
1825 4282 2036 4324 accom-

449 4339 812 4399 modatissime
851 4344 1086 4402 moribus
1125 4346 1423 4418 hominum,
1463 4349 1647 4408 Fidem
1682 4357 1881 4425 posside
1917 4375 2033 4415 cum

446 4432 680 4501 proximo
706 4443 790 4488 tuo
815 4435 869 4489 in
897 4446 1190 4507 paupertate
1209 4439 1390 4509 ipsius.

517 4519 573 4576 2.
618 4520 732 4586 Qua
772 4540 862 4593 spe
899 4526 1144 4581 servanda
1166 4527 1292 4596 fides
1319 4531 1482 4584 amico
1519 4534 1749 4604 pauperi.
1776 4566 1848 4577 -—
1879 4538 1947 4594 Ut
1983 4549 2031 4594 et

445 4606 590 4666 bouis
613 4613 723 4682 ejus
747 4617 1043 4686 perfruaris.
1064 4616 1199 4686 Quid
1231 4621 1396 4691 ergo?
1416 4624 1731 4681 accedentes
1754 4627 1821 4682 ad
1852 4640 2030 4699 poste-

441 4704 642 4760 riorem
681 4718 887 4775 partem
933 4709 1090 4778 hujus
1127 4714 1426 4781 sententiae,
1460 4716 1618 4773 talem
1654 4721 2025 4789 cogitationem

444 4795 760 4855 habebimus
800 4801 867 4856 de
892 4803 1086 4868 amico,
1130 4813 1184 4860 ut
1213 4805 1452 4862 dicamus
1488 4810 1677 4865 nobis:
1706 4813 2024 4874 Manendum

439 4898 525 4946 est
550 4905 671 4946 cum
706 4892 798 4948 illo
827 4901 882 4947 et
923 4895 1184 4951 servanda
1227 4898 1300 4952 illi
1342 4898 1474 4955 ﬁdes
1512 4910 1596 4956 est
1633 4904 1684 4958 in
1715 4917 2026 4977 paupertate

444 4981 586 5052 ejus,
622 4992 682 5038 ut
722 4992 777 5039 et
815 4984 968 5041 bonis
1007 4987 1125 5059 ejus
1160 4989 1530 5059 perfruamur?
1556 4995 1673 5051 Erit
1705 4999 1846 5053 enim
1874 5001 2023 5059 dives

440 5072 531 5144 qui
560 5074 723 5132 modo
752 5092 952 5146 pauper
979 5087 1082 5144 est,
1120 5089 1175 5135 et
1214 5097 1318 5137 non
1363 5092 1412 5138 te
1437 5084 1681 5143 admittet
1708 5089 1775 5144 ad
1811 5093 2022 5150 divitias

438 5181 584 5229 suas,
629 5168 781 5238 cujus
830 5182 1193 5241 paupertatem
1236 5178 1501 5245 superbus
1544 5191 1698 5238 antea
1749 5184 2017 5245 fastidisti.

438 5257 658 5315 Posside
676 5276 804 5331 ergo
829 5278 949 5318 cum
973 5265 1063 5321 illo
1094 5265 1270 5334 ﬁdem,
1293 5270 1451 5326 etiam
1472 5288 1591 5328 cum
1616 5291 1813 5345 pauper
1826 5289 1929 5345 est,
1962 5290 2021 5338 ut

438 5357 494 5401 et
520 5348 672 5404 bonis
698 5352 814 5421 ejus
840 5355 1149 5426 perfruaris,
1180 5360 1390 5428 quando
1427 5362 1500 5418 illi
1530 5370 1851 5425 accesserint
1878 5371 2014 5428 divi-

436 5504 1464 5658 ﬁeifiézifﬂs’é’éew
1501 5583 1645 5658 editis
1675 5586 1784 5658 ams
1813 5593 1868 5638 ει
1900 5595 2010 5658 ms=

429 5629 829 5740 B“gnueeensltus
847 5632 910 5682 ad
937 5629 1247 5690 Petavianum
1281 5629 1347 5693 et
1360 5629 1647 5697 victoria—uia
1676 5629 2013 5709 Eretumad

492 5771 565 5834 (a)
600 5771 740 5834 Alias,
770 5774 818 5826 ll
849 5788 908 5829 ex
934 5780 1284 5836 Sirmandianis.

1742 352 1798 409 S.
1846 353 2211 414 AUGUSTINI
2251 360 2551 425 EPISCOPI

3677 395 3781 456 248

2200 477 2309 542 ti:e,
2349 488 2405 535 et
2440 497 2560 538 cum
2592 485 2683 540 illo
2719 489 2949 562 gaudeas
2978 494 3031 551 in
3061 497 3159 555 eis.
3190 499 3412 563 Posside
3439 520 3562 563 cum
3601 508 3697 567 illo
3722 514 3783 568 tl-

2197 566 2319 664 dem
2352 587 2367 626 :
2397 588 2598 646 pauper
2623 589 2735 651 ,est,
2776 585 2872 640 sed
2916 602 3159 660 magnam
3192 596 3583 664 possessionem
3619 566 3779 663 habet

2196 657 2377 718 ﬁdem.
2400 664 2507 758 Qui
2538 672 2759 737 parabas
2781 690 2901 731 cum
2930 657 3025 736 illo
3040 691 3094 737 et
3120 657 3335 744 solebas
3364 691 3638 758 possidere

2194 764 2328 819 ram,
2366 755 2411 808 si
2457 756 2677 816 haberet
2724 773 2940 835 terram,
2993 788 3152 842 quam
3200 778 3545 847 possideretis
3593 785 3772 854 simul,

2191 852 2388 911 quanto
2406 847 2610 907 ﬁrmius
2626 870 2746 910 cum
2774 858 2864 912 illo
2886 863 3124 930 possides
3147 866 3301 923 ﬁdem
3318 871 3341 923 ?
3358 871 3499 927 Talis
3523 884 3605 930 est
3629 877 3769 933 enim

2191 929 2326 988 forte
2361 939 2562 995 amicus
2594 951 2736 1009 tuus,
2767 955 2824 1001 ut
2862 929 2911 1003 ei
2947 954 3112 1020 possit
3139 944 3331 1026 aliquis
3372 960 3646 1031 improbus
3671 983 3769 1022 au-

2189 1022 2330 1080 ferre
2356 1033 2746 1098 possessionem
2781 1055 2793 1091 :
2823 1044 3078 1112 numquid
3113 1050 3307 1116 poterit
3336 1051 3546 1109 auferre
3570 1055 3770 1111 iidem?

2185 1113 2322 1180 Quid
2348 1128 2429 1173 est
2458 1137 2604 1192 ergo,
2638 1125 2706 1180 Ut
2729 1139 2776 1181 et
2797 1131 2936 1185 bonis
2954 1135 3062 1203 ejus
3087 1113 3366 1208 perfruaris
3382 1143 3408 1196 .’
3431 1142 3622 1215 Utique
3646 1149 3763 1217 quia

2184 1220 2249 1259 ex
2291 1223 2519 1280 paupere
2552 1219 2744 1284 poterit
2789 1221 2899 1276 ﬁeri
2939 1224 3107 1294 dives,
3157 1239 3210 1284 et
3242 1232 3527 1300 perfrueris
3568 1238 3762 1296 divitiis

2182 1295 2318 1366 ejus,
2350 1302 2469 1370 quia
2496 1306 2613 1375 ejus
2642 1322 3002 1381 paupertatem
3034 1335 3139 1374 non
3166 1336 3480 1393 aspernatus
3503 1344 3584 1386 es.

2249 1389 2305 1442 5.
2372 1390 2496 1447 Non
2556 1413 2646 1467 spe
2703 1414 2922 1458 ventura:
2979 1408 3077 1477 ipsi
3136 1389 3391 1483 felicitatis
3449 1424 3739 1491 temporalis

2178 1478 2333 1539 Prior
2362 1488 2573 1556 quidem
2604 1507 2724 1561 pars
2754 1500 3029 1555 sententiae
3065 1501 3240 1574 liujns,
3283 1510 3572 1567 secundum
3601 1514 3752 1573 istum

2177 1576 2499 1634 intellectum
2530 1586 2858 1655 popularem,
2885 1592 3058 1661 placet
3075 1596 3200 1650 mihi
3232 1617 3244 1652 :
3268 1603 3532 1669 posterior
3558 1614 3751 1669 tamen,

2175 1665 2365 1737 fateor,
2400 1670 2619 1728 ollendit
2659 1691 2763 1731 me.
2800 1677 2856 1733 Si
2904 1682 3046 1737 enim
3087 1665 3364 1756 propterea
3406 1708 3591 1749 manes
3633 1711 3751 1753 cum

2173 1758 2347 1813 amico
2380 1760 2432 1814 in
2461 1776 2766 1834 paupertate
2789 1771 2924 1840 ejus,
2949 1782 3231 1845 utquando
3258 1780 3406 1837 dives
3433 1783 3608 1852 fuerit,
3632 1803 3755 1859 per-

2173 1844 2365 1905 fruaris
2397 1852 2594 1910 divitiis
2636 1859 2783 1928 ejus;
2829 1864 3002 1921 adliuc
3041 1884 3145 1923 non
3190 1873 3440 1943 amicum,
3485 1879 3579 1934 sed
3612 1883 3752 1938 aliud

2170 1939 2371 2011 aliquid
2404 1961 2551 2001 amas
2581 1950 2845 2033 inamico.
2879 1957 3037 2014 Fides
3064 1970 3119 2015 et
3141 1978 3263 2033 spes
3293 1939 3624 2027 dua-amice
3653 1975 3753 2029 bo-

2171 2044 2254 2085 na:
2278 2043 2418 2099 sunt,
2441 2044 2494 2090 ct
2519 2027 2686 2109 major
2708 2043 2789 2098 his
2804 2046 3052 2104 cliaritas.
3082 2027 3305 2121 Manent,
3337 2060 3504 2131 inquit
3522 2065 3753 2134 Aposto-

2168 2121 2268 2187 lus,
2299 2126 2396 2179 tria
2422 2128 2549 2195 Iurc,
2576 2132 2717 2201 ﬁdes,
2751 2152 2865 2205 spes
2890 2149 2936 2193 et
2964 2141 3185 2198 Charitas
3202 2162 3223 2212 ;
3259 2121 3423 2220 major
3456 2121 3622 2210 autem
3652 2159 3750 2214 Ita-

2165 2229 2279 2268 rum
2306 2226 2378 2271 est
2402 2219 2622 2278 Charitas
2644 2241 2663 2279 :
2681 2232 2941 2285 sectamini
2972 2234 3265 2294 clraritatem
3291 2219 3471 2314 (IFCor.
3506 2264 3622 2314 xm,
3652 2253 3741 2320 l5,

2168 2322 2282 2370 xrv,
2308 2310 2386 2379 l).
2424 2311 2700 2388 Interrogo
2742 2336 2871 2392 ergo
2899 2327 3125 2384 amicum
3156 2330 3224 2388 de
3248 2310 3439 2395 amico.
3474 2339 3566 2395 Dic
3594 2310 3745 2408 mihi,

2164 2396 2389 2457 obsecro
2434 2411 2503 2468 te,
2536 2403 2692 2462 ﬁdem
2738 2414 2979 2480 possides
3024 2434 3145 2475 cum
3196 2424 3296 2480 isto
3348 2428 3398 2482 in
3439 2396 3747 2501 paupertate

2164 2490 2318 2557 ejus?
2347 2492 2542 2561 .Plane,
2576 2496 2784 2569 inquit:
2815 2507 2989 2562 audivi
3019 2512 3159 2566 enim
3189 2515 3289 2571 hoc
3328 2518 3379 2573 in
3411 2537 3559 2577 sacra
3591 2525 3739 2583 Scri-

2165 2590 2336 2648 ptura,
2370 2592 2423 2638 et
2442 2590 2811 2647 commendavi
2836 2598 2982 2653 cordi
3014 2616 3154 2668 meo,
3182 2613 3235 2660 et
3265 2608 3317 2662 in
3339 2615 3593 2669 memoria
3625 2632 3744 2674 mea

2162 2673 2409 2740 reposui;
2439 2675 2612 2732 libens
2652 2684 2854 2749 recolo,
2904 2686 3155 2746 libentius
3184 2693 3339 2751 facio.
3382 2700 3568 2757 Audivi
3600 2707 3743 2763 enim

2161 2776 2403 2823 sanctum
2430 2772 2668 2840 verbum,
2700 2775 2884 2832 Fidem
2906 2785 3107 2851 posside
3134 2804 3247 2841 cum
3280 2793 3509 2859 proximo
3534 2796 3584 2849 in
3609 2816 3743 2867 pau-

2161 2867 2353 2925 pertate
2385 2860 2564 2930 ipsius.
2611 2864 2679 2919 Et
2707 2881 2808 2937 ego
2838 2888 2850 2922 :
2880 2872 3055 2939 Quare
3085 2875 3187 2932 hoc
3228 2879 3396 2936 facis?
3433 2900 3498 2939 an
3526 2860 3744 2959 propter

2160 2946 2286 3001 illud
2312 2950 2451 3019 quod
2479 2954 2735 3024 sequitur,
2776 2957 2843 3013 Ut
2875 2971 2921 3015 et
2953 2962 3098 3018 bonis
3132 2969 3240 3039 ejus
3265 2946 3578 3043 perfruarii?
3602 2946 3742 3046 Quid

2158 3053 2287 3109 ergo
2314 3047 2632 3113 exspectas?
2673 3047 2743 3104 Ut
2779 3053 3012 3121 quando,
3055 3057 3241 3128 inquit,
3285 3061 3434 3119 dives
3475 3066 3650 3137 luerit,
3682 3081 3740 3128 et

2158 3129 2296 3185 bona
2329 3139 2671 3206 accesserint,
2699 3143 2943 3200 admittat
2967 3164 3052 3204 me
3076 3151 3142 3205 ad
3173 3152 3310 3209 bona
3336 3172 3449 3223 sua,
3478 3162 3597 3231 quia
3628 3180 3737 3222 non

2156 3221 2384 3278 fastidivi
2413 3228 2548 3281 mala
2576 3230 2761 3300 ipsius.
2786 3235 2976 3293 Patere
3001 3255 3128 3311 ergo
3156 3242 3329 3300 adhuc
3350 3221 3443 3304 me?
3462 3221 3736 3319 paululum

2157 3311 2592 3387 interrogantem.
2624 3321 2783 3391 Quid,
2814 3327 2858 3380 si
2880 3327 3000 3395 iste,
3030 3345 3151 3387 cum
3181 3350 3286 3405 quo
3311 3353 3545 3409 paupere
3572 3346 3739 3412 possi-

2152 3402 2249 3459 des
2277 3406 2457 3475 ﬁdem,
2480 3426 2748 3483 nunquam
2773 3418 2875 3473 erit
2899 3418 3089 3477 dives?
3113 3402 3270 3493 Quid,
3294 3402 3339 3483 si
3365 3402 3736 3502 patiper'iutu—

2151 3509 2243 3549 rus
2267 3508 2349 3552 est
2384 3516 2550 3570 usque
2583 3504 2648 3559 ad
2690 3511 2957 3565 mortem?
2985 3512 3129 3570 Perit
3172 3518 3324 3586 ﬁdes,
3357 3524 3478 3592 quia
3504 3525 3731 3598 decepta

2148 3597 2230 3641 est
2265 3592 2423 3659 spes?
2442 3595 2573 3661 Quia
2614 3613 2717 3652 non
2752 3604 2952 3668 poteris
2979 3620 3164 3661 aurum
3195 3613 3467 3679 possidere
3494 3632 3611 3671 cum
3640 3621 3731 3675 di-

2149 3681 2276 3743 vite,
2304 3683 2580 3750 pmnitebit
2617 3697 2666 3742 te
2695 3689 2851 3745 ﬁdem
2884 3680 3187 3762 possedisse
3214 3716 3333 3755 cum
3365 3711 3633 3775 paupere?
3671 3712 3731 3770 Si

2146 3771 2285 3839 sapit
2322 3772 2631 3844 humanum,
2664 3779 2772 3834 imo
2800 3783 2846 3836 si
2883 3787 3023 3855 sapit
3059 3804 3266 3857 verum,
3297 3797 3394 3849 hac
3428 3795 3728 3872 interroga-

2147 3865 2290 3919 tione
2312 3867 2623 3935 turbabitur,
2645 3882 2699 3927 et
2724 3874 2863 3930 dicet
2886 3879 3037 3946 mihi,
3066 3880 3258 3938 Verum
3284 3885 3438 3942 dicis.
3465 3890 3606 3947 Bona
3635 3911 3726 3951 res

2142 3964 2242 4020 est,
2281 3957 2436 4013 ﬁdem
2470 3963 2743 4030 possidere
2772 3981 2892 4021 cum
2922 3974 3163 4038 proximo
3189 3993 3203 4030 :
3236 3978 3329 4032 sed
3351 3981 3394 4034 si
3422 3981 3590 4047 dicas,
3614 3987 3727 4056 Spe

2141 4048 2441 4114 possidetur
2469 4052 2600 4108 ﬁdes
2627 4071 2747 4109 cum
2775 4060 3018 4127 proximo
3044 4078 3296 4134 paupere,
3331 4080 3385 4123 ut
3403 4071 3468 4126 ad
3494 4074 3610 4143 ejus
3638 4048 3724 4133 di-

2139 4138 2292 4193 vitias
2318 4144 2735 4214 perveniamns‘,
2769 4158 2825 4203 ut
2846 4150 2896 4205 in
2915 4152 2993 4206 eis
3012 4170 3131 4210 cum
3155 4157 3246 4213 illo
3274 4168 3709 4227 communionem

2137 4227 2461 4300 habeamus;
2501 4238 2614 4292 sine
2643 4238 2804 4295 dubio
2839 4256 2959 4309 eum
2992 4255 3230 4305 mortuus
3268 4251 3423 4308 fuerit
3452 4256 3550 4311 iste
3580 4275 3719 4328 pau-

2137 4339 2251 4394 per,
2273 4342 2377 4380 non
2395 4330 2770 4388 accedentibus
2793 4350 2911 4405 qua:
2934 4340 3285 4407 sperabantur
3304 4345 3525 4413 divitiis,
3555 4353 3724 4409 totius

2135 4418 2277 4472 illius
2320 4418 2442 4472 boni
2488 4423 2760 4490 paenitebit
2805 4441 2924 4492 nos,
2974 4438 3029 4483 et
3071 4432 3209 4499 quod
3250 4434 3384 4491 bene
3413 4441 3719 4511 mulsimus,

2136 4511 2274 4563 male
2304 4510 2603 4567 fundemus.
2636 4514 2793 4571 Vides
2815 4532 2943 4588 ergo
2966 4520 3126 4576 altius
3165 4539 3286 4580 esse
3320 4527 3473 4583 istam
3501 4542 3722 4589 senten-

2136 4599 2260 4653 tiam
2283 4604 2739 4672 perscrutandam,
2768 4622 2872 4662 non
2899 4608 3164 4678 quomodo
3187 4617 3468 4686 vnlgariter
3494 4622 3718 4697 intelligi

2133 4699 2322 4761 potest,
2374 4694 2467 4747 sed
2496 4697 2762 4764 quomodo
2790 4698 2966 4755 divina
3001 4706 3316 4762 auctoritate
3356 4712 3566 4768 condita
3605 4694 3718 4783 esi,

2130 4782 2195 4835 ad
2225 4784 2418 4854 aliquid
2442 4801 2688 4858 magnum
2718 4788 3110 4859 insinuandum,
3138 4802 3571 4873 praecipiendum,
3606 4782 3715 4864 im;

2132 4877 2420 4945 perandum
2450 4881 2622 4948 nobis,
2654 4883 2742 4937 tibi
2764 4900 2887 4955 spes
2914 4897 3091 4942 nostra
3116 4907 3219 4946 non
3243 4892 3475 4963 fallatur,
3507 4916 3574 4955 ue
3597 4918 3716 4972 pa:-

2127 4966 2295 5021 niteat
2323 4968 2480 5024 ﬁdem
2512 4973 2839 5040 possedisse.
2866 4977 2948 5032 Ad
2975 4984 3294 5039 sententiam
3325 4998 3561 5045 nostram
3597 4966 3713 5052 non

2128 5059 2328 5130 poteris
2347 5061 2425 5116 sic
2448 5065 2748 5132 pervenire.

2196 5151 2252 5205 4.
2289 5150 2475 5207 Lazari
2495 5166 2541 5210 et
2564 5156 2730 5213 divitis
2751 5160 2958 5218 historia
2982 5167 3202 5237 idipsum
3235 5173 3533 5229 ostenditur.
3562 5175 3712 5232 Pau-

2126 5242 2260 5311 peris
2295 5248 2596 5301 consortium
2636 5249 2688 5303 in
2716 5261 2903 5307 (eterna
2941 5258 3177 5327 felicitate
3213 5262 3356 5316 diviti
3411 5268 3499 5336 qui
3539 5272 3715 5338 ipsum
3758 5330 3772 5347 ,

2125 5334 2207 5386 hic
2240 5339 2499 5404 spreverit,
2545 5356 2646 5394 non
2704 5347 3031 5412 sperandum.
3081 5350 3224 5423 Ergo
3286 5334 3500 5413 attende
3555 5334 3710 5420 illum
3750 5348 3753 5351 I

2123 5442 2409 5498 pauperem
2458 5432 2714 5491 Lazarum
2755 5441 3021 5509 jacentem
3064 5456 3188 5501 ante
3226 5448 3442 5517 januam
3496 5453 3700 5511 divitis.

2123 5509 2331 5589 Pauper
2368 5523 2468 5579 iste
2510 5526 2885 5586 miserabiliter
2922 5531 3019 5588 fuit
3055 5509 3298 5594 inﬁrmus
3323 5557 3337 5595 :
3367 5557 3466 5598 nec
3508 5546 3707 5617 saltem

2185 5677 2625 5760 f-‘§$‘.2‘:‘£°§.¥§:
2921 5705 3038 5760 mn
3056 5695 3281 5760 mm

3049 5736 3352 5823 ξέὲῶὲῖεεε

2124 5799 2393 5865 possidetur
2413 5799 2538 5871 ﬁdes
2559 5819 2668 5858 cum
2690 5799 2923 5874 pretim;

3497 5708 3714 5757 ωηιιά

3437 5763 3715 5832 ώταενσικ
