4012 6338
300 321 414 378 249

300 435 475 505 ipsius
503 431 717 487 tenebat
739 427 1019 483 sanitatem
1049 426 1310 498 corporis,
1342 422 1481 495 quod
1516 431 1598 480 est
1630 424 1887 494 patrimo-

300 528 453 579 nium
484 522 754 594 pauperis.
788 519 1071 576 Ulcerosus
1098 519 1256 573 etiam
1289 515 1409 581 fuit,
1438 531 1599 571 canes
1624 514 1893 586 liogebant

298 621 485 672 uicera
522 617 661 683 ejus.
702 616 831 668 Erat
859 624 1038 666 autem
1078 612 1131 666 in
1169 612 1256 665 illa
1292 611 1452 665 domo
1480 610 1647 671 dives,
1687 610 1774 677 qui
1806 609 1890 661 iu-

297 709 564 763 duebalur
606 721 838 775 purpura
887 705 1157 774 ethysso,
1201 711 1255 756 et
1305 701 1615 769 epulabatur
1656 699 1891 769 quotidie

296 797 601 866 splendide,
629 805 679 849 et
723 794 938 848 nolebat
976 794 1131 845 tidem
1170 790 1444 860 possidere
1477 805 1596 844 cum
1635 803 1889 859 paupere.

298 889 495 943 Merito
526 888 781 942 Dominus
807 886 985 950 Jesus,
1014 885 1132 938 fidei
1162 893 1367 937 amator
1397 892 1451 937 et
1471 882 1643 945 dator,
1670 882 1786 950 plus
1811 891 1890 933 at-

256 1002 269 1027 κ
298 982 473 1035 tendit
501 982 667 1051 ipsam
698 979 853 1033 tidem
894 978 945 1030 in
987 992 1236 1046 paupere,
1268 991 1422 1044 quam
1452 990 1636 1027 aurum
1668 985 1721 1028 et
1748 973 1886 1027 deli-

292 1077 407 1128 cias
438 1075 489 1126 in
519 1074 720 1126 divite:
754 1072 869 1139 plus
902 1070 1125 1123 attendit
1172 1069 1416 1136 pauperis
1473 1068 1885 1135 posseSSionem,

291 1182 459 1234 quam
482 1165 657 1217 divitis
681 1164 988 1216 elationem.
1018 1161 1145 1215 Nam
1170 1160 1288 1214 ideo
1311 1175 1594 1228 pauperem
1616 1160 1760 1212 illum
1790 1175 1888 1212 no.

292 1258 554 1320 minavit;
581 1257 716 1309 illius
736 1264 913 1309 autem
944 1270 1135 1307 nomen
1164 1266 1283 1307 esse
1314 1252 1590 1306 tacendum
1609 1250 1883 1319 judicavit.

290 1347 450 1411 Erat,
495 1348 681 1416 inquit,
712 1346 847 1398 dives
872 1345 1095 1415 quidam,
1126 1343 1212 1413 qui
1249 1341 1546 1395 induebatur
1575 1358 1803 1410 purpura
1841 1352 1887 1394 et

289 1439 465 1508 bysso,
495 1448 541 1490 et
572 1437 869 1507 epulabatur
898 1434 1120 1501 quotidie
1152 1433 1413 1501 splendide
1445 1447 1463 1484 :
1490 1449 1683 1502 pauper
1722 1441 1888 1485 autent

287 1533 504 1597 quidam
521 1531 720 1584 nomine
732 1528 975 1581 Lazarus.
993 1528 1176 1581 Nonne
1192 1526 1399 1579 videtur
1412 1525 1561 1580 vobis
1574 1525 1638 1579 de
1657 1525 1791 1578 libro
1805 1541 1888 1578 re—

287 1623 508 1682 citasse.
550 1622 633 1675 ubi
677 1635 868 1673 nomen
898 1619 1144 1688 pauperis
1176 1617 1430 1685 scriptum
1459 1615 1678 1680 invenit,
1708 1615 1886 1670 divitis

288 1729 401 1766 non
428 1713 667 1767 invenit?
684 1712 842 1765 Liber
868 1712 1009 1764 enim
1031 1712 1117 1765 ille
1139 1710 1376 1763 vivorum
1408 1718 1521 1761 erat
1542 1717 1696 1777 atque
1717 1709 1888 1774 justo-

288 1822 435 1867 rum,
455 1822 559 1859 non
576 1806 924 1873 superborum
939 1813 992 1857 et
1005 1802 1326 1872 iniquorum.
1340 1800 1723 1854 Nominabatur
1737 1799 1885 1853 dives

287 1900 380 1951 ille
404 1900 474 1951 ab
506 1899 829 1961 hominibus,
866 1912 1065 1966 pauper
1093 1894 1391 1948 tacebalur:
1423 1901 1604 1947 contra
1635 1893 1887 1946 Dominus

286 2008 588 2061 pauperem
612 1991 923 2054 nominavit,
944 1990 1159 2044 divitem
1185 1990 1366 2043 tacuit.
1387 1988 1563 2042 Noluit
1585 2001 1709 2055 ergo
1728 1985 1884 2038 fidem

284 2083 569 2151 possidere
598 2098 715 2135 cum
751 2097 980 2150 paupere
1013 2080 1161 2134 dives
1191 2080 1296 2132 ille.
1330 2079 1518 2132 Mortui
1551 2085 1674 2132 sunt
1704 2076 1881 2129 ambo.

287 2174 517 2244 Contigit
556 2175 683 2225 mori
730 2174 928 2241 inopem
964 2174 1127 2236 illum,
1170 2182 1217 2225 et
1257 2172 1449 2240 auferri
1491 2172 1552 2223 ab
1593 2170 1794 2240 Angelis
1832 2169 1885 2221 in

284 2266 459 2317 sinum
486 2266 718 2318 Abraha'.
745 2263 976 2316 Mortuus
1003 2274 1069 2317 est
1092 2264 1246 2328 dives,
1273 2273 1318 2316 et
1346 2261 1569 2331 sepultus
1601 2260 1743 2330 (nam
1775 2260 1883 2313 for-

288 2365 433 2409 tasse
477 2356 563 2407 ille
605 2370 702 2409 uec
743 2355 981 2422 sepultus
1024 2353 1127 2420 est)
1158 2371 1169 2405 :
1195 2362 1238 2406 et
1268 2369 1382 2404 cum
1411 2353 1548 2420 apud
1578 2352 1788 2419 inferos,
1830 2358 1886 2403 ut.

286 2446 539 2515 legimus,
564 2448 616 2500 in
643 2452 902 2499 tormentis
927 2454 1070 2509 esset,
1100 2444 1277 2497 levavit
1306 2443 1477 2495 oculos
1499 2458 1615 2494 suos
1637 2457 1668 2494 a
1693 2441 1838 2510 longe
1863 2456 1882 2504 ;

286 2548 334 2590 et
366 2539 489 2590 vidit
535 2554 804 2607 pauperem
842 2537 894 2589 in
939 2536 1050 2588 sinu
1081 2534 1314 2597 Abraha',
1357 2548 1515 2601 quem
1567 2531 1887 2599 contempsit

286 2639 413 2683 ante
436 2629 656 2698 januam
688 2644 859 2681 suam.
886 2627 998 2680 Non
1035 2642 1155 2680 cum
1199 2625 1290 2677 illo
1319 2624 1483 2692 potuit
1515 2623 1708 2676 habere
1733 2637 1882 2675 com-

288 2737 508 2774 munem
540 2721 801 2789 requiem,
834 2735 953 2772 cmu
982 2733 1087 2787 quo
1122 2716 1279 2769 lidem
1311 2716 1477 2768 noluit
1508 2714 1701 2767 habere
1734 2728 1883 2766 com-

295 2828 537 2865 munem.
588 2810 766 2874 Pater,
799 2810 986 2879 inquit,
1033 2807 1306 2869 Abraham,
1349 2806 1488 2857 mitte
1516 2803 1790 2868 Lazarum,
1831 2811 1884 2856 ut

287 2904 542 2971 intinguat
575 2901 790 2971 digitum
816 2917 961 2953 suum
990 2900 1039 2951 in
1078 2914 1280 2967 aquam,
1314 2907 1358 2949 et
1384 2896 1536 2949 stillct
1568 2896 1619 2946 in
1658 2896 1883 2962 linguam

290 3008 497 3055 meam;
540 2993 658 3063 quia
689 2992 888 3044 crucior
930 2991 981 3043 in
1016 2990 1108 3041 hac
1140 2990 1366 3057 ﬂannna.
1403 2987 1729 3054 Responsum
1759 2993 1840 3037 est
1868 3002 1881 3038 :

290 3082 571 3147 Memento,
624 3083 722 3149 ﬁli,
766 3082 884 3151 quia
927 3081 1189 3151 percepisti
1237 3079 1367 3132 bona
1410 3089 1494 3130 tua
1540 3080 1593 3131 in
1640 3078 1740 3130 vita
1775 3086 1880 3140 tua,

290 3173 523 3227 Lazarus
550 3185 715 3226 autent
747 3172 884 3226 mala
912 3188 931 3221 :
959 3188 1089 3225 nunc
1119 3187 1236 3239 ergo
1266 3171 1345 3222 hic
1380 3168 1662 3238 requiescit,
1694 3178 1743 3219 tu
1772 3183 1885 3220 vero

291 3265 560 3333 torqueris.
594 3262 661 3316 Et
687 3281 836 3332 super
862 3264 970 3316 ha'c
997 3263 1186 3325 omnia,
1215 3261 1367 3314 chaos
1395 3275 1631 3328 magnum
1667 3268 1735 3311 est
1758 3259 1885 3311 inter

290 3376 383 3412 nos
412 3368 459 3411 et
484 3375 590 3423 vos,
615 3374 705 3411 nec
724 3375 754 3410 a
784 3357 924 3411 nobis
949 3358 1211 3427 quisquam
1248 3355 1315 3406 ad
1340 3370 1422 3407 vos
1454 3353 1670 3405 transire
1698 3361 1880 3420 potest,

292 3467 382 3502 nec
410 3468 443 3501 a
470 3450 607 3503 vobis
631 3450 699 3501 ad
726 3466 815 3502 nos
844 3461 1169 3503 transmeare.
1206 3446 1348 3500 Vidit
1387 3446 1485 3498 sibi
1520 3444 1609 3498 ille
1640 3451 1883 3513 negatam

293 3541 739 3601 misericordiam,
769 3541 893 3607 quia
925 3541 1090 3607 ipsam
1120 3546 1420 3606 negaverat.
1456 3535 1601 3590 Vidit
1627 3536 1762 3605 quod
1796 3550 1885 3588 ve—

292 3648 409 3686 rum
435 3643 602 3696 esset,
625 3631 886 3684 Iudicium
912 3632 1017 3683 sine
1038 3628 1382 3682 misericordia
1403 3627 1476 3680 illi
1506 3627 1589 3695 qui
1620 3643 1719 3679 non
1751 3626 1885 3694 [ece-

291 3725 358 3776 rit
402 3724 802 3776 misericordiam
849 3720 1048 3794 (Jacobi
1084 3738 1140 3787 ιι,
1179 3722 1287 3791 15).
1343 3721 1409 3775 Et
1448 3720 1538 3788 qui
1580 3719 1745 3772 noluit
1786 3734 1884 3773 suo

294 3826 537 3885 tempore
569 3816 812 3885 pauperis
858 3814 1120 3880 misereri,
1149 3816 1366 3868 fratrum
1398 3829 1612 3867 suorum
1640 3828 1761 3866 sero
1787 3813 1885 3866 mi-

292 3916 471 3963 sertus
520 3916 623 3959 est.
672 3906 816 3960 Mitte
858 3923 995 3977 ergo,
1048 3905 1250 3975 inquit,
1295 3904 1549 3957 Lazarum
1576 3904 1775 3957 .‘habeo
1815 3903 1883 3955 ibi

292 4000 512 4068 quinque
533 4004 736 4067 fratres,
768 4000 901 4051 dicat
950 4000 1019 4052 eis
1041 3997 1160 4066 quid
1185 3998 1265 4050 hic
1292 3998 1477 4067 agitur,
1513 4011 1575 4048 ne
1601 4004 1646 4047 et
1670 3995 1769 4065 ipsi
1796 4010 1882 4048 ve-

292 4089 435 4142 niant
476 4106 530 4142 tn
569 4092 702 4142 hunc
734 4090 897 4142 locum
935 4098 1312 4141 tormentorum.
1344 4087 1411 4141 Et
1438 4098 1624 4141 contra
1667 4086 1766 4139 hoc
1793 4102 1882 4139 re-

291 4196 549 4249 sponsum
585 4190 665 4235 est
700 4198 711 4231 :
742 4180 797 4235 Si
835 4180 1021 4233 nolunt
1048 4179 1231 4233 venire
1281 4178 1331 4231 in
1380 4178 1519 4231 hunc
1562 4177 1738 4231 locum
1775 4186 1884 4230 tor-

291 4282 617 4336 mentorum,
645 4272 823 4325 habent
852 4269 1060 4340 Moysen
1088 4280 1131 4323 et
1160 4267 1470 4339 Pmphetas;
1490 4269 1625 4338 ipsos
1648 4269 1877 4322 audiant.

293 4360 383 4415 llle
412 4363 499 4430 qui
535 4362 741 4415 solebat
772 4361 991 4415 irridere
1020 4360 1332 4429 Prophetas,
1361 4360 1518 4412 simul
1540 4360 1727 4428 utique
1757 4374 1877 4411 cum

292 4452 547 4507 fratribus
574 4453 682 4506 suis
706 4471 720 4507 :
749 4452 908 4507 credo
925 4453 1088 4517 enim,
1118 4452 1225 4505 imo
1246 4468 1348 4505 non
1378 4451 1582 4516 dubito,
1612 4451 1732 4520 quia
1754 4466 1878 4504 cum

290 4546 417 4614 ipsis
450 4545 705 4598 fratribus
728 4545 838 4599 suis
870 4544 1091 4613 loquens
1123 4543 1189 4597 de
1224 4542 1504 4613 Prophetis
1539 4542 1878 4596 tnouentibus

290 4636 449 4702 bona,
495 4635 898 4705 prohibentibus
940 4635 1100 4700 mala,
1144 4635 1462 4689 terrentibus
1501 4634 1567 4689 de
1602 4634 1878 4688 tormentis

290 4726 501 4791 futuris,
548 4737 605 4781 et
651 4726 821 4779 futura
872 4726 1085 4795 praemia
1134 4724 1580 4795 promittentibus,
1626 4724 1880 4778 irridebat

289 4817 403 4871 haec
428 4819 631 4881 omnia,
657 4817 840 4871 dicens
866 4832 985 4871 cum
1022 4816 1271 4870 fratribus
1300 4816 1411 4869 suis
1434 4832 1447 4867 :
1475 4816 1602 4881 Qua:
1634 4815 1735 4867 vita
1762 4823 1878 4882 post

288 4910 557 4963 mortem?
584 4926 700 4979 qum
731 4910 984 4964 memoria
1017 4908 1347 4978 putredinis?
1374 4909 1462 4977 qui
1507 4922 1695 4961 sensus
1725 4907 1876 4961 cine-

289 5002 399 5055 ris?
425 5001 630 5055 Omnes
659 5002 782 5056 tlluc
807 5000 1103 5064 fcruntur‘,
1133 5009 1186 5055 et
1216 5001 1570 5068 sepeliuntur;
1612 5000 1729 5068 quis
1756 4998 1877 5052 inde

286 5108 536 5148 reversus
570 5093 777 5146 auditus
807 5092 925 5147 est?
968 5093 1226 5147 Recolens
1256 5091 1370 5146 haec
1397 5092 1557 5145 verba
1601 5106 1717 5155 sua,
1751 5105 1875 5160 pro-

285 5196 468 5255 pterea
496 5187 707 5240 volebat
735 5186 993 5241 Lazarum
1022 5186 1195 5240 redire
1216 5185 1280 5239 ad
1305 5185 1492 5240 fratres
1518 5200 1665 5250 suos,
1695 5195 1749 5238 ut
1764 5185 1874 5252 jam

284 5296 389 5333 non
417 5280 677 5343 dicerent,
707 5278 837 5346 Quis
878 5279 997 5331 inde
1028 5292 1272 5331 reversus
1296 5276 1416 5331 est?
1446 5277 1510 5330 Et
1537 5276 1603 5330 ad
1631 5275 1731 5330 hoc
1755 5287 1876 5344 apte

284 5370 549 5439 digneque
577 5386 889 5439 responsum
927 5378 1026 5422 est.
1059 5368 1274 5423 Videtur
1302 5368 1443 5423 enim
1472 5368 1632 5423 fuisse
1657 5368 1755 5422 iste
1780 5368 1876 5422 ,ἰυ-

283 5460 453 5525 decus,
504 5470 558 5516 et
610 5470 892 5531 propterea
941 5460 1160 5526 dixisse,
1214 5459 1371 5515 Pater
1413 5460 1688 5514 Abraham.
1736 5461 1876 5532 Ergo

283 5554 484 5623 optime
512 5563 567 5609 et
610 5563 969 5624 congruenter
995 5568 1307 5623 responsum
1342 5562 1424 5608 est
1450 5572 1463 5609 :
1491 5553 1551 5610 Si
1582 5553 1794 5625 Moysen
1831 5567 1877 5611 et

287 5666 555 5804 θ
579 5687 713 5751 illuc,
740 5689 770 5739 δ
792 5688 1031 5740 Victorino
1053 5694 1133 5739 Ms.
1159 5694 1298 5741 Forte
1319 5688 1604 5753 legendam,
1626 5700 1788 5741 omnes
1809 5689 1877 5753 ef-

1750 312 1981 370 SERMO
2020 316 2155 371 XLI.

3470 323 3579 383 250

2002 424 2289 495 Prophetas
2321 444 2422 482 non
2454 431 2685 497 audiunt,
2728 448 2837 499 nec,
2879 434 2924 488 si
2961 432 3070 505 quis
3099 452 3132 489 a
3176 438 3381 492 mortuis
3409 455 3580 495 resur-

1998 518 2199 581 rexerit,
2232 522 2662 589 persuadebuntur
2687 524 2831 595 (Luc.
2852 540 2940 592 xv,
2968 527 3177 599 l9-3l).
3195 528 3468 597 lmpletum
3495 542 3580 587 est

1956 682 1957 685 η
1997 607 2049 661 in
2076 609 2294 675 Judtris,
2324 613 2441 680 quia
2472 613 2687 684 Moysen
2727 626 2779 669 et
2812 616 3100 686 Prophetas
3142 636 3244 672 non
3272 620 3577 684 audierunt,

1997 716 2097 754 nec
2135 702 2347 756 Christo
2378 706 2667 772 resurgenti
2708 708 3064 763 crediderunt.
3106 709 3295 765 Nonne
3339 710 3437 765 hoc
3477 712 3580 767 illis

1995 800 2120 846 ante
2171 794 2485 860 prardixerat
2522 813 2533 847 :
2569 795 2630 850 Si
2669 798 2932 853 crederetis
2982 801 3170 871 Moysi,
3221 801 3484 856 crederetis
3532 812 3579 855 et

1995 884 2120 937 mihi
2146 884 2324 955 (Joan.
2357 904 2406 952 ν,
2437 889 2550 957 46).

2066 979 2119 1031 5.
2172 977 2322 1031 Dives
2348 982 2582 1048 pauperis
2603 990 2912 1051 contemptor
2935 1025 2949 1047 ,
2982 985 3133 1037 miser
3160 985 3303 1053 [inita
3326 986 3442 1037 rita.
3469 984 3575 1039 Re-

1993 1072 2190 1125 mausit
2227 1088 2352 1142 ergo
2386 1075 2473 1128 ille
2508 1075 2655 1130 dives
2696 1078 2810 1131 sine
2851 1078 3145 1147 adjutorio,
3187 1081 3346 1134 finitis
3375 1082 3576 1135 deliciis

1993 1164 2397 1231 temporalibus,
2421 1166 2472 1218 in
2505 1170 2672 1235 poenis
2694 1170 2925 1221 aeternis.
2955 1169 3067 1223 Non
3093 1171 3214 1224 fecit
3237 1173 3399 1238 justa,
3423 1172 3576 1225 audi-

1990 1252 2065 1305 vit
2082 1252 2259 1322 digna.
2292 1254 2543 1309 Memento
2568 1258 2685 1327 quia
2708 1259 2969 1328 percepisti
2998 1260 3127 1313 bona
3154 1270 3240 1313 tua
3266 1262 3317 1314 in
3342 1263 3444 1314 vita
3463 1272 3572 1316 tua.

1995 1342 2116 1396 llaec
2145 1360 2272 1412 ergo
2312 1345 2445 1409 vita,
2482 1364 2640 1416 quam
2684 1348 2861 1413 vides,
2894 1364 2997 1403 non
3025 1358 3106 1403 est
3146 1360 3266 1417 tua,
3304 1350 3577 1421 Percepisti

1990 1435 2118 1489 bona
2136 1448 2242 1490 tua.
2280 1439 2401 1492 llaec
2423 1455 2548 1509 ergo
2573 1456 2692 1509 qua:
2718 1441 2783 1496 de
2804 1442 3091 1512 longinquo
3108 1444 3345 1511 suspiras
3369 1444 3579 1498 deside-

1990 1544 2114 1583 rans
2136 1571 2151 1594 ,
2183 1545 2287 1583 non
2317 1542 2441 1587 sunt
2474 1543 2579 1586 tua.
2610 1533 2710 1587 Ubi
2752 1543 2875 1587 sunt
2903 1535 3060 1589 verba
3086 1535 3335 1600 divitum,
3365 1536 3573 1591 etdivi-

1991 1620 2131 1675 tibus
2145 1622 2493 1685 adulantium,
2513 1626 2723 1693 quando
2744 1626 2919 1681 vident
2937 1627 3167 1695 aliquem
3190 1628 3392 1682 deliciis
3411 1629 3425 1658 ¹
3443 1638 3577 1681 tem-

1990 1713 2260 1780 poralibus
2297 1714 2600 1770 afﬂuentem
2624 1759 2637 1780 ,
2680 1717 3034 1773 abundantem
3071 1718 3122 1771 in
3154 1728 3324 1783 terra,
3376 1726 3572 1773 terram

1989 1804 2285 1871 rapientem
2349 1814 2403 1859 et
2453 1818 2894 1876 exaggerantem,
2941 1818 2993 1861 et
3046 1809 3344 1862 trahentem
3397 1809 3463 1861 ad
3514 1822 3575 1864 se

1992 1896 2259 1963 plumbum
2290 1913 2408 1951 eum
2431 1915 2534 1968 quo
2557 1900 2931 1969 demergatur?
2956 1899 3166 1954 Grande
3193 1902 3337 1954 enim
3368 1900 3573 1968 pondus

1989 1987 2136 2041 illum
2166 1988 2383 2042 divitem
2415 1989 2481 2043 ad
2509 1989 2711 2043 inferna
2736 1990 3014 2059 perduxit,
3046 2000 3101 2046 et
3143 1992 3353 2045 sarcina
3399 1992 3576 2059 gravis

1989 2094 2154 2148 usque
2196 2080 2261 2132 ad
2304 2081 2407 2134 ima
2453 2081 2733 2153 depressit.
2762 2083 2877 2137 Non
2906 2085 3048 2137 enim
3092 2064 3362 2145 audierai,
3399 2083 3575 2138 Venite

1988 2169 2056 2222 ad
2088 2186 2201 2235 me,
2231 2173 2316 2240 qui
2365 2174 2604 2227 laboratis
2651 2184 2695 2227 et
2745 2176 2939 2228 onerati
2981 2176 3117 2229 estis.
3167 2174 3359 2246 Iugum
3409 2156 3573 2229 meum

1990 2260 2098 2313 lene
2127 2270 2198 2314 est
2216 2302 2230 2326 ,
2266 2272 2311 2315 et
2349 2265 2547 2318 sarcina
2574 2281 2682 2318 mea
2710 2266 2828 2319 levis
2854 2276 2926 2319 est
2955 2266 3167 2335 (Matth.
3202 2283 3252 2320 χι
3276 2308 3289 2331 ,
3320 2267 3390 2321 28
3411 2308 3424 2332 ,
3453 2267 3569 2336 29).

1988 2350 2205 2405 Sarcina
2233 2351 2426 2409 Christi
2461 2370 2647 2424 pennae
2695 2365 2835 2410 sunt.
2884 2357 2977 2411 llis
3027 2358 3213 2427 pennis
3244 2359 3332 2413 ille
3376 2375 3575 2429 pauper

1989 2443 2040 2495 iu
2071 2443 2246 2496 sinum
2273 2445 2502 2499 Abrahae
2532 2447 2747 2500 volavit.
2772 2448 2928 2501 Dives
2953 2463 3082 2516 ergo
3122 2448 3222 2501 hoc
3259 2450 3444 2503 audire
3474 2464 3574 2503 no-

1950 2528 1953 2533 ’
1988 2532 2102 2588 luit.
2128 2534 2467 2589 Adulantium
2495 2538 2634 2591 enim
2665 2538 2868 2605 linguas
2894 2538 3109 2592 audivit.
3142 2539 3231 2592 llis
3260 2539 3450 2608 linguis
3475 2538 3574 2593 ad-

1988 2640 2172 2679 versus
2200 2625 2496 2695 Prophetas
2525 2628 2801 2680 obsurduit
2827 2646 2839 2681 :
2870 2628 3057 2697 linguis
3081 2630 3218 2682 male
3248 2630 3572 2682 laudantium

1988 2727 2043 2771 (ιι
2064 2719 2350 2772 dicentium
2375 2762 2388 2782 ,
2418 2718 2527 2774 Soli
2554 2721 2682 2774 estis
2703 2761 2717 2781 .
2750 2722 2849 2774 soli
2872 2722 3064 2777 vivitis.
3096 2722 3234 2789 Ergo
3253 2762 3267 2785 ,
3299 2720 3573 2788 Percepisti

1987 2808 2117 2862 bona
2139 2820 2225 2862 tua
2262 2811 2316 2863 in
2344 2812 2445 2863 vita
2470 2820 2576 2863 tua.
2618 2812 2741 2864 llaec
2779 2813 2919 2865 enim
2953 2812 3088 2865 bona
3121 2822 3206 2865 tua
3229 2811 3570 2875 existimasti;

1988 2903 2087 2954 alia
2114 2918 2216 2954 non
2248 2903 2551 2968 credidisti,
2582 2919 2684 2958 non
2708 2904 2964 2971 sperasti:
2992 2904 3255 2973 percepisti
3278 2904 3363 2955 illa
3393 2904 3444 2955 in
3471 2903 3572 2956 vita

1989 3002 2093 3045 tua.
2126 2993 2270 3046 Illam
2294 2994 2434 3047 enim
2458 2994 2625 3046 solam
2646 2995 2803 3047 vitam
2828 3003 2968 3047 tuam
2992 2995 3204 3063 putasti,
3224 2992 3434 3062 quando
3457 3000 3577 3061 post

1989 3094 2211 3136 mortem
2260 3084 2388 3136 nihil
2420 3083 2657 3138 futurum
2704 3086 2957 3152 sperasti,
2991 3085 3123 3137 nihil
3154 3086 3305 3138 triste
3332 3082 3572 3137 timuisti.

1989 3174 2265 3243 Percepisti
2285 3192 2409 3244 ergo
2430 3176 2557 3229 bona
2574 3187 2661 3229 tua
2679 3177 2730 3228 in
2752 3177 2850 3229 vita
2867 3186 2973 3239 tua,
2996 3175 3223 3228 Lazarus
3236 3185 3401 3228 autem
3417 3174 3573 3227 mala.

1988 3265 2099 3319 Non
2129 3266 2287 3329 dixit,
2318 3266 2457 3330 Sua;
2487 3267 2601 3331 sed,
2627 3266 2781 3329 mala,
2807 3282 2927 3335 qua:
2951 3266 3191 3320 homines
3223 3275 3425 3333 putant,
3458 3280 3576 3332 qua:

1990 3357 2233 3411 homines
2249 3360 2455 3422 timent,
2475 3375 2592 3428 qme
2612 3359 2851 3412 homines
2865 3375 2959 3428 pro
2977 3374 3166 3428 magno
3181 3359 3435 3412 devitant.
3456 3358 3560 3412 Per

1987 3449 2127 3516 cepit
2157 3447 2241 3501 hic
2271 3447 2501 3501 Lazarus
2540 3449 2694 3501 mala.
2723 3450 2862 3501 Bona
2897 3459 2982 3502 tua
3007 3457 3132 3502 tunc
3160 3464 3263 3501 non
3295 3449 3566 3517 percepit:

1988 3555 2087 3595 nec
2106 3550 2279 3595 tamen
2302 3540 2529 3608 perdidit
2545 3542 2584 3591 ².
2601 3540 2747 3594 Sicut
2762 3551 2935 3594 autem
2954 3557 3056 3593 non
3075 3540 3309 3593 additum
3325 3547 3423 3602 est,
3439 3539 3573 3604 Sua;

1988 3632 2064 3685 sic
2100 3647 2198 3685 nec
2230 3631 2334 3685 hoc
2356 3632 2590 3685 additum
2626 3641 2706 3685 est
2733 3674 2747 3695 ,
2785 3632 2839 3684 In
2872 3632 2976 3684 vita
3004 3646 3120 3684 sua.
3151 3632 3262 3684 Alia
3292 3630 3434 3684 enim
3463 3639 3578 3685 erat

1990 3724 2100 3775 vita
2128 3723 2292 3790 ipsius
2313 3763 2328 3786 ,
2362 3738 2518 3790 quam
2549 3722 2795 3790 sperabat
2822 3722 2873 3774 in
2900 3721 3020 3774 sinu
3051 3721 3298 3775 Abrahae.
3332 3720 3460 3773 Nam
3491 3720 3578 3774 hic

1989 3821 2229 3867 mortuus
2273 3822 2419 3876 erat,
2462 3810 2547 3864 hic
2574 3827 2675 3864 non
2722 3812 2931 3864 vivebat
2960 3827 2972 3862 :
3000 3810 3084 3864 illa
3134 3818 3304 3862 morte
3334 3818 3576 3864 mortuus

1986 3915 2130 3967 erat,
2154 3920 2310 3973 quam
2339 3903 2468 3957 dicit
2496 3903 2780 3969 Apostolus
2800 3942 2816 3967 ,
2850 3900 3042 3954 Mortui
3064 3901 3195 3955 enim
3219 3900 3335 3953 estis
3352 3941 3367 3964 ,
3395 3910 3443 3954 et
3468 3902 3567 3952 vita

1985 4005 2147 4050 vestra
2170 3995 2462 4049 abscondita
2482 4004 2551 4048 est
2573 4012 2687 4048 cum
2716 3992 2914 4048 Christo
2939 3994 2990 4046 in
3016 3993 3121 4047 Deo
3150 3992 3369 4060 (Coloss.
3394 4009 3469 4055 ιιι,
3494 3990 3573 4064 5).

1986 4086 2194 4154 Pauper
2213 4086 2352 4139 mala
2372 4085 2681 4154 temporalia
2702 4084 2930 4138 ferebat.
2948 4084 3086 4138 Deus
3103 4092 3281 4137 autem
3303 4084 3437 4138 bona
3460 4083 3575 4151 ejus

1985 4177 2280 4243 differebat,
2296 4195 2399 4233 nou
2420 4176 2715 4231 auferebat.
2730 4177 2863 4243 Quid
2875 4192 3021 4246 ergo,
3037 4176 3205 4243 dives,
3223 4176 3359 4246 apud
3378 4176 3575 4231 inferos

1983 4269 2282 4333 desideras,
2310 4269 2449 4338 quod
2477 4284 2605 4333 eum;
2628 4267 2826 4321 divitiis
2855 4266 3108 4321 fruereris
3127 4306 3142 4331 ,
3180 4282 3282 4319 non
3314 4266 3575 4333 sperasti?

1984 4361 2170 4417 Nonne
2201 4372 2254 4417 tu
2273 4377 2331 4416 es
2350 4362 2456 4425 ille,
2484 4361 2571 4429 qui
2594 4361 2836 4428 pauperis
2853 4368 3183 4427 contemptor
3208 4358 3422 4428 Moysen
3447 4373 3574 4426 pro-

1986 4458 2198 4525 phetam
2240 4453 2529 4507 irridebas?
2551 4452 2774 4505 Noluiin
2809 4466 2935 4520 ergo
2975 4451 3130 4505 fidem
3155 4449 3427 4519 possidere
3455 4464 3574 4503 cum

1984 4551 2224 4618 proximo
2240 4548 2289 4600 in
2310 4553 2616 4615 paupertate
2631 4543 2774 4610 ejus;
2794 4543 2950 4596 modo
2966 4542 3154 4596 frueris
3170 4532 3320 4597 bonis
3336 4542 3482 4610 ejus?
3502 4540 3576 4593 lr-

1983 4640 2143 4693 risisti
2164 4654 2309 4701 eunti,
2328 4635 2538 4706 quando
2558 4634 2769 4697 audisti,
2793 4633 2971 4687 Fidem
2996 4633 3194 4702 posside
3217 4649 3328 4685 cum
3347 4632 3574 4700 proximo

1982 4732 2035 4784 in
2076 4737 2367 4799 paupertate
2409 4728 2567 4795 ipsius
2588 4768 2602 4791 ,
2632 4734 2751 4779 utet
2779 4725 2920 4778 bouis
2949 4726 3061 4793 ejus
3087 4724 3383 4793 perfruaris.
3416 4721 3572 4777 Modo

1982 4822 2130 4878 vides
2156 4822 2312 4890 longe
2340 4819 2474 4873 bona
2507 4818 2621 4887 ejus
2641 4859 2655 4881 ,
2687 4826 2740 4871 et
2768 4832 2871 4869 nou
2902 4832 3022 4871 eum
3050 4831 3114 4870 eo
3141 4814 3395 4883 possides.
3429 4812 3573 4867 Ven-

1983 4922 2096 4968 tura
2119 4913 2258 4967 enim
2286 4920 2438 4966 erant
2460 4910 2544 4963 illa
2569 4909 2723 4970 bona,
2742 4919 2961 4962 ventura
2981 4907 3329 4961 invisibiliter.
3350 4906 3573 4973 Quando

1980 5006 2121 5059 enim
2159 5020 2263 5057 non
2305 5002 2641 5066 videbantur,
2667 5000 2928 5055 credenda
2953 5008 3135 5065 erant,
3170 5014 3234 5052 ne
3255 4999 3466 5069 quando
3494 4998 3546 5051 vi

1980 5096 2191 5160 dentur,
2207 5103 2504 5148 remaneret
2522 5093 2611 5147 tibi
2628 5094 2809 5147 dolere
2821 5108 2993 5161 posse,
3009 5102 3062 5146 et
3075 5107 3178 5144 non
3198 5106 3350 5159 posse
3369 5101 3570 5147 tenere.

2052 5187 2104 5241 6.
2122 5185 2413 5254 Pauperum
2430 5185 2649 5237 amicitia
2670 5184 2989 5252 eleemosynis
3016 5182 3377 5250 comparanda.
3405 5182 3573 5235 Mam-

1982 5294 2134 5331 mana
2177 5276 2469 5344 iniquitatis.
2534 5275 2708 5343 Ergo,
2740 5274 2964 5337 fratres,
3005 5282 3256 5341 quantmn
3314 5272 3443 5326 mihi
3490 5278 3575 5327 vi-

1982 5368 2170 5434 detur,
2218 5367 2450 5436 eliquata
2501 5376 2581 5420 est
2625 5366 2723 5418 ista
2772 5366 3052 5418 sententia.
3099 5364 3445 5433 lntelligonda
3491 5374 3575 5420 est

1984 5462 2177 5531 quippe
2196 5460 2483 5514 christiaue
2518 5474 2547 5511 a
2574 5456 2926 5521 Christianis;
2959 5473 3057 5511 nec
3087 5458 3164 5511 sic
3205 5458 3573 5527 possideamus

1986 5553 2144 5609 ﬁdem
2170 5567 2292 5606 cum
2336 5552 2579 5621 proximo
2608 5565 2875 5620 paupere,
2904 5559 2965 5604 ut
3003 5551 3211 5607 divitias
3242 5552 3294 5609 ei
3324 5559 3574 5608 venturas

2052 5688 2068 5719 ι
2094 5688 2360 5736 Victorinus
2375 5693 2479 5744 Ms.,
2500 5681 2693 5734 divitiis.

2052 5750 2071 5782 ³
2096 5750 2361 5801 victorious
2373 5755 2477 5810 315.,
2500 5759 2627 5798 nunc
2650 5752 2808 5800 autent
2829 5746 3061 5814 perdidit.
