3994 6454
1960 70 2036 141 t2

1945 150 1975 220 ξ

434 316 530 378 25!

433 431 800 503 Iemporaliter
829 444 1102 503 speremus
1120 474 1133 497 ,
1168 437 1222 486 et
1251 426 1317 485 ad
1346 443 1436 485 eas
1455 443 1578 486 cum
1607 431 1698 488 illo
1726 429 2008 506 possident

429 522 533 578 das
555 523 713 580 fidem
753 537 990 580 nostram
1033 539 1328 580 servemus.
1370 521 1484 578 Non
1513 525 1590 578 sic
1627 524 1879 589 omnino,
1906 527 2014 576 non

431 611 529 668 sic.
559 611 664 669 Sed
689 614 954 685 quomodo
971 655 984 680 ,
1012 615 1112 670 nisi
1133 613 1426 669 secundum
1453 623 1776 684 prmceptum
1804 611 2014 666 Domini

432 705 602 758 nostri
627 721 640 758 :
666 703 844 759 Facite
867 705 1004 759 vobis
1024 707 1210 760 amicos
1238 707 1302 761 de
1327 721 1612 759 mammona
1637 704 1932 776 iniquitatis,
1960 711 2014 756 ut

428 803 476 848 et
497 794 598 863 ipsi
618 796 862 865 recipiant
880 812 965 850 vos
985 796 1038 849 in
1061 797 1382 850 tabernacula
1404 807 1589 852 (eterna
1614 795 1758 867 (Luc.
1783 811 1892 860 xw,
1915 794 1973 864 9)
1991 794 2015 848 ?

431 884 569 939 Sunt
599 885 683 940 hic
712 887 853 941 enim
899 903 1160 958 pauperes
1189 905 1293 943 non
1336 888 1594 944 habentes
1639 889 1973 944 tabernacula
1995 929 2011 954 ,

429 977 519 1032 ubi
545 993 642 1031 nos
666 979 765 1048 ipsi
786 980 1064 1050 recipiant.
1099 980 1280 1036 Facite
1301 996 1396 1037 eos
1415 982 1606 1036 amicos
1638 982 1702 1035 de
1727 997 2015 1034 mammona

428 1069 739 1138 iniquitatis,
772 1071 823 1126 id
849 1073 1035 1139 est,de
1058 1073 1220 1129 lucris
1245 1090 1365 1144 quae
1394 1075 1645 1144 iniquitas
1673 1084 1826 1129 vocat
1847 1057 2010 1128 Iuéra.

427 1161 563 1216 Sunt
590 1164 732 1220 enim
774 1165 946 1232 lucra,
969 1183 1087 1236 qua:
1109 1167 1307 1236 iustitia
1335 1176 1490 1221 vocat
1528 1167 1672 1223 lucra
1704 1184 1718 1220 :
1743 1167 1856 1235 ipsa
1885 1173 2015 1249 sinit

429 1253 482 1307 in
515 1254 776 1311 thesauris
817 1257 932 1312 Dei.
974 1257 1148 1313 Nolite
1188 1267 1536 1313 contemnere
1578 1271 1875 1328 pauperes,
1899 1267 2010 1309 non

429 1343 692 1402 habentes
717 1361 824 1416 quo
842 1347 1089 1410 redeant,
1117 1363 1221 1402 non
1252 1348 1510 1403 habentes
1532 1363 1636 1418 quo
1668 1348 1880 1401 intrent.
1910 1346 2015 1400 lla~

429 1435 559 1488 bent
609 1452 716 1505 quo
766 1437 997 1502 intrent,
1049 1439 1244 1494 habent
1298 1437 1672 1501 tabernacula,
1717 1437 1912 1490 habent
1961 1442 2016 1489 et

428 1537 652 1581 aeterna.
687 1528 891 1585 llabent
916 1545 1021 1600 quo
1043 1530 1239 1585 frustra
1267 1530 1428 1599 recipi
1465 1528 1743 1598 optabitis,
1771 1528 1907 1582 sicut
1927 1525 2012 1580 di-

430 1632 529 1672 ves
557 1617 645 1673 ille
665 1659 680 1684 ,
707 1620 751 1673 si
779 1635 884 1673 non
911 1636 1004 1675 eos
1026 1637 1168 1675 nunc
1194 1621 1246 1674 in
1279 1630 1455 1675 vestra
1481 1619 1791 1687 receperitis
1816 1612 1971 1698 {quia
1992 1658 2010 1685 ,

431 1705 532 1773 Qui
553 1707 728 1778 recipit
749 1710 948 1778 justum
973 1711 1027 1764 in
1061 1711 1260 1764 nomine
1273 1710 1410 1780 justi
1427 1749 1442 1775 ,
1473 1708 1746 1762 mercedem
1772 1708 1899 1778 justi
1925 1723 2012 1760 aco

427 1798 575 1868 cipiet
601 1813 621 1852 :
644 1801 729 1866 qui
758 1800 1053 1870 prophetam
1075 1801 1250 1872 recipit
1279 1801 1332 1854 in
1359 1801 1560 1854 nomine
1580 1799 1861 1870 praphette';
1885 1813 2014 1850 mer-

429 1886 599 1940 cedem
627 1889 882 1958 propheta:
909 1889 1119 1959 accipiet
1146 1905 1165 1943 :
1187 1899 1232 1942 et
1258 1890 1344 1959 qui
1375 1888 1566 1942 dederit
1590 1888 1678 1941 uni
1703 1903 1765 1940 ea:
1792 1885 2012 1940 minimis

429 1979 553 2031 meis
579 1979 781 2032 calicem
806 1996 952 2049 aqua:
983 1980 1182 2051 frigida:
1206 1989 1400 2034 tantum
1424 1981 1478 2033 in
1504 1979 1703 2033 nomine
1738 1976 1974 2046 discipuli
1993 2016 2008 2042 ,

426 2086 575 2124 amen
601 2071 712 2125 dico
733 2071 897 2134 vobis,
925 2089 1026 2126 non
1055 2072 1225 2142 perdet
1250 2072 1525 2126 mercedem
1550 2087 1696 2125 suam
1716 2068 1926 2139 (Matth.
1951 2083 2009 2135 ι,

431 2165 492 2218 il
529 2174 578 2217 et
605 2165 718 2234 42).
771 2165 953 2220 Fidem
982 2181 1193 2235 quoque
1235 2164 1473 2234 possidet
1511 2179 1632 2218 cum
1679 2161 1921 2232 proximo
1959 2160 2012 2214 in

430 2266 739 2327 paupertate
763 2259 911 2328 ejus;
938 2259 1057 2312 ideo
1087 2258 1239 2314 bonis
1265 2258 1380 2327 ejus
1406 2255 1726 2327 perfruetur.
1813 2255 1836 2293 τ’-

499 2351 553 2407 7.
593 2349 750 2406 Fides
790 2353 843 2405 in
884 2351 1137 2406 Christum
1166 2366 1452 2422 pauperem.
1510 2348 1644 2406 Dicit
1682 2345 1775 2401 tibi
1813 2354 1867 2401 et
1905 2344 2010 2398 Do-

429 2441 610 2496 minus
662 2449 812 2508 tuus,
859 2441 973 2512 ipse
1019 2440 1109 2511 qui
1157 2455 1279 2494 cum
1322 2438 1470 2493 dives
1495 2445 1665 2502 esset,
1695 2449 1895 2504 pauper
1929 2432 2012 2485 fa-

429 2538 549 2584 ctus
575 2541 657 2585 est
684 2548 697 2583 :
722 2532 938 2600 exponit
981 2532 1074 2585 tibi
1120 2530 1311 2584 melius
1351 2538 1400 2583 et
1449 2527 1669 2582 solidius
1699 2526 1854 2580 istam
1885 2539 2011 2577 scn-

432 2621 674 2674 tentiam.
732 2619 864 2674 Nam
910 2620 1046 2675 forte
1091 2619 1159 2674 de
1213 2619 1303 2673 illo
1343 2633 1578 2688 paupere
1617 2630 1774 2686 quem
1826 2628 2012 2668 susce-

431 2711 554 2782 pisti
600 2711 653 2764 in
697 2709 914 2766 domum
961 2720 1138 2776 tuam,
1183 2708 1390 2764 dubitat
1431 2707 1759 2778 aliquantum
1801 2714 1857 2760 et
1897 2704 2012 2758 hm-

428 2803 555 2856 sitat
589 2801 799 2855 animus
839 2809 992 2868 tuus,
1036 2807 1213 2855 utrum
1258 2815 1414 2855 verax
1443 2797 1604 2853 homo
1645 2797 1742 2862 sit,
1778 2811 1848 2870 ap
1876 2794 2013 2850 forte

428 2891 585 2945 fallax
613 2891 893 2946 simulator
911 2891 1220 2962 hypocrita:
1245 2889 1434 2944 titubat
1458 2889 1667 2943 animus
1690 2887 1748 2941 in
1773 2885 2011 2941 facienda

429 2983 824 3050 misericordia,
853 2984 1101 3054 quoniam
1139 2997 1233 3037 cor
1261 2979 1523 3050 inspicere
1568 2995 1673 3034 non
1703 2987 1874 3048 potes.
1907 2976 2013 3032 Fac

426 3081 630 3128 etcum
661 3073 832 3141 malo,
875 3083 930 3128 ut
962 3073 1245 3143 pervenias
1281 3081 1336 3127 et
1367 3071 1433 3126 ad
1461 3071 1680 3126 bonum.
1709 3070 1809 3137 Qui
1840 3069 2013 3124 timuit

429 3180 498 3220 ne
525 3165 662 3222 bona
708 3180 802 3220 sua
849 3166 1053 3221 semina
1097 3167 1150 3220 in
1196 3167 1310 3220 vias
1333 3207 1348 3231 ,
1383 3165 1434 3218 in
1465 3163 1646 3233 spinas
1667 3204 1682 3228 ,
1713 3163 1766 3216 in
1809 3161 2011 3232 lapides

426 3254 716 3322 caderent,
749 3256 897 3325 piger
916 3256 1180 3311 seminare
1207 3256 1382 3310 hieme
1401 3295 1415 3318 .
1438 3254 1658 3310 esurivit
1679 3260 1883 3308 testate.
1906 3252 2013 3307 Ve-

432 3355 732 3402 rumtamen
751 3346 880 3402 dicit
900 3347 992 3401 tibi
1024 3348 1280 3402 Dominus
1307 3355 1429 3400 tuus
1447 3388 1463 3412 ,
1491 3346 1558 3401 de
1577 3360 1681 3415 quo
1701 3347 1881 3414 utique
1903 3359 2010 3398 non

426 3446 671 3511 dubitas,
699 3447 741 3499 si
769 3446 1088 3499 christianus
1113 3459 1172 3500 es
1197 3463 1211 3499 :
1236 3444 1348 3514 Ego
1374 3450 1592 3514 propter
1618 3451 1668 3495 te
1688 3440 1858 3494 factus
1890 3455 2010 3494 sum

429 3552 650 3606 panper,
677 3551 796 3590 cum
827 3537 978 3592 dives
1003 3552 1198 3591 essem.
1226 3536 1456 3602 Quicum
1485 3534 1724 3602 informa
1744 3531 1837 3584 Dei
1859 3541 2007 3597 esset,

428 3627 595 3697 (quid
640 3626 726 3680 illa
775 3626 940 3681 forma
979 3628 1215 3696 ditius?)
1245 3643 1344 3679 non
1375 3625 1608 3695 rapinam
1641 3622 1914 3676 arbitratus
1939 3631 2011 3675 est

431 3734 540 3771 esse
562 3719 770 3789 aequalis
810 3717 956 3783 Deo;
983 3718 1071 3772 sed
1096 3719 1416 3787 semetipsum
1455 3715 1724 3770 exinanivit
1748 3755 1764 3780 ,
1795 3716 2012 3784 formam

425 3812 556 3865 servi
595 3813 873 3882 accipiens,
911 3810 1072 3883 (quid
1121 3812 1289 3864 forma
1321 3808 1412 3862 Dei
1450 3807 1648 3862 ditius?
1676 3805 1804 3876 quid
1840 3806 2008 3860 forma

425 3903 566 3955 servi
611 3903 930 3971 pauperius?
960 3903 978 3973 )
1006 3903 1059 3954 in
1095 3899 1471 3955 similitudinem
1517 3898 1775 3951 hominum
1809 3897 2006 3968 factus,

425 3994 600 4047 habitu
628 3995 854 4048 inventus
880 4003 933 4048 ut
962 3995 1110 4048 homo
1132 4009 1150 4048 :
1172 3992 1452 4046 humiliavit
1470 3991 1790 4060 semetipsum
1809 4031 1822 4054 ,
1848 3993 2010 4060 factus

423 4087 660 4142 obediens
679 4104 833 4156 usque
843 4087 912 4140 ad
923 4095 1149 4152 mortem,
1166 4094 1376 4139 mortem
1390 4094 1555 4137 autem
1572 4084 1734 4136 crucis
1747 4080 2006 4153 (Philipp.

424 4195 482 4242 ιι,
502 4177 644 4251 6-8).
665 4179 814 4235 Adde
831 4179 1005 4234 adhuc
1021 4197 1033 4232 :
1047 4178 1178 4233 sitiit
1199 4178 1250 4231 in
1268 4192 1445 4242 cruce,
1461 4175 1665 4247 accepit
1682 4183 1885 4246 potum,
1900 4191 2006 4228 non

423 4287 454 4326 a
496 4272 819 4338 miserante,
848 4273 940 4327 sed
978 4272 1046 4326 ab
1085 4271 1406 4334 insultante;
1437 4279 1491 4324 et
1533 4269 1665 4344 bibit
1706 4276 1912 4323 acetum
1954 4267 2005 4322 in

423 4373 596 4419 morte
642 4363 760 4419 fons
790 4365 931 4418 vitm.
970 4363 1091 4417 Noli
1134 4361 1440 4432 aspernari,
1470 4361 1576 4414 noli
1621 4370 1966 4414 contemnere
1989 4401 2002 4424 ,

425 4455 532 4508 noli
559 4455 773 4510 dicere:
805 4455 943 4525 Ergo
983 4455 1124 4509 Deus
1152 4468 1303 4508 meus
1331 4453 1491 4508 homo
1534 4451 1701 4505 factus
1731 4452 1846 4505 est?
1867 4451 2007 4522 Ergo

424 4545 565 4600 Deus
596 4561 746 4600 meus
771 4546 978 4600 occisus
1005 4553 1114 4611 est,
1142 4543 1426 4598 crucifixus
1455 4542 1572 4596 est?
1599 4541 1792 4608 Etiam,
1825 4542 2000 4611 plane,

421 4637 525 4704 Ita,
555 4638 841 4692 crucifixus
877 4645 979 4691 est.
1009 4637 1299 4706 Paupertas
1326 4634 1442 4704 ejus
1464 4634 1554 4689 tibi
1581 4635 2001 4692 commendatur.

421 4727 660 4798 Longe'a
690 4738 742 4783 te
772 4729 905 4782 fuit:
936 4727 1308 4797 pr0pinquavit
1338 4726 1430 4781 tibi
1467 4734 1795 4796 paupertate.
1821 4725 2006 4780 Fidem

356 4847 369 4862 ι
421 4821 622 4894 posside
644 4837 760 4876 cum
783 4820 1012 4891 proximo
1042 4819 1200 4872 tuoin
1223 4826 1518 4888 paupertate
1534 4818 1714 4888 ipsius.
1736 4816 1892 4872 Certe
1919 4817 2005 4873 hic

421 4927 683 4982 nusquam
703 4911 946 4977 vacillat,
972 4924 1231 4980 nusquam
1253 4909 1443 4978 caligat
1467 4909 1566 4963 ista
1591 4908 1877 4963 sententia.
1901 4909 2005 4964 Pro

421 5007 635 5060 nomine
682 5004 944 5074 proximi,
976 5002 1162 5072 accipe
1206 5017 1402 5057 nomen
1443 5001 1671 5068 Christi,
1701 5010 1756 5056 et
1793 5002 2004 5055 humilis

416 5098 620 5165 accipe.
652 5096 875 5150 llumilis
901 5096 1042 5150 enim
1074 5095 1324 5165 congruis
1350 5094 1565 5158 humili,
1597 5095 1761 5148 altum
1787 5093 2002 5148 humilis

419 5197 570 5254 cupis
597 5203 610 5239 :
636 5186 852 5240 humilis
890 5187 1102 5255 accipe,
1129 5194 1184 5240 et
1209 5184 1444 5254 intellige
1475 5185 1796 5253 proximum.
1829 5184 2003 5253 Prope

419 5287 503 5332 est
528 5277 670 5331 enim
701 5278 955 5332 Dominus
999 5279 1081 5332 his
1109 5279 1200 5349 qui
1244 5277 1580 5332 obtriverunt
1619 5291 1712 5330 cor
1736 5294 1749 5330 :
1777 5285 1833 5330 ut
1855 5276 2000 5330 dicas

419 5371 470 5424 in
501 5369 742 5424 oratione
764 5378 872 5435 tua,
898 5373 1024 5426 sicut
1055 5373 1361 5441 proximum,
1380 5370 1505 5424 sicut
1522 5374 1729 5440 fratrem
1751 5381 1996 5435 nostrum,

415 5461 488 5512 ita
525 5458 893 5529 complacebam
936 5460 1103 5531 (Psal.
1133 5478 1316 5527 χχχιιι,
1350 5459 1461 5532 li).
1489 5460 1663 5516 Unum
1701 5477 1827 5527 ergo
1869 5476 1992 5516 ver-

419 5560 576 5616 bum,
605 5551 745 5620 quod
793 5551 1054 5624 PrOpheta
1099 5556 1333 5622 addidit,
1363 5556 1645 5624 proximum
1684 5555 1995 5620 nominans;

415 5641 724 5711 prophetica
772 5644 914 5698 enim
954 5645 1151 5701 locutio
1191 5647 1520 5717 aliquantum
1566 5647 1735 5702 fuerat
1774 5645 1995 5718 tegenda

412 5732 738 5791 sacramenti
760 5735 1062 5808 velamine,
1093 5747 1153 5794 ut
1195 5737 1599 5798 desiderabilius
1641 5747 1992 5813 quaereretur,

1682 312 1720 376 S
1753 311 2112 375 AUGUSTINI
2154 312 2456 373 EPISCOI’I

3599 325 3707 386 252

2121 437 2180 485 ut
2202 431 2416 486 suavius
2445 429 2790 489 inveniretur.
2826 430 2925 489 Ubi
2955 449 3080 504 ergo
3113 433 3198 490 ille
3221 437 3504 507 proximum
3530 445 3706 498 nomi-

2123 520 2300 587 navit,
2327 530 2382 575 tu
2403 521 2673 576 Christum
2704 524 2952 588 nomina;
2980 527 3102 595 quia
3139 537 3194 582 et
3223 528 3309 584 ille
3333 529 3599 588 Christum
3632 536 3704 592 ita

2121 611 2434 680 prophetiae
2472 612 2804 668 nominavit:
2830 624 2882 668 tu
2911 615 3179 672 Chrismm
3227 622 3469 687 nomina,
3502 633 3559 680 et
3584 627 3705 683 vide

2119 711 2420 758 currentem
2447 703 2698 774 liquidam
2719 709 3036 763 sententiam
3057 753 3072 776 ,
3105 720 3158 765 et
3189 721 3437 784 tanquam
3465 716 3530 771 de
3559 718 3703 774 fonte

2120 796 2362 851 veritatis
2392 797 2695 864 irrigantem
2725 800 2870 853 sitim
2917 810 3080 856 tuam.
3115 802 3296 858 Fidem
3339 808 3540 875 posside
3589 827 3703 863 cum

2119 883 2316 939 Christo
2344 888 2394 939 in
2417 897 2710 958 paupertate
2731 891 2919 961 ipsius,
2948 902 3001 946 ut
3033 904 3080 947 et
3113 894 3253 949 bonis
3278 897 3434 966 ipsius
3463 905 3702 972 perfrua~

2116 978 2206 1030 ris.
2231 978 2364 1044 Quid
2390 991 2506 1046 est,
2540 983 2722 1039 Fidem
2749 987 2949 1056 posside
2979 1005 3091 1042 cum
3114 991 3309 1047 Christo
3324 993 3428 1048 ?Jn
3457 1011 3522 1049 eo
3560 998 3702 1065 quod

2118 1078 2336 1136 propter
2379 1079 2429 1127 te
2473 1074 2634 1130 homo
2677 1076 2846 1131 factus
2889 1087 2998 1142 est,
3031 1078 3084 1132 in
3110 1095 3176 1134 eo
3214 1081 3354 1150 quod
3383 1082 3452 1138 de
3498 1085 3704 1154 virgine

2118 1168 2274 1213 natus
2300 1170 2412 1230 est,
2438 1163 2490 1218 in
2524 1181 2590 1220 eo
2615 1169 2753 1237 quod
2783 1171 2987 1237 accepit
3015 1174 3392 1240 contumelias,
3425 1177 3566 1245 quod
3596 1178 3699 1233 Ila-

2117 1249 2341 1317 gellatus
2365 1261 2481 1320 est,
2513 1257 2653 1324 quod
2684 1257 2826 1328 ligno
2847 1275 3168 1328 suspensus,
3201 1264 3341 1333 quod
3372 1265 3554 1321 lancea
3580 1272 3703 1322 vnl-

2118 1349 2334 1395 neratus
2353 1384 2366 1406 ,
2403 1344 2542 1413 quod
2569 1349 2809 1416 sepultus
2839 1367 2852 1402 ε
2883 1351 2989 1404 noli
3029 1353 3124 1406 ista
3154 1368 3440 1423 spernere,
3471 1374 3575 1412 non
3609 1361 3703 1414 tibi

2117 1430 2446 1487 incredibilia
2469 1435 2774 1504 videantur;
2794 1447 2846 1493 et
2872 1441 2950 1494 sic
2973 1442 3131 1496 fidem
3153 1445 3364 1512 posside
3379 1461 3500 1500 eum
3526 1452 3704 1517 proxi-

2117 1535 2225 1575 mo.
2274 1522 2399 1579 Haec
2422 1535 2504 1581 est
2531 1529 2673 1584 extim
2712 1543 2996 1601 paupertas
3041 1535 3176 1603 ejus.
3207 1537 3343 1602 Quid
3370 1549 3448 1594 est
3478 1551 3658 1597 autem
3684 1585 3701 1608 ,

2121 1611 2189 1666 Ut
2224 1624 2272 1668 et
2314 1617 2454 1672 bonis
2492 1622 2602 1693 ejus
2639 1627 2958 1694 perfruaris?
2983 1629 3152 1694 Audi,
3199 1631 3319 1700 quia
3361 1631 3463 1688 hoc
3503 1637 3700 1699 voluit;

2115 1704 2238 1758 audi
2259 1746 2275 1772 ,
2303 1711 2424 1778 quia
2449 1711 2570 1766 ideo
2592 1713 2643 1768 in
2666 1727 2976 1786 paupertate
3000 1720 3066 1774 ad
3099 1729 3149 1776 te
3173 1724 3349 1790 venit;
3372 1726 3490 1780 audi
3513 1743 3700 1784 vocent

2118 1799 2364 1867 pauperis
2393 1811 2609 1872 propter
2650 1814 2701 1861 te
2739 1807 2948 1863 Domini
2989 1810 3083 1864 Dei
3111 1813 3182 1866 tui
3209 1812 3426 1870 ditantis
3458 1827 3509 1872 te
3537 1835 3551 1871 :
3580 1820 3704 1874 vide

2115 1889 2384 1957 quomodo
2415 1890 2566 1947 bonis
2605 1895 2721 1963 ejus
2763 1897 3083 1967 perfruaris,
3111 1901 3155 1955 si
3199 1901 3354 1957 fidem
3397 1919 3516 1960 eum
3553 1923 3619 1963 eo
3647 1911 3703 1963 in

2118 1989 2424 2047 paupertate
2461 1987 2778 2040 servaveris.
2811 1988 2985 2059 Pater,
3015 1991 3216 2060 inquit,
3247 1995 3358 2049 volo
3395 2007 3449 2050 ut
3488 2001 3572 2054 ubi
3608 2018 3706 2071 ego

2116 2085 2228 2123 sum
2251 2111 2266 2136 ,
2298 2080 2346 2126 et
2371 2073 2470 2143 ipsi
2489 2077 2590 2130 sint
2615 2094 2808 2132 mecum
2852 2080 3031 2151 (Joan.
3066 2099 3189 2148 xvu,
3214 2085 3326 2158 24).

2612 2167 2843 2225 ssnuo
2881 2172 3017 2226 XLII
3060 2179 3078 2197 α
3105 2176 3204 2247 (a).

2045 2273 2050 2278 -
2116 2247 2195 2302 De
2221 2266 2279 2304 eo
2301 2253 2436 2322 quod
2461 2255 2700 2327 scriptum
2730 2269 2802 2313 est
2827 2261 2878 2313 in
2907 2260 3064 2330 Isaia,
3095 2282 3212 2335 cap.
3241 2283 3277 2329 ι.
3313 2269 3398 2335 Η,
3425 2272 3541 2338 Quo
3567 2274 3708 2335 mihi

2186 2349 2578 2407 multitudinem
2605 2356 2983 2412 sacrificiorum
3013 2365 3350 2418 vestrorum?
3378 2365 3440 2419 Et
3468 2368 3520 2421 in
3549 2367 3710 2424 Psal-

2188 2453 2270 2490 mo
2290 2453 2506 2506 cxxxtx,
2533 2444 2584 2506 i,
2602 2443 2793 2500 Libera
2816 2463 2923 2512 me,
2955 2449 3195 2514 Domine,
3215 2452 3281 2506 ab
3299 2453 3511 2512 homine
3536 2460 3705 2514 malo.

2186 2527 2414 2586 CAPUT
2481 2533 2760 2591 PRIMUM.
2789 2568 2863 2578 —
2900 2541 2951 2593 I.
3006 2540 3341 2614 Eleemosyna
3399 2547 3453 2602 in
3504 2566 3709 2621 paupe-

2115 2634 2222 2673 rem
2264 2623 2572 2690 sacriﬁcium
2628 2637 2699 2680 est
2736 2629 3015 2685 christiani.
3060 2632 3178 2688 Duo
3214 2651 3398 2705 genera
3434 2639 3714 2714 eleemosy-

2117 2727 2317 2766 narum.
2350 2715 2482 2786 Ego,
2527 2716 2736 2784 fratres,
2787 2722 2926 2777 vires
2967 2739 3155 2793 parvas
3204 2727 3394 2797 habeo,
3435 2732 3529 2786 sed
3577 2749 3707 2789 ver-

2118 2801 2242 2858 bum
2282 2805 2375 2861 Dei
2415 2823 2632 2878 magnas
2662 2810 2838 2867 habet.
2871 2814 3056 2870 Valeat
3083 2817 3133 2872 in
3168 2819 3416 2876 cordibus
3441 2826 3630 2880 vestris
3660 2828 3706 2882 ¹.

2116 2893 2258 2963 Ergo
2285 2905 2338 2951 et
2371 2899 2512 2967 quod
2541 2901 2683 2956 lente
2708 2903 2954 2970 dicimus,
2985 2908 3138 2964 valde
3174 2910 3388 2979 auditis,
3416 2915 3462 2968 si
3485 2916 3709 2974 obedie-

2115 2987 2250 3042 ritis.
2278 2989 2549 3061 Tanquam
2589 3009 2684 3064 per
2719 2997 2912 3052 nubem
2935 3014 3106 3065 suam,
3137 3017 3234 3072 per
3262 3003 3446 3060 Isaiam
3474 3008 3712 3077 prophe-

2118 3087 2222 3131 tam
2253 3079 2508 3137 Dominus
2537 3087 2706 3140 tonuit
2736 3103 2751 3142 :
2786 3088 2830 3141 si
2861 3104 3076 3144 sensum
3121 3093 3343 3158 habetis,
3390 3101 3704 3166 expavistis.

2117 3167 2395 3225 Manifeste
2435 3175 2575 3228 enim
2621 3175 2776 3242 dixit,
2823 3194 2922 3233 nec
2962 3183 3318 3251 expositorem
3366 3184 3561 3243 habent
3600 3190 3710 3246 ista

2117 3262 2498 3327 necessarium,
2531 3266 2623 3320 sed
2666 3265 2944 3324 factorem.
2988 3272 3102 3336 Quo
3131 3274 3274 3341 mihi,
3313 3277 3498 3348 inquit,
3527 3281 3710 3335 multi-

2117 3351 2340 3406 tudinem
2367 3356 2734 3424 sacriﬁciorum
2760 3372 3034 3416 vestrorum
3050 3367 3076 3419 .9
3100 3365 3228 3435 Quis
3249 3369 3390 3423 enim
3419 3372 3713 3442 exquisivit

2115 3443 2214 3498 ista
2237 3446 2305 3502 de
2326 3450 2568 3505 manibus
2595 3454 2789 3507 vestris
2812 3455 2836 3507 ?
2861 3455 2994 3510 Deus
3018 3472 3114 3510 nos
3139 3463 3346 3528 quaerit,
3370 3477 3471 3516 non
3498 3473 3706 3522 nostra.

2117 3534 2220 3591 Sed
2250 3539 2564 3595 sacrificium
2606 3543 2882 3599 christiani
2923 3555 3005 3600 est
3043 3548 3381 3623 eleemosyna
3416 3553 3467 3606 in
3507 3570 3708 3625 paupe-

2117 3642 2250 3681 rem.
2282 3629 2417 3684 liinc
2441 3632 2580 3685 enim
2623 3633 2678 3687 fit
2708 3635 2844 3689 Deus
2873 3637 3102 3704 peccatis
3142 3642 3420 3709 propitius.
3459 3643 3570 3698 Nisi
3600 3661 3706 3700 au-

2117 3727 2222 3772 tem
2266 3722 2496 3788 peccatis
2527 3725 2783 3792 propitius
2829 3727 2918 3781 fiat
2965 3728 3126 3795 Dens,
3163 3732 3281 3799 quis
3325 3744 3561 3789 remanet
3595 3738 3705 3793 nisi

2115 3812 2276 3866 reus?
2303 3813 2383 3866 Ab
2426 3815 2505 3868 eis
2556 3818 2784 3884 peccatis
2823 3827 2876 3873 et
2920 3819 3128 3875 delictis
3158 3824 3199 3888 ³,
3230 3823 3344 3878 sine
3370 3825 3562 3894 quibus
3589 3830 3703 3884 vita

2115 3901 2211 3954 ista
2245 3919 2348 3956 non
2375 3903 2603 3968 ducitur,
2653 3909 2973 3963 mundantur
3019 3913 3259 3968 homines
3288 3930 3382 3983 per
3405 3917 3706 3990 eleemosy-

2113 4007 2209 4045 nas
2242 4011 2254 4046 :
2282 4009 2400 4063 quae
2429 4005 2551 4050 sunt
2575 3997 2798 4052 duorum
2834 4014 3109 4069 generum,
3141 4005 3410 4072 erogando
3435 4017 3488 4062 et
3509 4012 3704 4066 remit~

2115 4081 2306 4146 tendo;
2332 4085 2598 4153 erogandi)
2617 4087 2757 4155 quod
2781 4087 2944 4144 habes
2967 4089 3183 4158 bonum,
3211 4097 3530 4152 remittendo
3554 4101 3703 4169 quod

2112 4174 2309 4240 pateris
2335 4175 2556 4229 malum.
2585 4176 2711 4232 Haec
2734 4178 2840 4232 dun
2875 4194 3068 4250 genera
3099 4183 3559 4254 eleemosynarum
3593 4190 3698 4245 Do-

2112 4263 2288 4318 minus
2333 4266 2584 4335 magister
2625 4268 2816 4334 bonus,
2847 4271 2938 4340 qui
2970 4272 3188 4328 verbum
3233 4276 3494 4334 breviavit
3535 4295 3706 4351 super

2113 4363 2326 4418 terram,
2358 4367 2418 4411 ut
2443 4369 2585 4414 855οι
2610 4359 2957 4428 fructuosum,
2989 4374 3041 4418 et
3069 4380 3173 4420 11011
3199 4382 3502 4437 onerosum,
3533 4387 3702 4443 quam

2111 4446 2345 4502 breviter
2375 4448 2533 4504 fuerit
2571 4454 2900 4521 complexus,
2947 4455 3162 4510 audite:
3197 4457 3467 4527 Remittite,
3502 4463 3698 4532 inquit,

2110 4546 2158 4590 et
2185 4540 2458 4594 remittetur
2483 4542 2647 4606 vobis;
2682 4543 2817 4608 date,
2849 4555 2896 4597 et
2929 4545 3132 4599 dabitur
3158 4547 3294 4604 vobis
3341 4551 3360 4615 (
3366 4550 3489 4604 Luc.
3516 4568 3592 4618 vt,
3623 4556 3700 4610 57

2109 4639 2155 4681 et
2179 4629 2292 4699 38).
2325 4629 2608 4695 Remittile,
2643 4641 2692 4686 et
2723 4635 2999 4688 remittetur
3022 4637 3177 4703 vobis,
3210 4641 3437 4708 pertinet
3456 4643 3520 4697 ad
3540 4645 3704 4714 igno-

2109 4720 2397 4785 scendum;
2429 4725 2561 4787 date,
2603 4733 2650 4776 et
2687 4723 2886 4777 dabitur
2910 4727 3065 4790 vobis,
3095 4731 3326 4797 pertinet
3352 4731 3417 4786 ad
3456 4747 3693 4803 erogan-

2108 4811 2251 4866 dum.
2284 4814 2360 4868 Ex
2396 4816 2479 4869 illa
2510 4817 2869 4889 eleelnosyna,
2897 4835 2999 4889 qua
3041 4821 3269 4890 ignoscis
3304 4823 3522 4893 homini,
3559 4829 3694 4884 nihil

2109 4905 2304 4973 perdis.
2355 4906 2491 4962 Ecce
2539 4909 2716 4963 statim
2764 4911 2970 4964 veniam
3016 4913 3181 4982 petit,
3235 4913 3514 4984 ignovisti,
3563 4918 3698 4973 nihil

2107 4995 2350 5050 amisisti.
2407 4996 2676 5054 Charitate
2755 5002 2983 5070 amplior
3024 5003 3242 5058 domum
3303 5007 3507 5062 redisti.
3563 5008 3699 5066 Illud

2106 5087 2246 5140 aliud
2298 5102 2466 5158 genus
2517 5089 2994 5162 clcemosynarum,
3049 5093 3136 5148 ubi
3177 5095 3428 5164 jubemur
3469 5113 3698 5169 erogare

2107 5180 2478 5250 indigentibus,
2517 5197 2677 5253 grave
2716 5183 2924 5239 videtur
2950 5201 2965 5238 :
2991 5186 3112 5256 quia
3151 5188 3291 5257 quod
3332 5191 3556 5260 quisque
3598 5191 3701 5247 de-

2171 5319 2186 5349 ι
2213 5317 2444 5386 {fierique
2461 5317 2702 5386 ltiss.._Sed
2718 5321 2918 5386 per-bum
2941 5321 3042 5386 pri
3070 5336 3269 5386 magnas
3289 5324 3426 5376 habet
3461 5323 3622 5377 valere
3643 5329 3700 5380 iis

2104 5378 2330 5430 cordibus
2352 5378 2532 5429 uestris.
2554 5381 2842 5442 ,victorinus,
2867 5381 3043 5434 habere
3067 5378 3203 5434 vale't.

2168 5443 2294 5507 [Hic
2326 5450 2431 5490 Mss.
2451 5441 2642 5507 quidam
2668 5444 2998 5507 interponunt,
3047 5446 3303 5507 Remittite,
3337 5454 3382 5498 et
3425 5449 3699 5502 remittetur

2104 5500 2232 5552 vobis
2255 5517 2272 5552 :
2296 5516 2390 5552 non
2407 5500 2682 5554 mortalibus
2705 5500 2829 5560 dico,
2858 5519 2917 5554 ne
2941 5500 3312 5559 commutantur.
3347 5517 3410 5558 Ex
3432 5511 3509 5559 bis
3533 5500 3700 5563 itemi-

2103 5565 2306 5625 gicnsis,
2331 5578 2423 5613 non
2445 5563 2737 5625 mortalibus,
2763 5566 2854 5616 nisi
2876 5575 3254 5620 contemnantur.

2167 5627 2184 5642 ‘
2210 5627 2274 5674 Ad
2295 5627 2418 5677 duos
2452 5627 2515 5676 cl.
2547 5628 2606 5678 ad
2639 5641 2715 5690 gr.
2754 5642 2845 5676 rm.
2873 5643 2920 5678 v.
2962 5637 3062 5678 Am.
3110 5637 3183 5681 Er.
3228 5641 3329 5682 Par.
3365 5640 3473 5683 Lov.
3519 5643 3701 5686 recen-

2102 5694 2240 5812 suiiij
2272 5749 2415 5810 Alias,
2435 5750 2497 5801 29
2521 5763 2584 5800 ex
2608 5750 2820 5801 tlomiliis
2839 5751 2918 5804 so.

2602 5859 2618 5884 /
