4012 6338
238 340 353 397 253

243 456 410 519 derit,
442 452 545 507 hoc
568 447 739 519 ipsum
767 436 906 512 quod
930 433 1072 490 dabit
1103 443 1204 483 non
1232 418 1467 479 habebit.

315 511 548 601 CA'PUT
587 511 650 593 Il.
672 566 741 577 ——
834 529 1276 593 Eleemosynarum
1296 522 1526 567 mensura
1547 511 1590 556 et
1614 511 1819 553 merces.

247 638 430 693 Penus
476 628 794 703 trajectitium
838 626 998 695 facere
1035 592 1172 687 quid.
1199 604 1452 677 Equidem
1496 605 1548 651 et
1588 592 1710 647 hinc
1743 601 1826 641 se-

245 744 415 786 curos
441 682 705 780 nos’facit
740 682 1057 786 Apostolus,
1088 703 1177 775 qui
1220 697 1393 754 dixit:
1427 690 1588 745 Prout
1623 682 1828 786 quisque

246 823 422 887 habet,
449 834 551 872 non
576 824 628 868 ut
669 811 783 864 aliis
816 808 878 861 sit
911 798 1111 874 refectio
1132 796 1172 860 ί,
1198 790 1333 847 vobis
1358 782 1587 855 angustia
1613 774 1675 847 (ιι
1707 771 1825 825 Cor.

242 935 363 983 vm,
398 914 486 980 12,
526 911 635 980 15).
680 905 924 960 Metiatur
963 873 1089 965 ergo
1119 884 1476 955 unusquisque
1505 873 1643 927 vires
1684 877 1822 925 suas,

1408 969 1420 983 ‘
1461 976 1473 983 ·
1548 977 1649 983 -»--
1693 954 1822 983 nam“

254 954 363 983 πυ,
404 954 486 980 ...,
531 954 635 966 ....
1023 954 1051 965 ν
1276 954 1283 955 ί

248 1025 359 1063 non
408 954 768 1059 thesaui‘izare
805 988 1039 1045 attendat
1079 984 1133 1037 in
1178 988 1315 1033 terra
1351 969 1500 1030 :det,
1548 977 1653 1017 non
1693 954 1831 1063 perit

248 1096 397 1169 quod
425 1096 535 1149 dat.
566 1091 679 1145 Non
724 1086 863 1147 dico,
910 1080 1021 1133 Iloc
1063 1087 1167 1127 non
1213 1065 1379 1138 perit;
1417 1057 1509 1112 sed
1540 1046 1831 1169 dico,‘Hoc

248 1139 397 1169 γη..
427 1139 535 1149 .._--
566 1139 678 1145 ν---
852 1139 862 1147 ,

247 1191 428 1243 solum
448 1199 554 1238 non
580 1178 735 1250 perit.
762 1174 875 1228 Alia
901 1182 1027 1223 vero
1055 1177 1172 1233 qua:
1199 1171 1303 1212 non
1329 1148 1559 1211 dederis,
1588 1151 1641 1197 et
1666 1139 1833 1192 abun-

1675 1233 1714 1250 ⁸-
1752 1228 1795 1250 .I!

250 1228 428 1243 οων...
450 1228 554 1238 ..νη
581 1228 731 1250 rw--.
1076 1228 1086 1233 _

250 1280 382 1334 dant
412 1275 530 1339 tibi,
559 1280 649 1324 aut
675 1282 795 1322 cum
823 1261 954 1317 vivis
982 1252 1199 1317 amittis,
1227 1255 1318 1302 aut
1344 1258 1463 1298 cum
1498 1233 1718 1292 moreris
1746 1228 1829 1282 di-

253 1368 447 1423 mittis.
479 1361 700 1424 Deinde,
731 1355 920 1410 fratres
948 1348 1073 1411 mei,
1104 1350 1247 1397 tanta
1284 1329 1568 1407 promissio
1596 1338 1701 1394 quo
1735 1333 1832 1374 nos

255 1462 503 1514 hortetur
528 1457 579 1519 ‘,
607 1448 863 1504 attendite
892 1462 905 1497 :
938 1436 1199 1497 Dimittite,
1240 1426 1439 1497 inquit,
1478 1428 1522 1474 et
1563 1415 1835 1470 dimittetur

254 1554 394 1607 vobis
408 1566 429 1615 ;
453 1552 589 1612 date,
606 1554 652 1599 et
685 1540 885 1594 dabitur
910 1532 1062 1589 vobis.
1084 1522 1305 1595 Quando
1330 1517 1474 1579 dicit,
1502 1511 1647 1574 Date,
1672 1515 1717 1560 et
1742 1503 1836 1557 da-

255 1648 390 1699 bitur
419 1639 579 1703 vobis,
601 1631 811 1689 attende
834 1627 913 1682 cui
934 1624 1091 1678 dicat.
1113 1612 1321 1672 Homini
1348 1608 1474 1663 dicit
1502 1604 1660 1661 Deus,
1691 1608 1834 1648 mor-

255 1735 350 1791 tali
380 1730 512 1786 dicit
540 1682 876 1783 immortalis,
906 1711 1149 1769 mendico
1173 1703 1299 1760 dicit
1336 1707 1509 1754 tantus
1530 1682 1835 1761 paterfami-

257 1831 378 1883 lias.
411 1826 594 1894 Neque
635 1819 776 1875 enim
806 1814 908 1868 hoc
932 1815 1273 1864 revocaturus
1298 1803 1379 1851 est
1401 1788 1541 1861 quod
1570 1782 1833 1840 dedimus.

1393 1885 1405 1894 '
1599 1888 1691 1894 -Α--ι
1747 1866 1833 1894 ..ι-,1

260 1920 569 1974 Invenimus
603 1926 758 1981 quem
798 1907 1116 1961 feneremus.

262 1963 793 2074 Dedl,uiiori_hbinini.
823 1996 884 2050 Ei
912 1992 1098 2046 damus
1140 1982 1230 2053 qui
1278 1973 1532 2036 abundat,
1564 1966 1612 2021 ei
1652 1963 1842 2017 damus

258 2058 541 2172 quid—edit
584 2090 725 2164 quod
768 2088 972 2143 demus.
1006 2080 1070 2134 Et
1117 2089 1214 2146 pro
1255 2064 1478 2124 modicis
1526 2058 1703 2119 rebus,
1747 2064 1841 2120 pro

264 2156 490 2256 l'lrivolis,
522 2156 618 2257 pro
649 2179 979 2238 mortalibus,
1011 2184 1109 2241 pro
1157 2159 1511 2236 putribilibus,
1547 2164 1644 2219 pro
1670 2156 1841 2257 terre:

264 2228 490 2256 ιιιννιιο,
523 2228 616 2257 νιν
649 2228 752 2238 ...ν-
770 2228 887 2233 -..--τ,
967 2228 979 2237 1
1016 2228 1029 2241 ι
1158 2228 1169 2236 Ι

261 2283 365 2346 nis,
400 2288 621 2340 :eterna,
646 2263 1083 2336 incorruptibilia,
1111 2256 1225 2310 sine
1258 2254 1359 2304 line
1385 2239 1647 2301 manentia
1676 2254 1689 2289 :
1715 2228 1841 2303 quid

1268 2343 1276 2346 -
1430 2338 1441 2346 ι
1640 2328 1737 2346 9.1!:
1787 2323 1839 2346 ΟΣ

400 2323 621 2340 .----.-_,
864 2323 877 2336 _
1071 2323 1077 2326 γ

263 2371 431 2424 multa
472 2366 707 2420 dicturus
750 2356 905 2412 sum?
948 2368 1005 2407 se
1049 2343 1324 2419 promittit,
1356 2338 1444 2408 qui
1487 2328 1760 2404 promittit.
1787 2323 1843 2379 Si

267 2477 420 2517 amas
451 2460 620 2521 illum,
660 2468 777 2508 eme
817 2449 964 2504 illum
1010 2443 1076 2497 ab
1110 2440 1220 2495 illo.
1251 2437 1316 2489 Et
1346 2441 1402 2486 ut
1430 2425 1638 2483 noveris
1664 2431 1715 2476 te
1744 2418 1843 2489 ipsi

267 2558 429 2619 dare,
461 2551 583 2607 audi
629 2548 772 2602 illum
810 2542 1111 2597 dicentem:
1142 2528 1369 2589 Esurivi,
1407 2533 1452 2578 et
1480 2517 1683 2575 dedistis
1723 2511 1847 2567 mihi

268 2646 614 2704 manducare;
646 2637 796 2701 sitivi,
836 2643 880 2688 et
911 2626 1112 2684 dedistis
1147 2621 1270 2676 mihi
1298 2626 1503 2690 potum;
1532 2612 1709 2678 hospes
1750 2604 1845 2676 fui,

267 2752 317 2796 et
344 2735 632 2805 suscepistis
659 2746 769 2794 me;
808 2724 974 2780 nudus
1004 2720 1097 2789 fui,
1129 2724 1172 2769 et
1197 2710 1407 2767 vestistis
1434 2719 1544 2766 me;
1580 2715 1731 2771 aager,
1770 2695 1847 2749 vi-

270 2829 463 2885 sitastis
492 2788 617 2889 'me;
657 2819 899 2881 inclusus,
931 2788 1129 2865 uenistis
1167 2803 1233 2857 ad
1277 2817 1374 2854 me.
1406 2797 1472 2852 Et
1500 2794 1675 2849 dicent
1716 2788 1788 2841 illi
1832 2801 1846 2838 :

276 2917 496 2986 Quando
522 2924 569 2968 te
592 2911 804 2965 vidimus
846 2906 897 2958 in
938 2902 1021 2955 bis
1058 2889 1457 2953 necessitatibus
1486 2882 1848 2941 constitutum,

274 3022 319 3065 et
348 3004 739 3063 ministrauimus
765 2997 891 3051 tibi?
923 2995 986 3047 Et
1011 2991 1099 3044 ille
1127 3004 1141 3040 :
1185 2981 1400 3051 Quando
1427 2976 1515 3032 uni
1551 2990 1612 3028 ea:
1634 2969 1853 3025 minimis

273 3058 629 3167 meis—fecistis,
667 3089 790 3145 mihi
818 3084 1001 3159 fecistis
1030 3078 1237 3152 (Matth.
1268 3089 1392 3140 xxv,
1421 3066 1635 3137 εδδ-ιο).
1662 3063 1761 3117 Dat
1787 3058 1854 3113 de

276 3151 436 3255 ccelo;
465 3151 655 3255 accipit
696 3181 750 3235 in
798 3151 957 3232 terra.
999 3151 1115 3242 Ipse
1150 3169 1258 3232 dat,
1292 3165 1403 3235 ipse
1442 3159 1651 3229 accipit.
1695 3151 1853 3222 Quasi

280 3285 430 3338 fenus
460 3275 796 3347 trajectitium
826 3268 974 3324 facis.
1006 3265 1100 3319 llic
1128 3260 1243 3325 das,
1276 3258 1345 3311 ibi
1374 3252 1567 3322 recipis
1600 3267 1613 3303 :
1645 3247 1729 3301 hic
1757 3244 1856 3299 das

282 3390 369 3430 res
398 3372 684 3442 perituras,
711 3365 780 3418 ibi
808 3358 999 3429 recipis
1020 3370 1108 3409 res
1131 3354 1246 3407 sine
1274 3350 1376 3402 ﬁne
1397 3354 1692 3399 mansuras.

348 3430 581 3520 CAPUT
633 3457 816 3514 lll.—
844 3454 895 3507 5.
943 3448 1110 3504 Homo
1160 3443 1343 3497 malus.
1389 3439 1454 3493 Et
1498 3430 1858 3504 quandocum-

282 3574 384 3629 que
410 3555 549 3610 dicis
580 3552 705 3612 Deo,
737 3547 916 3602 Libera
953 3555 1051 3603 me,
1082 3534 1316 3597 Domine,
1348 3528 1407 3583 ab
1442 3526 1640 3581 homine
1672 3520 1805 3574 man
1841 3532 1861 3571 :

285 3651 387 3703 hoc
430 3646 574 3701 enim
615 3638 773 3695 modo
812 3632 1158 3690 cantavimus.
1190 3623 1313 3679 Scio
1342 3620 1480 3674 enim
1521 3630 1625 3685 quo
1667 3610 1860 3681 gemitu

282 3742 453 3800 dicas,
485 3735 666 3788 Libera
685 3746 783 3793 me,
818 3724 1044 3783 Domine,
1070 3718 1130 3770 ab
1168 3713 1367 3769 homine
1389 3707 1541 3761 malo.
1569 3703 1695 3771 Quis
1722 3700 1861 3753 enim

288 3834 339 3884 in
369 3831 476 3883 isto
504 3823 700 3879 sreculo
724 3834 829 3873 non
859 3814 1052 3887 patitur
1076 3809 1303 3877 aliquem
1330 3799 1596 3855 hominem
1634 3790 1865 3847 malum?

288 3918 515 3988 Quando
556 3928 681 3983 ergo
726 3910 826 3964 hoc
862 3904 995 3961 dicis
1024 3902 1154 3965 Deo,
1186 3894 1365 3949 Libera
1405 3905 1502 3951 me,
1543 3885 1773 3946 Domine,
1805 3880 1866 3932 ab

291 4012 496 4065 nomine
521 4006 691 4067 malo;
719 4003 855 4056 sicut
879 3998 1004 4051 totis
1031 3987 1337 4065 prrecordiis
1366 3982 1517 4047 dicis,
1540 3980 1615 4032 sic
1632 3973 1868 4061 lintentis

292 4101 467 4156 oculis
497 4108 548 4152 te
578 4065 721 4165 prius
749 4087 979 4144 attende.
1003 4083 1181 4137 Libera
1203 4094 1299 4141 me,
1322 4074 1555 4134 Domine,
1580 4070 1642 4122 ab
1673 4065 1871 4119 homine

292 4194 451 4247 malo.
497 4158 606 4243 Fac
650 4184 743 4239 tibi
785 4176 1120 4249 respondisse
1156 4172 1342 4234 Deum,
1373 4165 1416 4220 Α
1458 4160 1597 4233 quo?
1636 4158 1871 4213 dicturus

295 4303 352 4341 es
378 4302 409 4339 a
438 4282 593 4341 Gaio,
629 4293 657 4330 a
694 4274 878 4337 Lucio,
911 4286 938 4323 a
984 4265 1164 4321 nescio
1206 4275 1310 4331 quo
1354 4270 1509 4326 quem
1557 4249 1770 4321 pateris.
1810 4247 1871 4300 Et

297 4373 594 4446 respondet
622 4368 713 4424 tibi
745 4384 759 4420 ε
794 4366 867 4419 De
890 4372 939 4416 te
965 4358 1092 4413 mihi
1127 4354 1255 4409 nihil
1282 4348 1452 4405 dicis?
1483 4345 1537 4401 Si
1566 4343 1633 4397 ab
1663 4340 1875 4395 homine

298 4430 443 4525 maio
471 4465 637 4519 libero
662 4470 733 4525 te,
764 4456 909 4526 prius
945 4466 1003 4506 es
1024 4444 1329 4503 Lberandus
1354 4455 1382 4493 a
1414 4447 1466 4492 te
1502 4437 1636 4505 ipso.
1673 4430 1875 4485 Pateris

300 4561 524 4622 malum,
550 4551 657 4607 noli
683 4559 735 4602 te
761 4547 930 4615 ipsum
960 4540 1067 4611 pati
1104 4536 1320 4591 malum.
1353 4527 1637 4583 Videamus
1658 4522 1705 4576 si
1734 4521 1880 4574 inve-

304 4654 381 4708 nit
408 4652 463 4704 in
494 4613 561 4711 ie,
602 4642 723 4714 quid
756 4613 848 4693 tibi
877 4636 1033 4690 iaciat
1055 4631 1189 4684 ailel'
1217 4625 1405 4680 malus.
1435 4618 1569 4687 Quid
1607 4616 1697 4670 tibi
1726 4613 1881 4667 faciat

309 4740 524 4799 malus?
552 4739 631 4793 Tu
657 4734 764 4789 noli
793 4744 910 4785 esse
950 4725 1136 4781 malus.
1162 4721 1278 4775 Non
1318 4716 1410 4770 tibi
1439 4712 1736 4768 dominetur
1758 4721 1882 4760 ava-

305 4837 450 4898 ritia,
486 4846 591 4884 non
621 4838 674 4882 te
696 4826 863 4881 calcet
881 4811 1305 4883 concupiscentia
1330 4817 1437 4871 tua,
1466 4818 1570 4857 non
1600 4812 1650 4855 te
1678 4800 1884 4852 trituret

307 4930 381 4981 ira
412 4934 525 4979 tua.
573 4919 663 4975 Isti
703 4918 884 4970 hostes
913 4907 1191 4964 interiores
1220 4901 1294 4956 tui
1333 4905 1475 4953 sunt.
1514 4894 1592 4948 Tu
1621 4894 1732 4960 ipse
1778 4904 1882 4941 non

310 5018 401 5073 tibi
428 5011 629 5083 aliquid
660 5008 841 5062 facias.
886 4999 1173 5056 Videamus
1218 4990 1343 5062 quid
1382 4987 1473 5042 tibi
1515 4985 1639 5039 facit
1678 4981 1884 5035 vicinus

309 5108 509 5170 malus,
534 5110 789 5173 patronus
814 5092 1002 5156 malus,
1023 5096 1214 5159 potens
1234 5081 1404 5136 malus
1430 5097 1444 5133 :
1467 5076 1740 5131 videamus
1760 5069 1884 5140 quid

311 5202 404 5254 tibi
449 5163 595 5251 facit.
648 5192 854 5246 Justum
900 5192 951 5238 te
992 5178 1241 5240 inveniat,
1281 5173 1490 5228 ﬁdelem
1527 5179 1589 5237 te
1634 5163 1884 5227 inveniat,

313 5290 662 5346 christianum
690 5291 743 5337 te
773 5276 1006 5334 inveniat
1034 5291 1049 5327 ε
1076 5269 1200 5341 quid
1228 5267 1317 5321 tibi
1354 5265 1584 5319 facturus
1606 5258 1719 5313 est?
1739 5253 1889 5321 Quod

314 5381 591 5450 Stephano
615 5370 783 5429 Judmi
810 5369 1065 5422 fecerunt.
1092 5357 1359 5415 Faciendo
1386 5352 1601 5413 malum,
1634 5348 1892 5402 miserunt

386 5548 403 5579 ⁸
424 5552 508 5593 us.
531 5538 853 5593 oolbertinus,
876 5544 968 5582 non
990 5537 1040 5581 ut
1059 5527 1168 5593 aliis
1186 5526 1248 5593 sit
1270 5520 1540 5593 cmuciatio.

384 5573 508 5654 ι
536 5573 1351 5666 parisi'gﬁu'aﬂfaéaiigisasis,
1374 5589 1504 5653 ιφιια
1542 5587 1611 5631 est
1646 5573 1894 5666 promissio

321 5638 990 5727 ςιιιέῖοδγνιῖἇῖὶᾶἶυτῗῖᾶἱίἰζ
1023 5638 1180 5703 trima"
1197 5638 1446 5713 promissio
1470 5656 1610 5707 quem
1647 5638 1744 5689 non
1782 5638 1894 5687 hor-

322 5725 493 5783 me

1645 293 1870 353 SERMO
1906 282 2085 348 XLIII.

3394 278 3501 338 255

1931 404 1997 458 ad
2026 403 2240 455 bonum.
2279 397 2418 469 Ergo
2457 395 2666 466 quando
2708 396 2844 466 petis
2881 402 2937 449 ut
2971 391 3156 450 liberet
3181 401 3231 449 te
3258 393 3398 450 Deus
3431 399 3500 450 ab

1931 493 2145 546 homine
2190 489 2349 553 malo,
2381 486 2593 541 attende
2633 495 2706 550 te,
2739 484 2845 539 noli
2876 483 2967 539 tibi
3007 498 3227 553 parcere
3267 502 3280 539 :
3318 492 3369 539 te
3396 499 3423 537 a
3457 494 3507 539 te

1930 585 2139 637 liberet.
2162 578 2437 647 Quomodo
2460 586 2510 632 te
2539 591 2566 630 a
2598 586 2648 630 te
2676 575 2902 630 liberat?
2929 573 3250 629 Dimittendo
3269 584 3507 642 peccata,

1932 674 2177 730 donando
2212 672 2417 733 merita,
2445 668 2621 722 dando
2648 668 2738 722 tibi
2777 667 2919 720 vires
2955 664 3221 735 pugnandi
3255 663 3510 718 adversus

1931 762 2386 833 concupiscentias
2436 770 2586 821 tuas,
2643 756 2950 825 inspirando
2999 757 3282 819 virtutem,
3335 724 3545 833 dando;

1933 803 2385 833 w..c..,.....,-......-
2438 803 2551 813 ...νυ
2572 803 2586 821 ,
2644 803 2945 825 ...-,-.-...-__
3011 803 3245 809 .-η----η
3267 803 3282 819 ,
3342 803 3384 807 _,
3408 803 3500 807 --τ-

1933 855 2095 909 menti
2122 863 2223 906 tua:
2250 852 2519 906 caelestem
2548 848 2976 910 delectationem,
3007 860 3108 914 qua
3135 845 3309 898 omnis
3337 853 3509 897 terre-

1933 963 1997 1001 na
2028 945 2309 1000 delectatio
2347 950 2642 1011 superetur.
2686 940 2808 992 Ilaec
2836 954 2955 992 cum
2984 939 3074 991 tibi
3102 945 3319 1006 praestat
3347 937 3506 999 Deus,
3542 937 3548 982 ἒ

1934 1038 2123 1091 liberat
2160 1046 2209 1089 te
2246 1050 2274 1087 a
2307 1043 2376 1095 te,
2405 1042 2459 1087 et
2483 1046 2699 1086 securus
2725 1038 3002 1098 exspectas
3043 1030 3093 1082 in
3132 1028 3292 1096 hujus
3332 1026 3511 1082 surculi

1933 1128 2087 1181 malis
2113 1124 2431 1180 transitoriis
2459 1138 2577 1177 cum
2613 1122 2692 1175 eis
2717 1120 2867 1175 bonis
2894 1126 3171 1173 venturum
3206 1119 3509 1181 Dominum,
3546 1102 3547 1105 “

1933 1235 2052 1289 quae
2095 1216 2325 1271 transire
2367 1229 2470 1268 non
2512 1219 2752 1283 possunt.
2791 1210 2931 1266 Satis
2970 1209 3076 1263 sint
3110 1208 3280 1261 vobis.
3307 1207 3512 1261 Videtis

1935 1320 2098 1375 certe,
2130 1308 2249 1377 quia
2278 1307 2459 1361 nescio
2487 1304 2755 1375 quomodo
2782 1318 2882 1372 ego
2920 1300 3181 1355 invalidus
3217 1298 3432 1363 accedo,
3459 1307 3515 1351 et

1937 1401 2199 1473 loquendo
2223 1401 2369 1454 fortis
2391 1399 2477 1451 ﬁo.
2506 1398 2706 1452 Tantus
2735 1405 2816 1450 est
2842 1395 2970 1449 mihi
2998 1394 3226 1458 animus,
3256 1400 3397 1446 tanta
3428 1392 3513 1444 iu-

1941 1494 2105 1547 tentio
2150 1492 2200 1545 in
2248 1490 2483 1560 profectu
2517 1488 2731 1544 vestro!
2766 1485 3053 1555 Operarius
3097 1483 3239 1538 enim
3290 1482 3341 1535 in
3389 1494 3516 1549 agro

1939 1585 2165 1639 fructum
2197 1596 2436 1651 sperans,
2468 1580 2642 1633 minus
2666 1578 2830 1632 sentit
2858 1576 3115 1629 laborem.
3156 1572 3283 1627 Sitis
3313 1571 3518 1624 fructus

1940 1678 2063 1742 mei,
2094 1684 2151 1730 ut
2175 1675 2446 1731 vobiscum
2471 1671 2591 1735 sim,
2623 1678 2677 1724 et
2694 1682 2882 1723 omnes
2911 1667 3076 1721 simus
3099 1664 3301 1719 fructus
3329 1661 3445 1717 Dei.

2433 1802 2658 1860 senuo
2696 1799 2893 1855 xum
2927 1798 3023 1871 (α).

1943 1924 2023 1980 De
2046 1941 2103 1981 eo
2131 1923 2264 1993 quod
2295 1922 2537 1992 scriptum
2565 1928 2636 1975 est
2662 1920 2717 1973 in
2740 1917 2899 1981 Isaia,
2924 1932 3039 1987 cap.
3063 1931 3156 1982 vn,
3180 1914 3235 1983 9,
3265 1912 3375 1969 Nisi
3404 1926 3522 1967 cre-

2321 2013 2583 2077 dideritis,
2613 2025 2716 2065 non
2745 2007 3046 2077 intelligetis
3071 2006 3167 2077 (b).

2035 2126 2260 2183 CAPUT
2322 2123 2602 2179 PRIMUM.
2645 2151 2715 2166 -ο
2759 2121 2812 2175 1.
2864 2118 3018 2172 Fides
3065 2115 3362 2171 necessaria.
3413 2113 3521 2167 Ini-

1948 2222 2075 2275 tium
2130 2221 2281 2274 bonae
2331 2219 2485 2280 vilic,
2535 2216 2619 2270 cui
2663 2215 2767 2267 vita
2814 2212 2973 2266 etiam
3025 2218 3221 2263 aeterna
3278 2206 3520 2269 debetur,

1947 2320 2093 2366 recta
2130 2310 2259 2364 ﬁdes
2296 2318 2397 2363 est.
2429 2308 2523 2361 Est
2558 2315 2733 2359 autem
2767 2303 2918 2367 ﬁdes,
2956 2301 3174 2355 credere
3202 2297 3343 2368 quod
3386 2312 3522 2350 non-

1947 2404 2072 2459 dum
2099 2401 2245 2455 vides
2279 2418 2292 2454 :
2329 2399 2481 2466 cujus
2518 2395 2638 2450 ﬁdei
2669 2408 2872 2449 merces
2896 2400 2997 2453 est,
3026 2390 3208 2444 videre
3233 2387 3372 2457 (ιιιοά
3403 2401 3524 2440 cre-

1949 2496 2051 2550 dis.
2081 2494 2342 2561 Tempore
2364 2490 2520 2559 igitur
2551 2487 2667 2541 lidei
2700 2496 2947 2553 tanquam
2976 2491 3213 2550 tempore
3238 2477 3523 2541 sementis,

1950 2604 2055 2642 non
2086 2585 2412 2645 deﬁciamus,
2442 2590 2497 2633 et
2523 2593 2691 2646 usque
2730 2577 2781 2629 in
2822 2577 2981 2628 linem
3024 2587 3127 2625 non
3168 2571 3475 2625 deﬁciamus
3507 2584 3522 2618 :

1951 2676 2042 2731 sed
2084 2686 2502 2744 perseveremus,
2533 2668 2703 2721 donec
2741 2664 2880 2735 quod
2924 2662 3303 2719 seminavimus
3351 2665 3526 2712 meta-

1953 2783 2089 2823 mus.
2117 2767 2248 2819 Cum
2291 2764 2431 2815 enim
2478 2774 2720 2813 aversum
2771 2764 2912 2809 esset
2952 2769 3119 2823 genus
3167 2751 3449 2804 humanum
3495 2761 3526 2798 a

1957 2862 2166 2924 Deo,et
2202 2856 2404 2924 jaceret
2445 2852 2496 2904 in
2535 2848 2741 2903 delictis
2770 2846 2901 2908 suis,
2945 2844 3082 2897 sicut
3117 2841 3368 2895 Creatore
3394 2851 3533 2905 opus

1954 2950 2278 3005 habebamus
2310 2954 2366 2998 ut
2398 2956 2661 3003 essemus,
2684 2937 2760 2993 sic
2785 2936 3057 2992 Salvatore
3086 2941 3143 2985 ut
3172 2930 3532 2985 reviviscere-

1955 3057 2093 3097 mus.
2150 3040 2331 3094 Justus
2382 3036 2520 3089 Deus
2569 3029 2840 3086 damnavit
2884 3026 3174 3086 hominem,
3230 3020 3540 3075 misericors:

1959 3136 2097 3189 Dens
2120 3133 2304 3185 liberat
2335 3127 2623 3182 hominem.
2656 3121 2791 3175 Deus
2818 3117 2978 3172 Israel
3014 3116 3120 3182 ipse
3145 3112 3278 3165 dabit
3301 3111 3527 3164 virtutem

1958 3234 2001 3279 et
2028 3221 2367 3293 fortitudinem
2390 3216 2519 3288 plebi
2540 3229 2682 3268 sum:
2707 3210 2990 3265 benedictus
3020 3206 3156 3258 Deus
3179 3202 3349 3270 (Psal.
3370 3215 3532 3264 van,

1959 3318 2072 3385 56).
2103 3314 2208 3370 Sed
2237 3310 2501 3379 accipiunt
2528 3305 2826 3369 credentes,
2869 3316 2975 3354 non
3027 3296 3289 3365 accipiunt
3344 3300 3533 3345 conle-

1962 3416 2223 3463 mnentes.

2030 3499 2086 3552 2.
2134 3495 2285 3549 Fides
2312 3506 2550 3563 magnum
2583 3486 2680 3541 Dei
2703 3485 2909 3538 donum.
2951 3480 3061 3535 Nec
3089 3478 3155 3532 de
3183 3477 3296 3545 ipsa
3328 3474 3428 3529 ﬁde
3459 3481 3540 3527 la-

1965 3606 2085 3645 men
2123 3588 2193 3641 ita
2235 3582 2563 3654 gloriandum
2602 3586 2703 3640 est,
2725 3572 2873 3645 quasi
2899 3567 3095 3639 aliquid
3133 3580 3231 3620 nos
3256 3564 3540 3634 possimus.

1966 3680 2079 3733 Non
2114 3676 2253 3731 enim
2283 3673 2415 3726 ﬁdes
2441 3668 2567 3723 nihil
2593 3676 2693 3729 est,
2725 3662 2817 3716 sed
2843 3672 3090 3727 magnum
3122 3654 3317 3723 aliquid
3342 3669 3356 3703 :
3385 3666 3542 3719 quam

1968 3771 2010 3823 si
2042 3766 2224 3828 babes,
2267 3750 2506 3831 profele
2547 3753 2817 3822 accepisti.
2849 3748 2985 3817 Quid
3016 3745 3156 3801 enim
3195 3743 3377 3806 habes,
3403 3740 3543 3810 quod

1969 3875 2073 3913 non
2099 3829 2347 3922 accepisti
2380 3850 2421 3917 (l
2451 3847 2567 3902 Cor.
2600 3861 2668 3906 Iv,
2700 3842 2797 3914 7)?
2824 3835 3033 3901 Videte,
3060 3831 3378 3894 charissimi,
3408 3829 3547 3883 unde

1975 3950 2198 4006 Domino
2230 3947 2337 3999 Deo
2365 3941 2561 4013 gratias
2590 3936 2757 4006 agatis
2788 3953 2801 3987 :
2841 3947 2907 3986 ne
2948 3932 3000 3984 in
3039 3929 3216 3996 aliquo
3258 3924 3397 3978 dono
3432 3922 3548 3990 ejus

1973 4040 2160 4112 ingrati
2201 4036 2476 4097 maneatis,
2510 4041 2565 4086 et
2594 4036 2808 4098 prepter
2854 4025 2957 4079 hoc
2984 4019 3124 4090 quod
3168 4016 3359 4088 ingrati
3397 4015 3548 4078 estis,

1973 4108 2116 4208 quod
2145 4128 2422 4199 accepistis
2468 4123 2720 4195 perdatis.
2751 4120 2892 4175 Laus
2934 4115 3055 4169 ﬁdei
3108 4108 3360 4180 explicari
3398 4123 3428 4161 a
3466 4122 3553 4159 me

1976 4201 2120 4283 nullo
2146 4222 2303 4278 modo
2352 4223 2545 4288 potest,
2591 4213 2683 4268 sed
2731 4226 2760 4264 a
2810 4206 3052 4262 ﬁdelibus
3092 4201 3313 4270 cogitari
3356 4206 3550 4266 potest.

2047 4314 2271 4371 CAPUT
2310 4311 2373 4365 ll.
2398 4339 2466 4350 —-
2492 4308 2656 4361 Porro
2676 4303 2719 4357 si
2741 4317 2807 4354 ex
2858 4299 3029 4366 aliqua
3066 4303 3235 4364 parte,
3258 4299 3315 4344 ut
3339 4289 3554 4358 dignum

1978 4418 2077 4471 est,
2108 4404 2389 4474 cogitetur,
2420 4396 2538 4467 quis
2573 4394 2730 4461 digne
2767 4388 2983 4456 cogitet,
3011 4399 3167 4453 quam
3197 4379 3375 4435 multis
3404 4377 3559 4430 donis

1982 4501 2073 4556 Dei
2101 4470 2265 4567 ipsius
2289 4487 2627 4562 praeferatur?
2651 4485 2718 4538 Et
2746 4483 2789 4536 si
2815 4481 3018 4534 minora
3044 4476 3134 4530 Dei
3164 4475 3302 4528 dona
3332 4473 3383 4526 in
3407 4470 3559 4523 nobis

1981 4593 2237 4649 debemus
2266 4596 2577 4656 agnoscere,
2607 4586 2803 4648 quanto
2833 4572 2999 4642 magis
3041 4568 3169 4623 illud
3202 4564 3342 4637 quod
3381 4578 3443 4619 ea
3472 4576 3560 4614 su-

1986 4692 2154 4755 pcrat,
2184 4679 2439 4734 debemus
2464 4666 2789 4741 agnoscere?

2056 4776 2108 4829 5.
2133 4743 2225 4825 Dei
2247 4770 2299 4821 iu
2324 4765 2572 4820 hominem
2599 4758 2853 4825 beneﬁcia.
2878 4753 3031 4807 Aliud
3056 4750 3330 4804 intellectus
3349 4752 3395 4798 et
3420 4743 3562 4796 aliud

1984 4867 2135 4921 ratio.
2188 4863 2232 4915 Α
2273 4860 2382 4913 Deo
2410 4854 2664 4909 debemus
2699 4862 2820 4903 esse
2860 4844 2999 4914 quod
3055 4853 3239 4896 sumus
3288 4835 3379 4907 (ε).
3429 4832 3563 4898 Quia

1987 4954 2128 5027 quod
2170 4966 2275 5006 non
2316 4946 2444 5001 nihil
2488 4955 2691 5001 sumus,
2723 4937 2825 4993 nisi
2866 4952 2897 4990 a
2933 4936 3040 4988 Deo
3066 4948 3095 4984 a
3122 4946 3227 5001 quo
3270 4924 3567 4980 habemus?

1990 5017 2094 5105 Sed
2122 5052 2246 5100 sunt
2280 5052 2335 5096 et
2363 5041 2524 5109 ligna,
2547 5042 2669 5089 sunt
2703 5041 2756 5085 et
2784 5028 3005 5097 lapides,
3044 5040 3073 5077 a
3099 5038 3201 5092 quo
3226 5020 3324 5075 nisi
3356 5033 3384 5071 a
3417 5017 3566 5071 Deo?

1990 5140 2098 5195 Nos
2125 5150 2250 5203 ergo
2287 5108 2421 5202 quid,
2458 5127 2612 5198 plus?
2662 5123 2776 5177 Non
2821 5120 2999 5173 vivunt
3034 5115 3171 5183 ligna
3214 5119 3269 5165 et
3312 5108 3512 5177 lapides
3546 5125 3559 5160 :

1994 5246 2092 5286 nos
2119 5236 2297 5281 autem
2320 5221 2564 5276 vivimus.
2599 5215 2702 5271 Sed
2733 5211 2904 5269 adhuc
2941 5206 3092 5261 nobis
3124 5204 3348 5272 idipsum
3385 5201 3566 5254 vivere

2057 5385 2075 5404 ‘
2101 5383 2163 5432 Ad
2186 5388 2289 5429 tres
2308 5378 2392 5426 bn.
2418 5373 2474 5422 ad
2512 5377 2714 5435 quatuor
2736 5364 2798 5414 cl.
2823 5363 2979 5435 adhcb.
3005 5359 3037 5410 f.
3072 5360 3120 5409 ll.
3148 5357 3206 5409 fs.
3245 5372 3295 5421 g.
3330 5356 3363 5405 l.
3403 5369 3467 5403 m.
3494 5367 3569 5415 pr.

1995 5460 2085 5496 rm.
2101 5427 2311 5493 ‘v‘dfitm.
2337 5446 2409 5485 ἤι’.
2435 5427 2543 5483 νεινῖ
2562 5441 2668 5482 Lov.
2692 5427 2986 5496 recognitum

2081 5488 2131 5560 ai
2146 5488 2299 5560 tilias,
2326 5500 2390 5547 de
2413 5497 2575 5547 verbis
2594 5489 2797 5556 Apostoli
2822 5488 2898 5536 ‘27.

2082 5532 2130 5627 iii
2326 5532 2797 5615 ‘é‘e'n'ii'é'i’c‘éiiiiaai
2814 5532 2975 5599 eaStat
2996 5548 3047 5597 in
3068 5544 3186 5594 Flori
3209 5540 3493 5592 collectione
3513 5532 3574 5585 ad

1999 5638 2141 5773 fagi).
2165 5644 2302 5739 ἔστω
2340 5694 2376 5734 Α
2410 5691 2507 5734 Deo
2535 5676 2791 5737 habemus;
2829 5680 2936 5735 aut,
2973 5679 3071 5722 Deo
3092 5666 3328 5719 debemus.
