4012 6338
476 295 582 367 Itis

478 439 602 480 cum
646 421 928 480 arboribus
967 420 1280 490 frutetisque
1318 432 1606 474 commune
1647 424 1748 471 est.
1798 414 2057 469 Dicuntur

477 515 620 569 enim
650 515 862 579 etvites
901 515 1098 568 vivere.
1130 511 1261 567 Nam
1289 511 1333 565 si
1360 525 1464 564 non
1493 509 1755 568 viverent.
1785 523 1889 561 non
1929 504 2061 560 scri-

479 613 630 674 ptum
655 613 799 660 esset
826 622 840 657 :
875 601 1070 659 Occidit
1102 604 1156 656 in
1186 601 1433 673 grandine
1466 600 1635 654 vineas
1661 614 1850 653 eorum.
1884 593 2055 668 (Psal.

485 709 688 760 tum,
717 695 828 763 67).
860 694 1014 760 Vivit,
1046 708 1165 746 cum
1205 682 1374 755 viret;
1414 690 1627 755 arescit,
1663 704 1783 744 cum
1815 687 2055 741 moritur.

478 787 586 841 Sed
616 788 718 842 vita
759 788 855 840 ista
894 803 997 840 non
1035 786 1191 841 habet
1224 800 1462 839 sensum.
1501 782 1636 851 Quid
1679 797 1775 835 uos
1795 777 2058 848 amplius?

481 877 769 933 Sentinms.
801 878 1271 949 Quinquepartitus
1296 876 1536 946 corporis
1564 883 1722 931 notus
1746 884 1829 929 est
1847 887 2056 928 sensus.
2080 892 2085 897 λ

486 968 757 1032 Videmus,
781 970 1052 1031 audimus.
1080 969 1376 1031 olfacimus,
1400 977 1688 1039 gustamus,
1733 974 1874 1021 tactu
1899 964 2059 1019 etiam

481 1074 576 1128 per
626 1070 793 1115 totum
841 1076 1038 1131 corpus
1078 1072 1318 1116 nostrum
1373 1060 1556 1114 mollia
1602 1058 1957 1127 dijudieamus
2005 1062 2060 1111 et

476 1149 630 1216 dum,
662 1166 851 1221 aSpera
887 1161 941 1206 et
989 1152 1151 1217 lenia,
1173 1151 1345 1206 calida
1382 1159 1437 1205 et
1475 1150 1680 1220 frigida.
1713 1149 1805 1203 Est
1835 1163 1961 1218 ergo
2005 1147 2059 1202 in

479 1239 630 1294 nobis
654 1254 844 1295 sensus
868 1242 1324 1311 quinquepartitus
1345 1259 1359 1296 :
1379 1240 1473 1296 sed
1500 1240 1637 1295 hunc
1667 1239 1862 1293 habent
1880 1246 1935 1294 et
1964 1237 2060 1293 be-

478 1329 616 1384 stiae.
643 1329 914 1386 Habemus
937 1347 1064 1401 ergo
1090 1332 1287 1402 aliquid
1331 1332 1560 1400 amplius
1599 1344 1717 1384 nos.
1760 1330 1825 1384 Et
1849 1330 1946 1383 ista
1978 1337 2060 1381 ta-

480 1421 601 1477 men
641 1439 759 1494 qute
788 1427 1236 1492 enumeravimus,
1276 1424 1470 1480 fratres
1506 1424 1631 1490 mei,
1671 1423 1716 1477 si
1749 1422 2058 1477 considere-

479 1530 601 1569 mus
629 1515 681 1569 in
710 1517 883 1583 nobis,
919 1527 1168 1587 quantam
1213 1516 1281 1572 de
1327 1516 1408 1570 his
1449 1515 1737 1586 gratiarum
1763 1513 2051 1577 actionem,

477 1616 729 1678 quantam
765 1608 999 1664 Creatori
1043 1609 1250 1664 laudem
1279 1608 1576 1664 debemus?
1612 1606 1718 1663 Sed
1745 1615 1921 1660 tamen
1946 1620 2059 1659 am-

480 1699 618 1768 plius
651 1690 777 1768 quid
820 1699 1113 1754 habemus?
1151 1701 1401 1763 Mentem,
1442 1700 1723 1762 rationem,
1751 1698 2056 1762 consilium,

478 1788 619 1858 quod
665 1805 769 1845 non
812 1790 1010 1846 habent
1051 1791 1251 1854 bestim,
1280 1805 1384 1844 non
1414 1789 1611 1845 habent
1635 1790 1899 1853 volucres,
1950 1802 2061 1841 non

480 1878 673 1936 habent
700 1882 872 1950 pisces
910 1900 922 1935 :
957 1883 1008 1936 in
1038 1898 1102 1937 eo
1148 1883 1270 1937 facti
1304 1897 1491 1936 sumus
1525 1883 1590 1936 ad
1632 1882 1914 1951 imaginem
1942 1879 2057 1934 Dei.

479 1972 716 2043 Denique
741 1975 828 2029 ubi
858 1975 1128 2045 Scriptura
1172 1984 1350 2029 narrat
1397 1974 1537 2044 quod
1587 1974 1707 2028 facti
1756 1987 1956 2037 sumus,
1991 1970 2062 2026 ibi

479 2063 768 2135 sobjnngit,
796 2076 858 2119 ut
897 2081 994 2120 nos
1044 2067 1324 2136 pecoribus
1372 2080 1476 2120 non
1526 2066 1697 2119 solum
1748 2072 2059 2134 anteponat,

479 2157 573 2211 sed
617 2167 670 2212 et
714 2169 1006 2227 praeponat,
1052 2161 1099 2214 id
1132 2170 1230 2224 est,
1264 2170 1322 2215 ut
1358 2176 1421 2215 ea
1464 2160 1617 2213 nobis
1645 2159 1880 2229 subjecta
1912 2159 2018 2212 sint
2046 2176 2058 2212 :

480 2243 775 2313 Faciamus,
800 2250 988 2320 inquit,
1017 2252 1270 2304 hominem
1303 2252 1371 2304 ad
1399 2251 1672 2321 imaginem
1700 2260 1745 2303 et
1766 2249 2063 2305 similitudi-

479 2355 593 2392 nem
637 2350 878 2405 nostram,
920 2351 965 2395 et
1004 2343 1181 2396 babeat
1220 2352 1511 2414 potestatem
1553 2343 1763 2411 piscium
1803 2343 1976 2404 maris,
2017 2349 2065 2394 et

478 2430 756 2485 uolatilium
785 2434 919 2505 caeli,
948 2443 994 2487 et
1021 2435 1242 2486 euntium
1269 2450 1527 2504 perorant,
1552 2443 1598 2486 et
1625 2433 1927 2502 serpentium
1953 2446 2066 2502 quae

482 2532 666 2589 repunt
689 2539 841 2591 super
878 2534 1061 2577 terram
1108 2523 1256 2595 (Cen.
1294 2541 1333 2591 ι,
1360 2524 1478 2596 ἳϐ).
1508 2523 1659 2579 Unde
1690 2524 1880 2578 habeat
1912 2534 2061 2592 pote-

481 2612 711 2665 statem?
737 2612 959 2681 PrOpter
993 2615 1274 2679 imaginem
1310 2616 1421 2669 Dei.
1463 2613 1613 2669 Unde
1636 2614 1949 2683 quibusdam
1980 2615 2065 2667 tli-

479 2703 617 2753 citur
646 2702 972 2770 increpando
1004 2721 1017 2757 :
1062 2703 1238 2758 Nolite
1280 2721 1385 2759 esse
1423 2706 1552 2759 sicut
1598 2722 1751 2777 equus
1789 2715 1836 2759 et
1873 2704 2061 2771 mulus,

479 2792 658 2861 quibus
697 2804 905 2849 nonest
943 2795 1222 2851 intellectus
1261 2796 1435 2867 (Psal.
1483 2815 1634 2865 xxxi,
1668 2798 1744 2869 9).
1776 2799 1882 2853 Sed
1922 2798 2063 2852 aliud

478 2894 561 2938 est
605 2885 922 2949 intellectus,
967 2878 1108 2942 aliud
1148 2889 1302 2944 ratio.
1345 2889 1478 2944 Nam
1510 2891 1777 2948 rationem
1809 2890 2066 2943 habemus

477 2983 533 3028 et
574 2984 856 3045 antequam
896 2979 1283 3048 intelligamus;
1324 2979 1420 3035 sed
1460 2981 1756 3050 intelligere
1786 2995 1890 3035 non
1918 2980 2065 3035 vale-

482 3080 623 3128 mus,
653 3067 752 3120 uisi
783 3069 1040 3122 rationem
1065 3068 1373 3124 habeamus.
1404 3069 1500 3125 Est
1528 3086 1655 3140 ergo
1678 3071 1869 3124 animal
1905 3071 2065 3125 ratio;

479 3159 563 3214 nis
591 3175 754 3228 capax
794 3178 808 3213 :
840 3178 1024 3216 verum
1068 3173 1126 3217 ut
1166 3164 1356 3219 melius
1381 3173 1436 3219 et
1459 3165 1614 3220 cilius
1637 3164 1833 3229 dicam,
1865 3164 2063 3218 animal

477 3252 758 3317 rationale,
783 3253 867 3306 cui
906 3263 1091 3308 natura
1128 3255 1266 3308 inest
1292 3256 1447 3321 ratio,
1479 3264 1534 3309 et
1560 3266 1843 3325 antequam
1874 3255 2066 3310 intelli-

476 3352 566 3412 gat
604 3344 712 3411 jam
745 3345 1003 3399 rationem
1051 3343 1229 3401 habet.
1275 3346 1406 3401 Nam
1450 3347 1570 3402 ideo
1612 3348 1724 3402 vult
1749 3348 2060 3418 intelligere,

475 3434 602 3503 quia
630 3435 765 3487 ratio
794 3435 810 3466 ί
843 3436 1115 3504 ρτωερόίι.

550 3524 777 3582 CAPUT
805 3525 893 3580 Ill.
921 3557 989 3568 —-
1016 3529 1070 3582 4.
1102 3528 1183 3582 Αη
1225 3528 1370 3597 prius
1405 3528 1707 3583 credendum
1729 3528 1865 3597 quod
1892 3538 2065 3600 postea

475 3614 805 3686 intelligatur.
852 3617 965 3671 Hoc
1002 3631 1131 3687 ergo
1193 3618 1333 3674 unde
1397 3619 1595 3675 bestias
1676 3619 2059 3686 antecedimus,

479 3709 711 3764 maxime
755 3711 807 3763 in
856 3711 1009 3766 nobis
1053 3713 1299 3768 excolere
1345 3711 1623 3779 debemus,
1659 3722 1713 3768 et
1758 3712 2062 3782 resculpere

476 3800 705 3869 quodam
736 3802 894 3856 modo
919 3812 972 3858 et
997 3801 1308 3858 reformare.
1343 3804 1446 3859 Sed
1474 3804 1592 3874 quis
1618 3804 1833 3873 poterit,
1865 3804 1964 3857 nisi
1993 3804 2060 3858 sit

478 3891 705 3947 artifex’
727 3894 817 3962 qui
865 3893 1155 3948 formavit?
1181 3896 1465 3966 Imaginem
1497 3896 1547 3949 in
1580 3895 1733 3949 nobis
1762 3895 1854 3949 Dei
1882 3893 2061 3949 defor-

476 3997 626 4037 mare
670 3984 960 4052 potuimus,
1001 3984 1293 4039 reformare
1323 4000 1429 4040 non
1459 4000 1758 4054 possumus.
1794 3985 2062 4039 Habemus

475 4088 629 4144 ergo,
662 4082 721 4127 ut
760 4085 947 4129 cuncta
979 4076 1210 4130 breviter
1236 4084 1556 4141 retexanius,
1588 4077 1759 4145 ipsum
1789 4089 1908 4130 esse
1935 4090 2057 4130 eum

475 4160 634 4232 lignis
675 4174 730 4218 et
777 4164 1068 4234 lapidibus;
1100 4167 1298 4233 vivere,
1324 4182 1445 4221 cum
1492 4166 1801 4229 arboribus;
1833 4167 2053 4234 sentire,

475 4271 596 4310 cum
647 4256 862 4320 bestiis;
915 4258 1240 4328 intelligere,
1270 4273 1389 4313 cum
1425 4259 1663 4327 Angelis.
1699 4257 2059 4328 Dijudicamus

476 4362 606 4417 ergo
631 4348 800 4403 oculis
826 4350 1055 4414 colores,
1087 4350 1304 4406 auribus
1328 4364 1569 4416 sonores,
1601 4349 1817 4405 naribus
1841 4349 2056 4416 odores,

476 4446 689 4509 gustatu
728 4454 963 4509 sapores,
995 4450 1133 4495 tactu
1172 4442 1397 4506 calores,
1431 4432 1698 4496 intellecm
1738 4456 1936 4496 mores.
1968 4440 2058 4495 lu-

482 4530 680 4601 lellige.
734 4530 918 4586 Omnis
962 4532 1122 4586 homo
1159 4534 1272 4587 vult
1299 4533 1621 4604 intelligere;
1652 4548 1809 4587 nemo
1846 4542 1929 4588 est
1970 4533 2059 4603 qui

429 4623 432 4626 ’
476 4620 656 4677 ιιοΙίι³
683 4640 695 4675 :
727 4622 947 4677 credere
975 4638 1078 4676 non
1106 4638 1291 4683 omnes
1309 4625 1511 4678 volunt.
1544 4624 1682 4679 Dicit
1718 4622 1845 4677 mihi
1876 4623 2056 4690 homo,

473 4714 789 4786 lotdligam,
830 4723 889 4770 ut
925 4717 1135 4771 credam
1163 4735 1177 4771 :
1202 4716 1521 4786 respondeo,
1553 4716 1743 4781 Crede,
1775 4726 1830 4770 ut
1860 4716 2059 4771 intelli-

475 4821 590 4877 gas.
613 4807 746 4862 Cum
779 4821 906 4876 ergo
953 4815 1072 4861 nata
1119 4807 1257 4861 inter
1298 4822 1396 4861 nos
1443 4808 1510 4861 sit
1551 4808 1911 4862 controversia
1942 4807 2059 4861 talis

475 4896 706 4967 quodam
748 4899 929 4963 modo,
954 4906 1010 4951 ut
1036 4898 1122 4952 ille
1152 4898 1279 4952 mihi
1319 4898 1478 4965 dicat,
1514 4898 1825 4968 Intelligam,
1853 4907 1910 4951 ut
1937 4911 2060 4951 cre-

489 4989 595 5044 lam
618 5006 633 5055 ;
658 5005 758 5060 ego
801 4991 848 5045 ei
896 4989 1264 5057 respondeam,
1297 4989 1409 5044 Imo
1445 4990 1625 5056 crede,
1660 4999 1718 5044 ut
1758 4990 2055 5059 intelligas:

472 5095 594 5134 cum
639 5080 739 5137 hac
782 5082 1144 5137 controversia
1173 5082 1450 5136 veniamus
1481 5081 1548 5136 ad
1585 5083 1841 5151 judicem,
1873 5091 2061 5136 neuter

477 5183 720 5227 nostrum
767 5186 1055 5243 praesumat
1098 5190 1194 5244 pro
1219 5190 1312 5229 sua
1346 5184 1491 5244 parte
1519 5176 1855 5230 sententiam.
1887 5173 2059 5241 Quem

480 5262 710 5333 iudicem
752 5264 1013 5319 inventuri
1038 5256 1041 5257 ⁷
1062 5264 1283 5319 sumus?
1314 5265 1574 5319 Discussis
1602 5265 1848 5319 omnibus
1889 5264 2061 5318 homi-

483 5354 662 5419 nibus,
693 5354 874 5409 nescio
900 5366 1072 5411 utrum
1105 5357 1377 5412 meliorem
1404 5356 1634 5427 iudicem
1670 5355 1909 5410 invenire
1938 5368 2063 5426 pos-

538 5490 555 5521 ¹
582 5494 649 5538 ita
671 5488 975 5539 Corbeiensis
994 5498 1074 5539 Ms.
1091 5488 1193 5548 Αιὶἱ,
1217 5488 1414 5541 ratione.
1440 5488 1558 5540 Editi
1578 5502 1714 5549 vero,
1731 5487 1981 5538 rationem.

473 5552 718 5662 δέδιθι,
761 5549 856 5603 nisi
890 5548 1019 5602 adsit
1060 5552 1237 5615 arti/ea:
1266 5565 1286 5616 ;
1327 5548 1715 5616 repugnantibus
1765 5551 1960 5601 caeteris
2001 5548 2062 5600 li-

714 5686 728 5725 :
759 5672 963 5742 tntelligi
983 5685 1135 5728 onum
1153 5674 1291 5729 homo
1310 5674 1425 5739 vult,
1443 5671 1708 5741 irttetligere
1722 5684 1861 5727 nemo
1879 5675 1950 5727 est
1979 5670 2064 5738 qui

1705 298 1763 358 S.
1802 291 2168 356 AUGUSTINI
2209 289 2508 348 EPISCOPI

2164 407 2350 472 simus,
2377 420 2536 478 quam
2567 403 2836 461 hominem
2864 420 2958 476 per
2981 419 3140 480 quem
3172 408 3406 478 loquitur
3428 406 3590 465 Deus.
3618 410 3731 468 Non

2163 511 2349 552 eamus
2373 511 2500 566 ergo
2526 495 2578 550 in
2608 494 2706 550 hac
2733 511 2793 551 re
2819 507 2872 551 et
2901 497 2953 551 in
2982 497 3083 553 hac
3113 500 3474 555 controversia
3500 500 3568 554 ad
3596 501 3738 557 litte-

2165 603 2250 643 ras
2283 589 2604 653 saaculares;
2633 603 2739 643 non
2771 588 2911 643 inter
2939 604 3037 643 nos
3056 589 3258 659 judicet
3285 600 3464 661 poeta,
3493 590 3586 646 sed
3616 607 3742 662 pro-

2163 680 2345 750 pheta.

2236 769 2290 823 ii.
2328 768 2660 838 Praplteticus
2704 785 2869 823 sermo
2903 768 2973 822 ad
3007 769 3312 837 ﬁrmandam
3365 771 3517 839 ﬁdem
3577 771 3744 842 efﬁca-

2163 861 2289 915 cior.
2338 861 2530 916 Beatus
2578 861 2850 930 apostolus
2886 860 3075 916 Petrus
3094 877 3214 916 cum
3235 863 3438 917 duobus
3456 864 3575 917 aliis
3595 864 3747 919 Chri-

2164 954 2229 1008 sti
2260 953 2463 1007 Domini
2490 952 2767 1022 discipulis
2795 953 2995 1008 Jaeobo
3020 962 3074 1009 et
3101 953 3307 1010 Joanne
3333 956 3384 1009 in
3411 963 3595 1011 monte
3618 971 3743 1010 cum

2164 1044 2281 1113 ipso
2322 1045 2544 1099 Domino
2581 1045 2920 1109 constitutus,
2950 1046 3152 1099 audivit
3195 1061 3377 1101 vocem
3409 1046 3640 1101 delatam
3675 1046 3745 1101 de

2163 1136 2299 1190 caelo
2325 1155 2338 1190 :
2367 1136 2465 1189 llic
2485 1145 2556 1190 est
2576 1137 2715 1205 ﬁlius
2741 1153 2880 1190 meus
2906 1136 3135 1200 dilectus,
3164 1138 3217 1190 in
3248 1154 3345 1208 quo
3375 1137 3496 1193 bene
3519 1139 3749 1209 compla-

2162 1229 2276 1292 cui;
2306 1230 2473 1299 ipsum
2516 1228 2688 1282 audite
2726 1227 2940 1299 (Matth.
2982 1244 3114 1292 xvu,
3146 1227 3234 1298 5).
3270 1228 3421 1297 Quod
3467 1243 3745 1283 commen-

2164 1318 2296 1372 dans
2351 1329 2674 1371 memoratus
2717 1318 3004 1385 Apostolus
3043 1320 3097 1373 in
3151 1318 3389 1389 Epistula
3427 1335 3522 1375 sua
3564 1320 3749 1376 dixit:

2166 1408 2316 1462 Hanc
2348 1424 2514 1461 vocem
2545 1425 2635 1463 nos
2659 1409 2946 1463 audivimus
2969 1409 3036 1464 de
3056 1409 3181 1464 caelo
3209 1410 3447 1475 delatam,
3470 1427 3588 1464 cum
3611 1426 3748 1465 esse-

2163 1518 2274 1555 mus
2308 1517 2425 1554 cnm
2456 1501 2547 1554 illo
2584 1502 2637 1553 in
2666 1510 2833 1554 monte
2856 1511 3049 1554 sancto.
3079 1501 3145 1555 Et
3171 1516 3292 1555 cum
3328 1500 3571 1565 dixisset,
3596 1500 3751 1554 Hanc

2162 1607 2329 1645 vocem
2356 1607 2446 1644 nos
2467 1591 2751 1645 audivimus
2770 1591 2833 1644 de
2857 1591 2982 1646 caelo
3008 1588 3266 1657 delatam;
3290 1591 3564 1661 subjunxit
3587 1600 3752 1660 atque

2164 1683 2258 1748 ait,
2294 1680 2360 1735 Et
2398 1681 2637 1736 habemus
2674 1685 2934 1737 certiorem
2980 1682 3328 1754 prapheticum
3368 1699 3646 1737 sermonem
3676 1681 3750 1751 (ll

2166 1771 2309 1827 Pctr.
2338 1789 2374 1834 ι,
2399 1773 2485 1836 l8,
2512 1774 2624 1844 l9).
2653 1774 2843 1829 Sonuit
2867 1790 2969 1828 vox
2996 1774 3084 1829 illa
3105 1773 3173 1828 de
3192 1773 3348 1839 caelo,
3371 1783 3426 1827 et
3450 1773 3646 1828 certior
3665 1781 3753 1827 cst

2165 1864 2505 1933 propheticus
2526 1880 2722 1919 sermo.

2237 1954 2462 2010 CAPUT
2511 1954 2600 2009 1V.
2627 1984 2697 1996 —
2726 1953 3018 2020 Attendite,
3050 1953 3367 2017 charissimi,
3398 1953 3616 2024 adjuvet
3640 1953 3755 2009 Do-

2167 2045 2341 2098 minus
2390 2054 2444 2098 et
2482 2045 2806 2100 voluntatem
2856 2060 3026 2100 meam
3073 2054 3127 2099 et
3179 2045 3629 2114 exspectationem
3659 2058 3755 2098 ve-

2167 2145 2352 2199 stram,
2379 2145 2438 2190 ut
2457 2135 2628 2190 dicam
2650 2135 2790 2205 quod
2817 2137 2958 2201 volo,
2986 2134 3255 2206 quomodo
3275 2135 3417 2189 volo.
3445 2134 3575 2201 Quis
3604 2133 3755 2189 enim

2169 2236 2408 2301 nostrum
2446 2242 2551 2281 non
2592 2227 2815 2282 miretur
2840 2226 3013 2281 delata
3044 2240 3173 2280 voce
3196 2224 3263 2280 de
3302 2225 3440 2280 cmlo
3464 2224 3751 2279 certiorem

2169 2318 2535 2388 prepheticum
2587 2334 2888 2375 sermonem
2932 2320 2999 2373 ab
3046 2319 3302 2388 Apostolo
3351 2317 3552 2371 dictum
3595 2316 3756 2371 esse?

2169 2408 2461 2465 Certiorem
2487 2426 2616 2465 sane
2641 2410 2774 2465 dixit
2796 2411 3146 2475 :certiorem,
3189 2425 3291 2463 non
3323 2409 3618 2471 meliorem,
3642 2422 3755 2462 non

2168 2503 2451 2557 veriorem.
2481 2502 2609 2556 Tam
2637 2504 2778 2557 enim
2810 2519 2966 2558 verus
2995 2502 3082 2557 ille
3104 2517 3282 2558 sermo
3307 2502 3375 2557 de
3401 2503 3558 2569 caelo,
3590 2516 3753 2572 quam

2169 2609 2347 2649 sermo
2390 2594 2763 2664 propheticus;
2792 2604 2898 2649 tam
2935 2595 3128 2658 bonus,
3168 2603 3272 2649 tam
3308 2594 3472 2649 utilis.
3502 2594 3636 2660 Quid
3670 2600 3762 2650 est

2169 2702 2316 2756 ergo,
2344 2688 2623 2749 certiorem,
2649 2689 2748 2741 nisi
2789 2689 2841 2742 in
2882 2704 2987 2758 quo
3017 2688 3183 2758 magis
3212 2686 3559 2743 confirmetur
3595 2686 3755 2740 audi-

2172 2779 2285 2832 tor?
2311 2779 2487 2844 Quare
2514 2778 2651 2833 boe?
2676 2779 2934 2847 Quoniam
2961 2789 3085 2833 sunt
3109 2778 3352 2834 homines
3382 2777 3760 2846 iulideles,qui

2168 2867 2245 2922 sic
2273 2868 2557 2922 detrahunt
2588 2869 2821 2937 Christo,
2855 2877 2912 2924 ut
2952 2870 3129 2924 dicant
3149 2884 3268 2923 eum
3298 2870 3518 2938 magicis
3547 2868 3758 2922 artibus

2171 2957 2359 3013 fecisse
2384 2975 2501 3027 qum
2533 2957 2679 3014 fecit.
2708 2960 2932 3015 Possent
2965 2975 3091 3029 ergo
3130 2958 3368 3035 infideles
3395 2960 3554 3014 etiam
3594 2961 3756 3012 istam

2169 3066 2354 3105 Vocem
2381 3051 2606 3105 delatam
2636 3051 2704 3107 de
2732 3052 2889 3118 cmio,
2918 3068 3015 3124 per
3049 3052 3384 3120 conjecturas
3414 3051 3676 3105 humanas
3704 3060 3759 3104 et

2171 3143 2381 3198 illicitas
2429 3143 2765 3210 curiositates
2809 3143 2876 3198 atl
2920 3143 3151 3214 magicas
3191 3152 3334 3197 artes
3379 3143 3596 3197 referre.
3643 3141 3758 3198 Sed

2170 3234 2448 3304 Prolihetze
2476 3243 2599 3289 ante
2639 3234 2879 3297 luerunt;
2912 3249 3019 3288 non
3051 3234 3170 3288 dico
3208 3243 3330 3287 ante
3354 3233 3508 3287 istam
3537 3247 3758 3298 vocem,

2168 3326 2260 3380 sed
2289 3336 2413 3381 ante
2440 3326 2638 3381 Christi
2674 3342 2909 3381 carnem.
2949 3325 3192 3381 Nondum
3234 3334 3349 3381 erat
3392 3325 3551 3379 homo
3588 3324 3758 3379 Chri-

2169 3427 2302 3484 stus,
2333 3418 2543 3488 quando
2569 3419 2712 3473 misit
2733 3417 3048 3488 Prophetas.
3072 3419 3321 3489 Quisquis
3340 3433 3461 3472 eum
3483 3417 3609 3472 dicit
3627 3433 3755 3472 ma-

2166 3526 2289 3579 gum
2316 3510 2475 3563 l'uisse
2498 3526 2511 3562 :
2535 3510 2579 3564 si
2606 3525 2734 3581 ergo
2761 3510 2978 3581 magicis
3005 3511 3210 3566 artibus
3244 3509 3369 3566 fecit
3395 3519 3454 3564 ut
3479 3511 3753 3565 coleretur
3838 3568 3849 3575 ,

2168 3609 2222 3653 et
2252 3608 2512 3665 mortuus,
2547 3600 2801 3670 numquid
2850 3615 3033 3669 magus
3080 3610 3214 3666 erat,
3243 3610 3526 3670 antequam
3555 3600 3762 3654 natus?

2167 3689 2309 3744 Ecce
2345 3706 2510 3760 quare
2548 3691 2621 3745 ait
2660 3691 2930 3761 apostolus
2957 3691 3163 3757 Petrus,
3196 3690 3452 3745 Habemus
3487 3691 3755 3745 certiorem

2167 3782 2514 3852 praplteticum
2548 3797 2847 3835 sermonem.
2883 3781 2994 3834 Vox
3024 3781 3091 3835 de
3114 3782 3271 3846 cmlo,
3301 3798 3403 3851 qua
3436 3780 3620 3836 ﬁdeles
3653 3781 3757 3834 ad-

2166 3881 2482 3926 moueantur
2505 3888 2517 3923 :
2539 3870 2880 3940 propheticus
2899 3886 3100 3938 sermo,
3127 3886 3233 3940 quo
3262 3870 3502 3925 inﬁdeles
3523 3871 3754 3925 convin-

2166 3970 2374 4016 cuntur.
2407 3959 2788 4025 Intelleximus,
2815 3969 3069 4031 quantum
3110 3961 3237 4015 mihi
3268 3960 3491 4025 videtur,
3540 3961 3755 4017 charis-

2165 4052 2308 4117 simi,
2336 4068 2501 4122 quare
2527 4051 2720 4106 dixerit
2740 4053 3012 4123 apostolus
3042 4052 3251 4118 Petrus,
3280 4051 3537 4107 Habemus
3562 4053 3751 4107 certio-

2164 4161 2270 4197 rem
2313 4144 2660 4215 propheticum
2703 4161 2999 4211 sermonem,
3036 4155 3154 4215 post
3183 4159 3366 4199 vocem
3394 4144 3461 4200 dc
3486 4145 3624 4202 caelo
3646 4145 3750 4202 de-

2165 4234 2348 4291 latam.
3598 4242 3601 4245 '

2232 4348 2459 4405 CAPUT
2488 4349 2553 4405 γ.
2578 4379 2652 4390 --
2683 4349 2736 4405 6.
2765 4348 3057 4405 Piscatores
3093 4360 3138 4404 et
3181 4349 3355 4405 idiotte
3397 4351 3452 4403 in
3490 4350 3754 4420 apostolos

2163 4457 2256 4495 cur
2318 4442 2478 4495 electi.
2530 4442 2596 4496 Et
2655 4443 2765 4511 ipsa
2830 4441 3023 4496 Christi
3070 4450 3264 4511 quanta
3322 4441 3588 4509 dignatio?
3639 4441 3753 4498 Pe-

2168 4544 2281 4590 trus
2310 4537 2430 4600 iste,
2454 4535 2544 4604 qui
2569 4536 2644 4589 sic
2670 4537 2923 4604 loquitur,
2950 4535 3182 4603 piscator
3206 4532 3338 4589 fuit:
3360 4544 3420 4589 et
3446 4534 3603 4589 modo
3630 4550 3751 4589 ma-

2164 4641 2322 4695 gnam
2368 4627 2575 4682 laudem
2618 4628 2777 4682 habet
2810 4637 3012 4698 orator,
3042 4628 3086 4682 si
3117 4629 3347 4697 potuerit
3372 4627 3441 4681 ab
3472 4627 3561 4680 illo
3591 4626 3754 4681 intel-

2165 4717 2253 4788 ligi
2300 4719 2549 4787 piscator.
2598 4719 2883 4788 Propterea
2936 4718 3122 4788 primis
3159 4718 3476 4774 Christianis
3522 4719 3752 4789 loquens

2162 4813 2434 4882 apostolus
2455 4812 2650 4868 Paulus
2678 4814 2787 4867 ait:
2825 4811 3000 4867 Videte
3031 4813 3336 4867 vocationem
3373 4820 3605 4873 vestram,
3637 4811 3752 4881 [ra-

2164 4916 2283 4971 tres,
2311 4907 2428 4972 quia
2453 4922 2554 4960 non
2597 4906 2743 4960 multi
2788 4906 3038 4975 sapientes
3077 4904 3353 4959 secundum
3393 4919 3614 4967 carnem,
3642 4919 3751 4958 non

2163 4999 2312 5052 multi
2341 5008 2582 5065 potentes,
2622 5013 2723 5052 non
2766 4996 2913 5051 multi
2957 4997 3148 5051 nobiles
3168 5013 3186 5049 τ
3206 4995 3295 5049 sed
3339 4995 3544 5062 inﬁrma
3569 4993 3750 5049 mundi

2164 5087 2485 5158 elegit-Deus,
2505 5099 2561 5143 ut
2583 5091 2861 5153 confundat
2890 5088 3078 5157 fortia;
3107 5096 3152 5142 et
3194 5085 3349 5141 stulta
3383 5085 3558 5141 mundi
3597 5086 3753 5157 elegit

2165 5177 2325 5245 Deus,
2366 5189 2422 5233 ut
2472 5179 2752 5253 confundat
2802 5180 3081 5249 sapientes;
3111 5188 3158 5231 et
3194 5177 3437 5249 ignobilia
3477 5178 3655 5231 mundi
3700 5185 3751 5231 et

2164 5270 2559 5339 contemptibilia
2581 5272 2728 5341 elegit
2757 5270 2912 5333 Deus,
2945 5279 2991 5325 et
3015 5286 3075 5324 ea
3102 5285 3216 5340 qua!
3238 5286 3338 5323 non
3363 5278 3479 5323 sunt
3505 5279 3748 5340 tanquam

2164 5362 2285 5427 sint,
2325 5371 2381 5416 ut
2428 5379 2489 5416 ea
2539 5379 2651 5432 quae
2693 5372 2809 5417 sunt
2861 5362 3291 5431 euacuarentur(l
3318 5361 3434 5416 Cor.
3461 5377 3499 5428 ι,
3523 5361 3747 5430 26-28).

2165 5449 2222 5506 Si
2270 5452 2410 5507 enim
2458 5454 2677 5523 eligeret
2727 5453 2969 5508 Christus
3018 5453 3263 5521 primitus
3306 5461 3609 5515 oratorem,
3661 5453 3748 5506 di-

2165 5550 2313 5599 ceret
2352 5552 2570 5598 orator:
2598 5542 2932 5614 Eloquentia:
2979 5558 3112 5598 mete
3149 5544 3341 5598 merito
3375 5542 3580 5599 eleCtos
3603 5557 3744 5596 sum.

2168 5630 2225 5689 Si
2274 5633 2495 5704 eligeret
2534 5642 2858 5701 senatorem,
2911 5633 3115 5689 diceret
3162 5642 3378 5690 senator
3415 5649 3429 5686 :
3467 5632 3751 5703 Dignitatis

2169 5738 2305 5781 mete
2331 5724 2525 5782 merito
2551 5724 2753 5783 electus
2780 5739 2918 5781 sum.
2949 5725 3247 5794 Postremo,
3276 5724 3321 5780 si
3346 5723 3496 5797 prius
3526 5724 3748 5795 eligeret
