4012 6338
196 333 300 389 257

198 454 600 519 imperatorem,
626 438 829 495 diceret
855 435 1176 504 imperator:
1205 425 1486 484 Potestatis
1515 438 1648 478 mea:
1669 436 1785 475 ine-

197 513 300 596 rito
326 540 533 594 electus
559 549 698 588 sum.
727 530 1014 597 Quiescant
1037 533 1092 580 et
1120 521 1431 578 differantur
1458 517 1567 580 isti,
1595 513 1788 584 paulu-

201 635 304 688 lnm
346 630 625 698 quiescant
668 641 681 676 :
719 638 826 676 non
852 619 1182 676 omittantur,
1210 628 1315 666 non
1344 615 1787 669 contemnantur;

198 723 288 778 sed
317 695 709 790 aliquantulum
736 713 1068 771 differantur,
1099 707 1187 776 qui
1215 710 1438 774 possunt
1472 697 1686 768 gloriari
1725 695 1792 749 de

201 789 510 882 semetipsis
536 811 587 864 in
613 803 932 874 semetipsis.
960 802 1034 855 Da
1060 798 1210 862 mihi,
1235 793 1422 864 inquit,
1447 791 1592 844 illum
1621 789 1794 858 pisca-

201 877 414 969 toretn;
430 903 498 957 da
529 899 658 954 mihi
690 898 930 959 idiotam,
960 894 1026 947 da
1054 889 1183 944 mihi
1211 886 1532 956 imperitum,
1563 881 1629 935 da
1660 877 1792 933 mihi

200 1013 322 1052 cum
345 1011 470 1050 cum
503 1007 610 1063 quo
636 1006 740 1044 non
769 989 1016 1056 dignatur
1036 981 1178 1051 loqui
1209 986 1442 1040 senator,
1468 987 1564 1027 nec
1579 969 1792 1040 quando

198 1089 328 1142 emit
358 1087 560 1155 piscem
592 1102 605 1137 :
635 1083 830 1150 ipsum,
865 1076 1053 1145 inquit,
1082 1073 1184 1135 da;
1218 1070 1358 1123 hunc
1394 1067 1438 1119 si
1478 1065 1788 1133 implevero,

201 1179 544 1234 manifestum
566 1175 668 1230 erit
691 1171 832 1244 quod
853 1187 951 1240 ego
974 1167 1128 1222 facio.
1155 1166 1468 1233 Quanquam
1498 1167 1552 1214 et
1576 1166 1794 1212 senato-

201 1289 313 1329 rem
347 1283 406 1326 ct
445 1280 712 1324 oratorem
742 1276 796 1320 et
823 1266 1194 1334 imperatorem
1224 1271 1325 1326 ego
1363 1269 1479 1309 sum
1511 1252 1743 1305 facturus
1773 1264 1787 1300 :

201 1363 647 1435 quandocumque
674 1358 910 1412 facturus
935 1369 1034 1424 ego
1060 1361 1115 1407 et
1132 1359 1458 1409 senatorem,
1481 1344 1573 1398 sed
1596 1343 1794 1397 certius

203 1475 302 1529 ego
330 1457 683 1528 piscatorem.
714 1451 895 1504 Potest
924 1455 1138 1501 senator
1161 1441 1374 1513 gloriari
1397 1440 1463 1493 de
1484 1437 1791 1504 semetipso,

204 1525 382 1618 potest
425 1552 629 1608 orator,
672 1548 847 1612 potest
883 1539 1171 1606 imperator
1194 1551 1207 1586 :
1232 1547 1338 1586 non
1379 1539 1554 1600 potest
1590 1527 1689 1580 nisi
1728 1525 1795 1580 de

204 1641 420 1694 Christo
459 1639 714 1708 piscator.
750 1631 937 1686 Veniat
966 1636 1184 1699 propter
1209 1624 1501 1680 docendam
1530 1620 1796 1674 humilita-

207 1743 310 1786 tem
339 1731 636 1793 salubrem,
667 1726 814 1795 prius
851 1722 1030 1788 veniat
1060 1721 1322 1790 piscator;
1355 1731 1447 1786 per
1475 1714 1648 1785 ipsum
1680 1725 1796 1765 tne-

208 1826 309 1880 lius
336 1822 622 1877 adducitur
647 1821 952 1888 imperator.

276 1912 512 1968 CAPUT
544 1910 630 1965 γι.
661 1939 732 1950 ——
759 1911 808 1962 7.
843 1906 995 1960 Fides
1056 1901 1291 1975 prarcedit
1351 1899 1647 1969 intelligere.
1691 1895 1798 1949 Me-

210 2014 446 2062 mentote
489 2019 619 2072 ergo
663 2001 977 2071 piscatorem
1020 2004 1284 2056 sanctum,
1321 1993 1543 2062 justum,
1575 1989 1791 2050 bonum,

210 2098 423 2151 Christo
451 2096 691 2165 plenum,
721 2091 786 2145 ad
827 2089 979 2159 cuius
1022 2087 1183 2142 missa
1231 2099 1326 2154 per
1373 2081 1626 2136 mundutn
1665 2077 1797 2132 retia

210 2187 504 2257 capiendus
529 2201 649 2240 cum
678 2183 886 2237 caneris
915 2180 1075 2235 etiam
1113 2178 1336 2248 populus
1364 2176 1464 2230 iste
1506 2171 1757 2242 pertinuit
1778 2149 1810 2223 ε’

210 2297 336 2350 ergo
361 2285 696 2333 mementote
717 2291 838 2330 cum
867 2272 1089 2337 dixisse,
1117 2269 1372 2323 Habemus
1399 2267 1660 2320 certiorem
1683 2280 1801 2334 pro-

211 2373 463 2442 pheticum
489 2384 787 2423 sermonem.
814 2367 886 2419 Da
925 2363 1055 2418 mihi
1083 2377 1209 2431 ergo
1229 2361 1293 2414 ad
1320 2361 1462 2414 illam
1487 2366 1799 2412 controver-

211 2465 341 2517 siam
369 2461 608 2531 judicem
658 2457 989 2527 prophetam.
1017 2452 1154 2521 Quid
1195 2452 1331 2505 inter
1370 2465 1466 2503 nos
1509 2446 1800 2518 agebatur?

212 2554 290 2609 Tu
319 2554 562 2616 dicebas,
596 2548 910 2615 Intelligam,
950 2555 1006 2598 nt
1046 2543 1291 2606 credam;
1314 2556 1414 2610 ego
1439 2539 1700 2603 dicebant,
1733 2537 1802 2592 Ut

215 2644 504 2714 intelligas,
533 2641 713 2697 crede.
751 2639 882 2694 Nata
908 2647 990 2691 est
1014 2636 1402 2698 controversia,
1436 2631 1708 2685 veniamus
1734 2627 1802 2682 ad

211 2739 445 2808 judicem
462 2779 477 2802 ,
506 2735 710 2805 judicet
736 2731 1016 2803 propheta,
1042 2731 1146 2783 imo
1173 2742 1300 2782 vero
1324 2727 1462 2780 Deus
1486 2723 1688 2794 judicet
1709 2737 1805 2790 per

215 2831 558 2900 prophetam.
587 2826 760 2881 Ambo
801 2835 1086 2877 taceamus.
1111 2820 1246 2888 Quid
1288 2818 1446 2872 ambo
1491 2815 1800 2878 dixerimus,

217 2899 457 2978 auditum
506 2929 608 2976 est.
649 2918 970 2987 lntelligam,
1002 2899 1295 2984 inquisput
1335 2909 1548 2965 credam
1576 2925 1587 2960 :
1611 2905 1801 2973 Crede,

217 3017 458 3085 inquam,
478 3022 537 3067 ut
563 3011 842 3081 intelligas.
869 3007 1208 3077 Respondeat
1236 3003 1488 3074 pr0pheta
1514 3019 1526 3054 :
1558 3001 1675 3054 Nisi
1695 3015 1804 3053 cre-

218 3107 472 3171 dideritis,
497 3121 597 3158 non
625 3103 911 3173 intelligetis
935 3098 1088 3170 (lsai.
1115 3115 1208 3163 vn,
1225 3098 1258 3152 9
1289 3114 1386 3151 sec.
1412 3094 1601 3166 LXX).

287 3198 344 3252 8.
375 3195 539 3249 Fides
565 3194 890 3264 intelligendo
935 3191 1130 3244 crescit.
1182 3189 1384 3242 Putatis
1438 3195 1638 3250 autem,
1690 3183 1808 3237 chao

221 3288 444 3353 rissimi,
478 3285 608 3339 nihil
632 3284 811 3339 dicere
832 3283 992 3337 etiam
1018 3282 1165 3334 illum
1195 3281 1282 3348 qni
1312 3278 1460 3340 dicit,
1492 3276 1804 3344 lntelligam,

221 3393 280 3437 ut
297 3379 560 3436 credam?
587 3377 723 3445 Quid
751 3377 894 3430 enim
921 3389 1059 3427 nunc
1092 3372 1316 3442 agimus,
1342 3370 1442 3423 nisi
1475 3378 1530 3420 ut
1567 3365 1806 3430 credant,

223 3492 327 3529 non
355 3474 450 3544 qui
477 3489 583 3527 non
606 3469 851 3535 credunt,
878 3467 970 3521 sed
1004 3467 1094 3536 qui
1134 3465 1308 3518 adhuc
1336 3477 1524 3532 parum
1553 3459 1812 3515 credunt?

226 3567 356 3622 Nam
383 3568 430 3620 si
463 3565 611 3620 nullo
656 3562 815 3617 modo
853 3559 1224 3622 credidissent,
1255 3557 1338 3610 hic
1361 3570 1466 3608 non
1493 3561 1691 3608 essent.
1722 3552 1813 3606 Fi-

226 3660 322 3714 des
341 3673 442 3713 eos
469 3655 708 3720 adduxit,
735 3663 788 3707 ut
809 3651 1058 3714 audiant;
1088 3648 1218 3702 ﬁdes
1245 3661 1340 3702 eos
1368 3645 1492 3699 fecit
1520 3649 1814 3715 praesentes

225 3751 393 3806 verlm
423 3750 515 3803 Dei
541 3766 556 3802 :
579 3747 672 3801 sed
705 3747 816 3815 ipsa
861 3743 993 3796 ﬁdes
1031 3757 1148 3811 qua:
1190 3739 1506 3810 germinavit
1549 3734 1814 3806 irriganda

225 3851 330 3906 est,
364 3837 652 3896 nutrienda
677 3847 778 3902 est,
811 3833 1107 3890 roboranda
1135 3841 1234 3888 est.
1262 3831 1375 3886 Hoc
1409 3839 1491 3884 est
1531 3827 1674 3898 quod
1707 3827 1818 3896 agi-

232 3948 373 3988 mus.
418 3930 555 4001 Ego,
592 3929 782 3998 inquit,
813 3926 1056 3996 plantavi,
1085 3922 1268 3994 Apollo
1309 3921 1524 3992 rigavit;
1554 3919 1642 3973 sed
1685 3917 1818 3971 Deus

225 4027 596 4078 incrementum
615 4020 770 4073 dedit.
802 4017 984 4087 Itaque
1005 4031 1162 4080 neque
1185 4014 1269 4084 qui
1290 4011 1485 4082 plantat
1513 4019 1584 4064 est
1605 4008 1816 4080 aliquid,

231 4135 394 4189 neque
421 4116 510 4188 qui
551 4114 722 4185 rigat;
747 4113 834 4166 sed
869 4111 954 4182 qui
982 4095 1339 4162 incrementum
1369 4105 1454 4158 dat
1478 4103 1614 4158 Deus
1640 4101 1680 4176 (1
1699 4101 1818 4156 Cor.

232 4227 290 4267 nl
311 4255 326 4277 ,
355 4211 390 4265 6
418 4220 468 4263 et
488 4210 519 4263 7
604 4204 913 4275 Loquendo,
953 4201 1234 4265 hortando,
1260 4199 1520 4261 docendo,
1550 4195 1822 4251 suadendo

236 4303 485 4373 plantare
508 4311 792 4369 pos~umus
812 4304 868 4350 et
892 4295 1082 4364 rigare,
1109 4307 1212 4347 non
1235 4299 1410 4343 autem
1438 4289 1823 4344 incrementum

233 4397 388 4451 dare.
439 4393 672 4448 Norerat
713 4399 889 4445 autem
935 4388 1025 4443 ille
1067 4401 1186 4440 cum
1228 4400 1332 4453 quo
1375 4384 1711 4453 loquebatur,
1734 4382 1824 4450 qui

240 4488 366 4544 ﬁdei
389 4502 504 4541 sua:
529 4471 848 4556 germinanti
876 4490 929 4536 et
951 4479 1126 4533 adhuc
1152 4487 1370 4539 tenerm,
1404 4484 1456 4530 et
1481 4475 1651 4528 adhuc
1680 4475 1826 4527 inlir-

239 4597 364 4643 mae.
393 4589 454 4636 et
477 4595 541 4635 ex
572 4591 759 4648 magna
798 4585 947 4647 parte
989 4572 1254 4635 titubanti,
1293 4585 1396 4624 non
1445 4579 1619 4623 tamen
1668 4567 1828 4621 nulla:

242 4674 387 4738 ﬁdei,
417 4671 516 4726 sed
554 4669 711 4725 alicui
751 4667 876 4722 fidei
913 4665 1210 4737 adjutorem
1244 4661 1450 4727 orabat,
1483 4659 1569 4714 cui
1594 4658 1826 4724 dicebat,

243 4765 426 4827 Credo,
450 4762 689 4818 Domine.

311 4855 548 4914 CAPUT
587 4853 701 4910 VII.
731 4883 803 4894 —
823 4851 877 4908 9.
913 4849 1175 4918 Quomodo
1194 4855 1241 4902 et
1269 4844 1572 4902 credendum
1595 4842 1729 4914 quod
1754 4842 1834 4896 in-

244 4954 526 5025 telligatur,
555 4957 604 5004 ct
620 4944 1003 5017 intelligendum
1039 4942 1174 5014 quod
1223 4940 1475 4994 credatur.
1513 4937 1668 4992 Modo
1712 4951 1832 4990 cum

242 5044 595 5118 Evangelinm
636 5041 919 5110 legeretur,
953 5035 1175 5090 audistis
1202 5051 1217 5088 :
1247 5033 1307 5088 Si
1348 5041 1488 5100 potes
1519 5028 1738 5094 credere,
1762 5027 1837 5082 ait

246 5138 511 5194 Dominus
537 5134 696 5190 Jesus
715 5129 852 5201 patri
872 5128 1041 5199 pueri,
1063 5127 1106 5181 si
1135 5135 1271 5195 potes
1291 5123 1508 5188 credere,
1533 5121 1703 5175 omnia
1721 5135 1836 5187 pos-

245 5232 413 5286 sibilia
450 5236 574 5283 sunt
613 5223 858 5279 credenti.
892 5222 956 5275 Et
999 5220 1086 5274 ille
1125 5217 1337 5272 intuens
1375 5213 1751 5281 semetipsum,
1784 5217 1838 5264 et

244 5325 456 5393 positus
476 5327 599 5374 ante
615 5315 982 5382 semetipsum,
1007 5325 1110 5365 non
1133 5308 1338 5362 habens
1356 5304 1688 5359 temerariam
1711 5315 1838 5355 con-

248 5392 560 5476 ﬁdentiam;
589 5408 684 5464 sed
711 5407 856 5477 prius
879 5403 1170 5458 discutiens
1198 5395 1598 5459 conscientiam,
1631 5392 1762 5447 vidit
1783 5392 1836 5446 in

249 5523 310 5563 se
345 5521 466 5561 esse
490 5504 726 5570 aliquam
759 5497 939 5560 ﬁdem,
967 5493 1096 5547 vidit
1123 5504 1177 5546 et
1203 5487 1596 5550 titubationem,
1630 5494 1836 5539 utrum-

251 5613 356 5667 que
379 5595 532 5650 vidit.
564 5592 744 5650 Unum
789 5603 846 5642 sc
887 5586 1085 5641 habere
1127 5581 1401 5636 confessus
1441 5588 1545 5642 est,
1591 5585 1642 5629 ct
1686 5574 1839 5629 alteri

253 5665 577 5757 adiutorium
607 5679 912 5753 postulavit.
934 5675 1116 5736 Credo.
1142 5671 1330 5742 inquit,
1352 5669 1584 5723 Domine.
1603 5665 1739 5733 Quid
1765 5681 1841 5720 se-

245 5779 536 5850 quebatur,
565 5774 694 5845 nisi,
727 5771 931 5843 Adjuva
958 5768 1117 5824 tidem
1145 5762 1358 5821 meam?
1387 5760 1503 5815 Non
1536 5758 1638 5814 hoc
1684 5756 1836 5823 dixit,

1609 300 1840 363 SERMO
1879 302 2058 360 XLIV.

3365 301 3474 362 258

1896 417 2090 482 Credo,
2127 417 2374 483 Domine;
2406 417 2561 474 video
2585 417 2672 474 hic
2699 417 2892 490 aliquid
2923 417 3060 475 unde
3086 434 3191 474 non
3218 422 3470 489 mentior;

1898 511 2080 575 credo,
2114 525 2298 566 verum
2339 511 2492 566 dico:
2515 511 2607 566 sed
2634 511 2788 567 video
2812 511 2895 565 hic
2923 513 3080 566 etiam
3114 513 3294 568 nescio
3321 513 3472 582 quid,

1897 601 2036 670 quod
2082 602 2211 656 mihi
2252 602 2547 670 diSpliceat.
2587 602 2740 656 Stare
2785 603 2905 658 volo
2931 621 2942 656 :
2968 603 3060 658 sed
3100 603 3275 658 adhuc
3323 613 3473 658 nuto.

1897 691 2057 746 Stans
2084 693 2292 763 loquor,
2324 707 2429 745 non
2459 693 2645 756 cecidi,
2674 694 2792 762 quia
2816 693 3015 758 credo;
3047 694 3135 748 sed
3169 703 3343 748 tamen
3371 693 3471 747 ad-

1897 783 2001 838 huc
2041 794 2169 836 nuto
2210 802 2222 836 :
2273 783 2476 854 Adjuva
2527 784 2925 837 incredulitatem
2970 801 3128 838 meam
3166 784 3356 855 (Marc.
3391 800 3470 847 Ix,

1896 875 1986 939 22,
2013 877 2123 946 25).
2160 877 2316 944 Ergo,
2347 877 2680 944 charissimi,
2725 886 2778 930 et
2821 877 2910 931 ille
2953 893 3109 947 quem
3149 889 3334 931 contra
3384 892 3471 932 ine

1897 968 2170 1030 constitui,
2198 977 2253 1021 et
2283 977 2495 1037 propter
2537 968 2690 1037 cujus
2730 969 3150 1021 controversiam
3197 968 3334 1020 inter
3379 982 3477 1022 nos

1899 1067 2077 1113 natam
2111 1059 2428 1128 Prophetam
2456 1058 2687 1127 judicem
2720 1057 3001 1126 postulavi,
3046 1073 3149 1111 non
3191 1058 3318 1111 nihil
3350 1058 3480 1113 dicit

1899 1149 2059 1202 etiam
2092 1149 2224 1217 ipse,
2244 1164 2365 1203 cum
2383 1150 2528 1212 dicit,
2553 1147 2843 1217 [intelligam
2874 1158 2929 1201 ιιι
2952 1149 3184 1203 credam.
3217 1149 3344 1202 Nam
3370 1150 3476 1203 uti-

1899 1256 2001 1311 que
2032 1242 2190 1296 modo
2219 1241 2356 1310 quod
2387 1241 2592 1310 loquor,
2621 1240 2687 1294 ad
2720 1240 2816 1294 hoc
2841 1241 3043 1310 loquor,
3070 1248 3126 1293 ut
3150 1241 3366 1295 credant
3387 1241 3482 1311 qui

1901 1338 2136 1392 nonduin
2167 1337 2425 1391 credunt:
2451 1347 2505 1391 et
2541 1346 2713 1391 tamen
2761 1337 2858 1390 nisi
2898 1335 3039 1405 quod
3072 1336 3257 1403 loquor
3287 1335 3482 1389 intelli-

1899 1438 2045 1498 gant,
2075 1428 2297 1482 credere
2340 1443 2445 1481 non
2490 1435 2728 1495 possunt.
2755 1426 2895 1495 Ergo
2922 1442 2987 1482 ex
3014 1427 3185 1495 aliqua
3213 1433 3362 1494 parte
3386 1441 3480 1480 vc-

1900 1536 2016 1574 rmn
2043 1530 2124 1575 est
2151 1520 2292 1590 quod
2321 1521 2406 1574 ille
2431 1520 2576 1583 dicit,
2605 1519 2917 1589 lntelligam,
2939 1529 2996 1572 ut
3018 1519 3232 1573 credam
3259 1536 3272 1583 ;
3303 1528 3357 1573 ct
3381 1533 3483 1588 ego

1899 1613 1989 1683 qui
2028 1614 2168 1678 dico,
2201 1614 2338 1666 sicut
2371 1613 2499 1666 dicit
2542 1611 2826 1680 Propheta,
2858 1611 2967 1664 lino
2991 1610 3170 1674 crede,
3201 1619 3256 1664 ut
3283 1610 3482 1663 intelli-

1900 1720 1995 1774 gas
2019 1721 2032 1757 :
2056 1720 2239 1758 verum
2269 1704 2516 1766 dicimus,
2539 1703 2947 1758 concordemus.
2978 1702 3116 1771 Ergo
3147 1690 3398 1771 intellige,
3426 1709 3485 1754 ut

1901 1796 2089 1851 credas
2118 1797 2336 1860 :crede,
2377 1806 2432 1850 ut
2487 1796 2769 1864 intelligas.
2807 1795 3045 1850 Breviter
3071 1795 3190 1848 dico
3217 1792 3485 1864 quomodo

1902 1899 2186 1957 utrumque
2219 1888 2337 1942 sine
2365 1885 2732 1940 controversia
2761 1885 3102 1953 accipiamus.
3133 1883 3392 1954 Intelligo,
3428 1892 3486 1938 ut

1902 1979 2108 2046 credas,
2134 1980 2354 2034 verbum
2397 1994 2610 2043 meum;
2639 1977 2819 2041 crede,
2845 1985 2906 2032 ut
2949 1977 3230 2047 intelligas,
3264 1976 3486 2032 verbum

1903 2071 2018 2126 Dei.

2400 2205 2624 2262 Sicano
2660 2205 2822 2261 XLIV
2844 2209 2862 2230 ο
2894 2203 2992 2276 (τι).

2167 2341 2244 2395 De
2263 2341 2420 2396 verbis
2449 2339 2604 2395 Isaia:
2621 2357 2734 2410 cap.
2761 2355 2872 2403 un,
2906 2339 2939 2408 ᾖ
2966 2377 2978 2391 .
3010 2337 3111 2392 2-9
3142 2338 3237 2409 (b).

1975 2497 2201 2555 CAPUT
2238 2483 2521 2552 PRIMUM.
2548 2525 2621 2534 —
2660 2495 2710 2547 1.
2747 2493 2820 2547 De
2862 2491 3086 2545 Domino
3125 2499 3176 2543 et
3212 2489 3489 2546 Salvatore

1909 2603 2111 2654 nostro,
2145 2592 2332 2645 fratres
2352 2587 2702 2652 dilectissimi,
2736 2596 2858 2639 ante
2890 2585 3052 2638 multa
3093 2595 3328 2651 tempora
3371 2599 3492 2652 pro-

1911 2687 2182 2756 phetatum
2211 2692 2329 2737 est:
2360 2679 2603 2734 Ascendet
2645 2678 2770 2731 sicut
2805 2675 3101 2744 virgultum,
3124 2683 3168 2726 et
3189 2674 3314 2726 sicut
3344 2673 3494 2727 radiat

1909 2781 1960 2833 in
1985 2790 2116 2832 terra
2144 2776 2346 2830 sitienti.
2376 2773 2549 2840 Quare
2576 2781 2631 2824 ut
2654 2769 2843 2821 radix?
2873 2766 2992 2819 Ideo
3020 2783 3031 2818 :
3067 2763 3188 2818 Non
3210 2774 3280 2818 est
3304 2763 3494 2832 species

1911 2872 2010 2936 illi,
2040 2885 2194 2932 neque
2221 2867 2400 2920 honor.
2432 2864 2626 2917 Passus
2656 2870 2759 2922 est,
2784 2858 3087 2912 humiliatus
3115 2867 3226 2921 est,
3261 2869 3493 2923 conspu-

1913 2974 1997 3019 tus
2020 2974 2098 3016 εει
2129 2979 2141 3015 :
2176 2975 2280 3014 non
2314 2956 2542 3011 habebat
2569 2938 2798 3022 speciem
2820 2967 2834 3014 ;
2860 2950 3018 3003 homo
3043 2948 3349 3017 apparebat,
3374 2962 3495 3000 cum

1916 3055 2055 3109 Deus
2085 3060 2244 3106 esset.
2271 3048 2376 3104 Sed
2409 3044 2678 3117 quomodo
2717 3040 2867 3095 radix
2890 3056 2993 3093 non
3023 3050 3103 3094 est
3132 3037 3371 3107 pulchra,
3400 3035 3492 3090 sed

1914 3147 2056 3201 intus
2082 3143 2242 3198 habet
2271 3141 2378 3195 vim
2409 3133 2816 3209 pulchritudinis
2835 3148 2964 3187 suae.
2991 3129 3281 3193 Attendite,
3312 3127 3499 3181 fratres

1914 3240 2053 3304 mei,
2113 3237 2287 3292 videte
2335 3229 2750 3288 misericordiam
2799 3226 2911 3279 Dei.
2959 3222 3202 3278 Attendis
3250 3221 3498 3275 arborem

1917 3329 2216 3401 pulchram,
2242 3339 2506 3380 animnzun
2529 3364 2542 3386 ,
2573 3320 2714 3374 foliis
2758 3319 3014 3371 virentem
3034 3357 3047 3378 ,
3073 3313 3328 3367 fructibus
3366 3327 3501 3383 opu-

1920 3423 2156 3486 lentam,
2185 3418 2384 3472 laudas.
2416 3415 2653 3470 Delectat
2691 3409 2888 3479 aliquid
2929 3408 2994 3462 de
3031 3405 3200 3460 fructu
3250 3419 3500 3475 carpere,

1921 3519 2020 3576 sub
2050 3519 2233 3574 umbra
2255 3514 2371 3581 ejus
2395 3511 2582 3566 sedere
2621 3516 2675 3562 et
2708 3507 3042 3576 requiescere
3081 3503 3148 3557 ab
3177 3513 3308 3557 testu
3337 3521 3350 3555 :
3393 3502 3506 3556 lau-

1924 3615 2021 3668 das
2049 3619 2211 3665 totam
2259 3608 2401 3662 illam
2437 3599 2901 3673 pulchritudinem.
2937 3596 2991 3650 Si
3024 3595 3170 3648 radix
3195 3593 3507 3647 ostendatur

1926 3707 2054 3771 tibi,
2088 3703 2230 3758 nulla
2267 3695 2599 3768 pulchritudo
2640 3695 2690 3746 iu
2732 3707 2792 3744 ea
2840 3700 2940 3744 est.
3000 3687 3118 3742 Noli
3161 3696 3507 3741 contemnere

1925 3797 2068 3869 quod
2099 3794 2363 3863 abjectum
2391 3797 2472 3843 est
2500 3805 2514 3841 :
2550 3784 2673 3840 inde
2705 3782 2961 3853 processit
2990 3779 3129 3848 quod
3164 3777 3369 3831 miraris
3389 3819 3402 3841 ,
3439 3775 3507 3831 Ut

1925 3889 2076 3944 radix
2113 3887 2168 3940 in
2197 3894 2331 3937 terra
2372 3877 2580 3934 sitienti.
2609 3873 2884 3930 Attendite
2919 3869 3078 3926 modo
3098 3869 3390 3924 claritatem
3418 3883 3506 3920 ar-

1923 3981 2089 4036 boris.

1990 4163 2009 4182 '
2034 4142 2314 4211 Recensitus
2350 4149 2409 4202 ad
2453 4148 2576 4199 duos
2602 4144 2664 4197 cl.
2702 4143 2763 4193 ad
2800 4155 2875 4206 gr.
2915 4152 3007 4190 rm.
3053 4153 3101 4188 v.
3147 4144 3245 4185 Am.
3292 4140 3364 4184 Er.
3405 4141 3508 4182 Par.

1926 4233 2034 4276 Lor.

1992 4329 2063 4390 (α)
2100 4322 2386 4390 Αιίειεὲξϐοξι
2410 4314 2741 4390 autem;
2804 4373 2836 4390 η
2879 4341 3282 4390 _-__-__..

2099 4365 2404 4453 rossidius'ih
2417 4365 2779 4453 lndiculot‘cap.
2804 4373 2853 4453 Si,
2878 4365 3308 4453 sermonem

1929 4432 2078 4505 dubio
2099 4432 2242 4498 abiit
2255 4432 2360 4496 istis
2385 4444 2571 4498 verbis,
2604 4432 2716 4505 {De
2737 4432 2952 4505 lectione
2973 4432 3104 4479 Isaiae
3121 4464 3135 4487 ,
3162 4432 3385 4505 neruine,
3410 4436 3517 4486 quis

1939 4495 2402 4565 rei-'ediditauditui
2429 4495 2588 4553 nostra
2611 4499 2634 4550 ἶ)
2655 4517 2675 4544 ν
2706 4496 2894 4565 Mutilus
2917 4495 3077 4565 itaque
3095 4501 3271 4565 sermo
3296 4495 3400 4565 est,
3424 4499 3519 4534 nec

1933 4555 2444 4640 priore't—antiimmodo
2466 4570 2631 4627 parte;
2655 4561 2745 4610 sed
2768 4558 3037 4628 posteriore
3061 4555 3518 4640 etiampqpanpoilia:

2191 4635 2203 4640 '
2354 4631 2362 4640 ·
2493 4627 2502 4640 ι
2548 4639 2554 4640 κ
2597 4638 2622 4640 η
2643 4624 2799 4640 -ι-Αι-υ-
2857 4624 3067 4640 --μη-...ηε
3096 4627 3206 4640 ηυοη
3232 4627 3276 4640 ιιι
3303 4625 3331 4640 ιι
3373 4623 3434 4640 mn
3461 4623 3490 4640 η

1935 4609 2800 4690 'iiéiéiis'iehﬁigdchaia}
2817 4619 3070 4690 ,_in_inutus
3094 4609 3220 4664 esse?
3232 4609 3519 4690 intelligitur

2180 4678 2354 4744 tibiisic
2375 4691 2524 4756 habet
2541 4678 2613 4756 ενα
2629 4685 2800 4756 incipit
2819 4678 2913 4730 dici
2937 4679 3073 4756 et-de
3094 4686 3299 4738 sponsa;
3327 4678 3378 4756 et

1943 4738 2131 4812 :“m'c'do
2141 4738 2409 4818 ’ai'siaasq
2420 4749 2670 4818 miraberis
2690 4738 2958 4818 aiacitatem
2970 4739 3384 4818 itudaeortumllstc'
3391 4738 3519 4818 etii:

1945 4793 1968 4874 ξ
1989 4793 3092 4886 caicifatem‘itteretioormit.
3103 4817 3134 4886 3
3156 4793 3337 4886 Quibit?
3358 4793 3521 4886 :Erhlis

1938 4855 2388 4950 ’
2398 4855 3001 4950 obscure—pollicebatur”
3015 4855 3350 4950 tractattmt’r'nn
3360 4855 3520 4950 εἰ..ἓὲ

2632 4917 2829 5010 metere,
2849 4925 3052 5010 sterilis,

1940 4978 2721 5066 ἐὶιῖῖὲωᾚίᾲὀέξιιι
2735 4978 2738 4979 ν
2897 5052 2907 5062 _
2921 4978 3153 5066 Propheta
3172 4981 3270 5066 :den

1940 5048 2045 5140 1'32?
2048 5048 2058 5060 ⁸
2069 5048 2241 5122 ὸῖηἶε
2255 5048 2449 5128 gentes
2485 5048 2786 5107 extensione
2809 5052 3039 5107 dixisset,
3063 5048 3152 5095 hac
3172 5048 3271 5114 ipsa
3294 5053 3524 5113 conetone

2111 5134 2120 5140 ’
2141 5133 2154 5140 “
2241 5129 2251 5140 ’
2364 5121 2650 5140 ""“ﬂ’m‘h‘”
2677 5131 2705 5140 "
2752 5115 2783 5140 ⁸³
2807 5122 2850 5140 ’³⁸
2880 5127 2907 5140 -ι
2953 5111 2985 5140 (ἶ
3008 5125 3019 5135 ο
3055 5127 3073 5140 ιι
3096 5105 3304 5140 Διιιιιριίς
3326 5102 3442 5140 Illud
3460 5136 3473 5140 _
3494 5117 3517 5140 ι

1941 5102 2054 5188 iiii:
2069 5102 2656 5188 ζῖῑάιὲῑιῖιιῖπςί-ξεξηεῑίειξιεί
2677 5102 2726 5164 ιι.
2752 5115 2783 5163 2
2805 5122 2856 5188 et
2878 5127 2926 5160 ιι.
2953 5111 2985 5188 ιι
3008 5102 3035 5159 ε’
3055 5127 3077 5153 .
3094 5102 3313 5188 indictis]
3326 5102 3442 5174 illud
3460 5136 3482 5188 ι
3487 5117 3517 5188 ξ

2359 5163 2707 5245 is'i’d'ifr'diiiiéii
2722 5213 2737 5237 ,
2754 5193 2790 5245 ir
2809 5163 2902 5225 etc.
2934 5181 3036 5245 .Non
3074 5181 3209 5240 pauet
3252 5163 3376 5214 tales
3389 5165 3445 5245 in

1942 5205 2114 5264 inqmt,
2165 5211 2187 5239 ι
2204 5205 2256 5242 ει
2277 5205 2338 5237 ³³)
2361 5205 2451 5235 ιδιυ
2474 5205 2706 5245 ιιι·υιιι¹υια
2722 5213 2737 5237 θ
2757 5205 2790 5249 ³⁷.
2809 5205 2902 5225 “W'
2934 5205 3036 5245 .‘“’"
3074 5205 3209 5240 ".“‘“"
3253 5205 3376 5214 ““’”“’
3397 5205 3445 5212 “““
3466 5205 3523 5236 Ἰ*

1942 5260 2248 5294 unmilinrnm
2291 5249 2445 5294 classe
2489 5244 2687 5292 fuerunt
2730 5250 2888 5287 minus
2934 5241 3110 5294 tute,ng
3140 5239 3428 5294 sermones,
3475 5240 3525 5274 in

1942 5249 2249 5311 lioiniliarnm
2291 5249 2445 5300 classe
2479 5249 2687 5311 fuerunt
2718 5250 2888 5311 minus
2934 5249 3110 5294 Integri
3137 5249 3427 5311 immutuit-az

2475 5304 2692 5355 fraudem
2717 5292 3261 5386 fallacilalmlug":qui”?
3284 5302 3379 5386 {"02
3412 5292 3527 5386 ῙᾘΓηίῗ
3551 5321 3554 5325 '

2162 5381 2171 5386 -
2297 5383 2327 5386 _.
2466 5371 2509 5386 Δ3
2550 5369 2593 5386 3...
2637 5378 2716 5386 ,ιι-ιη
2755 5375 2834 5386 “nun
2882 5371 3022 5386 nulll‘ll
3042 5372 3054 5386 ι
3081 5368 3134 5386 uc
3167 5367 3225 5386 Ωιι
3330 5365 3360 5386 1(
3382 5363 3440 5386 11(
3465 5364 3474 5386 Ι
3513 5363 3526 5386 Ι

1943 5349 2837 5446 ‘vccclesia
2862 5349 3056 5446 legendi
3066 5349 3530 5446 I«2:'sset'i't'“Augiiitstip‘i

2493 5432 2502 5441 '
2519 5445 2528 5446 κ
2582 5444 2595 5446 -
2639 5436 2868 5446 .-.η--..ι-..η
2949 5432 3062 5446 nm"-
3086 5432 3109 5446 αὶ
3129 5431 3204 5446 νηὶ
3408 5427 3443 5446 ς,
3524 5445 3528 5446 ν

2612 5412 2868 5499 lerumqne
2912 5412 3287 5499 decurtalnmtpr
3301 5449 3325 5485 ρ
3372 5412 3530 5473 iisque

2245 5477 2594 5561 imitare“
2629 5477 3100 5561 idoneapconclusio.
3125 5479 3198 5526 Sic
3231 5477 3400 5561 hpiece
3422 5486 3531 5561 ser-

1947 5533 3038 5625 ιῗοᾛῖλῖίιξιιιῖᾏξῖίέιῖίιῗξιῌῦἶιίίέἰιι-ωῗειιὶοιιθιιι
3073 5554 3183 5616 esse
3206 5539 3342 5625 vi‘des
3365 5533 3439 5585 vel
3468 5546 3530 5582 ex

1948 5600 2459 5684 ἵὲἰῖἑῖσιῖἶοᾜᾏῖἇίῆῐίι
2481 5600 2789 5684 alterapa'rte
2814 5616 2889 5658 est
2913 5606 3152 5655 versionis
3174 5600 3401 5684 ulgata‘,
3426 5609 3534 5645 cum

1949 5660 2741 5753 LT'FéiidEo'EBitE'"iﬁgastihus
2758 5677 2990 5744 sequatur
3025 5675 3151 5718 Lxx.
3176 5660 3536 5714 Conclusiuaetn

1951 5736 2184 5824 ἰςὸὰξέέ
2198 5736 2404 5800 ‘cmsﬁrio
2427 5736 2670 5802 acceptam
2693 5736 2953 5798 upinamur.
