3994 6456
505 329 611 392 259

573 451 632 507 2.
671 447 851 504 Crevit
884 444 1153 511 Ecclesia,
1185 439 1527 497 crediderunt
1568 441 1753 510 gentes
1777 479 1792 502 ,
1818 438 1941 492 victi
1969 444 2094 491 sunt

507 552 667 598 terra:
694 541 962 612 principes
1000 536 1103 593 sub
1139 535 1353 590 nomine
1374 532 1604 597 Christi,
1636 541 1695 586 ut
1716 539 1899 586 essent.
1926 529 2098 584 victo-

505 635 670 692 resin
695 633 825 688 orbe
854 641 1134 686 terrarum.
1162 628 1396 683 Positum
1423 634 1506 680 est
1544 625 1740 680 collum
1779 638 1964 678 eorum
1995 621 2095 675 sub

507 731 635 799 jugo
671 725 889 782 Christi.
934 722 1397 791 Persequebantur
1442 727 1566 773 ante
1602 717 1934 771 Christianos
1972 729 2097 795 pro-

507 830 628 888 pter
677 817 845 881 idola,
896 822 1289 883 persequuntur
1339 809 1476 865 idola
1522 817 1738 879 propter
1798 807 2090 862 Christum.

505 909 704 964 Omnes
745 905 1058 976 confugiunt
1099 904 1166 958 ad
1208 903 1459 958 auxilium
1505 902 1797 964 Ecclesiae,
1847 901 1900 954 in
1948 898 2094 953 omni

511 1014 761 1071 pressura
782 1039 796 1063 ,
831 999 883 1050 in
913 996 1059 1052 omni
1092 995 1434 1050 tribulatione
1471 1009 1588 1048 sua.
1619 992 1799 1047 Crevit
1821 991 1946 1045 illud
1977 1005 2097 1060 gra-

509 1106 638 1146 num
683 1085 1134 1158 sinapis,factum
1181 1095 1262 1140 est
1298 1085 1469 1155 majus
1501 1099 1662 1153 super
1684 1083 1860 1137 omnia
1909 1083 2092 1136 olera:

509 1181 729 1237 veniunt
757 1179 992 1233 volatilia
1021 1177 1142 1232 caeli
1167 1218 1182 1244 ,
1209 1175 1423 1245 superbi
1449 1174 1650 1236 surculi,
1675 1183 1726 1228 et
1758 1173 2095 1243 requiescunt

507 1273 610 1328 sub
630 1271 794 1326 ramis
815 1271 931 1338 ejus
969 1267 1179 1340 (Matth.
1207 1283 1323 1331 XIII,
1352 1267 1412 1322 51
1438 1307 1455 1332 ,
1482 1265 1595 1335 5‘2).
1629 1263 1777 1319 Unde
1808 1264 1920 1318 haec
1947 1271 2094 1318 tanta

507 1361 888 1434 pulchritudo?
917 1361 993 1415 De
1031 1360 1208 1414 nescio
1248 1373 1350 1427 qua
1383 1356 1561 1410 radice
1600 1353 1870 1408 surrexit:
1903 1361 1957 1406 et
1995 1353 2093 1406 ista

505 1453 848 1526 pulchritudo
873 1451 926 1506 in
948 1465 1135 1521 magna
1160 1448 1328 1520 gloria
1355 1456 1456 1501 est.
1501 1446 1812 1514 Quaeramus
1837 1443 2092 1498 radicem.

506 1545 810 1614 Consputus
836 1550 953 1608 est,
981 1541 1287 1596 humiliatus
1315 1549 1397 1595 est
1418 1581 1433 1604 ,
1467 1537 1758 1608 ﬂagellatns
1787 1545 1889 1600 est,
1921 1535 2094 1590 cruci-

507 1636 646 1691 ﬁxus
685 1643 802 1698 est,
831 1633 1138 1688 vulneratus
1164 1640 1278 1697 est,
1324 1639 1659 1697 contemptus
1702 1637 1804 1682 est.
1848 1627 1986 1682 Ecce
2011 1625 2098 1680 hic

505 1726 720 1796 species
747 1741 852 1780 non
882 1733 964 1779 est
988 1742 1002 1778 :
1030 1723 1124 1779 sed
1153 1725 1206 1778 in
1231 1723 1468 1778 Ecclesia
1493 1721 1658 1792 gloria
1691 1721 1886 1776 radicis
1910 1719 2091 1790 pollet.

509 1817 654 1888 Ergo
692 1817 864 1886 ipsum
913 1813 1165 1870 describit
1201 1829 1489 1884 sponsum,
1524 1813 1670 1866 illum
1707 1820 2090 1881 contemptum,

507 1909 918 1970 inhonoratum,
963 1906 1248 1976 ahjectum.
1290 1905 1396 1960 Sed
1440 1904 1598 1958 modo
1652 1903 1835 1958 videre
1887 1902 2096 1957 habetis

508 1998 777 2064 arborem,
798 2012 922 2067 qua:
943 1996 1172 2052 surrexit
1197 1995 1266 2050 de
1292 1996 1388 2048 ista
1427 1994 1605 2049 radice
1624 2036 1638 2061 ,
1669 2002 1722 2049 et
1743 1994 1981 2064 implevit
2000 2007 2093 2049 or-

508 2087 629 2143 bem
658 2097 938 2142 terrarum.
972 2087 1144 2141 Radix
1165 2087 1215 2140 in
1239 2096 1370 2140 terra
1396 2086 1600 2140 sitienti.

578 2181 632 2235 5.
652 2178 774 2233 Νοη
805 2189 876 2233 est
899 2178 1087 2250 species
1107 2179 1204 2244 illi,
1223 2194 1377 2247 neque
1393 2179 1553 2232 honor
1580 2193 1598 2230 :
1615 2185 1663 2231 et
1690 2175 2090 2242 uidimusillum.

505 2280 556 2325 et
581 2287 687 2325 non
703 2270 874 2323 habuit
908 2271 1122 2340 speciem
1175 2286 1334 2338 neque
1387 2269 1635 2322 decorem.
1682 2265 1867 2320 Nonne
1894 2267 1995 2319 hic
2019 2273 2094 2320 est

506 2361 640 2432 fabri
668 2361 804 2432 ﬁlius
827 2359 1016 2432 (Marc.
1050 2376 1124 2425 vr,
1156 2359 1251 2430 3)?
1279 2359 1446 2428 Quam
1479 2375 1583 2414 non
1611 2358 1794 2413 habuit
1821 2356 2090 2424 decorem,

507 2460 566 2507 ut
583 2435 882 2518 diceretur,
909 2449 1096 2505 Nonne
1157 2465 1326 2503 verum
1363 2449 1574 2503 dicimus
1621 2449 1739 2519 quia
1790 2447 2093 2501 dwmonium

511 2543 662 2598 habes
690 2542 866 2617 (Joan.
898 2559 991 2597 vin
1011 2542 1168 2614 ,48)?
1200 2542 1254 2596 In
1285 2542 1499 2596 nomine
1539 2541 1703 2612 ipsius
1727 2538 1990 2594 dmmonia
2016 2541 2094 2593 ιυ-

505 2634 754 2705 giebant;
795 2643 850 2688 et
886 2634 960 2688 illi
1003 2633 1280 2704 objicitur,
1312 2633 1434 2703 quia
1477 2631 1798 2687 daemonium
1844 2631 2091 2688 habebat.

507 2727 612 2782 Sed
640 2742 803 2798 quare
824 2727 967 2781 hoc?
1003 2725 1232 2780 Vidimus
1273 2741 1417 2790 eum,
1441 2733 1489 2779 et
1514 2741 1615 2778 non
1653 2723 1862 2778 habebat
1880 2724 2094 2795 speciem

507 2835 664 2889 neque
684 2819 932 2873 decorem.

580 2909 806 2964 CAPUT
848 2909 909 2963 ll.
934 2938 1005 2949 —-
1031 2909 1161 2975 Quae
1184 2918 1265 2963 est
1288 2909 1495 2978 Species
1517 2907 1658 2963 illius
1682 2907 1846 2972 intus,
1875 2906 1963 2961 ubi
1985 2921 2090 2961 non

504 3002 817 3057 Videbatur?
845 3000 908 3054 In
932 3001 1178 3071 principio
1219 3010 1326 3054 erat
1371 2998 1588 3053 Verbum
1608 3039 1622 3064 ,
1647 3009 1694 3052 et
1741 2997 1957 3053 Verbum
1988 3009 2092 3053 erat

505 3094 645 3167 apud
671 3093 831 3148 Deum
850 3135 863 3157 ,
889 3103 935 3147 et
961 3092 1101 3148 Dens
1134 3103 1238 3147 erat
1270 3092 1484 3146 Verbum
1530 3091 1642 3162 (Id.
1678 3108 1715 3158 ι,
1746 3090 1819 3164 1).
1844 3092 1974 3159 Qum
2010 3100 2094 3147 est

506 3188 715 3258 species
733 3187 916 3241 illius?
945 3187 1177 3253 Quicum
1203 3188 1254 3239 in
1270 3190 1433 3257 forma
1460 3185 1554 3238 Dei
1567 3195 1690 3240 esset
1709 3228 1722 3252 ,
1745 3203 1845 3239 non
1861 3187 2091 3256 rapinam

509 3279 779 3332 arbitratus
809 3287 882 3331 est
909 3294 1013 3332 esse
1037 3278 1246 3347 tequalis
1271 3276 1380 3332 Deo
1403 3275 1657 3349 (Philipp.
1685 3293 1740 3340 ιι,
1772 3278 1849 3346 6).

577 3369 631 3422 4.
662 3368 727 3422 Εῑ
751 3367 839 3421 ubi
866 3367 1010 3421 visus
1037 3377 1121 3422 est
1156 3383 1261 3420 non
1303 3367 1500 3420 habere
1526 3367 1755 3435 speciem
1794 3381 1968 3436 neque
1992 3365 2090 3420 de—

503 3459 728 3515 corem?
757 3458 822 3512 Et
851 3477 951 3513 non
982 3459 1155 3514 habuit
1197 3459 1448 3529 speciem:
1475 3458 1564 3512 sed
1599 3458 1767 3513 uultus
1806 3459 1914 3530 ejus
1947 3459 2086 3529 abje-

505 3562 646 3616 ctus,
678 3560 726 3605 et
751 3552 991 3621 deformis
1035 3551 1218 3621 positio
1259 3551 1368 3621 ejus
1409 3551 1474 3604 ab
1511 3549 1740 3604 omnibus
1782 3550 2086 3604 hominibus.

509 3642 677 3697 Homo
719 3645 771 3697 in
806 3643 984 3716 plaga.
1029 3643 1088 3696 In
1121 3641 1274 3711 plaga
1301 3640 1462 3695 homo
1482 3683 1494 3705 ,
1525 3651 1647 3696 ante
1677 3641 1881 3710 plagam
1915 3640 2086 3707 Deus,

505 3745 628 3806 post
653 3737 860 3806 plagam
904 3737 1063 3790 homo
1093 3734 1250 3802 Deus,
1283 3734 1449 3788 Homo
1485 3734 1537 3788 in
1565 3733 1747 3804 plaga,
1770 3744 1816 3787 et
1853 3735 1938 3805 qui
1964 3735 2089 3788 sciat

505 3826 641 3894 ferre
682 3827 1016 3888 infirmitates.
1062 3825 1399 3880 lniirmitatcs
1445 3826 1708 3895 quorum‘.l
1763 3823 2003 3895 Ipsorum
2056 3839 2087 3880 a

503 3917 698 3988 quibus
723 3918 1038 3987 patiebatur.
1065 3917 1300 3972 Medicus
1341 3917 1541 3972 ferebat
1570 3916 1905 3972 infirmitates
1933 3917 2089 3987 phre-

502 4011 829 4072 neticorum;
861 4023 916 4065 et
941 4025 1064 4064 cum
1107 4009 1221 4078 ipse
1247 4009 1674 4079 cruciﬁgeretur,
1705 4009 1890 4063 orabat
1925 4017 1977 4063 et
2003 4009 2085 4063 di-

506 4102 662 4156 cebat
687 4119 699 4155 :
727 4099 901 4168 Pater,
945 4101 1143 4171 ignosce
1169 4101 1301 4166 illis,
1328 4102 1447 4168 quia
1482 4101 1704 4154 nesciunt
1741 4100 1861 4170 quid
1897 4100 2088 4171 faciunt

503 4191 660 4258 (Luc.
705 4208 871 4258 χχιιι,
919 4193 1031 4261 34).
1098 4192 1367 4246 Attendite
1410 4210 1422 4246 :
1470 4207 1710 4246 amemus
1761 4208 2014 4261 sponsum
2045 4194 2083 4247 ί.

499 4286 714 4353 Quanto
775 4286 942 4356 magis
989 4284 1246 4340 deformis
1273 4285 1425 4340 nobis
1469 4285 1888 4348 commendatur,
1941 4296 2087 4340 tanto

499 4379 736 4443 charior,
771 4387 914 4432 tanto
935 4378 1139 4432 dulcior
1165 4386 1248 4432 est
1269 4376 1439 4431 laetus
1464 4392 1694 4446 sponsm.
1722 4375 1938 4447 Propter
1953 4377 2088 4446 quod

499 4480 546 4524 et
574 4471 747 4523 avertit
773 4485 845 4523 se.
877 4469 1084 4523 Avertit
1112 4483 1169 4522 se
1189 4509 1204 4533 ,
1233 4482 1300 4522 ne
1327 4467 1473 4521 illum
1503 4467 1858 4537 intelligerent
1897 4467 1970 4521 illi
1996 4468 2085 4537 qui

502 4576 625 4616 cum
655 4559 1050 4630 cruciﬁgebant.
1082 4557 1263 4613 Facies
1288 4559 1396 4628 ejus
1417 4558 1659 4629 injuriata
1681 4567 1773 4624 est,
1801 4574 1890 4611 nec
1915 4559 2087 4629 magni

493 4654 743 4707 wstimata
768 4660 858 4706 est.

565 4747 623 4800 5.
670 4743 769 4797 llic
812 4743 1130 4812 inﬁrmitates
1166 4749 1362 4796 nostras
1405 4751 1606 4811 portat,
1636 4750 1682 4796 et
1709 4759 1802 4811 pro
1843 4741 1985 4796 nobis
2031 4742 2084 4794 in

489 4836 756 4891 doloribus
781 4845 854 4888 est
883 4850 899 4889 :
926 4843 973 4888 et
1020 4851 1111 4890 nos
1160 4833 1552 4888 existimavimus
1574 4833 1721 4887 illum
1750 4833 1802 4886 in
1827 4832 2083 4886 doloribus

488 4945 621 4990 esse,
647 4937 693 4981 et
713 4929 764 4980 in
793 4927 972 4998 plaga,
1000 4936 1046 4979 et
1066 4926 1118 4979 in
1143 4942 1311 4996 paena.
1334 4923 1456 4996 Ipse
1483 4935 1650 4978 autem
1685 4924 1972 4978 vulneratus
2009 4933 2084 4978 est

499 5033 702 5094 propter
725 5029 928 5090 peccata
948 5028 1140 5084 nostra,
1173 5027 1219 5072 et
1238 5019 1522 5087 inﬁrmatus
1552 5026 1624 5070 est
1663 5026 1867 5089 propter
1893 5017 2082 5086 iniqui-

494 5125 623 5170 tates
648 5123 864 5168 nostras.
888 5112 1128 5167 Eruditio
1155 5113 1294 5181 pacis
1319 5123 1506 5166 nostra
1530 5113 1582 5166 in
1609 5129 1721 5166 eum
1740 5153 1757 5180 ,
1789 5111 1944 5165 livore
1971 5112 2082 5182 ejus

494 5207 662 5263 sanati
705 5223 896 5260 sumus.
928 5205 1115 5261 Omnes
1155 5215 1210 5259 ut
1253 5221 1365 5260 oves
1407 5207 1679 5260 erravimus
1702 5249 1716 5273 ,
1743 5215 1790 5260 et
1834 5205 2082 5261 Dominus

493 5298 703 5354 tradidit
731 5299 876 5352 illum
906 5314 998 5367 pro
1026 5298 1243 5366 peccatis
1269 5297 1470 5352 nostris.
1514 5297 1853 5366 Evangelium
1879 5309 1981 5363 est,
2015 5313 2080 5351 an

496 5390 772 5462 prophetia
803 5391 858 5446 '?
897 5390 1034 5459 Quid
1071 5389 1250 5446 dicunt
1294 5397 1476 5445 contra
1522 5389 1620 5444 ista
1654 5389 1863 5445 Judaei?
1895 5391 2082 5446 Nonne

557 5566 573 5596 ί
603 5572 703 5614 Am.
731 5574 782 5616 et
804 5573 898 5630 βε..
927 5567 1156 5618 Αιιεηάὶιε
1178 5566 1412 5630 quomodo
1435 5579 1662 5630 amemus.
1697 5574 1901 5630 Sponsus
1935 5578 2082 5630 quasi-

497 5629 571 5681 to,
607 5633 701 5674 etc.
739 5627 1043 5690 (attinertinus
1080 5626 1268 5689 codex,
1317 5626 1552 5680 attendite
1595 5626 1834 5690 quomodo
1870 5626 2083 5680 amemus

495 5696 732 5755 δρριιεαυι.
781 5686 866 5734 alii
889 5694 978 5755 Mss
999 5723 1013 5745 ,
1042 5699 1216 5745 attente
1234 5686 1448 5745 amemus
1471 5686 1711 5755 sponsum.

561 5748 580 5777 '
599 5753 727 5808 Mss,
743 5760 806 5797 an
823 5749 1068 5810 praplteta.

1749 322 1808 377 S.
1849 307 2216 377 AUGUSTINI
2256 313 2558 376 EPISCOPI

3683 325 3794 388 2130

2203 433 2400 488 mirum
2447 441 2530 488 est
2546 431 2733 488 audire
2759 431 2877 488 illos
2899 433 3032 502 ista,
3054 433 3252 494 habere
3294 439 3414 496 illos
3447 442 3544 500 ista
3564 485 3580 508 .
3609 445 3790 517 legere

2200 523 2318 580 illos
2347 526 2469 587 ista,
2503 540 2610 580 non
2636 525 2872 581 invenire
2895 527 2963 582 de
3003 543 3111 598 quo
3151 530 3255 586 dici
3297 537 3560 603 potuerit,
3587 537 3688 593 nisi
3718 539 3790 595 de

2202 615 2291 670 illo
2320 633 2426 671 uno
2451 617 2539 687 qui
2567 617 2619 671 in
2655 617 2943 689 Evangelio
2980 622 3298 691 przedicatur
3337 643 3436 698 per
3456 631 3644 686 orbem
3673 641 3786 687 ter-

2200 722 2378 761 rarum
2404 749 2418 772 ,
2452 716 2505 762 et
2539 708 2712 763 adhuc
2737 725 2842 764 non
2871 726 2991 767 esse
3029 712 3361 772 Christianos
3386 761 3400 783 ,
3423 721 3518 775 sed
3544 722 3623 776 sic
3665 722 3788 778 illos

2199 811 2322 852 esse
2365 813 2536 853 cmcos
2574 799 2828 856 adversus
2859 803 3251 860 evidentissima
3278 809 3484 880 eloquia
3547 812 3788 883 Prophe-

2201 893 2415 946 tarum?
2435 891 2554 946 Noli
2590 893 2772 948 mirari
2801 896 3093 951 caecitatem
3131 897 3435 955 Jndmorum
3462 903 3530 958 de
3548 903 3786 960 Christo.

2266 980 2492 1038 CAPUT
2528 980 2615 1037 Ill.
2637 1012 2709 1023 —
2728 984 2865 1040 Ecce
2890 988 3078 1042 transit
3097 990 3238 1058 quod
3259 991 3453 1047 dicitur
3469 993 3536 1048 de
3562 1011 3787 1064 sponso,

2200 1071 2386 1142 incipit
2409 1073 2514 1129 dici
2538 1082 2593 1129 et
2621 1075 2688 1130 de
2716 1090 2947 1146 sponsa;
2981 1087 3034 1132 et
3069 1082 3337 1148 quomodo
3373 1083 3425 1136 in
3455 1100 3656 1154 sponso
3681 1089 3788 1144 mi-

2199 1165 2404 1220 rabaris
2424 1167 2716 1222 caecitatem
2743 1167 3068 1236 Judzeorum,
3100 1172 3178 1226 sic
3197 1173 3249 1226 in
3277 1188 3472 1243 sponsa
3504 1177 3789 1235 miraberis

2197 1259 2488 1313 ctecitatem
2515 1259 2908 1317 inereticorum.

2270 1351 2323 1405 6.
2351 1350 2469 1406 Jam
2495 1353 2654 1408 modo
2703 1355 2962 1411 miremur
2988 1358 3282 1414 ctecitatem
3307 1359 3634 1418 Iudaeorum.
3679 1363 3790 1419 Do-

2197 1442 2366 1496 minus
2392 1443 2598 1497 tradidit
2619 1445 2762 1498 illum
2787 1462 2879 1516 pro
2913 1449 3128 1517 peccatis
3177 1451 3360 1504 nostris
3377 1468 3396 1516 ,°
3423 1461 3468 1505 et
3502 1453 3630 1522 ipse,
3658 1469 3789 1524 quo-

2198 1532 2337 1585 niam
2380 1534 2514 1587 male
2555 1544 2798 1590 tractatus
2843 1546 2946 1603 est,
2975 1555 3076 1592 non
3112 1541 3310 1608 aperuit
3351 1557 3427 1595 os.
3473 1543 3540 1597 Ut
3566 1545 3673 1598 ouis
3716 1546 3788 1599 ad

2197 1620 2568 1677 immolandum
2602 1624 2782 1679 ductus
2815 1636 2923 1691 est;
2950 1636 2998 1681 et
3029 1635 3083 1681 ut
3117 1644 3278 1698 agnus
3315 1641 3432 1684 ante
3465 1649 3580 1686 eum
3615 1635 3703 1704 qui
3733 1652 3790 1690 se

2199 1713 2420 1767 tonderet
2447 1715 2545 1786 fuit
2565 1717 2672 1769 sine
2699 1732 2837 1784 uoce,
2869 1718 2942 1771 sic
2968 1735 3068 1772 non
3087 1720 3282 1790 aperuit
3316 1737 3371 1775 os
3394 1739 3560 1777 suum.
3598 1722 3660 1779 In
3688 1727 3791 1779 hu-

2199 1804 2410 1858 militate
2426 1806 2681 1874 judicium
2710 1808 2822 1878 ejus
2846 1810 3098 1863 sublatum
3125 1820 3218 1865 est.
3250 1813 3316 1867 Et
3341 1829 3409 1869 ne
3436 1825 3747 1872 contemnas
3766 1859 3784 1884 ,

2200 1891 2584 1950 Cenerationem
2624 1898 2733 1967 ejus
2769 1900 2880 1968 quis
2927 1902 3218 1954 enarrabit?
3250 1903 3418 1969 Quam
3477 1909 3784 1973 generatio-

2197 1985 2360 2040 nem?
2380 1987 2508 2042 Ante
2533 1988 2798 2058 luciferum
2825 1993 2976 2062 genui
2999 2001 3046 2046 te
3083 1991 3256 2062 (Psal.
3279 2010 3392 2062 cut,
3414 1997 3491 2065 ὅ).
3516 1996 3658 2053 Ecce
3679 2015 3787 2054 una

2196 2079 2468 2147 generatio
2496 2097 2509 2133 :
2533 2080 2661 2134 Ante
2679 2082 2964 2149 luciferum,
2991 2093 3118 2140 ante
3136 2087 3312 2139 omnia
3332 2104 3451 2158 qua:
3473 2088 3606 2144 facta
3635 2102 3784 2157 sunt,

2197 2180 2324 2226 ante
2349 2186 2537 2228 omnes
2563 2174 2818 2244 Angelos,
2845 2186 2969 2232 ante
2987 2193 3201 2234 omnem
3229 2191 3547 2237 creaturam.
3574 2183 3789 2250 Quare?

2198 2261 2330 2329 Quia
2358 2264 2526 2317 omnia
2546 2281 2636 2336 per
2654 2266 2818 2334 ipsum
2841 2272 2977 2338 facta
3004 2279 3120 2323 sunt
3141 2269 3318 2338 (Joan.
3348 2289 3385 2336 ι,
3413 2275 3490 2344 5).
3510 2274 3614 2330 Sed
3638 2274 3785 2332 forte

2197 2353 2430 2408 secunda
2453 2354 2569 2424 ejus
2595 2359 2870 2426 generatio
2911 2369 3179 2416 narratur.
3220 2361 3350 2429 Quis
3391 2362 3536 2418 illam
3563 2369 3788 2422 narrat?

2198 2443 2329 2500 Fide
2351 2447 2671 2516 concipitur,
2701 2451 2970 2506 masculus
2992 2467 3096 2507 non
3145 2455 3379 2522 accedit,
3410 2466 3592 2514 uterus
3617 2460 3788 2530 virgi-

2198 2538 2281 2592 nis
2305 2547 2470 2593 tumet
2495 2557 2508 2593 :
2533 2541 2773 2610 procedit
2802 2553 3048 2613 tanquam
3078 2560 3306 2616 sponsus
3330 2550 3398 2605 de
3423 2551 3656 2606 thalamo
3683 2568 3789 2609 suo

2199 2630 2370 2700 (Psal.
2403 2649 2554 2700 xvnt,
2587 2633 2664 2705 6).
2695 2635 2950 2691 Mirabilis
2976 2637 3074 2693 ista
3099 2643 3390 2710 generatio.
3418 2644 3674 2700 Mirabilis
3695 2655 3790 2702 est

2198 2722 2452 2790 humana,
2493 2726 2615 2796 quia
2658 2727 2774 2783 sine
2818 2737 3007 2798 patre:
3048 2731 3305 2787 mirabilis
3341 2734 3471 2801 illa,
3503 2736 3624 2806 quia
3662 2737 3787 2793 sine

2197 2822 2388 2870 matre.
2437 2814 2506 2870 Ut
2535 2817 2640 2870 ovis
2666 2817 2736 2870 ad
2751 2819 3143 2901 vimmolandum
3183 2823 3362 2879 ductus
3399 2836 3470 2881 est
3494 2868 3510 2893 ,
3535 2837 3590 2879 ut
3617 2843 3788 2898 agnus

2197 2915 2313 2959 ante
2334 2923 2448 2960 eum
2472 2909 2558 2977 qui
2585 2924 2640 2962 se
2671 2908 2926 2978 tonderet,
2953 2911 3025 2966 sic
3045 2929 3146 2966 non
3173 2917 3369 2985 aperuit
3415 2934 3472 2971 os
3495 2934 3664 2972 suum.
3714 2918 3787 2976 In

2197 2997 2480 3052 humilitate
2504 2999 2760 3070 judicium
2813 3002 2921 3074 ejus
2962 3003 3214 3058 sublatum
3234 3015 3326 3060 est.
3399 3009 3790 3066 Generatiouem

2196 3091 2305 3160 ejus
2331 3091 2441 3160 quis
2467 3091 2758 3146 enarrabit?
2791 3093 3043 3159 Quoniam
3071 3097 3352 3152 tolleturde
3369 3109 3504 3153 terra
3517 3101 3620 3154 vita
3642 3103 3788 3172 ejus.

2198 3179 2666 3238 Resurrectionem
2694 3184 2812 3252 ejus
2846 3185 3119 3254 pndicat.
3145 3187 3352 3244 Videtis
3376 3191 3498 3260 quia
3525 3208 3649 3248 vere
3671 3194 3788 3248 Do-

2197 3273 2375 3326 minus
2400 3274 2574 3343 (qnasi
2596 3277 2765 3344 possit
2790 3275 2916 3346 quid
2945 3277 3046 3331 nisi
3081 3293 3208 3334 vere
3245 3280 3476 3351 Veritas)
3501 3281 3602 3338 hoc
3629 3282 3789 3340 dice-

2195 3362 2284 3423 bat
2311 3365 2352 3418 ἐ
2393 3363 2522 3430 Qua:
2539 3367 2728 3438 scripta
2743 3377 2858 3421 sunt
2887 3369 2939 3421 in
2967 3367 3120 3440 Lege,
3149 3379 3195 3423 et
3226 3369 3496 3441 Prop/retis
3514 3413 3529 3439 ,
3558 3383 3604 3428 et
3629 3373 3792 3430 Psal-

2194 3457 2292 3510 mis
2311 3457 2373 3509 de
2400 3475 2499 3511 me.
2525 3458 2657 3526 Quia
2705 3459 2963 3528 oportebat
2987 3458 3242 3515 Christum
3266 3464 3372 3533 pati
3419 3473 3464 3518 et
3497 3481 3787 3537 resurgere,

2193 3549 2437 3604 audistis.
2467 3551 2534 3606 Et
2575 3566 2883 3622 resurgere,
2912 3553 3074 3609 modo
3115 3555 3338 3611 audistis
3363 3574 3376 3612 :
3404 3557 3656 3622 Quoniam
3682 3561 3790 3615 ωι-

2193 3641 2323 3694 letur
2363 3641 2428 3696 de
2473 3650 2608 3695 terra
2629 3643 2729 3696 vita
2747 3643 2876 3712 ejus.
2909 3641 2976 3697 Et
3019 3646 3285 3715 praedicari
3328 3647 3379 3701 in
3429 3651 3629 3704 nomine
3668 3655 3789 3720 ejus

2195 3733 2535 3800 paenitentiam
2558 3744 2605 3788 et
2625 3735 2963 3790 remissionem
2989 3748 3306 3808 peccatorum
3337 3757 3426 3809 per
3463 3758 3634 3796 omnes
3659 3760 3792 3813 gen-

2192 3833 2287 3889 tes,
2317 3824 2561 3892 incipiens
2600 3827 2663 3879 ab
2702 3824 2987 3881 Jerusalem
3028 3826 3180 3900 (Luc.
3218 3846 3366 3895 xstv,
3395 3831 3484 3895 44,
3507 3833 3608 3895 46,
3641 3834 3733 3904 47)
3766 3854 3787 3891 :

2192 3914 2420 3970 audietis
2447 3915 2574 3970 illud
2600 3924 2655 3971 et
2675 3917 2744 3972 ab
2770 3917 2870 3972 isto
2895 3920 3187 3989 prOpheta;
3217 3937 3322 3975 non
3364 3923 3486 3991 quia
3520 3923 3791 3980 debemus

2195 4008 2508 4076 prephetam
2537 4022 2848 4076 praeponere
2873 4009 3117 4064 Domino.
3147 4011 3330 4066 Pracco
3365 4015 3670 4082 praecessit,
3694 4016 3792 4086 ju-

2191 4096 2295 4151 dex
2323 4105 2538 4152 secutus
2584 4107 2686 4152 est.
2729 4099 2844 4154 Non
2873 4115 2996 4166 sua,
3035 4102 3128 4158 sed
3162 4103 3355 4172 judicis
3391 4105 3552 4161 verba
3601 4122 3791 4176 prmco

2193 4179 2436 4254 dicebat,
2465 4199 2522 4244 et
2540 4189 2703 4260 judex
2736 4206 3068 4262 consequens
3105 4195 3263 4250 verba
3297 4210 3392 4250 sua
3428 4198 3483 4251 in
3531 4213 3791 4267 przccone

2194 4282 2445 4336 ﬁrmavit.
2477 4281 2730 4348 Quoniam
2759 4284 2960 4338 tolletur
2997 4287 3059 4339 de
3080 4296 3214 4339 terra
3248 4288 3349 4341 vita
3393 4289 3523 4359 ejus.
3567 4291 3645 4344 Ab
3674 4291 3789 4346 ini-

2193 4372 2466 4443 quitatibus
2489 4374 2672 4442 populi
2701 4375 2800 4428 mei
2824 4374 3004 4429 ductus
3027 4386 3099 4430 est
3115 4377 3184 4429 ad
3207 4387 3434 4432 mortem.
3465 4380 3792 4440 Audiebatis

2193 4463 2356 4518 modo
2385 4463 2652 4520 dicentem
2685 4465 2810 4532 illis,
2839 4465 2974 4532 Quid
3001 4467 3153 4521 vobis
3179 4468 3314 4523 feci?
3335 4469 3392 4525 Si
3421 4472 3698 4528 invenistis
3724 4476 3788 4532 in

2192 4571 2279 4608 me
2335 4564 2629 4625 peccatum,
2681 4558 2907 4626 arguite.
2953 4558 3020 4612 Et
3068 4561 3164 4626 illi,
3220 4559 3497 4634 Cruciﬁge,
3539 4567 3790 4639 crucifige

2195 4647 2372 4719 (Joan.
2415 4665 2502 4704 XIX
2524 4690 2537 4713 ,
2562 4650 2657 4719 6):
2685 4659 2739 4706 ut
2765 4652 3022 4720 putabant
3066 4653 3334 4709 hominem
3357 4697 3371 4721 ,
3407 4665 3580 4712 tamen
3615 4658 3787 4714 inno-

2189 4749 2417 4794 centem.
2447 4741 2608 4811 Ergo,
2637 4742 2709 4795 Ab
2739 4743 3080 4813 iniquitatibus
3105 4747 3280 4814 pavuli
3301 4747 3396 4801 mei
3413 4748 3592 4803 ductus
3616 4761 3690 4804 est
3709 4752 3790 4806 ad

2189 4844 2420 4888 mortem.

2260 4925 2487 4981 CAPUT
2525 4925 2613 4982 IV.
2643 4955 2716 4967 —-
2743 4928 2792 4982 7.
2838 4927 2985 4983 Dabo
3017 4944 3144 5000 ergo
3164 4947 3326 4986 manu
3373 4949 3466 5001 pro
3510 4934 3790 5003 sepultura

2189 5018 2316 5087 ejus.
2339 5017 2475 5084 Quid
2501 5028 2586 5074 est
2611 5018 2734 5082 hoc,
2762 5017 2909 5074 Dabo
2937 5021 3098 5076 malos
3131 5040 3223 5092 pro
3249 5024 3507 5095 sepultura
3544 5026 3654 5096 ejus
3671 5067 3687 5090 ,
3729 5038 3789 5081 et

2191 5111 2367 5164 divites
2394 5127 2486 5182 pro
2517 5121 2676 5165 morte
2700 5112 2849 5181 ejus?
2877 5112 3042 5167 Malos
3071 5122 3289 5184 propter
3313 5116 3661 5185 sepulturam,
3689 5119 3788 5171 di—

2193 5202 2328 5256 vites
2363 5211 2580 5271 propter
2617 5213 2866 5256 mortem.
2913 5202 3072 5257 Dives
3107 5202 3194 5259 ille
3219 5204 3286 5259 ab
3322 5205 3644 5260 Arimathzea
3683 5207 3790 5262 Jo-

2189 5293 2320 5362 seph
2345 5336 2360 5358 ,
2392 5308 2512 5348 cum
2561 5293 2814 5348 Dominus
2843 5292 3098 5362 penderet
3120 5294 3173 5348 in
3217 5311 3375 5352 cruce
3399 5338 3412 5361 ,
3447 5296 3662 5351 intravit
3705 5301 3787 5355 ad

2189 5384 2437 5452 Pilatum,
2466 5393 2522 5439 et
2545 5383 2695 5454 petiit
2714 5399 2904 5454 corpus
2925 5385 3042 5454 ejus
3067 5405 3079 5440 :
3108 5385 3392 5442 obsecutus
3410 5395 3511 5456 est,
3535 5397 3592 5442 ut
3619 5403 3793 5459 sepe-

2255 5565 2270 5595 ί
2299 5571 2397 5611 Αιιι.
2421 5572 2478 5630 et
2501 5569 2596 5630 Eia,
2636 5562 2815 5630 Videtis
2835 5563 2951 5630 quia
2987 5578 3129 5630 uerus
3163 5565 3407 5630 Dominus,
3433 5564 3572 5630 quasi
3607 5573 3790 5630 ptime

2188 5639 2283 5689 non
2305 5625 2467 5689 possit,
2490 5624 2727 5689 nisivere
2758 5624 2970 5677 charitas
3025 5626 3129 5678 lucc
3154 5627 3340 5678 dicebat
3362 5624 3400 5678 .9'
3428 5624 3561 5687 llov.,
3592 5624 3792 5685 i’idetis

2189 5687 2436 5755 quievere
2461 5687 2688 5755 Dominus
2711 5687 3145 5755 htec_possit.()uis,
3165 5689 3274 5755 nisi
3295 5703 3408 5755 uera
3439 5689 3639 5755 ejeritas,
3667 5690 3792 5746 here

2193 5748 2378 5802 dicebat
2401 5748 2426 5799 1’
2457 5757 2628 5800 Locum
2643 5748 2920 5813 juvantibus
2941 5748 3269 5818 mauuscriptis
3291 5753 3604 5803 restituimus.
