4012 6338
238 330 335 387 261

242 448 388 498 tiret.
443 440 563 495 Datl
608 445 734 492 sunt
781 434 972 490 divites
1020 449 1115 504 pro
1160 442 1329 487 morte
1375 433 1529 501 ejus:
1581 431 1825 499 sepelivit

242 546 559 603 pauperem,
585 529 637 583 in
668 542 776 598 quo
814 527 1024 581 divitias
1062 524 1381 594 requirebat.
1430 521 1570 591 Ergo
1594 560 1609 586 ,
1638 519 1827 574 Divites

243 632 453 692 propter
480 628 687 673 mortem
710 620 840 690 ejus.
866 616 1018 683 Quod
1044 625 1223 685 postea
1250 614 1401 676 dixit,
1436 613 1609 682 primo
1633 610 1826 665 factum

240 722 326 767 est
353 730 368 764 :
402 711 544 781 quod
571 711 743 780 primo
771 709 940 773 dixit,
972 718 1155 777 postea
1186 706 1378 759 factum
1407 712 1507 759 est.
1539 702 1706 757 Malos
1735 719 1828 771 pro

252 802 521 868 sepultura
548 801 677 869 ejus.
710 798 811 854 Ubi
831 795 1202 853 ostendimus?
1228 794 1547 847 Intraverunt
1569 792 1739 849 Judtm'
1759 792 1829 846 ad

249 891 502 957 Pilatum,
520 901 565 945 et
587 891 821 944 dixerunt
837 889 881 942 ei
894 904 913 942 :
926 888 1162 951 Domine,
1176 886 1455 939 audivimus
1479 886 1595 954 quia
1611 885 1696 938 ille
1715 886 1825 955 plu-

245 999 342 1036 nus
375 982 422 1054 (ὀ
447 980 663 1047 πλάνος),
682 981 734 1035 id
755 990 854 1045 est,
874 981 963 1035 ille
989 981 1265 1048 impostor,
1289 978 1414 1032 dixit
1440 977 1702 1046 discipulis
1722 978 1827 1031 suis

245 1074 368 1143 quia
403 1082 772 1127 resurrecturus
802 1073 892 1125 erit
917 1072 1142 1125 occisus:
1160 1070 1282 1142 jube
1324 1069 1634 1122 custodiatur
1658 1066 1829 1137 sepul-

245 1180 417 1228 crum,
433 1180 499 1217 ne
508 1168 637 1233 forte
648 1163 842 1216 veniant
854 1162 1089 1232 discipuli
1099 1178 1126 1214 ε
1149 1178 1209 1215 us
1224 1168 1433 1225 nocte,et
1444 1163 1823 1230 auferanteum,

244 1265 295 1309 et
342 1257 440 1325 ﬁat
477 1272 619 1310 error
653 1256 818 1326 major
855 1257 1041 1327 priore.
1076 1255 1160 1308 Ait
1192 1255 1294 1308 illis
1330 1253 1530 1307 Pilatus
1556 1268 1575 1307 :
1619 1252 1829 1307 Habetis

248 1348 459 1414 milites,
490 1348 579 1414 ite,
609 1347 857 1401 custodite
880 1348 1009 1400 sicut
1042 1346 1213 1400 uultis.
1236 1347 1568 1414 Acceperunt
1590 1343 1787 1399 milites
1809 1385 1825 1410 ,

250 1448 549 1508 posuerunt
586 1440 656 1493 ibi
683 1438 894 1511 (Matth.
929 1454 1072 1494 xxvn
1093 1480 1107 1503 ,
1141 1438 1346 1505 57-66).
1390 1438 1509 1492 Mali
1540 1447 1662 1492 sunt
1702 1439 1824 1493 isti:

248 1532 352 1599 ipsi
380 1540 511 1585 sunt
532 1531 638 1585 dati
666 1540 883 1601 propter
917 1531 1240 1599 sepulturam
1275 1531 1390 1599 ejus
1424 1530 1490 1584 ad
1527 1529 1832 1584 custodien-

248 1621 402 1676 dum.
431 1621 538 1676 Sed
564 1621 704 1677 unde
730 1622 1015 1691 probamus
1034 1622 1154 1691 quia
1194 1621 1319 1675 mali
1348 1622 1506 1675 sunt?
1536 1622 1724 1675 Milites
1751 1622 1829 1676 in-

248 1720 511 1766 nocentes
535 1719 688 1765 erant
720 1712 866 1766 missi
891 1728 904 1764 :
923 1710 1083 1780 judex
1130 1711 1208 1771 eis
1242 1712 1531 1781 praecepit;
1571 1719 1831 1766 venerunt

251 1802 321 1858 ad
359 1804 703 1873 sepulcrum,
732 1803 1114 1858 custodierunt.
1156 1803 1295 1858 Audi
1339 1804 1459 1873 quia
1506 1804 1631 1857 mali
1668 1813 1826 1859 sunt:

250 1894 371 1964 lege
415 1894 776 1964 Evangelium.
821 1894 1166 1964 Posteaquam
1212 1894 1501 1950 resurrexit
1538 1894 1826 1962 Dominus,

250 1993 309 2041 et
329 1986 582 2041 viderunt
617 1986 893 2055 angelum,
921 1986 1194 2041 conterriti
1234 1993 1289 2039 et
1323 1986 1646 2040 consternati
1684 1995 1825 2040 sunt.

252 2078 479 2145 Quando
542 2077 742 2133 dictum
797 2086 881 2132 est
940 2078 1078 2139 aliis,
1132 2075 1306 2130 Nolite
1353 2077 1524 2130 timere
1582 2092 1690 2143 vos,
1743 2077 1828 2131 isti

251 2173 448 2226 timore
499 2171 747 2241 perculsi,
794 2170 917 2240 quia
962 2169 1065 2224 lide
1108 2168 1364 2223 sublevati
1409 2182 1513 2222 non
1564 2176 1706 2223 sunt.
1765 2168 1832 2222 Et

254 2271 434 2317 amen
453 2277 575 2317 cum
598 2263 697 2317 ista
715 2263 951 2326 scirent,
992 2268 1251 2314 venerunt
1284 2259 1350 2313 ad
1389 2258 1632 2325 Judzeos,
1681 2257 1830 2313 dixe-

251 2363 379 2409 runt
451 2354 558 2408 illis
609 2354 709 2407 ista
769 2352 968 2406 omnia.
1035 2350 1295 2405 Dixerunt
1350 2348 1517 2405 Judaei
1566 2366 1579 2402 :
1636 2348 1831 2403 Damus

253 2447 413 2502 vobis
448 2445 747 2516 pecuniam.
795 2445 934 2512 Ergo
980 2442 1103 2497 mali
1149 2448 1304 2496 erant
1350 2459 1363 2493 :
1409 2440 1683 2496 veritatem
1711 2440 1833 2493 abs-

255 2538 601 2601 conderum,
647 2535 978 2590 mendacium
1028 2531 1397 2587 vendiderunt.
1448 2532 1515 2585 Et
1560 2529 1830 2601 quomodo

256 2629 594 2685 mendacium
637 2626 1023 2683 vendiderunt?
1072 2624 1189 2680 Non
1234 2624 1461 2688 mirum,
1501 2622 1831 2677 mendacium

253 2721 609 2777 vendiderunt
635 2761 650 2785 ,
705 2718 1039 2774 mendacium
1095 2716 1221 2770 caeci
1264 2716 1438 2770 caecis.
1487 2714 1651 2767 Dicite
1702 2712 1833 2785 (di-

253 2823 398 2868 ctum
446 2822 533 2867 est
566 2811 670 2866 illis
695 2810 716 2882 )
740 2810 860 2881 quia
902 2808 1257 2862 dormientibus
1297 2805 1439 2860 nobis
1477 2814 1713 2859 uenerunt
1750 2804 1832 2855 di-

254 2903 442 2972 scipuli
478 2903 621 2972 ejus,
660 2911 705 2955 et
740 2902 1090 2955 subtraxetunt
1123 2914 1255 2952 eum.
1288 2896 1332 2951 0
1356 2895 1563 2949 vanitas
1598 2892 1835 2948 vendens

256 2995 547 3049 vanitatem
586 2992 835 3046 vanitati!
865 2988 1106 3044 Audituri
1138 2996 1261 3042 sunt
1298 2986 1418 3041 vani
1445 2993 1501 3041 et
1526 2984 1830 3061 credituri‘.

255 3085 537 3154 Hodieque
563 3084 666 3138 hoc.
687 3092 766 3138 est
790 3081 926 3152 apud
958 3080 1170 3137 Judaaos
1189 3120 1203 3143 ,
1231 3078 1308 3133 sic
1336 3077 1495 3132 habet
1516 3076 1627 3145 ipsa
1653 3075 1790 3129 fama
1814 3117 1831 3142 ,

256 3192 415 3246 quam
441 3190 598 3241 vana,
623 3190 778 3243 quam
809 3173 954 3238 falsa,
991 3186 1149 3242 quam
1171 3170 1343 3224 inanis
1364 3170 1381 3239 (
1404 3168 1586 3223 Matth.
1610 3166 1830 3238 xxvm).

256 3266 644 3321 Testimonium
671 3272 959 3334 martyrum
991 3262 1177 3316 nolunt
1203 3260 1419 3326 audire,
1458 3268 1514 3314 ut
1541 3260 1751 3325 vivant;
1783 3267 1837 3313 et

258 3357 624 3411 testimonium
643 3354 1022 3409 dormientium
1038 3352 1277 3419 audiunt,
1298 3359 1359 3405 ut
1379 3359 1613 3421 pereant.
1638 3349 1692 3404 Si
1713 3349 1838 3404 dor-

257 3448 498 3502 miebant
517 3445 785 3512 custodes,
809 3445 954 3500 unde
980 3453 1265 3514 potuerunt
1284 3443 1421 3498 scire
1445 3443 1561 3512 quis
1586 3442 1735 3497 illum
1758 3452 1838 3496 tu-

258 3539 377 3594 lerit
405 3537 477 3592 de
505 3536 793 3607 sepulcro?
817 3544 908 3592 aut
927 3535 1053 3605 quid
1081 3535 1353 3605 vigilabas,
1389 3535 1563 3589 male?
1591 3533 1636 3589 Ο
1659 3535 1796 3588 male
1818 3573 1835 3600 ,

261 3631 327 3686 de
345 3645 457 3700 quo
476 3644 584 3685 non
608 3630 723 3683 sine
747 3642 902 3684 causa
932 3627 1065 3682 dixit
1088 3627 1364 3696 propheta,
1394 3624 1543 3680 Dabo
1566 3624 1728 3679 malos
1747 3641 1838 3697 pro

261 3722 524 3791 sepultura
554 3721 683 3789 ejus.
714 3719 759 3773 Ο
782 3718 925 3783 mali,
949 3732 984 3771 ο
1007 3717 1219 3788 pessimi
1252 3734 1265 3770 :
1298 3725 1392 3771 aut
1421 3717 1714 3787 vigilabatis
1733 3757 1748 3782 ,
1788 3726 1842 3772 et

260 3813 536 3869 custodire
563 3811 850 3876 debuistis;
892 3820 984 3866 aut
1022 3810 1398 3877 dormiebatis,
1426 3819 1481 3864 et
1511 3810 1635 3880 quid
1664 3811 1734 3865 sit
1761 3810 1840 3865 fa-

261 3917 405 3961 ctum
435 3905 673 3961 nescitis.
706 3904 981 3974 lmpletum
1015 3913 1098 3960 est
1125 3904 1267 3959 enim
1293 3902 1432 3973 quod
1456 3903 1686 3972 Spiritus
1714 3917 1841 3958 san-

262 4008 379 4052 ctus
404 4013 505 4066 per
523 3995 856 4050 Psalmistam
877 3994 1043 4049 multo
1062 4002 1184 4049 ante
1207 3993 1523 4063 praedixerat
1546 4010 1559 4046 :
1583 3993 1841 4063 Cogitave-

262 4097 381 4141 runt
418 4087 688 4143 consilium
727 4086 861 4156 quod
901 4102 1004 4139 non
1050 4094 1314 4155 potuerunt
1357 4085 1618 4140 stabilire’
1657 4083 1840 4157 (Psal.

265 4192 356 4241 xx,
384 4176 502 4246 i2).

336 4288 608 4345 ’CAPUT
634 4288 698 4343 V.
728 4318 795 4329 —
820 4288 873 4345 8.
892 4288 998 4344 Nos
1023 4305 1168 4360 ergo,
1201 4289 1389 4345 fratres
1410 4290 1725 4360 charissimi,
1748 4307 1846 4362 pro

267 4398 497 4454 quorum
524 4382 695 4437 salute
724 4385 818 4435 ista
850 4382 1023 4436 omnia
1051 4392 1103 4437 et
1125 4382 1368 4450 przedieta
1391 4391 1513 4437 sunt
1538 4393 1590 4438 et
1612 4385 1843 4453 impleta,

268 4475 471 4542 gratias
488 4486 706 4542 agamus
731 4471 920 4525 divina:
946 4471 1341 4537 misericordiae,
1367 4483 1419 4525 et
1441 4483 1693 4543 quantum
1724 4489 1847 4543 pos-

268 4582 479 4630 sumus,
510 4567 636 4621 totis
661 4565 864 4620 viribus
900 4566 1219 4628 laboremus,
1251 4575 1309 4618 ut
1338 4565 1591 4620 beuelicia
1626 4567 1715 4620 Dei
1743 4582 1847 4621 non

271 4659 426 4712 nobis
455 4656 711 4726 judicium
738 4656 975 4725 pariant,
1003 4654 1097 4710 sed
1127 4654 1418 4724 profectum
1452 4674 1462 4708 :
1496 4665 1553 4709 ut
1580 4671 1700 4709 cum
1739 4666 1849 4710 tre-

224 4734 245 4747 “
270 4747 502 4802 mendus
525 4746 707 4816 iudicii
734 4744 848 4800 dies
873 4754 927 4799 et
956 4755 1164 4813 tempus
1190 4743 1476 4799 reddendae
1513 4746 1732 4800 rationis
1756 4745 1850 4798 ad-

274 4838 507 4904 venerit,
531 4836 785 4907 quidquid
818 4836 971 4890 nobis
989 4836 1009 4867 ³
1041 4836 1294 4890 Dominus
1322 4847 1376 4891 et
1412 4836 1653 4892 Salvator
1674 4846 1854 4892 noster

272 4930 500 4985 contulit
525 4929 821 4999 judicatus,
866 4930 1127 4999 integrum
1156 4929 1387 4986 inveniat
1405 4929 1755 4999 judicaturus.
1789 4930 1857 4984 Et

273 5024 491 5091 quidem
515 5022 604 5076 ille
623 5036 744 5076 cum
765 5021 993 5087 venerit,
1015 5021 1314 5076 redditurus
1330 5023 1570 5092 estquod
1593 5024 1852 5093 promisit,

274 5116 367 5169 sed
402 5114 758 5184 requisiturus
781 5122 860 5169 est
895 5112 1035 5183 quod
1063 5113 1289 5167 redemit
1315 5130 1327 5166 :
1356 5123 1411 5168 et
1439 5114 1579 5184 quod
1609 5115 1661 5167 in
1689 5115 1857 5184 primo

341 5291 357 5321 ¹
485 5288 705 5358 potiores
734 5290 1058 5358 manuscripti.
1080 5288 1275 5358 At‘editi
1294 5324 1309 5349 ,
1332 5288 1537 5341 vendens
1571 5289 1824 5343 vanitatem
1842 5326 1859 5353 ,

278 5348 541 5400 caritatem
557 5348 799 5400 audituris
820 5350 953 5401 vanis
973 5348 1019 5401 et
1039 5349 1314 5401 credituris.

343 5414 363 5467 ἓ
385 5418 560 5475 Totum
581 5411 709 5473 quod
729 5419 959 5474 superest
978 5420 1120 5475 caput
1133 5413 1359 5475 quintum
1380 5425 1408 5461 a
1424 5412 1707 5474 quibusdam
1724 5413 1863 5463 abest

276 5480 409 5536 1135.,
428 5474 719 5536 videturque
745 5473 1059 5534 Angustinum
1083 5473 1241 5523 minus
1261 5486 1405 5536 quam
1436 5473 1687 5523 Ctesarium
1726 5475 1863 5536 nobis

278 5535 544 5608 exhibere.
568 5532 739 5608 Confer
760 5532 1040 5608 sermonem
1059 5532 1342 5608 Appendieis
1366 5536 1475 5608 15L
1472 5549 1520 5582 ιι.
1546 5536 1595 5597 5,
1618 5549 1764 5584 serm.
1784 5535 1861 5595 44,
1906 5532 1911 5535 ’

280 5608 331 5641 n.
356 5595 404 5654 6,
433 5608 583 5645 Serm.
607 5595 686 5655 45,
708 5609 759 5645 n.
782 5595 832 5654 3,
866 5602 918 5645 et
938 5595 1140 5646 Caesarii’
1159 5595 1398 5645 bomiliam
1418 5595 1494 5644 “27.

280 5658 547 5766 ἴ,
587 5656 825 5719 quidquid
863 5656 913 5707 in
941 5658 1168 5709 notis.....
1211 5656 1420 5708 contulit.
1461 5659 1531 5706 sic
1569 5656 1700 5720 loqui
1740 5658 1865 5707 solet

1648 316 1873 371 SERMO
1913 312 2067 368 XLV.

3392 308 3499 376 262

1931 428 2157 481 adventu
2185 424 2404 480 contulit
2422 469 2435 487 ,
2462 436 2745 483 exacturus
2773 438 2858 485 est
2880 428 2933 483 in
2968 431 3203 486 secundo
3253 431 3504 500 Quamvis

1931 517 2149 570 multum
2187 531 2508 584 praesumere
2544 517 2835 573 debeamus
2870 518 2937 574 de
2981 521 3343 578 misericordia
3365 525 3502 591 Dei,

1932 620 2034 659 non
2056 614 2231 661 tamen
2254 606 2577 675 negligenter
2602 608 2856 664 debemus
2877 611 3064 666 timere
3080 614 3339 681 justitiam
3364 615 3502 685 ejus.

1931 696 2059 750 Cum
2083 697 2283 765 justitia
2304 699 2445 752 enim
2476 704 2527 751 te
2554 698 2835 768 iudicabit,
2876 703 2964 771 qui
2991 718 3113 757 cum
3142 704 3504 761 misericordia

1924 797 1984 847 te
2012 788 2254 843 redemit.
2280 789 2412 843 Nam
2449 789 2591 858 quod
2623 798 2728 844 tam
2764 791 2921 862 longo
2960 802 3198 863 tempore
3226 811 3507 864 peccamus

1931 887 1982 933 et
2009 880 2193 948 parcit,
2223 895 2328 933 non
2358 887 2440 933 est
2464 880 2778 949 negligentia
2800 922 2815 947 ,
2849 883 2943 937 sed
2974 886 3246 953 patientia.
3273 887 3389 942 Non
3418 888 3509 943 ille

1934 970 2215 1038 potentiam
2250 970 2496 1039 perdidit,
2526 971 2619 1024 sed
2650 986 2747 1025 nos
2775 972 2840 1026 ad
2873 976 3232 1042 paenitentiam
3268 993 3507 1032 reserva-

1931 1061 2022 1113 vit.
2064 1061 2363 1115 Timeamus
2384 1062 2400 1093 ί
2431 1077 2558 1132 ergo
2588 1062 2871 1131 justitiam,
2900 1066 3049 1135 cujus
3090 1069 3506 1125 misericordiam

1930 1149 2318 1206 desideramus.
2344 1151 2519 1207 Parcit
2552 1154 2691 1207 enim
2721 1154 2910 1221 modo,
2955 1156 3045 1209 sed
3082 1173 3184 1212 non
3214 1168 3383 1214 tacet:
3413 1163 3506 1216 sed

1931 1251 1984 1296 et
2019 1244 2063 1298 si
2099 1252 2255 1308 tacet,
2285 1259 2392 1298 non
2428 1260 2641 1313 semper
2665 1247 2877 1300 tacebit.
2906 1248 3195 1303 Audiamus
3230 1267 3356 1321 ergo
3384 1268 3507 1307 eum

1930 1332 2057 1388 dum
2087 1350 2189 1388 non
2226 1344 2363 1389 tacet
2399 1336 2449 1389 in
2479 1347 2761 1404 praecepto,
2791 1338 2834 1390 si
2866 1337 3111 1392 volumus
3138 1341 3367 1396 utnobis
3392 1357 3511 1410 par-

1930 1434 2050 1490 cat,
2078 1440 2198 1478 cum
2230 1440 2333 1479 non
2377 1426 2598 1481 tacuerit
2628 1426 2678 1479 in
2718 1427 2939 1495 judicio.
2984 1429 3139 1483 Modo
3175 1432 3317 1485 enim
3356 1433 3512 1488 nobis

1935 1525 2263 1585 prterogatur
2297 1516 2680 1583 misericordia,
2708 1526 2832 1572 tunc
2855 1533 2884 1571 a
2923 1519 3074 1572 nobis
3094 1524 3334 1590 exigetur
3353 1523 3510 1592 justi-

1933 1606 2026 1673 tia,
2051 1616 2106 1661 et
2133 1607 2317 1661 reddet
2357 1608 2637 1677 unicuique
2664 1608 2956 1663 secundum
2981 1625 3143 1679 opera
3168 1626 3298 1676 sua;
3330 1627 3392 1666 ac
3420 1612 3512 1665 ﬁet

1934 1697 2059 1752 illud
2093 1698 2236 1767 Quod
2257 1698 2544 1767 Apostolus
2569 1699 2731 1763 dixit,
2757 1698 3017 1753 Judicium
3042 1702 3150 1754 sine
3174 1704 3513 1757 misericordia

1931 1788 2007 1842 illi
2032 1790 2117 1859 qui
2137 1805 2235 1843 non
2259 1789 2373 1858 fecit
2393 1790 2820 1844 misericordiam'
2843 1790 3042 1860 (Jacobi
3070 1808 3125 1856 tt,
3151 1792 3266 1862 i3).

2411 1920 2636 1975 SERMO
2672 1920 2810 1975 XLV
2841 1923 2855 1944 ⁸
2888 1919 2982 1995 (ιι).

1935 2029 2009 2086 De
2046 2046 2102 2084 eo
2144 2031 2277 2101 quod
2302 2033 2354 2085 in
2395 2030 2564 2095 Isaia,
2593 2048 2707 2099 cap.
2741 2048 2867 2094 LVII,
2904 2035 2989 2097 l5,
3020 2034 3259 2104 scriptum
3288 2045 3378 2100 est,
3408 2037 3509 2105 Qui

2004 2130 2177 2176 autem
2196 2121 2360 2176 dediti
2386 2121 2678 2176 eruntmihi
2702 2122 2741 2187 ³,
2758 2124 3100 2193 possidebunt
3125 2134 3340 2191 terram,
3356 2135 3409 2182 et
3425 2128 3510 2183 in-

2004 2211 2312 2266 babitabunt
2334 2221 2565 2266 montem
2584 2222 2823 2266 sanctum
2850 2229 3047 2268 meum.
3068 2214 3133 2267 Et
3167 2216 3228 2270 de
3246 2216 3509 2288 Apostolo,

2005 2302 2112 2359 Has
2137 2318 2264 2373 ergo
2296 2304 2675 2373 promissiones
2700 2304 2981 2371 habentes,
3013 2306 3329 2375 charissimi,
3363 2325 3516 2365 mun-

2004 2396 2193 2451 demus
2221 2409 2320 2450 nos
2341 2395 2408 2450 ab
2435 2396 2579 2450 omni
2608 2396 3039 2467 coinquinatioue
3071 2400 3247 2454 carnis
3272 2408 3326 2454 et
3358 2402 3515 2470 Spiri-

2005 2496 2110 2553 tus,
2144 2485 2475 2556 perlicientes
2498 2486 2973 2543 sanctiﬁcationem
3002 2488 3056 2543 in
3088 2491 3276 2545 timore
3305 2490 3417 2545 Dei.
3451 2489 3515 2560 (ll

2006 2577 2121 2631 Cor.
2150 2592 2243 2644 vn,
2268 2577 2361 2649 1.)

2018 2710 2070 2763 1.
2123 2708 2322 2762 Divina!
2366 2709 2723 2765 misericordia:
2771 2710 3087 2768 tribuendum
3136 2712 3271 2781 quod
3320 2729 3511 2782 oppor-

1936 2810 2051 2854 tune
2105 2801 2341 2854 acciderit
2375 2800 2516 2854 nulla
2561 2802 2817 2855 hominum
2862 2820 3004 2856 cura.
3052 2803 3110 2858 ln
3153 2805 3398 2858 omnibus
3435 2806 3515 2859 le-

1936 2893 2234 2959 ctionibus,
2260 2907 2393 2963 quas
2435 2893 2681 2948 recitatos
2721 2893 3037 2959 audivimus,
3064 2895 3107 2948 si
3148 2896 3518 2951 animadvertit

1936 2984 2179 3040 Charitas
2218 2994 2395 3040 vestra
2432 2985 2650 3054 primam
2687 2985 2967 3039 lectionem
3008 2987 3154 3040 Isaia:
3194 2989 3467 3056 prophetae
3496 3029 3511 3053 ,

1936 3076 2056 3144 quia
2069 3075 2242 3129 omnia
2256 3090 2371 3144 qua:
2383 3075 2518 3129 lecta
2534 3084 2657 3129 sunt
2670 3090 2767 3129 nec
2780 3076 3085 3130 meminisse
3097 3093 3194 3131 nec
3204 3078 3379 3132 dicere
3397 3095 3522 3148 pos-

1937 3178 2156 3229 sumus,
2183 3164 2608 3219 recentissimum
2648 3165 2877 3220 arbitror
2914 3166 3145 3219 residere
3187 3168 3421 3235 potuisse
3463 3168 3516 3222 in

1938 3258 2187 3313 cordibus
2202 3257 2413 3323 vestris,
2435 3273 2539 3326 quo
2565 3258 2825 3312 conclusit
2842 3258 3035 3312 Lector
3062 3276 3075 3312 :
3111 3259 3211 3322 Qui
3235 3269 3399 3313 autem
3428 3260 3519 3313 de-

1940 3351 2030 3405 diti
2051 3352 2173 3405 mihi
2194 3361 2358 3417 erunt,
2382 3351 2703 3423 possidebunt
2725 3362 2928 3419 terram,
2954 3362 2998 3406 et
3013 3352 3359 3406 inhabitabant
3378 3370 3521 3407 mon-

1941 3452 2037 3497 tem
2060 3454 2287 3498 sanctum
2312 3459 2497 3497 meum.
2529 3442 2727 3498 Deinde
2754 3443 2996 3497 ascendit
3019 3443 3308 3512 apostolica
3332 3444 3521 3508 lectio,

1942 3544 1995 3589 et
2021 3535 2142 3590 inde
2167 3537 2326 3604 etrapit
2354 3552 2367 3588 :
2398 3534 2511 3589 Has
2537 3550 2654 3604 ergo
2675 3534 3027 3603 promissiones
3047 3534 3298 3597 habentes,
3326 3535 3522 3589 charis-

1941 3627 2075 3691 simi,
2098 3628 2391 3680 mundemus
2411 3643 2500 3679 nos
2519 3625 2580 3677 ab
2602 3625 2737 3677 onmi
2754 3625 3154 3692 coinquinatione
3170 3625 3334 3677 carnis
3354 3635 3399 3677 et
3419 3625 3528 3694 spi-

1943 3718 2089 3784 ritus,
2116 3717 2423 3787 per/icientes
2442 3715 2886 3782 sanctiﬁcationem
2905 3714 2956 3766 in
2978 3714 3153 3766 timore
3180 3713 3292 3766 Dei.
3320 3714 3523 3768 Procu-

1943 3819 2094 3865 rante
2113 3808 2287 3863 divina
2316 3807 2696 3871 misericordia,
2726 3822 2844 3875 quae
2867 3820 2959 3860 nos
2981 3805 3134 3875 regit,
3158 3817 3208 3859 et
3229 3822 3346 3875 quze
3372 3807 3531 3860 nobis

1943 3900 2298 3955 esurientibus
2321 3913 2471 3953 escas
2499 3906 2778 3967 praeparat,
2803 3912 2907 3950 non
2933 3897 3104 3951 solum
3126 3912 3407 3966 corporum
3434 3913 3521 3951 re-

1946 3990 2315 4055 ﬁciendorum,
2344 3998 2558 4059 prapter
2585 4003 2718 4058 quas
2742 3988 2869 4043 oriri
2899 3987 3022 4042 facit
3046 3990 3210 4043 solem
3237 4004 3398 4058 super
3426 3989 3524 4043 bo-

1944 4095 2044 4135 nos
2081 4089 2135 4135 et
2162 4081 2363 4145 malos,
2398 4086 2455 4133 et
2493 4079 2622 4148 pluit
2650 4094 2808 4148 super
2840 4079 3010 4147 justus
3040 4088 3090 4133 et
3131 4078 3390 4147 injustos;
3431 4078 3531 4133 sed.

1946 4173 2103 4226 etiam
2140 4180 2356 4241 propter
2385 4170 2576 4224 famem
2603 4169 2779 4225 cordis
2807 4170 3002 4236 nostri,
3031 4185 3186 4239 quam
3219 4171 3443 4239 patimur
3474 4171 3527 4224 in

1949 4262 2048 4317 hac
2074 4276 2256 4316 eremo
2275 4302 2291 4329 ,
2319 4271 2373 4315 et
2398 4260 2688 4326 morimur,
2720 4260 2821 4313 nisi
2847 4275 3037 4313 manna
3074 4260 3217 4330 pluat
3245 4277 3258 4313 :
3292 4275 3528 4314 mensam

1950 4371 2077 4426 ergo
2101 4372 2250 4412 suam
2292 4356 2444 4411 nobis
2473 4365 2801 4425 prmparante
2843 4354 3085 4420 Domino,
3116 4356 3257 4408 nulla
3303 4353 3536 4407 humana.

1952 4447 2202 4500 industria
2234 4456 2569 4516 procurante,
2600 4445 2739 4515 quod
2762 4446 2873 4513 ipse
2895 4444 3058 4505 novit.
3101 4443 3297 4498 factum
3332 4451 3444 4508 est,
3479 4454 3535 4496 ut

1952 4551 2011 4591 se
2034 4522 2284 4591 lectiones
2309 4536 2386 4591 sic
2413 4545 2780 4605 sequerentur,
2809 4546 2865 4589 ut
2897 4535 2950 4589 in
2978 4535 3107 4589 Isaia
3134 4536 3541 4605 promitterctur

1952 4626 2106 4681 nobis
2130 4626 2353 4696 aliquid.
2384 4626 2435 4679 in
2470 4626 2725 4694 Apostolo
2763 4636 2940 4680 autem
2971 4625 3252 4689 diceretur,
3279 4623 3392 4677 llas
3415 4640 3541 4693 ergo

1956 4718 2310 4787 promissiones
2355 4717 2621 4781 habentes,
2648 4717 2931 4769 charissimi
2951 4758 2967 4780 ,
3012 4715 3307 4768 mandemus
3345 4730 3436 4767 nos
3474 4716 3542 4765 ab

1955 4809 2090 4861 omni
2115 4808 2514 4878 coinquinatione
2545 4806 2711 4860 carnis
2745 4815 2790 4859 et
2828 4806 3054 4874 spiritus,
3082 4805 3391 4873 perﬁcientes
3415 4820 3536 4855 san-

1957 4900 2308 4969 ctiﬁcationem
2327 4900 2379 4951 in
2400 4900 2574 4951 timore
2597 4896 2721 4963 Dei;
2747 4898 2897 4966 quasi
2922 4911 3024 4950 una
3054 4894 3209 4950 lectio
3234 4903 3375 4948 esset
3409 4893 3537 4947 Pro-

1960 4992 2131 5061 pheta:
2151 4999 2203 5044 et
2229 4989 2484 5058 Apostoli.
2515 4987 2648 5054 Quid
2674 4988 2818 5042 enim
2841 4985 2914 5039 ait
2934 4982 3260 5055 Apostolus?
3292 4981 3399 5035 llas
3423 4999 3545 5051 ergo

1962 5082 2310 5154 promissiones
2335 5080 2600 5143 habentes,
2632 5078 2912 5133 charissimi
2942 5092 2962 5131 :
2995 5085 3048 5131 et
3091 5076 3163 5130 ibi
3203 5088 3308 5129 non
3348 5084 3428 5129 est
3457 5076 3539 5127 d't-

1961 5182 2102 5228 ctum
2127 5188 2261 5242 quas
2293 5171 2704 5241 promissiones,
2734 5185 2837 5225 non
2877 5169 2996 5238 quia
3026 5183 3132 5221 non
3162 5167 3230 5221 ibi
3259 5175 3382 5221 sunt
3406 5185 3430 5233 ',.
3450 5167 3544 5221 sed

2030 5332 2047 5364 ¹
2069 5334 2141 5383 Sic
2162 5340 2260 5381 Am.
2288 5339 2339 5383 et
2360 5338 2467 5382 Mss.
2488 5339 2565 5381 Er.
2592 5345 2710 5381 vero
2735 5340 2785 5380 et
2811 5337 2941 5388 Lov.,
2971 5338 3243 5380 Tenemus.

2028 5396 2195 5458 Susa,
2220 5393 2295 5445 his
2312 5394 2395 5458 qui
2425 5392 2736 5458 nonrfecerint
2760 5390 3159 5458 misericordiam.

2017 5457 2148 5567 Jun
2182 5452 2384 5566 "Igossidii
2439 5452 2679 5515 lndiculo,
2725 5467 2830 5516 cap.
2870 5454 2934 5514 8,
2976 5452 3062 5513 Qui
3122 5461 3282 5503 autem
3338 5452 3546 5502 scrrizmt

2052 5531 2115 5567 η.
2154 5530 2183 5566 e
2237 5555 2247 5565 .

1966 5530 2308 5628 minsérgiﬁhis
2346 5579 2548 5640 hujusce
2594 5578 2783 5625 unicum
2815 5577 3063 5640 exemplar
3102 5577 3303 5626 vidimus
3339 5582 3418 5623 tis.
3446 5574 3543 5621 Col-

1966 5618 2343 5690 bcrtinutnvcum
2369 5618 2578 5689 editione
2601 5641 2734 5687 sirm.

2036 5724 2106 5783 (α)
2142 5722 2281 5781 Alias,
2309 5720 2365 5769 l9.
2388 5734 2450 5770 ex
2474 5720 2823 5768 Sirmondianls.
