3994 6448
468 456 590 526 quia
611 468 715 508 non
742 449 867 508 inde
885 447 1045 519 cepit
1065 446 1229 502 lector
1253 461 1264 498 :
1293 451 1349 500 et
1367 451 1612 511 tanquam
1638 439 1908 511 quaerebat
1925 439 2044 492 ani-

469 560 590 602 mus
615 543 902 605 auditoris,
934 540 999 594 de
1027 539 1218 608 quibus
1254 533 1695 605 promissionibus
1733 532 1874 586 dicat
1901 532 2048 599 Apo-

473 638 664 701 stolus,
712 635 823 688 Has
864 648 981 702 ergo
1027 627 1378 698 promissiones
1424 624 1686 686 habentes,
1731 619 2044 684 diarissimi,

469 726 766 780 mandemus
791 739 880 776 nos
906 721 966 774 ab
987 721 1122 774 omni
1142 715 1542 783 coinquinatione
1563 714 1729 766 carnis
1755 722 1798 766 et
1818 713 2042 780 spiritus.

469 817 711 886 Magnum
740 816 878 870 enim
907 811 1172 881 negotium
1205 808 1356 862 nobis
1383 806 1688 875 imponitur,
1721 813 1774 858 et
1799 820 1901 856 non
1929 819 2064 872 pare

470 924 569 962 vus
595 907 762 970 labor,
793 903 1047 958 mundare
1075 915 1172 954 nos
1211 900 1278 952 ab
1307 899 1449 952 omni
1478 896 1903 964 coinquinatione
1926 910 2046 948 car-

471 999 556 1052 nis
583 1005 636 1051 et
671 995 924 1063 spiritus:
956 1001 1010 1045 et
1045 1006 1202 1045 nemo
1231 989 1451 1056 suscipit
1487 987 1625 1040 hunc
1655 986 1913 1050 laborem,
1947 983 2048 1038 nisi

469 1088 650 1144 audiat
691 1083 1056 1156 promissionis
1097 1080 1418 1135 mercedem.
1457 1076 1588 1132 Cum
1646 1092 1772 1146 ergo
1813 1075 2047 1132 laborem

468 1179 828 1236 mundationis
870 1176 1046 1230 carnis
1088 1181 1142 1227 et
1187 1172 1400 1242 spiritus
1441 1185 1596 1224 nemo
1633 1169 1914 1236 suscipiat,
1949 1166 2048 1220 nisi

471 1271 692 1341 prmmio
719 1268 994 1329 invitatus;
1027 1263 1208 1318 nescio
1240 1261 1506 1331 quomodo
1535 1260 1726 1312 factum
1753 1269 1835 1312 est
1863 1267 1918 1310 ut
1944 1257 2048 1311 Le-

473 1374 589 1417 ctor
619 1361 686 1414 ab
714 1358 1000 1412 indictione
1027 1355 1224 1408 laboris
1263 1353 1536 1420 inciperet,
1563 1361 1617 1404 et
1641 1366 1670 1403 a
1703 1350 2050 1419 promissione

471 1451 734 1507 mercedis
760 1463 864 1502 non
897 1447 1172 1516 inciperet.
1199 1443 1301 1498 Sed
1333 1444 1470 1496 Deus
1495 1441 1660 1495 noluit
1687 1439 1926 1494 l'raudare
1951 1454 2050 1492 au-

469 1542 698 1595 ditorem
733 1541 1011 1592 intentum.
1042 1535 1094 1590 Si
1123 1535 1254 1587 forte
1285 1532 1558 1587 dubitabat
1593 1531 1860 1598 suscipere
1898 1528 2049 1583 labo-

475 1648 588 1687 rem
617 1628 970 1684 mundationis
999 1624 1175 1681 carnis
1202 1634 1256 1678 et
1291 1623 1538 1694 spiritus,
1567 1622 1653 1690 qui
1683 1637 1785 1674 non
1811 1620 2052 1674 audierat

474 1721 794 1782 mercedem,
819 1725 990 1772 armet
1017 1733 1076 1787 se
1095 1715 1161 1769 ad
1191 1713 1506 1784 principium
1536 1711 1776 1765 lectionis
1795 1710 2049 1780 apostoli-

473 1828 550 1868 ca:
581 1827 593 1864 :
625 1809 1001 1880 promissiones
1028 1814 1202 1859 autem
1229 1804 1271 1857 si
1295 1803 1504 1872 quzerit,
1535 1800 1772 1856 attendat
1797 1799 1862 1853 ad
1893 1800 2051 1852 linem

472 1903 716 1959 lectionis
754 1899 1095 1972 prophetiae.
1124 1895 1225 1951 Ubi
1254 1897 1394 1949 enim
1434 1894 1603 1947 linivit
1638 1891 1943 1963 prophetica
1972 1891 2050 1945 le-

474 1996 610 2057 ctio,
642 1993 711 2046 ibi
751 2001 831 2045 est
871 1988 1150 2060 promissio
1179 2002 1194 2040 :
1225 1986 1365 2041 unde
1391 1985 1554 2054 cmpit
1590 1983 1829 2053 Apostoli
1859 1981 2048 2049 lectio,

475 2083 546 2138 ibi
569 2091 651 2136 est
677 2081 853 2150 operis
881 2079 1116 2133 indictio.

546 2172 601 2226 2.
632 2169 942 2239 Cupiditates
971 2185 1068 2220 non
1094 2167 1357 2235 ﬁniuntur,
1379 2168 1468 2220 sed
1491 2173 1755 2235 augentur,
1777 2164 1822 2217 si
1837 2179 2054 2233 pra’sen-

479 2264 550 2318 tia
581 2270 783 2332 propter
809 2269 1027 2313 terrenas
1061 2257 1413 2327 promissiones
1441 2265 1838 2309 contemnantur.
1868 2256 2053 2324 Eriga-

478 2369 599 2409 mus
619 2367 746 2422 ergo
777 2365 894 2415 nos,
934 2359 988 2403 et
1014 2347 1330 2402 mundemus
1359 2346 1427 2400 ab
1454 2345 1598 2399 omni
1627 2345 2055 2414 coinquinatione

479 2444 660 2500 carnis
686 2453 739 2497 et
768 2440 981 2511 spiritus
1002 2480 1017 2504 ,
1049 2437 1144 2490 has
1175 2435 1554 2506 promissiones
1598 2434 1872 2488 habentes.
1915 2433 2055 2500 Quas

479 2532 890 2607 promissiones?
913 2530 1008 2596 Qui
1034 2540 1196 2582 autem
1223 2528 1345 2580 mihi
1360 2527 1515 2580 dediti
1537 2537 1698 2592 erunt,
1723 2526 1849 2580 dicit
1878 2526 2054 2579 Domi-

483 2643 583 2680 nus
626 2641 720 2694 per
759 2624 945 2677 Isaiam
970 2664 984 2687 ,
1017 2621 1335 2690 possidebunt
1364 2630 1580 2683 terram,
1627 2628 1674 2671 et
1712 2619 2057 2672 inhabitabant

481 2727 699 2771 montem
734 2723 959 2768 sanctum
993 2730 1174 2766 meum.
1209 2710 1317 2764 Ilus
1347 2727 1463 2780 ergo
1493 2709 1843 2778 promissiones
1868 2709 2058 2762 haben-

482 2820 574 2874 tes,
602 2807 900 2860 mandemus
926 2822 1015 2858 nos
1044 2805 1105 2857 ab
1131 2805 1262 2856 omni
1283 2803 1682 2873 coinquinatione
1701 2803 1866 2855 carnis
1885 2811 1932 2854 et
1949 2801 2057 2868 spi-

481 2901 629 2952 ritus.
653 2898 788 2952 Dicit
816 2896 1005 2965 aliquis
1029 2913 1041 2948 :
1073 2896 1138 2948 Et
1161 2904 1437 2963 propterea
1465 2910 1549 2947 me
1577 2893 1888 2947 nnmdaboa
1908 2891 2058 2945 coin-

482 2989 791 3058 quiuatione
819 2987 993 3040 carnis
1017 2995 1072 3040 et
1109 2986 1344 3054 spiritus,
1377 2992 1435 3037 ut
1461 2984 1755 3051 possideam
1784 2994 1975 3036 terram
2004 2990 2060 3035 et

487 3077 782 3134 inhabitem
823 3075 1096 3130 montem?
1128 3075 1316 3128 Procul
1349 3074 1512 3128 dubio
1552 3073 1890 3142 quaerendum
1934 3071 2060 3142 quid

485 3169 590 3225 sibi
615 3168 727 3222 vult
750 3167 1012 3236 possessio
1036 3174 1192 3218 terra:
1221 3174 1273 3218 et
1294 3167 1490 3219 montis
1512 3163 1762 3218 habitatio
1791 3181 1804 3216 :
1836 3180 1902 3218 ne
1924 3164 2060 3218 forte

486 3265 701 3329 Sperent
730 3257 991 3318 homines,
1020 3256 1152 3308 latas
1176 3255 1541 3324 possessiones
1569 3269 1628 3308 se
1655 3268 1984 3324 accepturos,
2006 3263 2061 3309 et

487 3367 594 3406 non
622 3351 805 3404 liniant
831 3349 1191 3417 cupiditatem,
1228 3344 1320 3400 sed
1351 3345 1630 3408 dillcrant;
1661 3347 1766 3400 imo
1799 3357 2058 3415 augeant,

487 3453 540 3498 et
571 3450 909 3496 contemnant
946 3453 1124 3508 parva,
1154 3445 1398 3506 putantes
1432 3450 1489 3490 sc
1517 3437 1583 3490 de
1613 3438 1724 3506 ipso
1751 3453 1949 3506 genere
1974 3453 2063 3492 ao-

486 3544 735 3604 ccpturos
755 3547 870 3587 esse
897 3530 1116 3600 majora.
1147 3529 1276 3594 Quis
1291 3530 1432 3583 enim
1459 3545 1562 3582 non
1581 3538 1882 3582 contemnat
1903 3545 2060 3583 unam

486 3625 815 3684 centuriam,
855 3623 898 3676 si
950 3623 1020 3676 illi
1064 3621 1398 3691 promittatur
1440 3621 1562 3689 quia
1608 3635 1945 3688 possessurus
1981 3630 2064 3676 est

488 3715 744 3771 centum?
774 3717 877 3768 Aut
899 3713 1018 3782 quis
1045 3729 1151 3766 non
1176 3721 1480 3766 contemnat
1499 3711 1712 3766 delicias
1732 3712 1886 3765 unius
1908 3728 2064 3781 pran-_

487 3806 583 3870 dii,
609 3805 747 3860 forte
777 3804 1101 3874 pauperioris
1121 3813 1174 3858 et
1205 3803 1520 3872 l'rugalioris,
1548 3805 1590 3857 si
1617 3803 1822 3858 dicatur
1842 3803 1888 3857 ei
1915 3821 1926 3856 :
1951 3803 2062 3858 Nisi

487 3907 540 3952 te
569 3896 892 3950 continueris
913 3934 927 3958 ,
961 3910 1062 3947 nou
1101 3894 1281 3948 venies
1309 3893 1374 3946 ad
1418 3893 1558 3947 illam
1601 3908 1806 3946 comam
1836 3893 2066 3947 lautissi-

485 4001 628 4040 mam
651 3996 704 4040 ct
731 3984 996 4053 opimam?
1025 3984 1122 4051 Qui
1144 3983 1220 4037 sic
1241 3984 1513 4037 continent
1531 3999 1558 4035 a
1588 3983 1897 4052 quibusdam
1931 3999 2066 4051 pra:-

491 4078 730 4132 sentibus
751 4117 766 4139 ,
797 4090 899 4127 non
931 4075 1115 4127 liniunt
1140 4074 1451 4140 cupiditates
1473 4077 1511 4125 ³.
1552 4074 1809 4128 Timeudo
1842 4090 1906 4128 ne
1945 4089 2066 4143 per-

491 4167 617 4220 dant
645 4165 783 4234 quod
814 4164 1040 4233 amplius
1079 4162 1418 4224 desiderant,
1457 4180 1668 4232 eaquae
1707 4163 1911 4216 minora
1943 4172 2065 4218 sunt

488 4267 865 4318 wnlenmunt;
901 4257 1008 4321 ipsa
1035 4261 1116 4306 est
1147 4262 1321 4307 tamen
1356 4255 1628 4322 cupiditas.
1671 4252 1932 4322 Numquid
1961 4270 2065 4308 non

490 4356 574 4401 est
614 4360 827 4409 avarus,
857 4345 944 4412 qui
973 4345 1261 4396 contemnit
1287 4357 1495 4397 centum
1533 4345 1711 4407 folles,
1745 4353 1802 4397 ut
1829 4347 2065 4414 acquirat

493 4437 676 4493 mille?
714 4437 827 4491 Non
871 4436 963 4489 tibi
1003 4437 1243 4489 videatur
1275 4436 1384 4506 jam
1414 4437 1592 4491 [inisse
1618 4439 1912 4503 avaritiam,
1944 4439 2065 4506 quia

491 4529 743 4583 invenisti
772 4543 891 4582 eum
915 4537 1340 4581 contemnentem
1371 4529 1520 4582 folles
1546 4540 1778 4583 centum.
1808 4529 1950 4584 Mille
1971 4522 2072 4583 co?

492 4622 645 4690 gitat,
675 4619 794 4674 ideo
823 4629 1034 4672 centum
1062 4621 1378 4687 contempsit
1410 4619 1506 4691 (a).
1531 4619 1660 4674 Sunt
1687 4621 1949 4687 homines,
1976 4621 2066 4690 qui

491 4708 856 4776 obsequuntur
875 4705 1187 4774 plerumque
1207 4707 1420 4759 senibus
1441 4705 1578 4759 tilios
1598 4721 1700 4760 non
1728 4707 2062 4773 habentibus,

489 4809 546 4854 et
571 4806 917 4854 contemnunt
937 4797 990 4850 in
1018 4796 1119 4851 illis
1146 4796 1329 4864 multa,
1350 4796 1443 4851 sed
1471 4797 1668 4866 majora
1696 4814 1762 4852 ex
1789 4800 1911 4868 ipsis
1947 4815 2068 4868 spe-

489 4899 633 4945 rant.
669 4887 802 4944 lstos
841 4885 1213 4943 misericordes
1255 4896 1522 4955 putamus,
1552 4903 1618 4942 an
1646 4890 1900 4958 cupidos?
1942 4889 2066 4946 Ideo

493 4982 611 5052 plus
653 4981 942 5051 probantur
980 4979 1071 5033 lilii
1104 4994 1426 5049 pauperum,
1470 4979 1679 5050 quando
1707 4980 2067 5052 obsequuntur

491 5074 801 5143 parentibus
843 5072 1192 5142 pauperibus;
1235 5073 1355 5141 quia
1396 5073 1561 5140 pictas
1597 5073 1716 5126 illos
1750 5073 1926 5141 ducit,
1959 5090 2063 5128 non

494 5179 719 5219 merces.
744 5165 863 5218 Filii
892 5173 1068 5218 autem
1099 5163 1319 5217 divitum
1357 5164 1564 5232 quando
1589 5165 1947 5232 obsequuntur
1977 5184 2069 5236 pa-

493 5255 733 5310 rentibus
753 5256 880 5319 suis,
904 5271 1007 5308 non
1028 5255 1279 5324 probatur
1299 5256 1486 5324 pietas,
1509 5264 1561 5309 et
1580 5258 1622 5308 si
1644 5267 1744 5321 est,
1769 5257 1922 5311 latet:
1945 5260 2066 5326 quia

494 5353 552 5399 et
578 5345 621 5396 si
649 5343 854 5398 videtur
882 5362 910 5397 a
935 5345 1064 5409 Deo,
1098 5345 1165 5398 ab
1200 5345 1502 5398 hominibus
1524 5345 1687 5400 videri
1726 5363 1830 5401 non
1875 5359 2062 5417 potest.

497 5433 646 5491 Adeo
670 5442 723 5488 et
759 5435 855 5504 ipsi
895 5447 1142 5506 parentes
1181 5439 1315 5491 male
1350 5437 1638 5492 sentientes
1670 5439 1977 5510 plermnque
2000 5440 2067 5496 de

561 5609 580 5640 ί
606 5613 653 5655 ln
675 5605 954 5680 comet-tino
971 5615 1086 5680 Ms.,_
1120 5608 1404 5680 nonﬁniunt
1433 5613 1746 5678 cupiditates;
1768 5613 1880 5680 quia
1914 5618 2068 5677 maio-

497 5680 574 5736 res
599 5669 1024 5736 sutu‘tgupiditutes,
1052 5669 1257 5736 timendo
1278 5689 1355 5736 ne,
1377 5683 1472 5724 etc.

558 5734 632 5788 (at
665 5730 764 5781 \‘id.
788 5730 950 5780 Enarr.
976 5733 1027 5781 in
1048 5734 1164 5784 [δεδι.
1190 5736 1269 5790 43.
1291 5730 1352 5787 ιιζ
1371 5739 1445 5797 16,
1471 5745 1524 5789 et
1545 5739 1664 5790 Psal.
1688 5740 1768 5803 86,
1791 5754 1838 5790 ιι.
1861 5743 1909 5794 9.

1699 326 1755 379 S.
1797 319 2166 382 AUGUSTINI
2201 319 2503 379 EPISCOPI

2152 436 2274 490 ﬁliis
2299 436 2432 503 suis,
2460 449 2582 490 cum
2611 441 2796 506 putant
2820 433 2941 506 quia
2961 442 3180 505 propter
3198 435 3475 506 pecuniam
3495 437 3601 494 illis
3627 441 3724 498 ob-

2148 537 2440 598 sequuntur
2467 528 2558 582 ﬁlii
2597 530 2678 583 sui
2700 570 2715 595 ,
2748 543 2867 582 cum
2897 528 3145 597 espediat
3171 529 3455 598 aliquando
3485 531 3606 584 ﬁliis
3631 547 3724 586 eo-

2149 635 2267 672 rum
2295 628 2350 672 ut
2368 618 2766 686 emancipcntur
2784 634 2813 672 a
2833 619 3157 689 parentibus,
3178 621 3337 690 exigit
3358 619 3494 674 forte
3511 622 3723 689 aliquod

2150 710 2487 764 commodum
2513 725 2728 764 nitorem
2760 711 3034 775 ducturus,
3061 720 3150 764 aut
3179 713 3521 779 perveniendi
3542 713 3727 766 all-ali-

2149 817 2307 871 quem
2335 803 2622 869 honorem,
2663 813 2720 856 ut
2764 804 2961 857 donent
3010 804 3081 856 illi
3127 819 3210 858 res
3236 819 3390 869 suas,
3423 818 3475 858 et
3503 805 3720 858 dicunt:

2149 893 2264 946 Non
2293 893 2528 958 donabo;
2554 909 2672 948 nam
2694 894 2800 962 jam
2829 910 2934 948 non
2955 895 3080 947 mihi
3107 896 3480 964 obsequetur‘.
3503 895 3723 962 Qualem

2151 987 2465 1040 sententiam
2491 987 2605 1039 tulit
2627 985 2696 1040 de
2725 986 2832 1039 lilio
2859 1002 2974 1050 suo,
3005 987 3124 1054 quia
3146 986 3212 1040 ad
3236 987 3510 1055 pecuniam
3535 987 3609 1040 illi
3631 987 3728 1041 ob-

2151 1078 2409 1146 sequitur,
2433 1093 2534 1129 non
2557 1075 2833 1130 attendens
2855 1088 3122 1145 paternam
3141 1077 3490 1131 charitatem?
3513 1078 3568 1131 Si
3597 1092 3726 1146 ergo

2154 1169 2307 1222 times
2348 1183 2414 1221 ne
2442 1176 2654 1235 accepta
2697 1168 2914 1236 pecunia
2952 1182 3057 1221 non
3089 1168 3180 1221 tibi
3215 1167 3539 1237 obsequatur
3586 1167 3726 1221 filius

2155 1267 2294 1322 tuus,
2318 1272 2422 1310 non
2445 1265 2526 1310 est
2550 1258 2792 1310 amabilis
2811 1257 2998 1326 pietas.
3021 1257 3114 1312 sed
3141 1259 3359 1312 venalis.
3383 1259 3591 1324 Quanto
3612 1272 3725 1312 meL

2154 1347 2254 1401 lior
2272 1346 2410 1400 (ilius
2427 1347 2694 1415 pauperis,
2716 1346 2853 1400 ﬁlius
2872 1347 3155 1417 aliquando
3171 1348 3314 1402 senis
3329 1348 3613 1402 aerumnosi
3633 1349 3654 1378 ³
3671 1358 3726 1402 et

2151 1437 2384 1506 egentis,
2416 1437 2504 1505 qui
2541 1437 2672 1490 nihil
2700 1447 3013 1504 exspectans
3059 1453 3087 1490 a
3119 1448 3267 1506 patre
3307 1451 3434 1502 suo,
3465 1439 3586 1506 quia
3615 1453 3724 1490 non

2153 1525 2314 1579 habet
2342 1526 2481 1595 quod
2508 1526 2557 1581 ei
2586 1526 2839 1588 dimittat,
2870 1527 3135 1580 laboribus
3161 1536 3214 1580 et
3247 1542 3482 1580 aerumna
3515 1527 3728 1580 sudoris

2154 1619 2322 1688 pascit
2347 1627 2548 1687 patrem
2572 1619 2766 1672 suum?
2795 1618 3091 1688 Aliquando
3114 1627 3167 1672 et
3195 1618 3286 1670 lilii
3307 1617 3525 1672 divitum
3554 1627 3728 1672 atten-

2152 1712 2340 1764 dentes
2379 1710 2622 1762 timorem
2667 1710 2756 1763 Dei
2781 1751 2794 1771 ,
2828 1726 2930 1762 non
2972 1711 3094 1778 quia
3123 1721 3431 1778 eXSpectant
3458 1709 3654 1778 aliquid
3695 1725 3726 1766 a

2154 1801 2460 1871 parentibus
2487 1801 2599 1854 suis
2617 1842 2634 1866 ,
2661 1800 2754 1854 sed
2779 1801 2899 1869 quia
2927 1810 3171 1868 parentes
3197 1809 3321 1854 sunt
3344 1809 3400 1854 et
3429 1811 3730 1870 genuerunt

2154 1901 2209 1946 et
2235 1890 2610 1956 educaverunt,
2646 1902 2698 1944 et
2725 1891 2863 1944 Deus
2889 1891 3137 1959 prmcepit
3164 1890 3366 1955 dicens,
3398 1890 3608 1942 Honora
3629 1907 3728 1960 pa-

2156 1992 2279 2036 trem
2308 1993 2445 2034 tuum
2471 1990 2515 2034 et
2548 1990 2756 2033 matrem
2775 1989 2911 2032 tuam
2932 1979 3123 2051 (Exod.
3160 1997 3252 2045 xx,
3285 1983 3395 2050 12),
3429 1981 3546 2035 ideo
3571 1981 3731 2036 obse-

2155 2085 2386 2146 quuntur
2414 2093 2426 2128 :
2455 2075 2545 2129 sed
2572 2075 2699 2129 latet
2729 2076 2945 2129 allectus
2963 2117 2976 2138 ,
3015 2075 3102 2129 ubi
3129 2077 3453 2146 prepositum
3479 2088 3559 2131 est
3593 2093 3734 2147 prm-

2157 2167 2342 2220 mium.
2385 2166 2463 2219 Eo
2505 2176 2679 2220 autem
2719 2167 2802 2220 isti
2841 2168 3166 2235 acceptiores
3201 2177 3325 2222 sunt
3359 2169 3497 2237 apud
3532 2170 3728 2234 Deum,

2157 2258 2276 2326 quia
2299 2266 2528 2313 mentem
2555 2257 2787 2326 ipsorum
2814 2273 2917 2312 non
2941 2270 3158 2327 possunt
3185 2259 3364 2315 vidi-re
3385 2261 3646 2327 homines,
3676 2272 3735 2317 et

2157 2348 2298 2403 Deus
2325 2349 2470 2403 solus
2490 2349 2652 2413 videt,
2684 2363 2782 2402 nec
2814 2350 3013 2402 laudari
3041 2351 3108 2402 ab
3134 2349 3433 2405 hominibus
3463 2362 3684 2422 possunt
3714 2371 3729 2406 :

2158 2438 2412 2494 sicutJob
2441 2439 2528 2507 qui
2563 2438 2770 2492 colebat
2823 2439 3008 2492 Deum.
3060 2439 3384 2494 Putaverunt
3435 2444 3576 2496 enim
3621 2443 3734 2496 dte-

2158 2543 2345 2582 mooes
2377 2529 2514 2598 quod
2561 2538 2776 2597 propter
2819 2529 3114 2582 mercedem
3151 2532 3351 2585 coleret
3398 2532 3582 2586 Deum.
3630 2533 3736 2588 Ubi

2158 2628 2334 2672 autem
2368 2619 2617 2687 probatus
2641 2631 2723 2673 est
2746 2621 2866 2688 quia
2896 2623 3058 2687 gratis
3083 2623 3319 2676 coleret?
3345 2624 3475 2689 Quia
3516 2625 3736 2692 perditis

2159 2709 2406 2762 omnibus
2429 2708 2578 2775 dixit,
2610 2710 2857 2762 Dominus
2889 2709 3048 2776 dedit,
3070 2708 3317 2764 Dominus
3353 2713 3586 2777 abstulit;
3606 2716 3739 2767 sicut

2160 2800 2380 2855 Domino
2407 2802 2630 2871 placuit,
2651 2804 2723 2855 ita
2743 2806 2931 2873 factum
2950 2812 3024 2857 est
3043 2805 3146 2858 :sit
3165 2819 3342 2858 nomen
3362 2803 3565 2859 Domini
3585 2807 3741 2859 bene-
3775 2792 3778 2795 I

2159 2893 2349 2949 dictum
2378 2891 2498 2958 (Job
2521 2909 2568 2956 ι,
2599 2893 2659 2946 21

2236 2989 2290 3042 ‘5.
2309 2987 2588 3057 Scriptura:
2633 2986 2846 3041 obscura
2887 2987 2998 3041 loca
3016 3003 3078 3042 ea:
3105 2987 3227 3041 locis
3249 2987 3366 3045 aliis
3391 2989 3577 3060 apertis
3613 2989 3742 3044 iliu-

2166 3089 2412 3133 strantur.
2443 3080 2620 3146 Quare
2660 3079 2757 3133 ista
2785 3079 2915 3144 dixi,
2943 3078 3173 3135 fratres?
3192 3080 3322 3145 Quia
3367 3081 3601 3150 quotidie
3627 3098 3737 3136 non

2166 3180 2308 3226 tacet
2376 3169 2648 3240 Scriptura
2705 3170 3007 3237 monere',
3059 3181 3118 3224 ut
3169 3172 3479 3239 temporalia
3549 3182 3739 3226 conte-

2165 3271 2426 3325 mnentes,
2460 3271 2657 3315 aeterna
2689 3261 2971 3330 diligamus
2999 3277 3014 3314 :
3045 3275 3147 3314 non
3174 3270 3310 3314 tacet
3339 3262 3511 3314 omnis
3540 3263 3732 3330 pagina

2165 3353 2339 3407 divina
2387 3353 2528 3422 loqui
2576 3353 2746 3416 nobis,
2793 3351 3074 3422 aliquando
3120 3363 3320 3422 aperte,
3349 3355 3628 3424 aliquando
3686 3357 3744 3410 in

2167 3444 2420 3514 mysterio
2448 3444 2692 3497 obscure.
2725 3441 2834 3498 Sed
2856 3458 3015 3497 nemo
3040 3442 3269 3497 fraudari
3301 3459 3358 3498 se
3385 3454 3551 3513 putet,
3579 3461 3747 3514 quan-

2167 3533 2237 3588 do
2263 3533 2488 3587 obscure
2518 3534 2707 3602 pagina
2749 3533 2926 3587 divina
2963 3533 3215 3601 loquitur.
3246 3533 3344 3588 Uhi
3373 3535 3439 3588 ad
3468 3544 3519 3590 te
3568 3537 3748 3604 prodit

2167 3625 2414 3677 voluntas
2447 3624 2566 3686 Dei,
2593 3623 2693 3678 hoc
2723 3634 2804 3678 est
2833 3624 2918 3677 ubi
2945 3632 3129 3693 aperta
3153 3633 3256 3685 est,
3287 3624 3356 3677 ibi
3388 3625 3530 3678 illam
3555 3625 3742 3696 dilige,

2169 3715 2238 3767 ibi
2270 3715 2409 3766 illam
2427 3728 2568 3778 ama,
2594 3714 2808 3783 quando
2848 3725 3032 3782 aperte
3054 3723 3252 3767 monet.
3279 3713 3348 3767 Et
3387 3717 3557 3784 qualis
3575 3726 3658 3770 est
3691 3721 3748 3771 in

2167 3818 2373 3874 aperto,
2391 3807 2507 3859 talis
2532 3815 2613 3858 est
2636 3807 2686 3858 in
2707 3807 2962 3868 obscuro;
2984 3805 3154 3875 qualis
3174 3817 3255 3859 est
3282 3807 3332 3858 in
3359 3807 3490 3871 sole,
3521 3809 3639 3862 talis
3659 3819 3752 3863 est

2168 3897 2220 3950 in
2250 3898 2453 3951 umbra.
2481 3895 2659 3951 Talem
2688 3896 2826 3950 illam
2848 3896 3084 3964 sequaris
3105 3895 3146 3959 ‘,
3171 3897 3217 3951 si
3245 3897 3399 3950 talem
3422 3897 3564 3950 illam
3587 3899 3746 3968 legis.

2168 3991 2463 4044 Obscurum
2488 3998 2571 4042 est
2615 3987 2779 4052 enim,
2812 3996 2866 4041 ut
2891 3989 3020 4054 dixi,
3048 3987 3328 4042 l’ossidebit
3355 3999 3557 4052 terram,
3585 3999 3628 4043 et
3660 3992 3754 4043 in-

2170 4080 2411 4134 habitabit
2435 4089 2651 4133 montem
2703 4089 2934 4133 sanctum
2981 4096 3161 4133 nicum.
3185 4079 3317 4134 Nam
3366 4080 3412 4134 si
3461 4081 3754 4136 carnaliter

2169 4174 2479 4242 accipimus,
2504 4188 2606 4226 non
2637 4187 2737 4225 nos
2764 4171 3132 4226 mundabimus
3158 4175 3225 4224 ab
3253 4174 3394 4225 omni
3426 4171 3752 4240 Coinquina-

2172 4267 2314 4320 tioue
2343 4264 2517 4318 carnis
2542 4273 2593 4318 et
2613 4264 2830 4333 spiritus
2862 4281 2876 4330 ;
2907 4272 2961 4318 et
2988 4265 3102 4318 sine
3127 4279 3286 4318 causa
3318 4265 3468 4318 nobis
3495 4279 3756 4332 procura—

2171 4363 2243 4414 vit
2274 4361 2417 4414 Deus
2441 4360 2597 4412 ﬁtiem
2617 4358 2858 4412 lectionis
2899 4357 3222 4427 prophetica:
3249 4358 3590 4426 conjunctum
3619 4373 3752 4412 cum

2173 4454 2429 4524 principio
2454 4452 2692 4506 lectionis
2716 4452 3040 4520 apostoiicat,
3069 4451 3113 4504 si
3141 4458 3355 4520 propter
3370 4449 3754 4517 possidendum

2174 4557 2407 4601 tuentem
2434 4556 2702 4600 terrenum
2729 4543 2795 4597 ad
2808 4543 3080 4596 avaritiam
3112 4557 3209 4596 nos
3234 4556 3614 4612 praeparamus,
3637 4557 3755 4596 non

2175 4639 2241 4695 ad
2270 4640 2541 4709 pietatem.
2573 4636 2678 4692 Sed
2698 4636 2823 4706 quid
2851 4636 3108 4692 debemus
3143 4636 3440 4705 intelligere
3490 4644 3711 4690 montem
3729 4639 3759 4692 1’

2173 4729 2466 4784 Obscurum
2494 4737 2577 4783 est
2595 4726 2721 4798 quid
2757 4727 2950 4783 dixerit
2996 4737 3247 4782 montem.
3275 4727 3378 4782 Sed
3408 4728 3452 4781 si
3481 4727 3760 4782 deseruis-

2172 4831 2254 4876 set
2280 4836 2376 4875 nos
2405 4820 2566 4883 Deus,
2596 4832 2855 4887 nusquam
2880 4826 3061 4887 aperte
3089 4818 3288 4873 diceret
3317 4818 3443 4886 quid
3473 4818 3542 4872 sit
3567 4833 3757 4873 mons.

2173 4912 2273 4967 Ubi
2311 4920 2487 4965 autem
2511 4909 2637 4964 dicit
2677 4917 2878 4979 aperte,
2909 4908 2980 4962 ibi
3008 4923 3126 4962 ama
3155 4918 3410 4962 montem.
3445 4907 3541 4963 Ubi
3565 4918 3763 4975 aperte

2236 5069 2254 5101 ί
2279 5068 2351 5116 sic
2371 5065 2494 5120 legit
2515 5066 2645 5116 hunc
2666 5065 2823 5114 locum
2867 5064 3002 5112 sirm.
3025 5077 3038 5112 :
3060 5063 3190 5114 Adeo
3207 5068 3254 5113 et
3275 5061 3367 5118 ipsi
3385 5069 3600 5120 parentes
3621 5065 3767 5114 male

2171 5128 2374 5195 sentiunt
2397 5124 2674 5195 pigrumque
2697 5129 2757 5176 de
2779 5125 3014 5195 [iliis-suis
3031 5139 3177 5195 ,_cum
3209 5132 3374 5184 putant
3399 5124 3755 5195 ¹φιίιιηῃνοριιε)

2171 5185 2421 5256 pecuniam
2433 5187 2529 5240 illis
2542 5185 2860 5256 assequuntur
2875 5187 2967 5252 ﬁlii
2986 5187 3064 5239 sui
3086 5200 3102 5237 :
3120 5200 3230 5256 cum
3249 5185 3474 5256 expediat
3492 5185 3771 5256 aliquanti?

2170 5247 2471 5318 ﬁliiseorum
2493 5260 2543 5318 ut
2565 5247 2919 5318 enubwipentur
2943 5265 2972 5298 a
2994 5249 3286 5318 parentibus.
3315 5247 3483 5317 Exigit
3513 5247 3638 5318 [orte
3663 5247 3771 5318 ati-

2172 5309 2298 5380 'quod
2323 5314 2621 5380 conmtodum
2643 5309 2843 5380 uxorem
2865 5309 3116 5380 ducturus,
3139 5317 3220 5360 aut
3240 5309 3542 5380 peruenimdi
3562 5309 3626 5358 ad
3661 5309 3772 5380 ati-

2173 5372 2313 5440 iptent
2335 5376 2587 5440 honorem,
2615 5381 2665 5423 ut
2688 5374 2859 5440 donent
2880 5373 2955 5440 iui
2977 5387 3052 5423 res
3075 5387 3185 5424 suas
3206 5408 3219 5432 ,
3241 5372 3287 5422 et
3312 5373 3474 5422 dicunt
3502 5382 3518 5420 :
3542 5379 3641 5420 Non
3668 5372 3775 5420 do-

2172 5436 2322 5496 nabo,
2345 5451 2455 5501 nam
2469 5439 2580 5501 jam
2601 5449 2693 5484 non
2716 5436 2833 5501 mihi
2854 5437 3170 5501 Obsequctttr._
3217 5443 3270 5484 Il.
3666 5489 3681 5501 ,

2237 5502 2257 5531 ³
2276 5507 2340 5548 tta
2359 5497 2659 5547 Colbertinus
2679 5499 2851 5547 codex.
2878 5508 2932 5549 Al.
2961 5497 3250 5554 ﬁrmandus,
3274 5509 3397 5546 sem
3419 5497 3697 5545 wrtrnmosi.

2238 5562 2258 5592 ³
2283 5563 2362 5609 Hic
2377 5562 2581 5620 aliisque
2604 5561 2723 5609 inl'ra
2745 5560 2877 5620 locis,
2898 5563 3048 5610 verba
3080 5558 3307 5608 nonnulla
3337 5571 3445 5620 qua:
3479 5563 3674 5620 ructant
3714 5557 3781 5606 in

2170 5624 2402 5672 Sirmoudi
2429 5615 2641 5672 edi-tione
2673 5615 3022 5685 praetermissa,
3045 5615 3368 5674 restituuntur
3394 5634 3456 5670 ex
3479 5615 3781 5667 Coliieruno

2171 5687 2511 5734 manuscrinto.

2239 5746 2261 5778 δ
2286 5756 2365 5798 Ms.
2390 5745 2453 5797 cl.
2477 5745 2707 5803 sequeris.
