4012 6338
269 310 370 363 ‘26?)

270 422 365 476 tibi
394 417 731 474 commendat
750 423 1003 477 montem,
1030 423 1081 465 et
1112 413 1222 481 ipsa
1268 411 1536 480 Scriptura
1589 426 1647 463 se
1679 409 1848 477 aperit

268 512 395 583 quid
420 512 562 567 dicat
597 519 856 574 montem,
885 507 955 561 ibi
982 506 1130 559 illum
1160 519 1300 556 ama.
1336 502 1505 556 Etiam
1530 501 1618 555 ubi
1658 498 1844 553 audie-

270 604 345 658 ris
394 602 626 672 promitti
677 607 914 654 montem
960 595 1139 657 talem,
1168 593 1314 646 illum
1360 590 1847 661 sequere:qualem

266 694 456 749 amasti
484 694 537 748 in
573 702 782 762 aperto,
808 690 966 745 talem
995 687 1239 755 intellige
1270 686 1320 739 in
1350 684 1601 739 obscuro.
1633 682 1732 737 Ubi
1754 698 1850 751 pu-

269 794 444 839 tamus
465 783 668 838 dictum
698 789 937 846 montem,
988 786 1047 831 ut
1088 776 1355 845 possimus
1380 788 1478 827 nos
1506 772 1759 826 mundare
1783 772 1850 823 ab

267 878 414 932 omni
469 875 898 945 coinquinatione
921 869 1098 926 carnis
1149 876 1200 923 et
1244 864 1503 937 spiritus?
1533 865 1663 932 Quis
1700 878 1851 918 mons

268 970 425 1025 nobis
456 970 749 1038 promissus
786 975 869 1022 est
887 966 911 1019 ?
1216 1026 1219 1031 _

336 1066 393 1119 4.
452 1063 617 1117 Terra
661 1062 942 1116 Viventium
997 1060 1136 1113 nobis
1182 1055 1444 1128 promissa.
1494 1052 1670 1107 Primo
1713 1058 1847 1103 terra

264 1156 442 1226 qualis
467 1156 622 1210 nobis
649 1154 973 1225 promittitur
996 1151 1226 1206 sciamus
1250 1191 1263 1211 ,
1288 1162 1445 1217 quam
1477 1144 1852 1213 suspiratquo-

262 1246 390 1301 dam
419 1248 541 1300 loco
574 1244 831 1315 pr0pheta
875 1241 1060 1305 David,
1086 1252 1140 1295 et
1168 1239 1327 1294 dicit:
1357 1237 1484 1304 Spes
1538 1250 1647 1287 mea
1686 1250 1735 1286 es
1773 1242 1846 1293 tu,

264 1339 435 1406 portio
462 1354 572 1391 mea
592 1338 647 1389 in
688 1346 821 1389 terra
846 1332 1153 1403 υὶυεηιίιιηι(
1193 1330 1330 1385 Psal.
1355 1345 1491 1393 CXLI,
1524 1327 1556 1383 6
1588 1326 1627 1397 ).
1661 1324 1849 1379 Procul

265 1427 432 1482 dubio
470 1443 599 1498 ergo
625 1435 707 1481 est
752 1424 993 1495 quredam
1051 1432 1189 1477 terra
1243 1420 1558 1498 viventium,
1585 1417 1707 1486 quia
1748 1415 1849 1469 ista

264 1526 413 1572 terra
442 1494 783 1571 morientium
814 1523 915 1569 est.
947 1514 1052 1567 Aut
1071 1512 1115 1565 si
1139 1511 1329 1581 aliquis
1371 1510 1423 1563 in
1457 1494 1563 1561 ista‘
1583 1515 1720 1560 terra
1752 1520 1848 1557 na-

260 1615 510 1661 sceretur
535 1606 634 1660 nisi
663 1604 967 1667 moriturus,
995 1616 1100 1656 non
1128 1600 1328 1655 diceret
1378 1599 1518 1652 illam
1547 1604 1740 1650 terram
1770 1594 1850 1646 vi-

262 1698 529 1763 ventium,
560 1698 658 1752 nisi
711 1708 1025 1765 comparans
1052 1694 1205 1747 istam
1255 1698 1449 1744 terram
1484 1697 1539 1743 et
1578 1685 1850 1740 inveniens

261 1803 383 1843 eam
409 1798 606 1843 terram
643 1801 764 1843 esse
812 1784 1173 1840 morientium.
1204 1783 1298 1837 Est
1341 1795 1469 1850 ergo
1498 1790 1639 1834 terra
1666 1778 1850 1830 viven-

262 1882 399 1935 tium
428 1898 442 1935 :
471 1896 594 1935 nam
623 1894 743 1935 cum
766 1888 963 1934 aeterna
991 1886 1045 1933 et
1088 1873 1325 1930 caelestis
1353 1873 1442 1938 sit,
1478 1880 1616 1925 terra
1659 1869 1852 1924 dicitur

260 1970 387 2040 quia
418 1969 739 2038 possidetur,
767 1983 870 2022 non
899 1967 1022 2037 quia
1048 1974 1247 2019 aratur.
1274 1962 1445 2015 Habet
1464 1960 1603 2015 cnim
1634 1973 1849 2028 posses-

260 2076 445 2115 sorem
500 2060 616 2115 sine
645 2059 825 2114 labore
858 2076 870 2111 :
903 2056 1024 2127 quia
1078 2063 1133 2110 et
1162 2054 1259 2108 ista
1289 2063 1656 2122 possessorem
1697 2063 1850 2102 suum

260 2162 484 2208 exercet
505 2152 559 2206 in
576 2151 779 2217 labore,
810 2158 865 2204 et
909 2146 1158 2219 fatigatin
1190 2146 1400 2200 timore.
1433 2140 1569 2209 Quid
1599 2140 1690 2194 tibi
1715 2139 1850 2193 dici-

265 2255 360 2300 tur
380 2247 406 2299 ?
436 2245 627 2316 Surge,
655 2259 745 2298 ara
770 2252 984 2307 terram,
1007 2249 1065 2295 ut
1096 2237 1271 2308 possis
1296 2236 1493 2291 habere
1522 2232 1662 2287 unde
1681 2232 1849 2286 vivas.

260 2338 334 2393 Et
362 2337 498 2393 velis
524 2337 681 2399 nolis,
706 2348 927 2407 gemens
952 2342 1005 2388 et
1031 2331 1306 2401 suspirans
1333 2326 1528 2396 surgis,
1570 2334 1624 2380 et
1658 2339 1850 2394 opera-

260 2432 379 2495 ris;
410 2431 536 2500 quia
573 2429 812 2498 sequitur
870 2436 923 2482 te
971 2423 1233 2479 sententia
1262 2420 1497 2476 damnati
1544 2418 1709 2473 Adam
1741 2437 1753 2471 :
1786 2415 1852 2471 In

258 2523 440 2575 labore
452 2521 616 2574 vultus
631 2520 702 2573 tui
726 2519 839 2573 edes
862 2532 1044 2589 panem
1069 2525 1213 2569 tuum
1239 2512 1258 2585 (
1281 2511 1408 2567 Gen.
1434 2527 1512 2577 Ill,
1535 2511 1601 2565 i9
1628 2509 1671 2581 ).
1706 2510 1839 2563 Cum

258 2622 446 2667 autem
478 2610 749 2665 transierit
772 2611 946 2663 omnis
990 2606 1140 2661 labor
1190 2612 1245 2659 et
1293 2603 1540 2672 gemitus,
1568 2601 1769 2654 erimus
1799 2599 1851 2653 in

260 2711 408 2756 terra
439 2702 746 2756 viventium.
776 2698 918 2754 Nihil
948 2698 1019 2752 ibi
1068 2696 1302 2751 nascitur
1342 2702 1396 2748 et
1427 2693 1623 2748 crescit
1653 2709 1666 2745 :
1700 2691 1854 2761 quid-

258 2792 393 2862 quid
434 2792 504 2845 ibi
531 2800 634 2855 est,
662 2789 851 2845 eodem
879 2789 1035 2842 modo
1062 2795 1162 2853 est,
1186 2786 1264 2840 sic
1290 2794 1373 2839 est
1410 2798 1624 2852 semper
1655 2783 1693 2834 ι.
1736 2781 1850 2835 Non

260 2882 336 2937 ibi
358 2884 626 2936 alternant
652 2881 820 2935 hiems
849 2888 901 2933 et
927 2887 1104 2943 testas,
1137 2892 1240 2929 nox
1269 2884 1322 2930 et
1345 2874 1478 2928 dies.
1506 2874 1601 2927 llic
1618 2872 1851 2926 semina-

259 2983 371 3039 tur,
400 2981 462 3027 ut
510 2973 584 3028 ibi
630 2981 893 3035 metatur;
940 2970 982 3023 si
1040 2978 1214 3021 tamen
1265 2966 1579 3019 seminatur.
1613 2964 1744 3031 Quis
1772 2973 1853 3018 est

259 3064 413 3118 enim
443 3064 532 3133 qui
581 3063 807 3117 seminat
836 3062 937 3124 hic,
968 3069 1024 3113 ut
1055 3059 1124 3112 ibi
1152 3057 1359 3112 metat?
1392 3055 1491 3122 Qui
1519 3063 1699 3124 erogat
1724 3068 1852 3123 pau-

264 3155 507 3223 peribus.
554 3153 800 3222 Erogatio
844 3149 1162 3221 pauperibus
1208 3146 1485 3201 scminatio
1511 3154 1592 3199 est
1616 3144 1667 3198 in
1690 3154 1849 3199 terra.

262 3246 480 3301 Semina
510 3246 615 3308 hic,
634 3253 687 3298 et
708 3244 776 3297 ibi
799 3242 1034 3296 invenies
1052 3254 1281 3293 messem
1309 3250 1321 3291 ':
1345 3244 1528 3291 aestate
1558 3251 1662 3289 non
1701 3249 1853 3289 seca-

262 3347 372 3401 tur,
403 3345 463 3389 ut
488 3344 719 3389 transeat
745 3349 760 3399 ;
790 3332 882 3388 sed
910 3340 963 3387 et
988 3330 1359 3394 manducatur,
1387 3337 1444 3382 et
1490 3342 1612 3381 cum
1654 3325 1848 3396 gaudio

264 3434 570 3496 permanet.
600 3425 676 3480 lbi
701 3425 843 3479 enim
859 3422 1057 3493 justitia
1079 3418 1359 3489 saginaris.
1384 3417 1549 3471 Terra
1576 3417 1663 3471 illa
1690 3416 1850 3470 habet

265 3532 463 3586 panem
492 3530 667 3569 suum.
715 3515 845 3580 Quis
883 3522 966 3567 est
996 3511 1095 3565 iste
1142 3508 1342 3579 panis?
1384 3508 1483 3573 Qui
1510 3507 1613 3561 huc
1647 3507 1768 3561 inde
1788 3506 1854 3560 ad

266 3622 370 3661 nos
391 3607 537 3660 venit
565 3623 580 3659 :
621 3603 733 3676 Ego
781 3620 912 3666 sum,
957 3602 1141 3670 inquit,
1168 3600 1313 3671 panis
1337 3599 1473 3651 vivus
1521 3598 1606 3667 qui
1631 3600 1692 3649 de
1731 3597 1854 3649 caelo

268 3698 509 3752 descendi
530 3697 549 3765 (
572 3695 726 3749 Joan.
756 3712 827 3759 vi,
862 3694 925 3749 51
1022 3691 1204 3758 Qualis
1233 3699 1316 3745 est
1339 3690 1435 3743 iste
1465 3687 1662 3758 panis?
1710 3686 1855 3740 Beati

269 3791 359 3859 qui
385 3788 617 3843 esuriant
644 3796 689 3840 et
717 3787 889 3841 sitiunt
935 3784 1209 3855 justitiam,
1256 3781 1494 3853 quoniam
1518 3779 1617 3848 ipsi
1657 3787 1852 3833 satura-

268 3882 463 3934 bstnttrr
487 3879 695 3949 (Matth.
726 3895 778 3942 v,
803 3876 892 3947 6).

341 3973 397 4027 5.
433 3969 588 4023 Mons
611 3968 839 4024 Christus
866 3976 914 4020 et
950 3964 1201 4019 Ecclesia.
1228 3962 1539 4017 Audivimus
1567 3976 1753 4031 panem
1788 3960 1856 4015 de

272 4073 417 4119 terra
444 4062 556 4127 illa,
578 4060 851 4115 audiamus
874 4067 929 4113 et
962 4066 1216 4112 montem.
1252 4053 1633 4119 Inhabitabunt,
1667 4053 1852 4121 inquit,

269 4157 326 4210 in
353 4164 528 4208 monte
580 4162 752 4206 sancto
790 4167 919 4205 meo.
965 4151 1099 4227 Puto
1137 4149 1278 4203 enim
1319 4146 1616 4200 invenimus
1665 4145 1715 4197 in
1756 4144 1855 4198 alia

270 4257 461 4301 saneta
487 4245 776 4313 Scriptura,
808 4243 929 4311 quia
956 4254 1114 4295 mons
1140 4248 1193 4293 et
1220 4240 1335 4308 ipse
1355 4237 1599 4291 Christus
1618 4245 1719 4289 est.
1749 4235 1848 4300 Qui

270 4346 356 4393 est
381 4336 557 4406 panis,
590 4334 702 4402 ipse
749 4343 832 4387 est
883 4340 938 4386 et
963 4345 1116 4385 mons
1148 4347 1159 4382 :
1193 4329 1286 4383 scd
1334 4328 1504 4397 panis,
1532 4326 1653 4395 quia
1693 4326 1859 4394 pascit

274 4426 578 4482 Ecclesiam
605 4441 620 4489 ;
675 4437 829 4477 mons
848 4431 1048 4487 autem,
1066 4421 1187 4490 quia
1216 4433 1410 4489 corpus
1434 4418 1549 4487 ejus
1573 4426 1655 4470 est
1673 4416 1856 4469 Eccle-

270 4518 371 4573 sia.
406 4516 526 4585 Ipsa
550 4513 786 4568 Ecclesia
816 4523 901 4567 est
930 4525 1082 4566 mons
1115 4528 1127 4563 :
1170 4517 1225 4564 et
1253 4508 1374 4578 quid
1404 4516 1486 4563 est
1524 4508 1636 4576 ipsa
1672 4508 1858 4561 Eccle-

272 4607 351 4661 sia
376 4606 402 4659 ἲ
451 4605 661 4673 Corpus
706 4602 925 4658 Christi.
954 4600 1200 4669 Adjunge
1229 4598 1299 4651 illi
1332 4605 1511 4666 caput,
1561 4606 1613 4650 et
1641 4595 1696 4649 fit
1722 4612 1857 4649 unus

273 4698 459 4752 homo.
492 4697 665 4766 Caput
683 4704 736 4749 et
770 4706 986 4763 corpus,
1018 4705 1154 4744 unus
1181 4674 1359 4743 homo.
1388 4688 1552 4757 Caput
1594 4687 1713 4755 quis
1736 4686 1856 4740 est?

278 4791 371 4843 llic
392 4789 485 4858 qui
515 4796 671 4841 natus
703 4794 785 4840 est
808 4784 875 4838 de
900 4783 1103 4853 virgine
1147 4781 1329 4842 Maria,
1360 4780 1447 4849 qui
1474 4779 1707 4846 suscepit
1736 4793 1856 4831 car-

275 4897 394 4934 nem
426 4877 708 4932 mortalem
735 4876 849 4929 sine
877 4882 1115 4944 peccato,
1135 4871 1222 4940 qui
1249 4886 1279 4923 a
1308 4869 1507 4924 Judmis
1531 4884 1723 4932 caesus,
1759 4868 1854 4919 fla-

274 4972 533 5038 gellatus,
586 4972 963 5033 contemptus,
1005 4960 1326 5025 cruciﬁxus;
1368 4959 1456 5029 qui
1504 4958 1725 5012 traditus
1775 4969 1857 5032 est

274 5071 492 5130 propter
517 5057 712 5111 delicta
733 5064 933 5119 nostra,
960 5063 1015 5108 et
1032 5052 1323 5107 resurrexit
1354 5059 1569 5119 pr0pter
1591 5049 1851 5118 justitica-

275 5153 476 5206 tionem
513 5159 773 5203 nostram.
808 5147 923 5216 Ipse
958 5154 1041 5200 est
1081 5156 1241 5215 caput
1272 5144 1539 5207 Ecclesiae,
1563 5142 1675 5211 ipse
1708 5141 1853 5210 panis

272 5246 337 5297 dc
366 5244 457 5297 illa
510 5251 675 5296 terra.
725 5239 934 5309 Corpus
959 5246 1136 5292 autem
1165 5238 1280 5305 ejus
1313 5234 1453 5305 quod
1481 5235 1603 5289 est?
1648 5233 1849 5301 Coniux

274 5339 409 5405 ejus,
437 5335 490 5390 id
519 5343 602 5389 est
632 5333 890 5388 Ecclesia.
940 5330 1105 5383 Erunt
1140 5330 1281 5384 enim
1328 5328 1427 5381 duo
1452 5328 1504 5380 in
1529 5342 1679 5379 carne
1727 5341 1848 5378 una.

276 5430 665 5483 Sac-ramentum
684 5426 778 5478 hoc
796 5438 1033 5493 magnum
1060 5430 1132 5475 est
1164 5436 1184 5473 :
1212 5436 1299 5489 ego
1320 5427 1487 5473 autem
1503 5419 1612 5471 dico
1631 5418 1683 5470 in
1708 5416 1848 5471 Chri-

274 5532 351 5574 sto
378 5532 426 5573 et
454 5522 507 5573 in
526 5518 752 5573 Ecclesia
780 5515 992 5588 (Ephes.
1020 5530 1073 5578 v,
1101 5513 1163 5567 51
1189 5522 1233 5565 et
1261 5510 1376 5582 52).
1408 5511 1497 5566 Sic
1522 5520 1575 5565 et
1601 5510 1850 5564 Dominus

277 5613 329 5664 in
360 5610 663 5680 Evangeiio,
697 5623 822 5664 cum
843 5607 909 5661 de
939 5606 1052 5659 viro
1072 5613 1125 5659 et
1148 5603 1214 5659 de
1238 5618 1401 5659 uxore
1422 5602 1619 5659 diceret
1647 5620 1660 5656 :
1690 5600 1852 5673 Igitur

337 5722 354 5754 ⁸
372 5721 677 5772 Colbertinus
698 5728 800 5777 Ms,
822 5717 892 5768 sic
915 5721 984 5767 est
1001 5713 1355 5778 sempiternum-

561 5804 783 5865 Ssncr.
856 5805 1128 5861 Auensr.
1185 5798 1249 5856 V.

1675 297 1901 353 SERMO
1944 286 2096 351 XLV.

3431 308 3534 363 266

1946 409 2058 476 jam
2105 425 2203 462 non
2228 419 2343 461 sunt
2371 410 2491 475 duo,
2534 413 2622 463 sed
2656 428 2755 466 una
2784 429 2901 466 curo
2924 414 3154 486 (Matth.
3192 434 3303 484 xix,
3328 421 3413 489 6).
3446 421 3535 474 Er-

1955 513 2023 567 go
2053 514 2214 553 unum
2259 500 2423 553 voluit
2465 516 2586 557 esse
2638 503 2906 560 hominem
2941 508 3103 562 Deum
3158 509 3424 566 Christum
3480 526 3535 569 et

1957 588 2271 644 Ecclesium.
2297 590 2371 645 lbi
2394 601 2572 661 caput,
2595 603 2648 648 et
2670 594 2756 650 hic
2798 598 3055 653 membra.
3084 599 3261 656 Noluit
3287 620 3524 676 resurge-

1956 697 2017 738 re
2043 698 2161 738 cum
2190 684 2463 749 membris,
2490 686 2581 740 sed
2604 696 2726 743 ante
2752 691 3011 757 membra,
3039 694 3365 750 uthabercnt
3389 696 3524 765 quod

1932 783 2232 844 ~sperarent
2288 776 2545 830 membra.
2591 777 2694 832 Sed
2744 780 2862 834 ideo
2888 783 3021 836 mori
3048 784 3214 839 voluit
3241 797 3419 855 caput,
3472 797 3526 843 ut

1959 867 2111 970 prius
2128 876 2428 938 resurgeret
2451 878 2639 939 caput;
2672 873 2817 940 prius
2850 874 2924 928 ire
2961 876 3014 929 in
3045 879 3239 932 ctelum
3268 890 3447 950 caput,
3479 892 3528 937 ut

1958 961 2011 1013 in
2034 961 2207 1029 capite
2231 975 2328 1015 suo
2350 976 2499 1031 spem
2528 963 2785 1019 haberent
2812 974 3002 1020 cratera
3053 972 3312 1040 membra,
3361 981 3413 1027 ct
3438 989 3530 1028 ex-

1962 1060 2267 1121 s‘pectarent
2288 1053 2493 1122 impleri
2520 1069 2640 1123 erga
2671 1070 2729 1109 se
2758 1057 2896 1124 quod
2916 1060 3241 1127 prmmissum
3265 1064 3420 1117 estin
3449 1079 3531 1117 ca-

1957 1141 2083 1209 pite.
2112 1141 2247 1209 Quid
2277 1143 2417 1196 enim
2441 1158 2572 1212 opus
2596 1154 2710 1199 erat
2732 1144 2946 1200 Christo
2991 1149 3148 1212 mori,
3196 1151 3369 1206 Verbo
3418 1154 3533 1217 Dei,

1959 1244 2051 1299 per
2077 1232 2218 1300 quod
2247 1231 2379 1287 facta
2396 1235 2741 1301 sunt-omnia,
2771 1235 2838 1290 de
2864 1252 2969 1307 quo
2996 1238 3187 1295 dicitur
3214 1260 3225 1295 :
3270 1241 3336 1295 In
3384 1216 3532 1314 prin-

1954 1322 2088 1391 cipio
2130 1333 2238 1376 erat
2289 1323 2521 1390 Verbum,
2571 1335 2618 1380 et
2680 1327 2894 1381 Verbum
2934 1338 3038 1383 erat
3076 1334 3214 1401 apud
3260 1333 3439 1399 Deum,
3487 1351 3535 1391 et

1955 1408 2097 1464 Deus
2122 1420 2228 1465 erat
2258 1411 2483 1475 Verbum
2502 1430 2520 1467 :
2548 1416 2718 1469 omnia
2750 1434 2841 1488 per
2865 1418 3029 1489 ipsum
3053 1423 3185 1491 facta
3205 1437 3317 1476 sunt
3339 1423 3357 1497 (
3376 1424 3535 1480 Joan.

1956 1518 1993 1569 ι,
2025 1504 2077 1570 1,
2097 1504 2131 1557 5
2157 1503 2218 1574 )?
2265 1505 2332 1558 Et
2358 1506 2702 1577 crucifigitur,
2747 1518 2802 1564 et
2827 1510 3099 1577 irridetur,
3127 1522 3180 1567 et
3207 1515 3387 1570 lancea
3412 1534 3538 1586 per-

1955 1597 2169 1659 cutitur,
2202 1605 2255 1651 et
2280 1599 2570 1667 sepelitur;
2601 1609 2655 1654 et
2685 1601 2861 1655 omnia
2895 1618 2993 1672 per
3024 1604 3195 1673 ipsum
3220 1608 3355 1662 facta
3382 1620 3527 1664 sunt.

1958 1686 2060 1740 Sed
2082 1687 2202 1756 quia
2226 1686 2470 1757 dignatus
2499 1698 2579 1743 est
2604 1704 2721 1746 esse
2751 1703 2905 1762 caput
2924 1694 3196 1763 Ecclesim,
3221 1697 3533 1768 deSperaret

1956 1776 2023 1831 de
2043 1792 2101 1831 se
2129 1778 2365 1833 Ecclesia
2397 1781 2521 1850 quia
2557 1794 2867 1853 resurgeret
2895 1786 2933 1850 ⁸,
2961 1788 3004 1841 si
3052 1788 3258 1845 videret
3286 1792 3406 1862 quia
3432 1809 3538 1848 non

1957 1869 2331 1925 resurrexisset
2373 1880 2550 1941 caput.
2580 1874 2893 1929 Iiesurrexit
2918 1892 3045 1946 ergo
3074 1890 3250 1949 caput,
3287 1891 3340 1936 et
3362 1885 3533 1938 visum

1956 1969 2033 2014 est
2068 1976 2348 2031 resurgere
2401 1972 2578 2033 caput.
2624 1964 2805 2019 Primo
2829 1981 2859 2019 a
2887 1968 3199 2025 mulieribus
3237 1973 3407 2028 visum
3432 1988 3534 2043 est,

1956 2061 2010 2107 et
2031 2053 2327 2107 nuntiatum
2366 2063 2449 2110 est
2476 2056 2624 2110 viris.
2669 2057 2861 2113 Prima:
2890 2060 3140 2116 mulieres
3170 2064 3415 2120 viderunt
3454 2082 3541 2122 re-

1957 2150 2258 2212 surgentem
2281 2144 2583 2212 Dominum,
2606 2156 2662 2202 et
2686 2147 3039 2219 Evangelistis
3085 2151 3273 2208 futuris
3311 2157 3540 2228 Aposto-

1955 2231 2067 2287 lisa
2089 2234 2397 2290 mulieribus
2431 2237 2774 2308 Evangelium
2827 2244 3194 2299 annuntiatum
3220 2256 3319 2312 est,
3353 2258 3407 2302 et
3442 2265 3537 2318 per

1958 2324 2205 2379 mulieres
2232 2325 2334 2380 illis
2358 2326 2599 2382 Christus
2619 2330 2979 2386 annuntiatus.
3014 2333 3357 2405 Evangelium
3388 2339 3529 2393 enim

1957 2411 2120 2470 latine
2162 2415 2333 2473 bonus
2359 2418 2572 2472 nuntius
2603 2429 2703 2475 est.
2729 2422 2826 2487 Qui
2854 2432 3027 2492 gracCe
3049 2437 3333 2494 noverunt,
3358 2431 3534 2486 sciunt

1967 2505 2093 2573 quid
2132 2506 2202 2561 sit
2237 2507 2600 2579 Evangelium.
2634 2510 2979 2582 Evangelium
3010 2530 3137 2587 ergo
3180 2518 3350 2573 bonus
3393 2538 3533 2575 nuu-

1959 2597 2080 2650 tius.
2111 2597 2247 2664 Quid
2295 2606 2401 2652 tam
2454 2601 2651 2655 bonum
2706 2602 2944 2658 nuntium
2997 2614 3279 2675 possumus
3328 2611 3528 2670 dicere.

1955 2701 2112 2756 quam
2141 2687 2263 2757 quia
2288 2692 2579 2746 resurrexit
2608 2691 2853 2747 Salvator
2867 2704 3048 2749 noster
3076 2715 3089 2763 ;
3139 2709 3227 2752 aut
3254 2701 3378 2769 quid
3420 2718 3535 2755 ma-

1951 2778 2039 2847 jus
2077 2779 2149 2832 illi
2203 2780 2538 2850 praadieaturi
2584 2793 2772 2851 erant,
2820 2801 2977 2856 quam
3006 2791 3146 2859 quod
3199 2793 3275 2846 eis
3331 2795 3539 2849 femina:

1956 2870 2375 2926 nuntiaverunt?
2407 2872 2512 2928 Sed
2559 2884 2722 2944 quare
2753 2876 2948 2932 femina
2985 2882 3244 2937 nuntiavit
3292 2885 3536 2956 Evange-

1958 2959 2132 3014 lium?
2173 2961 2303 3029 Quia
2333 2978 2429 3034 per
2445 2963 2695 3019 feminam
2721 2983 2864 3023 mors
2880 2972 3165 3026 emendata
3192 2982 3294 3029 est.
3324 2976 3533 3033 Etenim

1957 3048 2205 3105 feminam
2245 3054 2573 3109 nuntiantem
2618 3067 2843 3111 mortem
2888 3062 3161 3118 consolata
3207 3068 3289 3120 est
3341 3066 3537 3124 femina

1957 3142 2205 3196 nuntians
2230 3142 2413 3209 vitam,
2437 3145 2558 3215 quia
2580 3157 2785 3201 mortua
2807 3160 2923 3203 erat
2946 3152 3235 3223 propinans
3281 3169 3533 3214 mortem.

1957 3231 2059 3287 Per
2086 3232 2332 3288 feminam
2363 3236 2705 3292 seducmsest
2727 3240 2916 3307 Adam,
2950 3252 3005 3297 ut
3037 3246 3253 3301 caderet
3291 3249 3343 3302 in
3388 3268 3533 3306 mor-

1959 3330 2065 3377 tem
2098 3341 2110 3377 :
2145 3340 2239 3393 per
2262 3323 2514 3381 feminam
2538 3332 2807 3385 nuntiatus
2835 3333 3199 3402 estChristus,
3227 3337 3336 3408 jam
3368 3354 3539 3395 resur-

1956 3428 2086 3483 gens
2111 3429 2217 3469 non
2248 3416 2553 3472 moriturus.
2587 3420 2675 3474 Sic
2705 3430 2757 3476 et
2778 3438 2874 3478 nos
2900 3423 3056 3479 futuri
3078 3442 3263 3482 sumus
3290 3446 3538 3501 resurge-

1958 3521 2037 3574 re,
2061 3516 2115 3562 et
2139 3509 2340 3563 erimus
2364 3524 2516 3564 mons
2538 3521 2753 3566 sanctus
2782 3515 2892 3569 Dei.
2920 3516 2974 3570 In
3003 3518 3106 3573 hoc
3126 3533 3307 3577 monte
3338 3522 3539 3579 habitat

1957 3599 2046 3667 qui
2066 3597 2275 3653 deditus
2299 3609 2380 3654 est
2407 3601 2533 3655 Deo.
2568 3603 2667 3666 Qui
2695 3613 2861 3657 autem
2902 3608 3026 3660 milii
3047 3598 3204 3663 dediti
3231 3619 3392 3677 erunt,
3423 3632 3540 3683 pos-

1957 3689 2183 3743 sidebunt
2199 3700 2402 3758 terram,
2426 3700 2471 3745 et
2490 3692 2835 3747 inhabitabant
2857 3708 3071 3751 montem
3090 3710 3315 3753 sanctum
3337 3718 3498 3756 meum
3517 3721 3537 3768 ;

1959 3779 2010 3833 id
2048 3788 2149 3842 est,
2169 3795 2274 3833 non
2304 3781 2639 3837 recedcntab
2672 3785 2926 3840 Ecclesia.
2968 3787 3123 3843 Modo
3149 3790 3452 3848 laboremus
3478 3797 3530 3851 in

1960 3868 2220 3934 Ecclesia,
2266 3879 2448 3939 postea
2496 3872 2928 3930 hatreditabimus
2957 3878 3271 3934 Ecclesiam.
3306 3878 3533 3949 Quando

1959 3961 2101 4015 enim
2128 3961 2198 4015 ibi
2215 3962 2315 4016 erit
2338 3963 2585 4032 gaudium
2614 3974 2851 4020 nostrum
2883 3971 3287 4038 sempiternum,
3325 3991 3427 4029 non
3456 3952 3529 4032 ibi

1960 4051 2159 4106 erimus
2182 4053 2280 4107 nisi
2318 4067 2668 4125 possessores,
2704 4070 2808 4111 non
2840 4068 3017 4114 autem
3049 4061 3431 4119 laborabimus.

2032 4142 2084 4197 6.
2142 4140 2407 4207 Quomodo
2450 4161 2592 4198 mons
2632 4145 2859 4200 Christus
2883 4158 2928 4201 et
2978 4149 3225 4206 Ecclesia.
3274 4153 3378 4210 Sed
3417 4157 3531 4212 evi-

1961 4232 2148 4287 denter
2188 4234 2518 4289 inveniamus
2546 4236 2669 4290 alibi
2698 4246 2933 4293 montem
2980 4240 3138 4295 istum
3173 4259 3185 4295 :
3228 4258 3348 4299 nam
3379 4247 3531 4316 quasi

1961 4323 2245 4378 obscurum
2270 4325 2493 4380 videtur.
2522 4326 2702 4381 Potest
2744 4328 2934 4398 aliquis
2981 4331 3160 4387 dicere
3189 4351 3205 4388 :
3236 4334 3333 4389 Ubi
3380 4352 3534 4393 mons

1962 4414 2245 4469 Ecclesia?
2272 4424 2326 4470 et
2353 4417 2565 4486 quando
2586 4434 2739 4473 mons
2758 4421 3039 4477 Christus?
3065 4433 3119 4479 et
3142 4427 3355 4495 quando
3382 4445 3538 4486 mons

1961 4521 2152 4575 corpus
2174 4504 2405 4562 Christi?
2435 4508 2840 4567 Evidentissime
2863 4513 3047 4569 Daniel
3065 4514 3192 4571 dicit
3224 4535 3236 4570 :
3266 4533 3425 4574 nemo
3454 4521 3539 4575 in-

1961 4596 2029 4651 de
2055 4596 2277 4652 dubitat.
2312 4598 2581 4653 Visionem
2620 4600 2752 4656 vidit
2777 4603 2961 4659 Daniel
2991 4622 3006 4672 ;
3030 4605 3141 4676 jam
3169 4609 3421 4679 numquid
3449 4611 3538 4664 in-

1961 4689 2105 4760 diget
2147 4692 2485 4760 expositore?
2515 4692 2700 4748 Videat
2746 4694 2994 4751 Charitas
3050 4709 3243 4754 vestra.
3275 4700 3532 4768 Qumdam

1961 4783 2121 4837 verba
2146 4783 2217 4837 ibi
2244 4782 2379 4838 forte
2408 4783 2651 4853 indigent
2670 4787 3021 4856 expositione,
3050 4796 3171 4859 quae
3221 4791 3273 4845 in
3319 4793 3535 4849 nomine

1961 4877 2157 4932 Christi
2216 4878 2452 4947 exposita
2500 4878 2803 4949 aperientur
2845 4882 3015 4936 vobis.
3052 4882 3231 4938 Videte
3273 4885 3316 4939 si
3364 4895 3536 4955 potest

1963 4968 2065 5022 dici
2081 4968 2180 5022 nisi
2203 4967 2270 5025 de
2288 4966 2517 5023 Christo.
2559 4969 2823 5037 Vidi,dixit
2854 4972 3058 5038 Daniel,
3090 4984 3136 5027 et
3158 4992 3267 5029 ecce
3290 4976 3422 5046 lapis
3443 4978 3538 5030 ab-

1960 5059 2145 5112 scissus
2170 5058 2232 5112 de
2252 5069 2417 5113 monte
2430 5062 2536 5114 sine
2551 5062 2798 5116 manibus.
2829 5062 2946 5117 Non
2975 5064 3075 5119 hoc
3095 5064 3245 5133 dixit,
3266 5066 3392 5122 Sine
3422 5083 3536 5124 ma-

1962 5153 2118 5208 nibus
2140 5159 2255 5206 erat
2283 5152 2369 5207 ille
2406 5153 2537 5222 lapis
2569 5170 2581 5205 :
2615 5152 2710 5208 scd
2741 5156 2857 5208 sine
2878 5170 3040 5225 opere
3070 5156 3302 5214 humano
3345 5163 3534 5230 praeei-

1961 5258 2050 5299 sus
2081 5243 2213 5313 lapis
2236 5244 2304 5299 de
2330 5254 2546 5310 monte;
2587 5261 2691 5299 non
2711 5245 2954 5302 humanze
2972 5260 3157 5303 manus
3172 5262 3533 5319 accesserunt,

1964 5345 2020 5391 ut
2048 5336 2181 5405 lapis
2200 5336 2266 5390 de
2286 5346 2465 5392 monte
2491 5337 2887 5406 praecideretur.
2914 5339 3065 5393 Novit
3090 5340 3335 5397 Charitas
3359 5353 3532 5399 vestra

1960 5427 2079 5496 quia
2107 5441 2211 5481 non
2230 5426 2585 5497 praecidantur
2610 5427 2810 5496 lapides
2830 5428 2897 5483 de
2919 5439 3117 5495 monte,
3150 5432 3251 5485 nisi
3278 5432 3537 5487 acceden-

1962 5516 2099 5572 tibus
2143 5516 2387 5571 manibus
2431 5516 2694 5571 humanis.
2744 5517 2835 5572 llle
2875 5529 3049 5573 autem
3080 5522 3333 5590 praecisus
3357 5523 3535 5577 estde

1966 5649 2038 5720 ’,ί
2065 5648 2220 5706 Sirm.,
2247 5645 2471 5720 quiannon
2508 5653 2790 5720 resurgeret.
2816 5650 2978 5713 Abest,
3017 5663 3127 5711 non,
3154 5664 3183 5701 a
3206 5661 3284 5702 Ms.
3326 5652 3407 5714 cl.;
3445 5652 3532 5703 sed

1966 5710 2092 5760 idem
2110 5709 2287 5759 sensus
2308 5709 2430 5759 effici
2451 5709 2657 5760 Videtur.

3006 5794 3270 5874 {NeufJ
