  <div class='ocr_page' id='page_1' title='image "/cluster/home/n/w/nwhite01/storage/ocr_20150623/38/hvd.32044015706294/139.png"; bbox 0 0 3994 6472; ppageno 0'>
   <div class='ocr_carea' id='block_1_1' title="bbox 482 338 1759 399">
    <p class='ocr_par' dir='ltr' id='par_1_1' title="bbox 482 338 1759 399">
     <span class='ocr_line' id='line_1_1' title="bbox 482 338 1759 399; baseline 0.008 0"><span class='ocrx_word' id='word_1_1' title='bbox 482 345 579 399; x_wconf 70' lang='lat'><strong>:67</strong></span> <span class='ocrx_word' id='word_1_2' title='bbox 1701 338 1759 393; x_wconf 57' lang='lat' dir='ltr'><strong>So</strong></span> 
     </span>
    </p>
   </div>
   <div class='ocr_carea' id='block_1_2' title="bbox 488 449 2055 521">
    <p class='ocr_par' dir='ltr' id='par_1_2' title="bbox 488 449 2055 521">
     <span class='ocr_line' id='line_1_2' title="bbox 488 449 2055 521; baseline -0.004 -9"><span class='ocrx_word' id='word_1_3' title='bbox 488 464 666 512; x_wconf 91' lang='lat' dir='ltr'><strong>monte</strong></span> <span class='ocrx_word' id='word_1_4' title='bbox 692 456 813 511; x_wconf 86' lang='lat' dir='ltr'><strong>sine</strong></span> <span class='ocrx_word' id='word_1_5' title='bbox 857 450 1217 507; x_wconf 87' lang='lat' dir='ltr'><strong>manibus:et</strong></span> <span class='ocrx_word' id='word_1_6' title='bbox 1264 449 1425 514; x_wconf 81' lang='lat' dir='ltr'><strong>venit,</strong></span> <span class='ocrx_word' id='word_1_7' title='bbox 1475 458 1529 504; x_wconf 89' lang='lat' dir='ltr'><strong>ct</strong></span> <span class='ocrx_word' id='word_1_8' title='bbox 1581 449 1841 521; x_wconf 78' lang='lat' dir='ltr'><strong>confregit</strong></span> <span class='ocrx_word' id='word_1_9' title='bbox 1880 452 2055 506; x_wconf 81' lang='lat' dir='ltr'><strong>omnia</strong></span> 
     </span>
    </p>
   </div>
   <div class='ocr_carea' id='block_1_3' title="bbox 488 542 2057 621">
    <p class='ocr_par' dir='ltr' id='par_1_3' title="bbox 488 542 2057 621">
     <span class='ocr_line' id='line_1_3' title="bbox 488 542 2057 621; baseline -0.004 -17"><span class='ocrx_word' id='word_1_10' title='bbox 488 563 649 621; x_wconf 83' lang='lat' dir='ltr'><strong>regna</strong></span> <span class='ocrx_word' id='word_1_11' title='bbox 675 556 957 602; x_wconf 85' lang='lat' dir='ltr'><strong>terrarum.</strong></span> <span class='ocrx_word' id='word_1_12' title='bbox 972 543 1160 600; x_wconf 83' lang='lat' dir='ltr'><strong>Nescio</strong></span> <span class='ocrx_word' id='word_1_13' title='bbox 1180 542 1224 598; x_wconf 87' lang='lat' dir='ltr'>si</span> <span class='ocrx_word' id='word_1_14' title='bbox 1251 549 1493 598; x_wconf 79' lang='lat' dir='ltr'><strong>versatur</strong></span> <span class='ocrx_word' id='word_1_15' title='bbox 1506 549 1629 597; x_wconf 89' lang='lat' dir='ltr'><strong>ante</strong></span> <span class='ocrx_word' id='word_1_16' title='bbox 1650 543 1832 598; x_wconf 91' lang='lat' dir='ltr'><strong>oculos</strong></span> <span class='ocrx_word' id='word_1_17' title='bbox 1852 552 2057 598; x_wconf 90' lang='lat' dir='ltr'><strong>vestros</strong></span> 
     </span>
    </p>
   </div>
   <div class='ocr_carea' id='block_1_4' title="bbox 485 632 2057 705">
    <p class='ocr_par' dir='ltr' id='par_1_4' title="bbox 485 632 2057 705">
     <span class='ocr_line' id='line_1_4' title="bbox 485 632 2057 705; baseline -0.006 -11"><span class='ocrx_word' id='word_1_18' title='bbox 485 639 588 694; x_wconf 84' lang='lat' dir='ltr'><strong>nisi</strong></span> <span class='ocrx_word' id='word_1_19' title='bbox 643 637 905 702; x_wconf 79' lang='lat' dir='ltr'><strong>Christus,</strong></span> <span class='ocrx_word' id='word_1_20' title='bbox 948 635 1016 691; x_wconf 93' lang='lat' dir='ltr'><strong>de</strong></span> <span class='ocrx_word' id='word_1_21' title='bbox 1069 649 1173 705; x_wconf 92' lang='lat' dir='ltr'><strong>quo</strong></span> <span class='ocrx_word' id='word_1_22' title='bbox 1218 633 1421 689; x_wconf 91' lang='lat' dir='ltr'><strong>dictum</strong></span> <span class='ocrx_word' id='word_1_23' title='bbox 1460 642 1561 699; x_wconf 90' lang='lat' dir='ltr'><strong>est,</strong></span> <span class='ocrx_word' id='word_1_24' title='bbox 1608 632 1901 687; x_wconf 81' lang='lat' dir='ltr'><strong>Adorabunt</strong></span> <span class='ocrx_word' id='word_1_25' title='bbox 1945 648 2057 685; x_wconf 87' lang='lat' dir='ltr'><strong>eum</strong></span> 
     </span>
    </p>
   </div>
   <div class='ocr_carea' id='block_1_5' title="bbox 488 722 2058 799">
    <p class='ocr_par' dir='ltr' id='par_1_5' title="bbox 488 722 2058 799">
     <span class='ocr_line' id='line_1_5' title="bbox 488 722 2058 799; baseline -0.006 -14"><span class='ocrx_word' id='word_1_26' title='bbox 488 746 658 785; x_wconf 85' lang='lat' dir='ltr'><strong>omnes</strong></span> <span class='ocrx_word' id='word_1_27' title='bbox 701 744 840 799; x_wconf 86' lang='lat' dir='ltr'><strong>reges</strong></span> <span class='ocrx_word' id='word_1_28' title='bbox 885 728 1077 795; x_wconf 70' lang='lat' dir='ltr'><strong>terra:(</strong></span> <span class='ocrx_word' id='word_1_29' title='bbox 1111 724 1253 780; x_wconf 79' lang='lat' dir='ltr'><strong>Psal.</strong></span> <span class='ocrx_word' id='word_1_30' title='bbox 1295 740 1439 790; x_wconf 75' lang='lat' dir='ltr'><strong>uxr,</strong></span> <span class='ocrx_word' id='word_1_31' title='bbox 1472 725 1529 779; x_wconf 78' lang='lat' dir='ltr'><strong>ll</strong></span> <span class='ocrx_word' id='word_1_32' title='bbox 1557 723 1599 795; x_wconf 94' lang='lat'><strong>).</strong></span> <span class='ocrx_word' id='word_1_33' title='bbox 1643 723 1758 794; x_wconf 92' lang='lat' dir='ltr'><strong>Ipse</strong></span> <span class='ocrx_word' id='word_1_34' title='bbox 1795 722 2058 792; x_wconf 75' lang='lat' dir='ltr'><strong>confregit</strong></span> 
     </span>
    </p>
   </div>
   <div class='ocr_carea' id='block_1_6' title="bbox 485 814 2053 891">
    <p class='ocr_par' dir='ltr' id='par_1_6' title="bbox 485 814 2053 891">
     <span class='ocr_line' id='line_1_6' title="bbox 485 814 2053 891; baseline -0.009 -12"><span class='ocrx_word' id='word_1_35' title='bbox 485 824 664 879; x_wconf 81' lang='lat' dir='ltr'><strong>omnia</strong></span> <span class='ocrx_word' id='word_1_36' title='bbox 702 836 860 891; x_wconf 88' lang='lat' dir='ltr'><strong>regna</strong></span> <span class='ocrx_word' id='word_1_37' title='bbox 892 827 1173 873; x_wconf 87' lang='lat' dir='ltr'><strong>terrarum.</strong></span> <span class='ocrx_word' id='word_1_38' title='bbox 1199 816 1472 886; x_wconf 80' lang='lat' dir='ltr'><strong>Superbus</strong></span> <span class='ocrx_word' id='word_1_39' title='bbox 1498 832 1589 871; x_wconf 83' lang='lat' dir='ltr'><strong>rex</strong></span> <span class='ocrx_word' id='word_1_40' title='bbox 1622 824 1743 870; x_wconf 80' lang='lat' dir='ltr'><strong>ante</strong></span> <span class='ocrx_word' id='word_1_41' title='bbox 1764 830 1823 870; x_wconf 90' lang='lat' dir='ltr'><strong>se</strong></span> <span class='ocrx_word' id='word_1_42' title='bbox 1853 814 2053 868; x_wconf 90' lang='lat' dir='ltr'><strong>nullum</strong></span> 
     </span>
    </p>
   </div>
   <div class='ocr_carea' id='block_1_7' title="bbox 488 903 2055 985">
    <p class='ocr_par' dir='ltr' id='par_1_7' title="bbox 488 903 2055 985">
     <span class='ocr_line' id='line_1_7' title="bbox 488 903 2055 985; baseline -0.008 -15"><span class='ocrx_word' id='word_1_43' title='bbox 488 929 669 985; x_wconf 80' lang='lat' dir='ltr'><strong>regem</strong></span> <span class='ocrx_word' id='word_1_44' title='bbox 694 912 810 966; x_wconf 93' lang='lat' dir='ltr'><strong>vult</strong></span> <span class='ocrx_word' id='word_1_45' title='bbox 844 910 1075 974; x_wconf 87' lang='lat' dir='ltr'><strong>habere;</strong></span> <span class='ocrx_word' id='word_1_46' title='bbox 1100 907 1259 963; x_wconf 89' lang='lat' dir='ltr'><strong>modo</strong></span> <span class='ocrx_word' id='word_1_47' title='bbox 1284 923 1471 963; x_wconf 88' lang='lat' dir='ltr'><strong>onmes</strong></span> <span class='ocrx_word' id='word_1_48' title='bbox 1498 921 1650 977; x_wconf 87' lang='lat' dir='ltr'><strong>reges</strong></span> <span class='ocrx_word' id='word_1_49' title='bbox 1674 906 1940 960; x_wconf 86' lang='lat' dir='ltr'><strong>Christum</strong></span> <span class='ocrx_word' id='word_1_50' title='bbox 1962 903 2055 957; x_wconf 85' lang='lat' dir='ltr'><strong>ha-</strong></span> 
     </span>
    </p>
   </div>
   <div class='ocr_carea' id='block_1_8' title="bbox 489 1000 2051 1075">
    <p class='ocr_par' dir='ltr' id='par_1_8' title="bbox 489 1000 2051 1075">
     <span class='ocr_line' id='line_1_8' title="bbox 489 1000 2051 1075; baseline -0.01 -13"><span class='ocrx_word' id='word_1_51' title='bbox 489 1009 616 1063; x_wconf 86' lang='lat' dir='ltr'><strong>bent</strong></span> <span class='ocrx_word' id='word_1_52' title='bbox 641 1020 845 1075; x_wconf 85' lang='lat' dir='ltr'><strong>regem.</strong></span> <span class='ocrx_word' id='word_1_53' title='bbox 880 1000 1151 1071; x_wconf 80' lang='lat' dir='ltr'><strong>Coniregit</strong></span> <span class='ocrx_word' id='word_1_54' title='bbox 1188 1015 1315 1071; x_wconf 84' lang='lat' dir='ltr'><strong>ergo</strong></span> <span class='ocrx_word' id='word_1_55' title='bbox 1358 1000 1535 1053; x_wconf 86' lang='lat' dir='ltr'><strong>omnia</strong></span> <span class='ocrx_word' id='word_1_56' title='bbox 1581 1012 1741 1067; x_wconf 87' lang='lat' dir='ltr'><strong>regna</strong></span> <span class='ocrx_word' id='word_1_57' title='bbox 1768 1008 2051 1059; x_wconf 88' lang='lat' dir='ltr'><strong>terrarum,</strong></span> 
     </span>
    </p>
   </div>
   <div class='ocr_carea' id='block_1_9' title="bbox 488 1087 2054 1166">
    <p class='ocr_par' dir='ltr' id='par_1_9' title="bbox 488 1087 2054 1166">
     <span class='ocr_line' id='line_1_9' title="bbox 488 1087 2054 1166; baseline -0.01 -13"><span class='ocrx_word' id='word_1_58' title='bbox 488 1108 543 1153; x_wconf 91' lang='lat' dir='ltr'><strong>ut</strong></span> <span class='ocrx_word' id='word_1_59' title='bbox 570 1097 663 1152; x_wconf 90' lang='lat' dir='ltr'><strong>ille</strong></span> <span class='ocrx_word' id='word_1_60' title='bbox 687 1104 890 1166; x_wconf 79' lang='lat' dir='ltr'><strong>regnet.</strong></span> <span class='ocrx_word' id='word_1_61' title='bbox 924 1093 989 1147; x_wconf 87' lang='lat' dir='ltr'><strong>Et</strong></span> <span class='ocrx_word' id='word_1_62' title='bbox 1014 1092 1139 1162; x_wconf 91' lang='lat' dir='ltr'><strong>quid</strong></span> <span class='ocrx_word' id='word_1_63' title='bbox 1176 1091 1304 1145; x_wconf 86' lang='lat' dir='ltr'><strong>dicit</strong></span> <span class='ocrx_word' id='word_1_64' title='bbox 1352 1089 1492 1144; x_wconf 81' lang='lat' dir='ltr'><strong>istc?</strong></span> <span class='ocrx_word' id='word_1_65' title='bbox 1530 1087 1692 1145; x_wconf 77' lang='lat' dir='ltr'><strong>Crevit</strong></span> <span class='ocrx_word' id='word_1_66' title='bbox 1722 1088 1850 1155; x_wconf 84' lang='lat' dir='ltr'><strong>lapis</strong></span> <span class='ocrx_word' id='word_1_67' title='bbox 1877 1087 1980 1150; x_wconf 89' lang='lat' dir='ltr'><strong>ille,</strong></span> <span class='ocrx_word' id='word_1_68' title='bbox 2010 1094 2054 1139; x_wconf 87' lang='lat' dir='ltr'><strong>et</strong></span> 
     </span>
    </p>
   </div>
   <div class='ocr_carea' id='block_1_10' title="bbox 487 1182 2054 1260">
    <p class='ocr_par' dir='ltr' id='par_1_10' title="bbox 487 1182 2054 1260">
     <span class='ocr_line' id='line_1_10' title="bbox 487 1182 2054 1260; baseline -0.008 -16"><span class='ocrx_word' id='word_1_69' title='bbox 487 1195 652 1260; x_wconf 81' lang='lat' dir='ltr'><strong>factus</strong></span> <span class='ocrx_word' id='word_1_70' title='bbox 672 1198 743 1244; x_wconf 87' lang='lat' dir='ltr'><strong>est</strong></span> <span class='ocrx_word' id='word_1_71' title='bbox 770 1204 911 1241; x_wconf 88' lang='lat' dir='ltr'><strong>mons</strong></span> <span class='ocrx_word' id='word_1_72' title='bbox 952 1184 1178 1257; x_wconf 75' lang='lat' dir='ltr'><strong>grandis,</strong></span> <span class='ocrx_word' id='word_1_73' title='bbox 1218 1185 1290 1237; x_wconf 86' lang='lat' dir='ltr'><strong>ita</strong></span> <span class='ocrx_word' id='word_1_74' title='bbox 1316 1194 1367 1237; x_wconf 89' lang='lat' dir='ltr'><strong>ut</strong></span> <span class='ocrx_word' id='word_1_75' title='bbox 1398 1184 1624 1251; x_wconf 78' lang='lat' dir='ltr'><strong>impleret</strong></span> <span class='ocrx_word' id='word_1_76' title='bbox 1666 1182 1947 1234; x_wconf 77' lang='lat' dir='ltr'><strong>universam</strong></span> <span class='ocrx_word' id='word_1_77' title='bbox 1984 1183 2054 1248; x_wconf 79' lang='lat' dir='ltr'><strong>fa-</strong></span> 
     </span>
    </p>
   </div>
   <div class='ocr_carea' id='block_1_11' title="bbox 484 1270 2053 1349">
    <p class='ocr_par' dir='ltr' id='par_1_11' title="bbox 484 1270 2053 1349">
     <span class='ocr_line' id='line_1_11' title="bbox 484 1270 2053 1349; baseline -0.007 -15"><span class='ocrx_word' id='word_1_78' title='bbox 484 1282 610 1334; x_wconf 79' lang='lat' dir='ltr'><strong>ciem</strong></span> <span class='ocrx_word' id='word_1_79' title='bbox 631 1290 778 1335; x_wconf 75' lang='lat' dir='ltr'><strong>term</strong></span> <span class='ocrx_word' id='word_1_80' title='bbox 803 1276 963 1349; x_wconf 89' lang='lat' dir='ltr'><strong>(Dan.</strong></span> <span class='ocrx_word' id='word_1_81' title='bbox 988 1276 1148 1342; x_wconf 68' lang='lat'><strong>11,34,</strong></span> <span class='ocrx_word' id='word_1_82' title='bbox 1179 1276 1247 1331; x_wconf 79' lang='grc'>55</span> <span class='ocrx_word' id='word_1_83' title='bbox 1271 1274 1444 1344; x_wconf 77' lang='lat' dir='ltr'><strong>)Jam</strong></span> <span class='ocrx_word' id='word_1_84' title='bbox 1472 1282 1596 1342; x_wconf 92' lang='lat' dir='ltr'><strong>puto</strong></span> <span class='ocrx_word' id='word_1_85' title='bbox 1621 1272 1740 1341; x_wconf 82' lang='lat' dir='ltr'><strong>quia</strong></span> <span class='ocrx_word' id='word_1_86' title='bbox 1771 1270 2053 1340; x_wconf 84' lang='lat' dir='ltr'><strong>agnoscitis</strong></span> 
     </span>
    </p>
   </div>
   <div class='ocr_carea' id='block_1_12' title="bbox 487 1364 2049 1434">
    <p class='ocr_par' dir='ltr' id='par_1_12' title="bbox 487 1364 2049 1434">
     <span class='ocr_line' id='line_1_12' title="bbox 487 1364 2049 1434; baseline -0.008 -8"><span class='ocrx_word' id='word_1_87' title='bbox 487 1371 777 1426; x_wconf 81' lang='lat' dir='ltr'><strong>Christum.</strong></span> <span class='ocrx_word' id='word_1_88' title='bbox 820 1368 1052 1424; x_wconf 80' lang='lat' dir='ltr'><strong>Audistis</strong></span> <span class='ocrx_word' id='word_1_89' title='bbox 1075 1367 1142 1422; x_wconf 91' lang='lat' dir='ltr'><strong>de</strong></span> <span class='ocrx_word' id='word_1_90' title='bbox 1181 1376 1340 1429; x_wconf 88' lang='lat' dir='ltr'><strong>terra,</strong></span> <span class='ocrx_word' id='word_1_91' title='bbox 1373 1366 1471 1430; x_wconf 85' lang='lat' dir='ltr'><strong>Qui</strong></span> <span class='ocrx_word' id='word_1_92' title='bbox 1515 1364 1670 1418; x_wconf 62' lang='lat' dir='ltr'><strong>dediti</strong></span> <span class='ocrx_word' id='word_1_93' title='bbox 1710 1364 1833 1417; x_wconf 82' lang='lat' dir='ltr'><strong>mihi</strong></span> <span class='ocrx_word' id='word_1_94' title='bbox 1871 1370 2049 1434; x_wconf 82' lang='lat' dir='ltr'><strong>erunt,</strong></span> 
     </span>
    </p>
   </div>
   <div class='ocr_carea' id='block_1_13' title="bbox 485 1456 2051 1533">
    <p class='ocr_par' dir='ltr' id='par_1_13' title="bbox 485 1456 2051 1533">
     <span class='ocr_line' id='line_1_13' title="bbox 485 1456 2051 1533; baseline -0.006 -15"><span class='ocrx_word' id='word_1_95' title='bbox 485 1462 805 1533; x_wconf 72' lang='lat' dir='ltr'><strong>possidebunt</strong></span> <span class='ocrx_word' id='word_1_96' title='bbox 832 1470 1036 1515; x_wconf 86' lang='lat' dir='ltr'><strong>terram.</strong></span> <span class='ocrx_word' id='word_1_97' title='bbox 1074 1458 1307 1513; x_wconf 79' lang='lat' dir='ltr'><strong>Audistis</strong></span> <span class='ocrx_word' id='word_1_98' title='bbox 1340 1457 1485 1512; x_wconf 88' lang='lat' dir='ltr'><strong>etde</strong></span> <span class='ocrx_word' id='word_1_99' title='bbox 1517 1464 1717 1523; x_wconf 90' lang='lat' dir='ltr'><strong>monte,</strong></span> <span class='ocrx_word' id='word_1_100' title='bbox 1759 1456 1826 1510; x_wconf 87' lang='lat' dir='ltr'><strong>Et</strong></span> <span class='ocrx_word' id='word_1_101' title='bbox 1849 1456 2051 1510; x_wconf 81' lang='lat' dir='ltr'><strong>inhabi-</strong></span> 
     </span>
    </p>
   </div>
   <div class='ocr_carea' id='block_1_14' title="bbox 484 1545 2051 1618">
    <p class='ocr_par' dir='ltr' id='par_1_14' title="bbox 484 1545 2051 1618">
     <span class='ocr_line' id='line_1_14' title="bbox 484 1545 2051 1618; baseline -0.007 -11"><span class='ocrx_word' id='word_1_102' title='bbox 484 1554 656 1607; x_wconf 73' lang='lat' dir='ltr'><strong>tabant</strong></span> <span class='ocrx_word' id='word_1_103' title='bbox 675 1560 892 1606; x_wconf 84' lang='lat' dir='ltr'><strong>montem</strong></span> <span class='ocrx_word' id='word_1_104' title='bbox 913 1558 1145 1603; x_wconf 81' lang='lat' dir='ltr'><strong>sanctum</strong></span> <span class='ocrx_word' id='word_1_105' title='bbox 1174 1565 1362 1601; x_wconf 76' lang='lat' dir='ltr'><strong>meum.</strong></span> <span class='ocrx_word' id='word_1_106' title='bbox 1393 1545 1506 1601; x_wconf 85' lang='lat' dir='ltr'><strong>Has</strong></span> <span class='ocrx_word' id='word_1_107' title='bbox 1548 1563 1664 1618; x_wconf 85' lang='lat' dir='ltr'><strong>ergo</strong></span> <span class='ocrx_word' id='word_1_108' title='bbox 1702 1546 2051 1615; x_wconf 77' lang='lat' dir='ltr'><strong>promissiones</strong></span> 
     </span>
    </p>
   </div>
   <div class='ocr_carea' id='block_1_15' title="bbox 485 1638 2049 1709">
    <p class='ocr_par' dir='ltr' id='par_1_15' title="bbox 485 1638 2049 1709">
     <span class='ocr_line' id='line_1_15' title="bbox 485 1638 2049 1709; baseline -0.006 -10"><span class='ocrx_word' id='word_1_109' title='bbox 485 1646 741 1709; x_wconf 78' lang='lat' dir='ltr'><strong>nubentes,</strong></span> <span class='ocrx_word' id='word_1_110' title='bbox 759 1643 1061 1707; x_wconf 82' lang='lat' dir='ltr'><strong>charissimi,</strong></span> <span class='ocrx_word' id='word_1_111' title='bbox 1084 1641 1378 1694; x_wconf 72' lang='lat' dir='ltr'><strong>mandemus</strong></span> <span class='ocrx_word' id='word_1_112' title='bbox 1399 1655 1489 1693; x_wconf 87' lang='lat' dir='ltr'><strong>nos</strong></span> <span class='ocrx_word' id='word_1_113' title='bbox 1510 1640 1573 1693; x_wconf 87' lang='lat' dir='ltr'><strong>ab</strong></span> <span class='ocrx_word' id='word_1_114' title='bbox 1600 1639 1735 1693; x_wconf 88' lang='lat' dir='ltr'><strong>omni</strong></span> <span class='ocrx_word' id='word_1_115' title='bbox 1754 1638 2049 1708; x_wconf 85' lang='lat' dir='ltr'><strong>coinquina-</strong></span> 
     </span>
    </p>
   </div>
   <div class='ocr_carea' id='block_1_16' title="bbox 484 1727 2052 1801">
    <p class='ocr_par' dir='ltr' id='par_1_16' title="bbox 484 1727 2052 1801">
     <span class='ocr_line' id='line_1_16' title="bbox 484 1727 2052 1801; baseline -0.004 -12"><span class='ocrx_word' id='word_1_116' title='bbox 484 1734 618 1789; x_wconf 84' lang='lat' dir='ltr'><strong>tiane</strong></span> <span class='ocrx_word' id='word_1_117' title='bbox 636 1733 801 1788; x_wconf 86' lang='lat' dir='ltr'><strong>carnis</strong></span> <span class='ocrx_word' id='word_1_118' title='bbox 831 1741 877 1786; x_wconf 84' lang='lat' dir='ltr'><strong>et</strong></span> <span class='ocrx_word' id='word_1_119' title='bbox 896 1732 1120 1801; x_wconf 77' lang='lat' dir='ltr'><strong>spiritus.</strong></span> <span class='ocrx_word' id='word_1_120' title='bbox 1151 1730 1255 1786; x_wconf 88' lang='lat' dir='ltr'><strong>Sed</strong></span> <span class='ocrx_word' id='word_1_121' title='bbox 1282 1729 1419 1785; x_wconf 90' lang='lat' dir='ltr'><strong>forte</strong></span> <span class='ocrx_word' id='word_1_122' title='bbox 1447 1730 1605 1783; x_wconf 78' lang='lat' dir='ltr'><strong>vultis</strong></span> <span class='ocrx_word' id='word_1_123' title='bbox 1631 1743 1790 1783; x_wconf 90' lang='lat' dir='ltr'><strong>nosse</strong></span> <span class='ocrx_word' id='word_1_124' title='bbox 1820 1727 1946 1796; x_wconf 86' lang='lat' dir='ltr'><strong>quid</strong></span> <span class='ocrx_word' id='word_1_125' title='bbox 1969 1736 2052 1782; x_wconf 90' lang='lat' dir='ltr'><strong>est</strong></span> 
     </span>
    </p>
   </div>
   <div class='ocr_carea' id='block_1_17' title="bbox 486 1820 2051 1894">
    <p class='ocr_par' dir='ltr' id='par_1_17' title="bbox 486 1820 2051 1894">
     <span class='ocr_line' id='line_1_17' title="bbox 486 1820 2051 1894; baseline -0.003 -15"><span class='ocrx_word' id='word_1_126' title='bbox 486 1824 702 1894; x_wconf 67' lang='lat' dir='ltr'><strong>prmcidi</strong></span> <span class='ocrx_word' id='word_1_127' title='bbox 726 1823 839 1877; x_wconf 88' lang='lat' dir='ltr'><strong>sine</strong></span> <span class='ocrx_word' id='word_1_128' title='bbox 860 1822 1121 1877; x_wconf 89' lang='lat' dir='ltr'><strong>manibus.</strong></span> <span class='ocrx_word' id='word_1_129' title='bbox 1141 1821 1255 1876; x_wconf 79' lang='lat' dir='ltr'><strong>Hoc</strong></span> <span class='ocrx_word' id='word_1_130' title='bbox 1271 1822 1411 1877; x_wconf 91' lang='lat' dir='ltr'><strong>cnim</strong></span> <span class='ocrx_word' id='word_1_131' title='bbox 1436 1821 1582 1891; x_wconf 89' lang='lat' dir='ltr'><strong>quasi</strong></span> <span class='ocrx_word' id='word_1_132' title='bbox 1611 1821 1835 1875; x_wconf 88' lang='lat' dir='ltr'><strong>obscure</strong></span> <span class='ocrx_word' id='word_1_133' title='bbox 1862 1820 1932 1873; x_wconf 90' lang='lat' dir='ltr'><strong>ibi</strong></span> <span class='ocrx_word' id='word_1_134' title='bbox 1956 1836 2051 1890; x_wconf 89' lang='lat' dir='ltr'><strong>po-</strong></span> 
     </span>
    </p>
   </div>
   <div class='ocr_carea' id='block_1_18' title="bbox 484 1912 2047 1985">
    <p class='ocr_par' dir='ltr' id='par_1_18' title="bbox 484 1912 2047 1985">
     <span class='ocr_line' id='line_1_18' title="bbox 484 1912 2047 1985; baseline -0.002 -17"><span class='ocrx_word' id='word_1_135' title='bbox 484 1916 642 1968; x_wconf 84' lang='lat' dir='ltr'><strong>situm</strong></span> <span class='ocrx_word' id='word_1_136' title='bbox 665 1922 745 1968; x_wconf 91' lang='lat' dir='ltr'><strong>est</strong></span> <span class='ocrx_word' id='word_1_137' title='bbox 777 1930 789 1966; x_wconf 88' lang='lat'><strong>:</strong></span> <span class='ocrx_word' id='word_1_138' title='bbox 822 1912 1136 1983; x_wconf 86' lang='lat' dir='ltr'><strong>quibusdam</strong></span> <span class='ocrx_word' id='word_1_139' title='bbox 1184 1927 1312 1985; x_wconf 81' lang='lat' dir='ltr'><strong>vero</strong></span> <span class='ocrx_word' id='word_1_140' title='bbox 1354 1912 1462 1982; x_wconf 88' lang='lat' dir='ltr'><strong>jam</strong></span> <span class='ocrx_word' id='word_1_141' title='bbox 1486 1912 1738 1977; x_wconf 89' lang='lat' dir='ltr'><strong>occurrit,</strong></span> <span class='ocrx_word' id='word_1_142' title='bbox 1770 1921 2047 1981; x_wconf 83' lang='lat' dir='ltr'><strong>antequam</strong></span> 
     </span>
    </p>
   </div>
   <div class='ocr_carea' id='block_1_19' title="bbox 484 2003 2046 2073">
    <p class='ocr_par' dir='ltr' id='par_1_19' title="bbox 484 2003 2046 2073">
     <span class='ocr_line' id='line_1_19' title="bbox 484 2003 2046 2073; baseline 0 -16"><span class='ocrx_word' id='word_1_143' title='bbox 484 2003 697 2058; x_wconf 84' lang='lat' dir='ltr'><strong>dicam:</strong></span> <span class='ocrx_word' id='word_1_144' title='bbox 728 2003 821 2057; x_wconf 87' lang='lat' dir='ltr'><strong>sed</strong></span> <span class='ocrx_word' id='word_1_145' title='bbox 881 2003 1143 2072; x_wconf 88' lang='lat' dir='ltr'><strong>patiantur</strong></span> <span class='ocrx_word' id='word_1_146' title='bbox 1187 2017 1364 2056; x_wconf 89' lang='lat' dir='ltr'><strong>moras</strong></span> <span class='ocrx_word' id='word_1_147' title='bbox 1410 2003 1610 2073; x_wconf 89' lang='lat' dir='ltr'><strong>aliquas</strong></span> <span class='ocrx_word' id='word_1_148' title='bbox 1640 2013 1853 2073; x_wconf 86' lang='lat' dir='ltr'><strong>propter</strong></span> <span class='ocrx_word' id='word_1_149' title='bbox 1894 2004 2046 2068; x_wconf 86' lang='lat' dir='ltr'><strong>alios,</strong></span> 
     </span>
    </p>
   </div>
   <div class='ocr_carea' id='block_1_20' title="bbox 485 2094 2047 2165">
    <p class='ocr_par' dir='ltr' id='par_1_20' title="bbox 485 2094 2047 2165">
     <span class='ocr_line' id='line_1_20' title="bbox 485 2094 2047 2165; baseline -0.001 -15"><span class='ocrx_word' id='word_1_150' title='bbox 485 2096 575 2164; x_wconf 89' lang='lat' dir='ltr'><strong>qui</strong></span> <span class='ocrx_word' id='word_1_151' title='bbox 600 2095 832 2165; x_wconf 86' lang='lat' dir='ltr'><strong>cogitare</strong></span> <span class='ocrx_word' id='word_1_152' title='bbox 858 2094 982 2149; x_wconf 90' lang='lat' dir='ltr'><strong>inde</strong></span> <span class='ocrx_word' id='word_1_153' title='bbox 1010 2109 1115 2150; x_wconf 91' lang='lat' dir='ltr'><strong>non</strong></span> <span class='ocrx_word' id='word_1_154' title='bbox 1163 2104 1400 2163; x_wconf 88' lang='lat' dir='ltr'><strong>possunt,</strong></span> <span class='ocrx_word' id='word_1_155' title='bbox 1447 2095 1546 2147; x_wconf 82' lang='lat' dir='ltr'><strong>nisi</strong></span> <span class='ocrx_word' id='word_1_156' title='bbox 1577 2111 1670 2163; x_wconf 86' lang='lat' dir='ltr'><strong>per</strong></span> <span class='ocrx_word' id='word_1_157' title='bbox 1716 2109 1815 2148; x_wconf 92' lang='lat' dir='ltr'><strong>nos</strong></span> <span class='ocrx_word' id='word_1_158' title='bbox 1854 2095 2047 2164; x_wconf 88' lang='lat' dir='ltr'><strong>aliquid</strong></span> 
     </span>
    </p>
   </div>
   <div class='ocr_carea' id='block_1_21' title="bbox 483 2183 2048 2251">
    <p class='ocr_par' dir='ltr' id='par_1_21' title="bbox 483 2183 2048 2251">
     <span class='ocr_line' id='line_1_21' title="bbox 483 2183 2048 2251; baseline 0 -14"><span class='ocrx_word' id='word_1_159' title='bbox 483 2186 764 2241; x_wconf 82' lang='lat' dir='ltr'><strong>audierint.</strong></span> <span class='ocrx_word' id='word_1_160' title='bbox 807 2183 941 2251; x_wconf 83' lang='lat' dir='ltr'><strong>Quid</strong></span> <span class='ocrx_word' id='word_1_161' title='bbox 973 2192 1073 2250; x_wconf 90' lang='lat' dir='ltr'><strong>est,</strong></span> <span class='ocrx_word' id='word_1_162' title='bbox 1096 2185 1203 2238; x_wconf 87' lang='lat' dir='ltr'><strong>sine</strong></span> <span class='ocrx_word' id='word_1_163' title='bbox 1226 2184 1493 2237; x_wconf 83' lang='lat' dir='ltr'><strong>manibus?</strong></span> <span class='ocrx_word' id='word_1_164' title='bbox 1529 2184 1655 2237; x_wconf 88' lang='lat' dir='ltr'><strong>Sine</strong></span> <span class='ocrx_word' id='word_1_165' title='bbox 1679 2198 1837 2251; x_wconf 89' lang='lat' dir='ltr'><strong>opere</strong></span> <span class='ocrx_word' id='word_1_166' title='bbox 1874 2183 2048 2237; x_wconf 87' lang='lat' dir='ltr'><strong>homi-</strong></span> 
     </span>
    </p>
   </div>
   <div class='ocr_carea' id='block_1_22' title="bbox 481 2269 2048 2340">
    <p class='ocr_par' dir='ltr' id='par_1_22' title="bbox 481 2269 2048 2340">
     <span class='ocr_line' id='line_1_22' title="bbox 481 2269 2048 2340; baseline -0.001 -13"><span class='ocrx_word' id='word_1_167' title='bbox 481 2274 584 2328; x_wconf 88' lang='lat' dir='ltr'><strong>nis.</strong></span> <span class='ocrx_word' id='word_1_168' title='bbox 622 2273 685 2327; x_wconf 87' lang='lat' dir='ltr'><strong>Et</strong></span> <span class='ocrx_word' id='word_1_169' title='bbox 718 2271 845 2327; x_wconf 89' lang='lat' dir='ltr'><strong>illud</strong></span> <span class='ocrx_word' id='word_1_170' title='bbox 865 2270 1353 2327; x_wconf 86' lang='lat' dir='ltr'><strong>advertatCharitas</strong></span> <span class='ocrx_word' id='word_1_171' title='bbox 1371 2279 1564 2336; x_wconf 83' lang='lat' dir='ltr'><strong>vestra,</strong></span> <span class='ocrx_word' id='word_1_172' title='bbox 1592 2269 1799 2335; x_wconf 81' lang='lat' dir='ltr'><strong>fratres,</strong></span> <span class='ocrx_word' id='word_1_173' title='bbox 1821 2271 2048 2340; x_wconf 84' lang='lat' dir='ltr'><strong>lapidem</strong></span> 
     </span>
    </p>
   </div>
   <div class='ocr_carea' id='block_1_23' title="bbox 485 2360 2049 2430">
    <p class='ocr_par' dir='ltr' id='par_1_23' title="bbox 485 2360 2049 2430">
     <span class='ocr_line' id='line_1_23' title="bbox 485 2360 2049 2430; baseline -0.001 -17"><span class='ocrx_word' id='word_1_174' title='bbox 485 2362 759 2430; x_wconf 70' lang='lat' dir='ltr'><strong>przecisum</strong></span> <span class='ocrx_word' id='word_1_175' title='bbox 782 2360 851 2416; x_wconf 89' lang='lat' dir='ltr'><strong>de</strong></span> <span class='ocrx_word' id='word_1_176' title='bbox 865 2368 1064 2426; x_wconf 87' lang='lat' dir='ltr'><strong>monte,</strong></span> <span class='ocrx_word' id='word_1_177' title='bbox 1089 2368 1144 2415; x_wconf 88' lang='lat' dir='ltr'><strong>et</strong></span> <span class='ocrx_word' id='word_1_178' title='bbox 1164 2360 1358 2415; x_wconf 87' lang='lat' dir='ltr'><strong>factum</strong></span> <span class='ocrx_word' id='word_1_179' title='bbox 1383 2373 1501 2413; x_wconf 81' lang='lat' dir='ltr'><strong>esse</strong></span> <span class='ocrx_word' id='word_1_180' title='bbox 1519 2368 1771 2413; x_wconf 88' lang='lat' dir='ltr'><strong>montem.</strong></span> <span class='ocrx_word' id='word_1_181' title='bbox 1800 2360 1871 2414; x_wconf 90' lang='lat' dir='ltr'><strong>De</strong></span> <span class='ocrx_word' id='word_1_182' title='bbox 1898 2375 2049 2413; x_wconf 80' lang='lat' dir='ltr'><strong>mon-</strong></span> 
     </span>
    </p>
   </div>
   <div class='ocr_carea' id='block_1_24' title="bbox 485 2449 2045 2523">
    <p class='ocr_par' dir='ltr' id='par_1_24' title="bbox 485 2449 2045 2523">
     <span class='ocr_line' id='line_1_24' title="bbox 485 2449 2045 2523; baseline 0.001 -18"><span class='ocrx_word' id='word_1_183' title='bbox 485 2462 537 2508; x_wconf 87' lang='lat' dir='ltr'><strong>te</strong></span> <span class='ocrx_word' id='word_1_184' title='bbox 566 2451 842 2523; x_wconf 70' lang='lat' dir='ltr'><strong>prmcisus,</strong></span> <span class='ocrx_word' id='word_1_185' title='bbox 859 2460 914 2507; x_wconf 88' lang='lat' dir='ltr'><strong>et</strong></span> <span class='ocrx_word' id='word_1_186' title='bbox 941 2466 1094 2506; x_wconf 91' lang='lat' dir='ltr'><strong>mons</strong></span> <span class='ocrx_word' id='word_1_187' title='bbox 1134 2449 1300 2505; x_wconf 88' lang='lat' dir='ltr'><strong>factus</strong></span> <span class='ocrx_word' id='word_1_188' title='bbox 1334 2459 1417 2506; x_wconf 87' lang='lat' dir='ltr'><strong>est</strong></span> <span class='ocrx_word' id='word_1_189' title='bbox 1440 2450 1729 2505; x_wconf 86' lang='lat' dir='ltr'><strong>crescendo</strong></span> <span class='ocrx_word' id='word_1_190' title='bbox 1756 2468 1766 2503; x_wconf 92' lang='lat'><strong>:</strong></span> <span class='ocrx_word' id='word_1_191' title='bbox 1793 2450 1886 2505; x_wconf 89' lang='lat' dir='ltr'><strong>sed</strong></span> <span class='ocrx_word' id='word_1_192' title='bbox 1914 2468 2045 2521; x_wconf 91' lang='lat' dir='ltr'><strong>qua-</strong></span> 
     </span>
    </p>
   </div>
   <div class='ocr_carea' id='block_1_25' title="bbox 484 2540 2046 2611">
    <p class='ocr_par' dir='ltr' id='par_1_25' title="bbox 484 2540 2046 2611">
     <span class='ocr_line' id='line_1_25' title="bbox 484 2540 2046 2611; baseline 0 -15"><span class='ocrx_word' id='word_1_193' title='bbox 484 2543 550 2597; x_wconf 83' lang='lat' dir='ltr'><strong>lis</strong></span> <span class='ocrx_word' id='word_1_194' title='bbox 579 2556 733 2596; x_wconf 88' lang='lat' dir='ltr'><strong>mons</strong></span> <span class='ocrx_word' id='word_1_195' title='bbox 754 2540 966 2597; x_wconf 86' lang='lat' dir='ltr'><strong>factus?</strong></span> <span class='ocrx_word' id='word_1_196' title='bbox 1008 2540 1127 2597; x_wconf 83' lang='lat' dir='ltr'><strong>Non</strong></span> <span class='ocrx_word' id='word_1_197' title='bbox 1158 2542 1293 2606; x_wconf 89' lang='lat' dir='ltr'><strong>talis,</strong></span> <span class='ocrx_word' id='word_1_198' title='bbox 1324 2541 1493 2611; x_wconf 86' lang='lat' dir='ltr'><strong>qualis</strong></span> <span class='ocrx_word' id='word_1_199' title='bbox 1521 2540 1607 2596; x_wconf 91' lang='lat' dir='ltr'><strong>ille</strong></span> <span class='ocrx_word' id='word_1_200' title='bbox 1637 2540 1774 2595; x_wconf 86' lang='lat' dir='ltr'><strong>unde</strong></span> <span class='ocrx_word' id='word_1_201' title='bbox 1798 2542 2046 2611; x_wconf 72' lang='lat' dir='ltr'><strong>praecisus</strong></span> 
     </span>
    </p>
   </div>
   <div class='ocr_carea' id='block_1_26' title="bbox 479 2629 2045 2700">
    <p class='ocr_par' dir='ltr' id='par_1_26' title="bbox 479 2629 2045 2700">
     <span class='ocr_line' id='line_1_26' title="bbox 479 2629 2045 2700; baseline -0.002 -13"><span class='ocrx_word' id='word_1_202' title='bbox 479 2640 563 2687; x_wconf 88' lang='lat' dir='ltr'><strong>est</strong></span> <span class='ocrx_word' id='word_1_203' title='bbox 593 2650 609 2689; x_wconf 93' lang='lat'><strong>:</strong></span> <span class='ocrx_word' id='word_1_204' title='bbox 647 2647 770 2687; x_wconf 87' lang='lat' dir='ltr'><strong>nam</strong></span> <span class='ocrx_word' id='word_1_205' title='bbox 795 2631 861 2687; x_wconf 89' lang='lat' dir='ltr'><strong>de</strong></span> <span class='ocrx_word' id='word_1_206' title='bbox 899 2632 992 2687; x_wconf 90' lang='lat' dir='ltr'><strong>illo</strong></span> <span class='ocrx_word' id='word_1_207' title='bbox 1020 2640 1218 2695; x_wconf 91' lang='lat' dir='ltr'><strong>monte,</strong></span> <span class='ocrx_word' id='word_1_208' title='bbox 1252 2630 1392 2686; x_wconf 90' lang='lat' dir='ltr'><strong>unde</strong></span> <span class='ocrx_word' id='word_1_209' title='bbox 1426 2629 1679 2700; x_wconf 76' lang='lat' dir='ltr'><strong>przecisus</strong></span> <span class='ocrx_word' id='word_1_210' title='bbox 1704 2639 1806 2696; x_wconf 87' lang='lat' dir='ltr'><strong>est,</strong></span> <span class='ocrx_word' id='word_1_211' title='bbox 1837 2646 1940 2684; x_wconf 93' lang='lat' dir='ltr'><strong>non</strong></span> <span class='ocrx_word' id='word_1_212' title='bbox 1962 2631 2045 2684; x_wconf 86' lang='lat' dir='ltr'><strong>di-</strong></span> 
     </span>
    </p>
   </div>
   <div class='ocr_carea' id='block_1_27' title="bbox 478 2723 2045 2796">
    <p class='ocr_par' dir='ltr' id='par_1_27' title="bbox 478 2723 2045 2796">
     <span class='ocr_line' id='line_1_27' title="bbox 478 2723 2045 2796; baseline -0.004 -14"><span class='ocrx_word' id='word_1_213' title='bbox 478 2736 620 2782; x_wconf 78' lang='lat' dir='ltr'><strong>ctum</strong></span> <span class='ocrx_word' id='word_1_214' title='bbox 645 2736 746 2793; x_wconf 88' lang='lat' dir='ltr'><strong>est,</strong></span> <span class='ocrx_word' id='word_1_215' title='bbox 773 2726 949 2783; x_wconf 87' lang='lat' dir='ltr'><strong>Crevit</strong></span> <span class='ocrx_word' id='word_1_216' title='bbox 985 2734 1040 2782; x_wconf 93' lang='lat' dir='ltr'><strong>et</strong></span> <span class='ocrx_word' id='word_1_217' title='bbox 1058 2726 1294 2796; x_wconf 90' lang='lat' dir='ltr'><strong>implevit</strong></span> <span class='ocrx_word' id='word_1_218' title='bbox 1345 2726 1642 2780; x_wconf 86' lang='lat' dir='ltr'><strong>universam</strong></span> <span class='ocrx_word' id='word_1_219' title='bbox 1691 2733 1905 2779; x_wconf 86' lang='lat' dir='ltr'><strong>terram.</strong></span> <span class='ocrx_word' id='word_1_220' title='bbox 1934 2723 2045 2777; x_wconf 91' lang='lat' dir='ltr'><strong>Duo</strong></span> 
     </span>
    </p>
   </div>
   <div class='ocr_carea' id='block_1_28' title="bbox 479 2813 2044 2888">
    <p class='ocr_par' dir='ltr' id='par_1_28' title="bbox 479 2813 2044 2888">
     <span class='ocr_line' id='line_1_28' title="bbox 479 2813 2044 2888; baseline -0.003 -17"><span class='ocrx_word' id='word_1_221' title='bbox 479 2826 685 2872; x_wconf 86' lang='lat' dir='ltr'><strong>montes</strong></span> <span class='ocrx_word' id='word_1_222' title='bbox 708 2824 833 2872; x_wconf 88' lang='lat' dir='ltr'><strong>sunt</strong></span> <span class='ocrx_word' id='word_1_223' title='bbox 859 2832 986 2888; x_wconf 89' lang='lat' dir='ltr'><strong>ergo</strong></span> <span class='ocrx_word' id='word_1_224' title='bbox 1014 2833 1030 2869; x_wconf 90' lang='lat'><strong>:</strong></span> <span class='ocrx_word' id='word_1_225' title='bbox 1060 2817 1260 2885; x_wconf 89' lang='lat' dir='ltr'><strong>primus</strong></span> <span class='ocrx_word' id='word_1_226' title='bbox 1279 2831 1432 2871; x_wconf 92' lang='lat' dir='ltr'><strong>mons</strong></span> <span class='ocrx_word' id='word_1_227' title='bbox 1452 2816 1749 2886; x_wconf 81' lang='lat' dir='ltr'><strong>Synagoga,</strong></span> <span class='ocrx_word' id='word_1_228' title='bbox 1781 2813 2044 2869; x_wconf 89' lang='lat' dir='ltr'><strong>secundus</strong></span> 
     </span>
    </p>
   </div>
   <div class='ocr_carea' id='block_1_29' title="bbox 481 2905 2045 2976">
    <p class='ocr_par' dir='ltr' id='par_1_29' title="bbox 481 2905 2045 2976">
     <span class='ocr_line' id='line_1_29' title="bbox 481 2905 2045 2976; baseline -0.004 -13"><span class='ocrx_word' id='word_1_229' title='bbox 481 2907 717 2963; x_wconf 82' lang='lat' dir='ltr'><strong>Ecclesia</strong></span> <span class='ocrx_word' id='word_1_230' title='bbox 749 2924 762 2960; x_wconf 89' lang='lat'><strong>:</strong></span> <span class='ocrx_word' id='word_1_231' title='bbox 788 2907 997 2976; x_wconf 89' lang='lat' dir='ltr'><strong>primus</strong></span> <span class='ocrx_word' id='word_1_232' title='bbox 1028 2922 1204 2972; x_wconf 90' lang='lat' dir='ltr'><strong>mons,</strong></span> <span class='ocrx_word' id='word_1_233' title='bbox 1230 2906 1454 2975; x_wconf 88' lang='lat' dir='ltr'><strong>populus</strong></span> <span class='ocrx_word' id='word_1_234' title='bbox 1481 2905 1781 2960; x_wconf 74' lang='lat' dir='ltr'><strong>Judazorum</strong></span> <span class='ocrx_word' id='word_1_235' title='bbox 1807 2921 1821 2968; x_wconf 94' lang='lat'><strong>;</strong></span> <span class='ocrx_word' id='word_1_236' title='bbox 1854 2919 2045 2958; x_wconf 89' lang='lat' dir='ltr'><strong>secun-</strong></span> 
     </span>
    </p>
   </div>
   <div class='ocr_carea' id='block_1_30' title="bbox 478 2996 2044 3070">
    <p class='ocr_par' dir='ltr' id='par_1_30' title="bbox 478 2996 2044 3070">
     <span class='ocr_line' id='line_1_30' title="bbox 478 2996 2044 3070; baseline -0.002 -17"><span class='ocrx_word' id='word_1_237' title='bbox 478 3001 575 3053; x_wconf 89' lang='lat' dir='ltr'><strong>dus</strong></span> <span class='ocrx_word' id='word_1_238' title='bbox 601 3012 773 3063; x_wconf 88' lang='lat' dir='ltr'><strong>mons,</strong></span> <span class='ocrx_word' id='word_1_239' title='bbox 798 2998 1023 3070; x_wconf 90' lang='lat' dir='ltr'><strong>populus</strong></span> <span class='ocrx_word' id='word_1_240' title='bbox 1048 2997 1396 3052; x_wconf 87' lang='lat' dir='ltr'><strong>Christianus.</strong></span> <span class='ocrx_word' id='word_1_241' title='bbox 1425 2996 1529 3051; x_wconf 86' lang='lat' dir='ltr'><strong>Sed</strong></span> <span class='ocrx_word' id='word_1_242' title='bbox 1557 3005 1614 3049; x_wconf 91' lang='lat' dir='ltr'><strong>ut</strong></span> <span class='ocrx_word' id='word_1_243' title='bbox 1646 2996 1797 3049; x_wconf 83' lang='lat' dir='ltr'><strong>fieret</strong></span> <span class='ocrx_word' id='word_1_244' title='bbox 1818 2996 2044 3064; x_wconf 86' lang='lat' dir='ltr'><strong>populus</strong></span> 
     </span>
    </p>
   </div>
   <div class='ocr_carea' id='block_1_31' title="bbox 478 3088 2043 3159">
    <p class='ocr_par' dir='ltr' id='par_1_31' title="bbox 478 3088 2043 3159">
     <span class='ocr_line' id='line_1_31' title="bbox 478 3088 2043 3159; baseline -0.001 -16"><span class='ocrx_word' id='word_1_245' title='bbox 478 3090 809 3144; x_wconf 72' lang='lat' dir='ltr'><strong>Christianus</strong></span> <span class='ocrx_word' id='word_1_246' title='bbox 834 3103 1057 3159; x_wconf 88' lang='lat' dir='ltr'><strong>magnus</strong></span> <span class='ocrx_word' id='word_1_247' title='bbox 1078 3102 1251 3151; x_wconf 90' lang='lat' dir='ltr'><strong>mons,</strong></span> <span class='ocrx_word' id='word_1_248' title='bbox 1272 3096 1327 3142; x_wconf 91' lang='lat' dir='ltr'><strong>et</strong></span> <span class='ocrx_word' id='word_1_249' title='bbox 1350 3088 1595 3157; x_wconf 86' lang='lat' dir='ltr'><strong>impleret</strong></span> <span class='ocrx_word' id='word_1_250' title='bbox 1621 3088 1918 3142; x_wconf 88' lang='lat' dir='ltr'><strong>universam</strong></span> <span class='ocrx_word' id='word_1_251' title='bbox 1943 3097 2043 3141; x_wconf 89' lang='lat' dir='ltr'><strong>ter-</strong></span> 
     </span>
    </p>
   </div>
   <div class='ocr_carea' id='block_1_32' title="bbox 476 3179 2040 3248">
    <p class='ocr_par' dir='ltr' id='par_1_32' title="bbox 476 3179 2040 3248">
     <span class='ocr_line' id='line_1_32' title="bbox 476 3179 2040 3248; baseline -0.001 -14"><span class='ocrx_word' id='word_1_252' title='bbox 476 3196 609 3247; x_wconf 85' lang='lat' dir='ltr'><strong>ram,</strong></span> <span class='ocrx_word' id='word_1_253' title='bbox 640 3179 707 3235; x_wconf 90' lang='lat' dir='ltr'><strong>de</strong></span> <span class='ocrx_word' id='word_1_254' title='bbox 735 3180 825 3235; x_wconf 91' lang='lat' dir='ltr'><strong>illo</strong></span> <span class='ocrx_word' id='word_1_255' title='bbox 855 3189 1035 3234; x_wconf 91' lang='lat' dir='ltr'><strong>monte</strong></span> <span class='ocrx_word' id='word_1_256' title='bbox 1064 3179 1315 3248; x_wconf 72' lang='lat' dir='ltr'><strong>prmcisus</strong></span> <span class='ocrx_word' id='word_1_257' title='bbox 1348 3187 1429 3234; x_wconf 90' lang='lat' dir='ltr'><strong>est</strong></span> <span class='ocrx_word' id='word_1_258' title='bbox 1484 3179 1639 3248; x_wconf 85' lang='lat' dir='ltr'><strong>lapis,</strong></span> <span class='ocrx_word' id='word_1_259' title='bbox 1681 3179 1801 3248; x_wconf 89' lang='lat' dir='ltr'><strong>quia</strong></span> <span class='ocrx_word' id='word_1_260' title='bbox 1847 3179 1913 3234; x_wconf 89' lang='lat' dir='ltr'><strong>de</strong></span> <span class='ocrx_word' id='word_1_261' title='bbox 1944 3179 2040 3233; x_wconf 86' lang='lat' dir='ltr'><strong>Ju-</strong></span> 
     </span>
    </p>
   </div>
   <div class='ocr_carea' id='block_1_33' title="bbox 478 3268 2041 3340">
    <p class='ocr_par' dir='ltr' id='par_1_33' title="bbox 478 3268 2041 3340">
     <span class='ocr_line' id='line_1_33' title="bbox 478 3268 2041 3340; baseline 0.001 -17"><span class='ocrx_word' id='word_1_262' title='bbox 478 3270 608 3325; x_wconf 59' lang='lat' dir='ltr'><strong>dteis</strong></span> <span class='ocrx_word' id='word_1_263' title='bbox 630 3269 776 3324; x_wconf 90' lang='lat' dir='ltr'><strong>venit</strong></span> <span class='ocrx_word' id='word_1_264' title='bbox 812 3269 1078 3324; x_wconf 84' lang='lat' dir='ltr'><strong>Christus.</strong></span> <span class='ocrx_word' id='word_1_265' title='bbox 1107 3268 1281 3336; x_wconf 85' lang='lat' dir='ltr'><strong>Quare</strong></span> <span class='ocrx_word' id='word_1_266' title='bbox 1319 3284 1445 3340; x_wconf 88' lang='lat' dir='ltr'><strong>ergo</strong></span> <span class='ocrx_word' id='word_1_267' title='bbox 1477 3270 1583 3323; x_wconf 84' lang='lat' dir='ltr'><strong>sine</strong></span> <span class='ocrx_word' id='word_1_268' title='bbox 1616 3270 1880 3324; x_wconf 84' lang='lat' dir='ltr'><strong>manibus?</strong></span> <span class='ocrx_word' id='word_1_269' title='bbox 1914 3269 2041 3325; x_wconf 90' lang='lat' dir='ltr'><strong>Sine</strong></span> 
     </span>
    </p>
   </div>
   <div class='ocr_carea' id='block_1_34' title="bbox 474 3358 2035 3431">
    <p class='ocr_par' dir='ltr' id='par_1_34' title="bbox 474 3358 2035 3431">
     <span class='ocr_line' id='line_1_34' title="bbox 474 3358 2035 3431; baseline 0.003 -19"><span class='ocrx_word' id='word_1_270' title='bbox 474 3374 636 3428; x_wconf 90' lang='lat' dir='ltr'><strong>opere</strong></span> <span class='ocrx_word' id='word_1_271' title='bbox 662 3358 910 3413; x_wconf 91' lang='lat' dir='ltr'><strong>humano.</strong></span> <span class='ocrx_word' id='word_1_272' title='bbox 946 3358 1190 3413; x_wconf 86' lang='lat' dir='ltr'><strong>Christus</strong></span> <span class='ocrx_word' id='word_1_273' title='bbox 1220 3360 1359 3413; x_wconf 90' lang='lat' dir='ltr'><strong>enim</strong></span> <span class='ocrx_word' id='word_1_274' title='bbox 1388 3368 1539 3415; x_wconf 86' lang='lat' dir='ltr'><strong>natus</strong></span> <span class='ocrx_word' id='word_1_275' title='bbox 1559 3360 1628 3415; x_wconf 89' lang='lat' dir='ltr'><strong>de</strong></span> <span class='ocrx_word' id='word_1_276' title='bbox 1654 3361 1875 3431; x_wconf 86' lang='lat' dir='ltr'><strong>virgine,</strong></span> <span class='ocrx_word' id='word_1_277' title='bbox 1911 3362 2035 3417; x_wconf 87' lang='lat' dir='ltr'><strong>sine</strong></span> 
     </span>
    </p>
   </div>
   <div class='ocr_carea' id='block_1_35' title="bbox 481 3450 1445 3520">
    <p class='ocr_par' dir='ltr' id='par_1_35' title="bbox 481 3450 1445 3520">
     <span class='ocr_line' id='line_1_35' title="bbox 481 3450 1445 3520; baseline -0.001 -15"><span class='ocrx_word' id='word_1_278' title='bbox 481 3450 754 3520; x_wconf 70' lang='lat' dir='ltr'><strong>complexu</strong></span> <span class='ocrx_word' id='word_1_279' title='bbox 779 3450 1003 3505; x_wconf 84' lang='lat' dir='ltr'><strong>maritali</strong></span> <span class='ocrx_word' id='word_1_280' title='bbox 1026 3459 1316 3519; x_wconf 87' lang='lat' dir='ltr'><strong>conceptus</strong></span> <span class='ocrx_word' id='word_1_281' title='bbox 1344 3461 1445 3505; x_wconf 90' lang='lat' dir='ltr'><strong>est.</strong></span> 
     </span>
    </p>
   </div>
   <div class='ocr_carea' id='block_1_36' title="bbox 545 3537 2041 3615">
    <p class='ocr_par' dir='ltr' id='par_1_36' title="bbox 545 3537 2041 3615">
     <span class='ocr_line' id='line_1_36' title="bbox 545 3537 2041 3615; baseline 0.004 -22"><span class='ocrx_word' id='word_1_282' title='bbox 545 3541 597 3593; x_wconf 88' lang='lat'><strong>7.</strong></span> <span class='ocrx_word' id='word_1_283' title='bbox 628 3537 805 3604; x_wconf 86' lang='lat' dir='ltr'><strong>Qualis</strong></span> <span class='ocrx_word' id='word_1_284' title='bbox 851 3556 994 3594; x_wconf 85' lang='lat' dir='ltr'><strong>mons</strong></span> <span class='ocrx_word' id='word_1_285' title='bbox 1035 3538 1281 3594; x_wconf 75' lang='lat' dir='ltr'><strong>Christus.</strong></span> <span class='ocrx_word' id='word_1_286' title='bbox 1314 3538 1498 3595; x_wconf 81' lang='lat' dir='ltr'><strong>Contra</strong></span> <span class='ocrx_word' id='word_1_287' title='bbox 1548 3541 1855 3597; x_wconf 82' lang='lat' dir='ltr'><strong>Donatistas.</strong></span> <span class='ocrx_word' id='word_1_288' title='bbox 1903 3545 2041 3615; x_wconf 87' lang='lat' dir='ltr'><strong>Ergo</strong></span> 
     </span>
    </p>
   </div>
   <div class='ocr_carea' id='block_1_37' title="bbox 476 3629 2037 3704">
    <p class='ocr_par' dir='ltr' id='par_1_37' title="bbox 476 3629 2037 3704">
     <span class='ocr_line' id='line_1_37' title="bbox 476 3629 2037 3704; baseline 0.003 -19"><span class='ocrx_word' id='word_1_289' title='bbox 476 3629 808 3685; x_wconf 82' lang='lat' dir='ltr'><strong>manifestum</strong></span> <span class='ocrx_word' id='word_1_290' title='bbox 840 3631 994 3685; x_wconf 91' lang='lat' dir='ltr'><strong>istum</strong></span> <span class='ocrx_word' id='word_1_291' title='bbox 1019 3640 1253 3686; x_wconf 86' lang='lat' dir='ltr'><strong>montem</strong></span> <span class='ocrx_word' id='word_1_292' title='bbox 1277 3631 1553 3687; x_wconf 86' lang='lat' dir='ltr'><strong>habemus.</strong></span> <span class='ocrx_word' id='word_1_293' title='bbox 1581 3632 1696 3688; x_wconf 86' lang='lat' dir='ltr'><strong>Non</strong></span> <span class='ocrx_word' id='word_1_294' title='bbox 1730 3635 1886 3690; x_wconf 92' lang='lat' dir='ltr'><strong>nobis</strong></span> <span class='ocrx_word' id='word_1_295' title='bbox 1908 3650 2037 3704; x_wconf 83' lang='lat' dir='ltr'><strong>pro-</strong></span> 
     </span>
    </p>
   </div>
   <div class='ocr_carea' id='block_1_38' title="bbox 475 3721 2038 3793">
    <p class='ocr_par' dir='ltr' id='par_1_38' title="bbox 475 3721 2038 3793">
     <span class='ocr_line' id='line_1_38' title="bbox 475 3721 2038 3793; baseline 0.001 -18"><span class='ocrx_word' id='word_1_296' title='bbox 475 3736 735 3789; x_wconf 79' lang='lat' dir='ltr'><strong>ponamus</strong></span> <span class='ocrx_word' id='word_1_297' title='bbox 760 3731 987 3785; x_wconf 90' lang='lat' dir='ltr'><strong>montes,</strong></span> <span class='ocrx_word' id='word_1_298' title='bbox 1019 3730 1111 3775; x_wconf 90' lang='lat' dir='ltr'><strong>aut</strong></span> <span class='ocrx_word' id='word_1_299' title='bbox 1162 3721 1332 3790; x_wconf 86' lang='lat' dir='ltr'><strong>qualis</strong></span> <span class='ocrx_word' id='word_1_300' title='bbox 1360 3731 1443 3777; x_wconf 88' lang='lat' dir='ltr'><strong>est</strong></span> <span class='ocrx_word' id='word_1_301' title='bbox 1466 3722 1701 3777; x_wconf 86' lang='lat' dir='ltr'><strong>Giddaba</strong></span> <span class='ocrx_word' id='word_1_302' title='bbox 1725 3725 1763 3787; x_wconf 72' lang='grc' dir='ltr'><strong>,</strong></span> <span class='ocrx_word' id='word_1_303' title='bbox 1791 3734 1879 3778; x_wconf 87' lang='lat' dir='ltr'><strong>aut</strong></span> <span class='ocrx_word' id='word_1_304' title='bbox 1907 3739 2038 3793; x_wconf 87' lang='lat' dir='ltr'><strong>qua-</strong></span> 
     </span>
    </p>
   </div>
   <div class='ocr_carea' id='block_1_39' title="bbox 474 3812 2035 3884">
    <p class='ocr_par' dir='ltr' id='par_1_39' title="bbox 474 3812 2035 3884">
     <span class='ocr_line' id='line_1_39' title="bbox 474 3812 2035 3884; baseline 0.001 -16"><span class='ocrx_word' id='word_1_305' title='bbox 474 3815 551 3869; x_wconf 71' lang='lat' dir='ltr'><strong>lvs</strong></span> <span class='ocrx_word' id='word_1_306' title='bbox 601 3821 726 3870; x_wconf 87' lang='lat' dir='ltr'><strong>sunt</strong></span> <span class='ocrx_word' id='word_1_307' title='bbox 752 3814 1068 3883; x_wconf 86' lang='lat' dir='ltr'><strong>quicumque</strong></span> <span class='ocrx_word' id='word_1_308' title='bbox 1113 3812 1267 3867; x_wconf 89' lang='lat' dir='ltr'><strong>nobis</strong></span> <span class='ocrx_word' id='word_1_309' title='bbox 1321 3814 1679 3868; x_wconf 90' lang='lat' dir='ltr'><strong>nominantur.</strong></span> <span class='ocrx_word' id='word_1_310' title='bbox 1733 3815 2035 3884; x_wconf 86' lang='lat' dir='ltr'><strong>Aliquando</strong></span> 
     </span>
    </p>
   </div>
   <div class='ocr_carea' id='block_1_40' title="bbox 471 3902 2031 3974">
    <p class='ocr_par' dir='ltr' id='par_1_40' title="bbox 471 3902 2031 3974">
     <span class='ocr_line' id='line_1_40' title="bbox 471 3902 2031 3974; baseline 0.001 -18"><span class='ocrx_word' id='word_1_311' title='bbox 471 3904 612 3959; x_wconf 71' lang='lat' dir='ltr'><strong>enim</strong></span> <span class='ocrx_word' id='word_1_312' title='bbox 634 3902 916 3959; x_wconf 87' lang='lat' dir='ltr'><strong>carnaliter</strong></span> <span class='ocrx_word' id='word_1_313' title='bbox 938 3902 1258 3971; x_wconf 88' lang='lat' dir='ltr'><strong>accipientes</strong></span> <span class='ocrx_word' id='word_1_314' title='bbox 1274 3903 1545 3967; x_wconf 88' lang='lat' dir='ltr'><strong>homines;</strong></span> <span class='ocrx_word' id='word_1_315' title='bbox 1578 3913 1636 3957; x_wconf 92' lang='lat' dir='ltr'><strong>ut</strong></span> <span class='ocrx_word' id='word_1_316' title='bbox 1659 3914 1805 3973; x_wconf 87' lang='lat' dir='ltr'><strong>puta,</strong></span> <span class='ocrx_word' id='word_1_317' title='bbox 1830 3905 2031 3974; x_wconf 90' lang='lat' dir='ltr'><strong>legunt,</strong></span> 
     </span>
    </p>
   </div>
   <div class='ocr_carea' id='block_1_41' title="bbox 476 3990 2038 4064">
    <p class='ocr_par' dir='ltr' id='par_1_41' title="bbox 476 3990 2038 4064">
     <span class='ocr_line' id='line_1_41' title="bbox 476 3990 2038 4064; baseline 0.002 -17"><span class='ocrx_word' id='word_1_318' title='bbox 476 3992 730 4047; x_wconf 73' lang='lat' dir='ltr'><strong>Emudiet</strong></span> <span class='ocrx_word' id='word_1_319' title='bbox 749 3992 893 4046; x_wconf 88' lang='lat' dir='ltr'><strong>illum</strong></span> <span class='ocrx_word' id='word_1_320' title='bbox 919 3992 981 4045; x_wconf 84' lang='lat' dir='ltr'><strong>de</strong></span> <span class='ocrx_word' id='word_1_321' title='bbox 998 3992 1122 4046; x_wconf 66' lang='lat' dir='ltr'><strong>calo</strong></span> <span class='ocrx_word' id='word_1_322' title='bbox 1142 4001 1312 4046; x_wconf 82' lang='lat' dir='ltr'><strong>sancto</strong></span> <span class='ocrx_word' id='word_1_323' title='bbox 1331 3994 1456 4061; x_wconf 71' lang='grc' dir='ltr'><strong>(</strong></span> <span class='ocrx_word' id='word_1_324' title='bbox 1476 3991 1619 4046; x_wconf 87' lang='lat' dir='ltr'><strong>Psal.</strong></span> <span class='ocrx_word' id='word_1_325' title='bbox 1639 4009 1748 4057; x_wconf 78' lang='lat' dir='ltr'><strong>xix,</strong></span> <span class='ocrx_word' id='word_1_326' title='bbox 1764 3995 1792 4043; x_wconf 92' lang='lat'><strong>7</strong></span> <span class='ocrx_word' id='word_1_327' title='bbox 1817 3990 1837 4064; x_wconf 96' lang='lat'>)</span> <span class='ocrx_word' id='word_1_328' title='bbox 1864 4012 1876 4047; x_wconf 88' lang='lat'><strong>:</strong></span> <span class='ocrx_word' id='word_1_329' title='bbox 1903 3995 2038 4050; x_wconf 88' lang='lat' dir='ltr'><strong>bene</strong></span> 
     </span>
    </p>
   </div>
   <div class='ocr_carea' id='block_1_42' title="bbox 475 4084 2037 4155">
    <p class='ocr_par' dir='ltr' id='par_1_42' title="bbox 475 4084 2037 4155">
     <span class='ocr_line' id='line_1_42' title="bbox 475 4084 2037 4155; baseline 0.001 -17"><span class='ocrx_word' id='word_1_330' title='bbox 475 4085 759 4155; x_wconf 84' lang='lat' dir='ltr'><strong>aliquando</strong></span> <span class='ocrx_word' id='word_1_331' title='bbox 780 4084 847 4139; x_wconf 89' lang='lat' dir='ltr'><strong>de</strong></span> <span class='ocrx_word' id='word_1_332' title='bbox 872 4094 1074 4150; x_wconf 88' lang='lat' dir='ltr'><strong>monte,</strong></span> <span class='ocrx_word' id='word_1_333' title='bbox 1102 4093 1155 4139; x_wconf 92' lang='lat' dir='ltr'><strong>et</strong></span> <span class='ocrx_word' id='word_1_334' title='bbox 1175 4085 1408 4154; x_wconf 89' lang='lat' dir='ltr'><strong>loquitur</strong></span> <span class='ocrx_word' id='word_1_335' title='bbox 1443 4085 1714 4140; x_wconf 89' lang='lat' dir='ltr'><strong>Christum</strong></span> <span class='ocrx_word' id='word_1_336' title='bbox 1743 4089 1763 4117; x_wconf 83' lang='grc'></span> <span class='ocrx_word' id='word_1_337' title='bbox 1795 4104 1807 4139; x_wconf 90' lang='lat'><strong>:</strong></span> <span class='ocrx_word' id='word_1_338' title='bbox 1839 4096 1894 4141; x_wconf 89' lang='lat' dir='ltr'><strong>et</strong></span> <span class='ocrx_word' id='word_1_339' title='bbox 1914 4103 2037 4142; x_wconf 86' lang='lat' dir='ltr'><strong>cur-</strong></span> 
     </span>
    </p>
   </div>
   <div class='ocr_carea' id='block_1_43' title="bbox 486 4173 2039 4243">
    <p class='ocr_par' dir='ltr' id='par_1_43' title="bbox 486 4173 2039 4243">
     <span class='ocr_line' id='line_1_43' title="bbox 486 4173 2039 4243; baseline 0.003 -15"><span class='ocrx_word' id='word_1_340' title='bbox 486 4184 608 4230; x_wconf 90' lang='lat' dir='ltr'><strong>runt</strong></span> <span class='ocrx_word' id='word_1_341' title='bbox 628 4173 872 4229; x_wconf 88' lang='lat' dir='ltr'><strong>homines</strong></span> <span class='ocrx_word' id='word_1_342' title='bbox 908 4175 960 4228; x_wconf 91' lang='lat' dir='ltr'><strong>in</strong></span> <span class='ocrx_word' id='word_1_343' title='bbox 991 4181 1223 4227; x_wconf 90' lang='lat' dir='ltr'><strong>montem</strong></span> <span class='ocrx_word' id='word_1_344' title='bbox 1275 4188 1449 4238; x_wconf 91' lang='lat' dir='ltr'><strong>orare,</strong></span> <span class='ocrx_word' id='word_1_345' title='bbox 1477 4175 1626 4243; x_wconf 89' lang='lat' dir='ltr'><strong>quasi</strong></span> <span class='ocrx_word' id='word_1_346' title='bbox 1670 4175 1742 4229; x_wconf 88' lang='lat' dir='ltr'><strong>ibi</strong></span> <span class='ocrx_word' id='word_1_347' title='bbox 1788 4178 2039 4232; x_wconf 75' lang='lat' dir='ltr'><strong>exaudiat</strong></span> 
     </span>
    </p>
   </div>
   <div class='ocr_carea' id='block_1_44' title="bbox 476 4264 2036 4336">
    <p class='ocr_par' dir='ltr' id='par_1_44' title="bbox 476 4264 2036 4336">
     <span class='ocr_line' id='line_1_44' title="bbox 476 4264 2036 4336; baseline 0.003 -18"><span class='ocrx_word' id='word_1_348' title='bbox 476 4266 632 4320; x_wconf 85' lang='lat' dir='ltr'><strong>Deus.</strong></span> <span class='ocrx_word' id='word_1_349' title='bbox 660 4264 952 4319; x_wconf 88' lang='lat' dir='ltr'><strong>Carnaliter</strong></span> <span class='ocrx_word' id='word_1_350' title='bbox 976 4264 1259 4333; x_wconf 87' lang='lat' dir='ltr'><strong>sapientes,</strong></span> <span class='ocrx_word' id='word_1_351' title='bbox 1277 4265 1399 4333; x_wconf 84' lang='lat' dir='ltr'><strong>quia</strong></span> <span class='ocrx_word' id='word_1_352' title='bbox 1418 4264 1597 4319; x_wconf 87' lang='lat' dir='ltr'><strong>vident</strong></span> <span class='ocrx_word' id='word_1_353' title='bbox 1613 4266 1920 4336; x_wconf 88' lang='lat' dir='ltr'><strong>plerumque</strong></span> <span class='ocrx_word' id='word_1_354' title='bbox 1936 4285 2036 4323; x_wconf 90' lang='lat' dir='ltr'><strong>nu-</strong></span> 
     </span>
    </p>
   </div>
   <div class='ocr_carea' id='block_1_45' title="bbox 472 4354 2025 4421">
    <p class='ocr_par' dir='ltr' id='par_1_45' title="bbox 472 4354 2025 4421">
     <span class='ocr_line' id='line_1_45' title="bbox 472 4354 2025 4421; baseline 0.003 -11"><span class='ocrx_word' id='word_1_355' title='bbox 472 4355 567 4410; x_wconf 88' lang='lat' dir='ltr'><strong>bes</strong></span> <span class='ocrx_word' id='word_1_356' title='bbox 618 4354 878 4411; x_wconf 67' lang='lat' dir='ltr'><strong>inhazrere</strong></span> <span class='ocrx_word' id='word_1_357' title='bbox 916 4355 968 4409; x_wconf 92' lang='lat' dir='ltr'><strong>in</strong></span> <span class='ocrx_word' id='word_1_358' title='bbox 1020 4355 1270 4410; x_wconf 89' lang='lat' dir='ltr'><strong>lateribus</strong></span> <span class='ocrx_word' id='word_1_359' title='bbox 1305 4356 1583 4421; x_wconf 90' lang='lat' dir='ltr'><strong>montium,</strong></span> <span class='ocrx_word' id='word_1_360' title='bbox 1637 4360 1927 4414; x_wconf 85' lang='lat' dir='ltr'><strong>ascendunt</strong></span> <span class='ocrx_word' id='word_1_361' title='bbox 1975 4361 2025 4415; x_wconf 92' lang='lat' dir='ltr'><strong>in</strong></span> 
     </span>
    </p>
   </div>
   <div class='ocr_carea' id='block_1_46' title="bbox 473 4444 2027 4514">
    <p class='ocr_par' dir='ltr' id='par_1_46' title="bbox 473 4444 2027 4514">
     <span class='ocr_line' id='line_1_46' title="bbox 473 4444 2027 4514; baseline 0.005 -17"><span class='ocrx_word' id='word_1_362' title='bbox 473 4452 699 4510; x_wconf 87' lang='lat' dir='ltr'><strong>montes,</strong></span> <span class='ocrx_word' id='word_1_363' title='bbox 728 4452 787 4498; x_wconf 90' lang='lat' dir='ltr'><strong>ut</strong></span> <span class='ocrx_word' id='word_1_364' title='bbox 826 4444 1049 4514; x_wconf 83' lang='lat' dir='ltr'><strong>proximi</strong></span> <span class='ocrx_word' id='word_1_365' title='bbox 1080 4444 1187 4498; x_wconf 91' lang='lat' dir='ltr'><strong>sint</strong></span> <span class='ocrx_word' id='word_1_366' title='bbox 1214 4445 1341 4500; x_wconf 90' lang='lat' dir='ltr'><strong>Deo.</strong></span> <span class='ocrx_word' id='word_1_367' title='bbox 1383 4444 1631 4502; x_wconf 89' lang='lat' dir='ltr'><strong>Oratione</strong></span> <span class='ocrx_word' id='word_1_368' title='bbox 1675 4456 1761 4502; x_wconf 90' lang='lat' dir='ltr'><strong>tua</strong></span> <span class='ocrx_word' id='word_1_369' title='bbox 1790 4450 1870 4504; x_wconf 90' lang='lat' dir='ltr'><strong>vis</strong></span> <span class='ocrx_word' id='word_1_370' title='bbox 1896 4465 2027 4504; x_wconf 91' lang='lat' dir='ltr'><strong>con-</strong></span> 
     </span>
    </p>
   </div>
   <div class='ocr_carea' id='block_1_47' title="bbox 468 4534 2034 4607">
    <p class='ocr_par' dir='ltr' id='par_1_47' title="bbox 468 4534 2034 4607">
     <span class='ocr_line' id='line_1_47' title="bbox 468 4534 2034 4607; baseline 0.004 -18"><span class='ocrx_word' id='word_1_371' title='bbox 468 4537 673 4605; x_wconf 87' lang='lat' dir='ltr'><strong>tingere</strong></span> <span class='ocrx_word' id='word_1_372' title='bbox 702 4536 867 4590; x_wconf 85' lang='lat' dir='ltr'><strong>Deum</strong></span> <span class='ocrx_word' id='word_1_373' title='bbox 885 4535 911 4588; x_wconf 80' lang='lat'><strong>?</strong></span> <span class='ocrx_word' id='word_1_374' title='bbox 935 4534 1147 4591; x_wconf 87' lang='lat' dir='ltr'><strong>humilia</strong></span> <span class='ocrx_word' id='word_1_375' title='bbox 1170 4544 1241 4590; x_wconf 91' lang='lat' dir='ltr'><strong>te.</strong></span> <span class='ocrx_word' id='word_1_376' title='bbox 1266 4535 1480 4602; x_wconf 82' lang='lat' dir='ltr'><strong>lterum,</strong></span> <span class='ocrx_word' id='word_1_377' title='bbox 1502 4539 1621 4607; x_wconf 88' lang='lat' dir='ltr'><strong>quia</strong></span> <span class='ocrx_word' id='word_1_378' title='bbox 1650 4539 1900 4607; x_wconf 80' lang='lat' dir='ltr'><strong>diximus,</strong></span> <span class='ocrx_word' id='word_1_379' title='bbox 1945 4543 2034 4597; x_wconf 86' lang='lat' dir='ltr'><strong>Vis</strong></span> 
     </span>
    </p>
   </div>
   <div class='ocr_carea' id='block_1_48' title="bbox 468 4624 2017 4699">
    <p class='ocr_par' dir='ltr' id='par_1_48' title="bbox 468 4624 2017 4699">
     <span class='ocr_line' id='line_1_48' title="bbox 468 4624 2017 4699; baseline 0.004 -20"><span class='ocrx_word' id='word_1_380' title='bbox 468 4626 773 4694; x_wconf 88' lang='lat' dir='ltr'><strong>contingere</strong></span> <span class='ocrx_word' id='word_1_381' title='bbox 797 4625 1003 4679; x_wconf 84' lang='lat' dir='ltr'><strong>Deum?</strong></span> <span class='ocrx_word' id='word_1_382' title='bbox 1031 4624 1245 4680; x_wconf 88' lang='lat' dir='ltr'><strong>humilia</strong></span> <span class='ocrx_word' id='word_1_383' title='bbox 1266 4634 1317 4682; x_wconf 91' lang='lat' dir='ltr'><strong>te</strong></span> <span class='ocrx_word' id='word_1_384' title='bbox 1346 4644 1359 4680; x_wconf 88' lang='lat'><strong>:</strong></span> <span class='ocrx_word' id='word_1_385' title='bbox 1392 4642 1461 4681; x_wconf 92' lang='lat' dir='ltr'><strong>ne</strong></span> <span class='ocrx_word' id='word_1_386' title='bbox 1475 4629 1759 4684; x_wconf 86' lang='lat' dir='ltr'><strong>carnaliter</strong></span> <span class='ocrx_word' id='word_1_387' title='bbox 1771 4632 2017 4699; x_wconf 89' lang='lat' dir='ltr'><strong>accipias,</strong></span> 
     </span>
    </p>
   </div>
   <div class='ocr_carea' id='block_1_49' title="bbox 470 4715 2033 4796">
    <p class='ocr_par' dir='ltr' id='par_1_49' title="bbox 470 4715 2033 4796">
     <span class='ocr_line' id='line_1_49' title="bbox 470 4715 2033 4796; baseline 0.004 -25"><span class='ocrx_word' id='word_1_388' title='bbox 470 4715 797 4772; x_wconf 88' lang='lat' dir='ltr'><strong>descendens</strong></span> <span class='ocrx_word' id='word_1_389' title='bbox 820 4715 872 4770; x_wconf 91' lang='lat' dir='ltr'><strong>in</strong></span> <span class='ocrx_word' id='word_1_390' title='bbox 897 4716 1196 4787; x_wconf 74' lang='lat' dir='ltr'><strong>hypogzeas,</strong></span> <span class='ocrx_word' id='word_1_391' title='bbox 1221 4728 1277 4772; x_wconf 90' lang='lat' dir='ltr'><strong>ut</strong></span> <span class='ocrx_word' id='word_1_392' title='bbox 1304 4718 1376 4774; x_wconf 90' lang='lat' dir='ltr'><strong>ibi</strong></span> <span class='ocrx_word' id='word_1_393' title='bbox 1416 4734 1572 4790; x_wconf 87' lang='lat' dir='ltr'><strong>roges</strong></span> <span class='ocrx_word' id='word_1_394' title='bbox 1597 4722 1782 4776; x_wconf 91' lang='lat' dir='ltr'><strong>Deum.</strong></span> <span class='ocrx_word' id='word_1_395' title='bbox 1804 4723 1910 4777; x_wconf 86' lang='lat' dir='ltr'><strong>Nec</strong></span> <span class='ocrx_word' id='word_1_396' title='bbox 1935 4724 2033 4796; x_wconf 90' lang='lat' dir='ltr'><strong>hy-</strong></span> 
     </span>
    </p>
   </div>
   <div class='ocr_carea' id='block_1_50' title="bbox 464 4808 2033 4877">
    <p class='ocr_par' dir='ltr' id='par_1_50' title="bbox 464 4808 2033 4877">
     <span class='ocr_line' id='line_1_50' title="bbox 464 4808 2033 4877; baseline 0.004 -18"><span class='ocrx_word' id='word_1_397' title='bbox 464 4820 691 4876; x_wconf 78' lang='lat' dir='ltr'><strong>pogreas,</strong></span> <span class='ocrx_word' id='word_1_398' title='bbox 720 4820 819 4861; x_wconf 91' lang='lat' dir='ltr'><strong>nee</strong></span> <span class='ocrx_word' id='word_1_399' title='bbox 846 4814 1078 4861; x_wconf 85' lang='lat' dir='ltr'><strong>montem</strong></span> <span class='ocrx_word' id='word_1_400' title='bbox 1108 4822 1335 4877; x_wconf 80' lang='lat' dir='ltr'><strong>quaeras.</strong></span> <span class='ocrx_word' id='word_1_401' title='bbox 1378 4808 1433 4863; x_wconf 79' lang='lat' dir='ltr'><strong>In</strong></span> <span class='ocrx_word' id='word_1_402' title='bbox 1464 4810 1623 4865; x_wconf 90' lang='lat' dir='ltr'><strong>corde</strong></span> <span class='ocrx_word' id='word_1_403' title='bbox 1649 4821 1739 4866; x_wconf 87' lang='lat' dir='ltr'><strong>tuo</strong></span> <span class='ocrx_word' id='word_1_404' title='bbox 1767 4812 1902 4868; x_wconf 86' lang='lat' dir='ltr'><strong>habe</strong></span> <span class='ocrx_word' id='word_1_405' title='bbox 1934 4815 2033 4867; x_wconf 86' lang='lat' dir='ltr'><strong>hu-</strong></span> 
     </span>
    </p>
   </div>
   <div class='ocr_carea' id='block_1_51' title="bbox 465 4898 2026 4968">
    <p class='ocr_par' dir='ltr' id='par_1_51' title="bbox 465 4898 2026 4968">
     <span class='ocr_line' id='line_1_51' title="bbox 465 4898 2026 4968; baseline 0.004 -15"><span class='ocrx_word' id='word_1_406' title='bbox 465 4898 762 4964; x_wconf 86' lang='lat' dir='ltr'><strong>militatem,</strong></span> <span class='ocrx_word' id='word_1_407' title='bbox 788 4907 844 4953; x_wconf 90' lang='lat' dir='ltr'><strong>et</strong></span> <span class='ocrx_word' id='word_1_408' title='bbox 880 4898 1018 4953; x_wconf 90' lang='lat' dir='ltr'><strong>Deus</strong></span> <span class='ocrx_word' id='word_1_409' title='bbox 1045 4898 1137 4953; x_wconf 91' lang='lat' dir='ltr'><strong>tibi</strong></span> <span class='ocrx_word' id='word_1_410' title='bbox 1182 4898 1329 4954; x_wconf 85' lang='lat' dir='ltr'><strong>dabit</strong></span> <span class='ocrx_word' id='word_1_411' title='bbox 1369 4900 1727 4968; x_wconf 87' lang='lat' dir='ltr'><strong>altitudinem;</strong></span> <span class='ocrx_word' id='word_1_412' title='bbox 1758 4905 1935 4960; x_wconf 84' lang='lat' dir='ltr'><strong>veniet</strong></span> <span class='ocrx_word' id='word_1_413' title='bbox 1962 4907 2026 4959; x_wconf 88' lang='lat' dir='ltr'><strong>ad</strong></span> 
     </span>
    </p>
   </div>
   <div class='ocr_carea' id='block_1_52' title="bbox 467 4989 2030 5064">
    <p class='ocr_par' dir='ltr' id='par_1_52' title="bbox 467 4989 2030 5064">
     <span class='ocr_line' id='line_1_52' title="bbox 467 4989 2030 5064; baseline 0.004 -21"><span class='ocrx_word' id='word_1_414' title='bbox 467 4999 537 5053; x_wconf 91' lang='lat' dir='ltr'><strong>te,</strong></span> <span class='ocrx_word' id='word_1_415' title='bbox 559 4997 615 5044; x_wconf 88' lang='lat' dir='ltr'><strong>et</strong></span> <span class='ocrx_word' id='word_1_416' title='bbox 639 4990 739 5044; x_wconf 89' lang='lat' dir='ltr'><strong>erit</strong></span> <span class='ocrx_word' id='word_1_417' title='bbox 764 4997 937 5045; x_wconf 89' lang='lat' dir='ltr'><strong>tecum</strong></span> <span class='ocrx_word' id='word_1_418' title='bbox 969 4989 1023 5042; x_wconf 89' lang='lat' dir='ltr'><strong>in</strong></span> <span class='ocrx_word' id='word_1_419' title='bbox 1058 4990 1299 5044; x_wconf 81' lang='lat' dir='ltr'><strong>cubiculo</strong></span> <span class='ocrx_word' id='word_1_420' title='bbox 1326 5000 1433 5044; x_wconf 86' lang='lat' dir='ltr'><strong>tuo.</strong></span> <span class='ocrx_word' id='word_1_421' title='bbox 1483 4992 1620 5063; x_wconf 80' lang='lat' dir='ltr'><strong>Ergo</strong></span> <span class='ocrx_word' id='word_1_422' title='bbox 1640 4996 1851 5064; x_wconf 87' lang='lat' dir='ltr'><strong>qualem</strong></span> <span class='ocrx_word' id='word_1_423' title='bbox 1879 5012 2030 5051; x_wconf 89' lang='lat' dir='ltr'><strong>mon-</strong></span> 
     </span>
    </p>
   </div>
   <div class='ocr_carea' id='block_1_53' title="bbox 464 5078 2027 5153">
    <p class='ocr_par' dir='ltr' id='par_1_53' title="bbox 464 5078 2027 5153">
     <span class='ocr_line' id='line_1_53' title="bbox 464 5078 2027 5153; baseline 0.009 -23"><span class='ocrx_word' id='word_1_424' title='bbox 464 5090 568 5136; x_wconf 83' lang='lat' dir='ltr'><strong>tem</strong></span> <span class='ocrx_word' id='word_1_425' title='bbox 598 5078 853 5136; x_wconf 88' lang='lat' dir='ltr'><strong>habemus</strong></span> <span class='ocrx_word' id='word_1_426' title='bbox 892 5079 1181 5147; x_wconf 79' lang='lat' dir='ltr'><strong>Christum,</strong></span> <span class='ocrx_word' id='word_1_427' title='bbox 1208 5080 1500 5137; x_wconf 73' lang='lat' dir='ltr'><strong>Ecclesium</strong></span> <span class='ocrx_word' id='word_1_428' title='bbox 1532 5083 1809 5153; x_wconf 71' lang='lat' dir='ltr'><strong>habemus,</strong></span> <span class='ocrx_word' id='word_1_429' title='bbox 1839 5088 2027 5143; x_wconf 82' lang='lat' dir='ltr'><strong>Eccle-</strong></span> 
     </span>
    </p>
   </div>
   <div class='ocr_carea' id='block_1_54' title="bbox 458 5169 2025 5239">
    <p class='ocr_par' dir='ltr' id='par_1_54' title="bbox 458 5169 2025 5239">
     <span class='ocr_line' id='line_1_54' title="bbox 458 5169 2025 5239; baseline 0.009 -18"><span class='ocrx_word' id='word_1_430' title='bbox 458 5169 591 5222; x_wconf 87' lang='lat' dir='ltr'><strong>siam</strong></span> <span class='ocrx_word' id='word_1_431' title='bbox 629 5183 886 5225; x_wconf 78' lang='lat' dir='ltr'><strong>amemus.</strong></span> <span class='ocrx_word' id='word_1_432' title='bbox 918 5169 1097 5224; x_wconf 90' lang='lat' dir='ltr'><strong>Crevit</strong></span> <span class='ocrx_word' id='word_1_433' title='bbox 1134 5178 1188 5224; x_wconf 89' lang='lat' dir='ltr'><strong>et</strong></span> <span class='ocrx_word' id='word_1_434' title='bbox 1223 5170 1459 5239; x_wconf 72' lang='lat' dir='ltr'><strong>implevit</strong></span> <span class='ocrx_word' id='word_1_435' title='bbox 1505 5189 1658 5229; x_wconf 79' lang='lat' dir='ltr'><strong>muns</strong></span> <span class='ocrx_word' id='word_1_436' title='bbox 1684 5176 1782 5232; x_wconf 89' lang='lat' dir='ltr'><strong>iste</strong></span> <span class='ocrx_word' id='word_1_437' title='bbox 1810 5181 2025 5234; x_wconf 72' lang='lat' dir='ltr'><strong>univer</strong></span> 
     </span>
    </p>
   </div>
   <div class='ocr_carea' id='block_1_55' title="bbox 458 5258 2026 5332">
    <p class='ocr_par' dir='ltr' id='par_1_55' title="bbox 458 5258 2026 5332">
     <span class='ocr_line' id='line_1_55' title="bbox 458 5258 2026 5332; baseline 0.008 -20"><span class='ocrx_word' id='word_1_438' title='bbox 458 5271 575 5312; x_wconf 80' lang='lat' dir='ltr'><strong>sum</strong></span> <span class='ocrx_word' id='word_1_439' title='bbox 603 5258 783 5313; x_wconf 82' lang='lat' dir='ltr'><strong>orbem</strong></span> <span class='ocrx_word' id='word_1_440' title='bbox 816 5266 1095 5314; x_wconf 84' lang='lat' dir='ltr'><strong>terrarum.</strong></span> <span class='ocrx_word' id='word_1_441' title='bbox 1121 5259 1452 5316; x_wconf 80' lang='lat' dir='ltr'><strong>Manifestum</strong></span> <span class='ocrx_word' id='word_1_442' title='bbox 1484 5271 1565 5318; x_wconf 89' lang='lat' dir='ltr'><strong>est</strong></span> <span class='ocrx_word' id='word_1_443' title='bbox 1602 5266 1720 5332; x_wconf 77' lang='lat' dir='ltr'><strong>quia</strong></span> <span class='ocrx_word' id='word_1_444' title='bbox 1754 5283 1858 5323; x_wconf 91' lang='lat' dir='ltr'><strong>non</strong></span> <span class='ocrx_word' id='word_1_445' title='bbox 1900 5279 2026 5324; x_wconf 86' lang='lat' dir='ltr'><strong>sunt</strong></span> 
     </span>
    </p>
   </div>
   <div class='ocr_carea' id='block_1_56' title="bbox 521 5463 2023 5531">
    <p class='ocr_par' dir='ltr' id='par_1_56' title="bbox 521 5463 2023 5531">
     <span class='ocr_line' id='line_1_56' title="bbox 521 5463 2023 5531; baseline 0.015 -21"><span class='ocrx_word' id='word_1_446' title='bbox 521 5465 537 5497; x_wconf 81' lang='grc'></span> <span class='ocrx_word' id='word_1_447' title='bbox 563 5463 969 5531; x_wconf 46' lang='grc' dir='ltr'><strong>.</strong></span> <span class='ocrx_word' id='word_1_448' title='bbox 988 5473 1044 5518; x_wconf 83' lang='lat' dir='ltr'><strong>At</strong></span> <span class='ocrx_word' id='word_1_449' title='bbox 1063 5473 1146 5518; x_wconf 82' lang='lat' dir='ltr'><strong>Its.</strong></span> <span class='ocrx_word' id='word_1_450' title='bbox 1165 5469 1249 5530; x_wconf 91' lang='lat' dir='ltr'><strong>cl.,</strong></span> <span class='ocrx_word' id='word_1_451' title='bbox 1272 5470 1505 5523; x_wconf 77' lang='lat' dir='ltr'><strong>Ciddabn.</strong></span> <span class='ocrx_word' id='word_1_452' title='bbox 1531 5501 1595 5511; x_wconf 94' lang='lat'><strong><em></em></strong></span> <span class='ocrx_word' id='word_1_453' title='bbox 1630 5484 1696 5526; x_wconf 84' lang='lat' dir='ltr'><strong>De</strong></span> <span class='ocrx_word' id='word_1_454' title='bbox 1727 5478 1818 5529; x_wconf 89' lang='lat' dir='ltr'><strong>hoc</strong></span> <span class='ocrx_word' id='word_1_455' title='bbox 1851 5482 2023 5531; x_wconf 86' lang='lat' dir='ltr'><strong>eodem</strong></span> 
     </span>
    </p>
   </div>
   <div class='ocr_carea' id='block_1_57' title="bbox 457 5526 2023 5599">
    <p class='ocr_par' dir='ltr' id='par_1_57' title="bbox 457 5526 2023 5599">
     <span class='ocr_line' id='line_1_57' title="bbox 457 5526 2023 5599; baseline 0.015 -29"><span class='ocrx_word' id='word_1_456' title='bbox 457 5532 633 5599; x_wconf 51' lang='lat' dir='ltr'><strong>riterite</strong></span> <span class='ocrx_word' id='word_1_457' title='bbox 658 5526 769 5599; x_wconf 79' lang='lat' dir='ltr'><strong>vide</strong></span> <span class='ocrx_word' id='word_1_458' title='bbox 798 5526 1315 5599; x_wconf 13' lang='lat' dir='ltr'><strong>i13actatumpfimum</strong></span> <span class='ocrx_word' id='word_1_459' title='bbox 1350 5534 1401 5585; x_wconf 87' lang='lat' dir='ltr'><strong>in</strong></span> <span class='ocrx_word' id='word_1_460' title='bbox 1443 5535 1692 5599; x_wconf 81' lang='lat' dir='ltr'><strong>Epistolam</strong></span> <span class='ocrx_word' id='word_1_461' title='bbox 1730 5526 2023 5594; x_wconf 34' lang='lat' dir='ltr'><strong>Joannis}!-</strong></span> 
     </span>
    </p>
   </div>
   <div class='ocr_carea' id='block_1_58' title="bbox 458 5585 1301 5657">
    <p class='ocr_par' dir='ltr' id='par_1_58' title="bbox 458 5585 1301 5657">
     <span class='ocr_line' id='line_1_58' title="bbox 458 5585 1301 5657; baseline 0.011 -24"><span class='ocrx_word' id='word_1_462' title='bbox 458 5585 667 5657; x_wconf 66' lang='lat' dir='ltr'><strong>rarthos,</strong></span> <span class='ocrx_word' id='word_1_463' title='bbox 686 5594 816 5657; x_wconf 80' lang='lat' dir='ltr'><strong>tomp</strong></span> <span class='ocrx_word' id='word_1_464' title='bbox 836 5586 1017 5657; x_wconf 60' lang='lat' dir='ltr'><strong>3,_l;ag.</strong></span> <span class='ocrx_word' id='word_1_465' title='bbox 1043 5585 1181 5657; x_wconf 53' lang='lat' dir='ltr'><strong>1W7.</strong></span> <span class='ocrx_word' id='word_1_466' title='bbox 1230 5601 1301 5653; x_wconf 52' lang='lat' dir='ltr'><strong>t.</strong></span> 
     </span>
    </p>
   </div>
   <div class='ocr_carea' id='block_1_59' title="bbox 456 5644 2021 5755">
    <p class='ocr_par' dir='ltr' id='par_1_59' title="bbox 456 5644 2021 5755">
     <span class='ocr_line' id='line_1_59' title="bbox 456 5644 2021 5755; baseline 0.013 -59"><span class='ocrx_word' id='word_1_467' title='bbox 456 5646 701 5755; x_wconf 47' lang='lat' dir='ltr'><strong>mgnum,</strong></span> <span class='ocrx_word' id='word_1_468' title='bbox 718 5644 1317 5711; x_wconf 47' lang='lat' dir='ltr'><strong>etloqrtiiur&#39;christmfat</strong></span> <span class='ocrx_word' id='word_1_469' title='bbox 1350 5664 1432 5706; x_wconf 71' lang='lat' dir='ltr'><strong>Ms.</strong></span> <span class='ocrx_word' id='word_1_470' title='bbox 1463 5658 1549 5721; x_wconf 92' lang='lat' dir='ltr'><strong>cl.,</strong></span> <span class='ocrx_word' id='word_1_471' title='bbox 1588 5664 1633 5709; x_wconf 83' lang='lat' dir='ltr'><strong>et</strong></span> <span class='ocrx_word' id='word_1_472' title='bbox 1666 5657 1871 5725; x_wconf 84' lang='lat' dir='ltr'><strong>loquitur</strong></span> <span class='ocrx_word' id='word_1_473' title='bbox 1887 5664 2021 5717; x_wconf 81' lang='lat' dir='ltr'><strong>Citri</strong></span> 
     </span>
    </p>
   </div>
   <div class='ocr_carea' id='block_1_60' title="bbox 1801 340 2495 399">
    <p class='ocr_par' dir='ltr' id='par_1_60' title="bbox 1801 340 2495 399">
     <span class='ocr_line' id='line_1_60' title="bbox 1801 340 2495 399; baseline 0.009 -8"><span class='ocrx_word' id='word_1_474' title='bbox 1801 340 2161 396; x_wconf 71' lang='lat' dir='ltr'><strong>AL&#39;GUSTlM</strong></span> <span class='ocrx_word' id='word_1_475' title='bbox 2201 342 2495 399; x_wconf 75' lang='lat' dir='ltr'><strong>EPISCOPI</strong></span> 
     </span>
    </p>
   </div>
   <div class='ocr_carea' id='block_1_61' title="bbox 3617 360 3709 416">
    <p class='ocr_par' dir='ltr' id='par_1_61' title="bbox 3617 360 3709 416">
     <span class='ocr_line' id='line_1_61' title="bbox 3617 360 3709 416; baseline 0.033 -4"><span class='ocrx_word' id='word_1_476' title='bbox 3617 360 3709 416; x_wconf 68' lang='lat'><strong>268</strong></span> 
     </span>
    </p>
   </div>
   <div class='ocr_carea' id='block_1_62' title="bbox 2170 455 3714 529">
    <p class='ocr_par' dir='ltr' id='par_1_62' title="bbox 2170 455 3714 529">
     <span class='ocr_line' id='line_1_62' title="bbox 2170 455 3714 529; baseline 0.012 -21"><span class='ocrx_word' id='word_1_477' title='bbox 2170 456 2223 508; x_wconf 90' lang='lat' dir='ltr'><strong>in</strong></span> <span class='ocrx_word' id='word_1_478' title='bbox 2259 455 2359 510; x_wconf 85' lang='lat' dir='ltr'><strong>isto</strong></span> <span class='ocrx_word' id='word_1_479' title='bbox 2389 464 2566 511; x_wconf 87' lang='lat' dir='ltr'><strong>monte</strong></span> <span class='ocrx_word' id='word_1_480' title='bbox 2590 456 2743 527; x_wconf 90' lang='lat' dir='ltr'><strong>quiin</strong></span> <span class='ocrx_word' id='word_1_481' title='bbox 2772 469 2918 529; x_wconf 88' lang='lat' dir='ltr'><strong>parte</strong></span> <span class='ocrx_word' id='word_1_482' title='bbox 2945 472 3086 529; x_wconf 90' lang='lat' dir='ltr'><strong>sunt,</strong></span> <span class='ocrx_word' id='word_1_483' title='bbox 3112 472 3166 519; x_wconf 90' lang='lat' dir='ltr'><strong>et</strong></span> <span class='ocrx_word' id='word_1_484' title='bbox 3211 480 3314 521; x_wconf 92' lang='lat' dir='ltr'><strong>non</strong></span> <span class='ocrx_word' id='word_1_485' title='bbox 3344 476 3524 525; x_wconf 89' lang='lat' dir='ltr'><strong>tenent</strong></span> <span class='ocrx_word' id='word_1_486' title='bbox 3551 474 3714 526; x_wconf 82' lang='lat' dir='ltr'><strong>nobis-</strong></span> 
     </span>
    </p>
   </div>
   <div class='ocr_carea' id='block_1_63' title="bbox 2160 547 3707 630">
    <p class='ocr_par' dir='ltr' id='par_1_63' title="bbox 2160 547 3707 630">
     <span class='ocr_line' id='line_1_63' title="bbox 2160 547 3707 630; baseline 0.012 -31"><span class='ocrx_word' id='word_1_487' title='bbox 2160 558 2280 600; x_wconf 92' lang='lat' dir='ltr'><strong>cum</strong></span> <span class='ocrx_word' id='word_1_488' title='bbox 2333 547 2636 603; x_wconf 87' lang='lat' dir='ltr'><strong>universam</strong></span> <span class='ocrx_word' id='word_1_489' title='bbox 2690 558 2903 606; x_wconf 87' lang='lat' dir='ltr'><strong>terram.</strong></span> <span class='ocrx_word' id='word_1_490' title='bbox 2952 553 3470 625; x_wconf 86' lang='lat' dir='ltr'><strong>Commemoramini,</strong></span> <span class='ocrx_word' id='word_1_491' title='bbox 3510 562 3707 630; x_wconf 74' lang='lat' dir='ltr'><strong>fratres,</strong></span> 
     </span>
    </p>
   </div>
   <div class='ocr_carea' id='block_1_64' title="bbox 2159 640 3713 724">
    <p class='ocr_par' dir='ltr' id='par_1_64' title="bbox 2159 640 3713 724">
     <span class='ocr_line' id='line_1_64' title="bbox 2159 640 3713 724; baseline 0.012 -34"><span class='ocrx_word' id='word_1_492' title='bbox 2159 640 2277 706; x_wconf 91' lang='lat' dir='ltr'><strong>quia</strong></span> <span class='ocrx_word' id='word_1_493' title='bbox 2302 640 2477 693; x_wconf 90' lang='lat' dir='ltr'><strong>omnis</strong></span> <span class='ocrx_word' id='word_1_494' title='bbox 2507 641 2693 711; x_wconf 86' lang='lat' dir='ltr'><strong>pagina</strong></span> <span class='ocrx_word' id='word_1_495' title='bbox 2719 653 2887 700; x_wconf 85' lang='lat' dir='ltr'><strong>armat</strong></span> <span class='ocrx_word' id='word_1_496' title='bbox 2915 655 2969 701; x_wconf 92' lang='lat' dir='ltr'><strong>et</strong></span> <span class='ocrx_word' id='word_1_497' title='bbox 2993 647 3175 716; x_wconf 88' lang='lat' dir='ltr'><strong>implet</strong></span> <span class='ocrx_word' id='word_1_498' title='bbox 3195 664 3290 704; x_wconf 89' lang='lat' dir='ltr'><strong>nos</strong></span> <span class='ocrx_word' id='word_1_499' title='bbox 3314 661 3498 706; x_wconf 88' lang='lat' dir='ltr'><strong>contra</strong></span> <span class='ocrx_word' id='word_1_500' title='bbox 3519 653 3713 724; x_wconf 90' lang='lat' dir='ltr'><strong>linguas</strong></span> 
     </span>
    </p>
   </div>
   <div class='ocr_carea' id='block_1_65' title="bbox 2160 725 3711 805">
    <p class='ocr_par' dir='ltr' id='par_1_65' title="bbox 2160 725 3711 805">
     <span class='ocr_line' id='line_1_65' title="bbox 2160 725 3711 805; baseline 0.012 -26"><span class='ocrx_word' id='word_1_501' title='bbox 2160 725 2453 793; x_wconf 90' lang='lat' dir='ltr'><strong>hominum,</strong></span> <span class='ocrx_word' id='word_1_502' title='bbox 2481 745 2609 799; x_wconf 90' lang='lat' dir='ltr'><strong>quas</strong></span> <span class='ocrx_word' id='word_1_503' title='bbox 2653 733 2885 799; x_wconf 89' lang='lat' dir='ltr'><strong>quotidie</strong></span> <span class='ocrx_word' id='word_1_504' title='bbox 2910 736 3157 803; x_wconf 88' lang='lat' dir='ltr'><strong>patimur.</strong></span> <span class='ocrx_word' id='word_1_505' title='bbox 3184 737 3239 793; x_wconf 90' lang='lat' dir='ltr'><strong>Si</strong></span> <span class='ocrx_word' id='word_1_506' title='bbox 3266 738 3505 805; x_wconf 81' lang='lat' dir='ltr'><strong>dixisset,</strong></span> <span class='ocrx_word' id='word_1_507' title='bbox 3549 741 3711 798; x_wconf 83' lang='lat' dir='ltr'><strong>Crevit</strong></span> 
     </span>
    </p>
   </div>
   <div class='ocr_carea' id='block_1_66' title="bbox 2161 819 3711 902">
    <p class='ocr_par' dir='ltr' id='par_1_66' title="bbox 2161 819 3711 902">
     <span class='ocr_line' id='line_1_66' title="bbox 2161 819 3711 902; baseline 0.01 -30"><span class='ocrx_word' id='word_1_508' title='bbox 2161 819 2248 874; x_wconf 92' lang='lat' dir='ltr'><strong>ille</strong></span> <span class='ocrx_word' id='word_1_509' title='bbox 2295 836 2469 886; x_wconf 85' lang='lat' dir='ltr'><strong>mons,</strong></span> <span class='ocrx_word' id='word_1_510' title='bbox 2503 830 2558 876; x_wconf 89' lang='lat' dir='ltr'><strong>et</strong></span> <span class='ocrx_word' id='word_1_511' title='bbox 2589 823 2831 891; x_wconf 89' lang='lat' dir='ltr'><strong>implevit</strong></span> <span class='ocrx_word' id='word_1_512' title='bbox 2859 827 3156 881; x_wconf 80' lang='lat' dir='ltr'><strong>universam</strong></span> <span class='ocrx_word' id='word_1_513' title='bbox 3184 829 3449 895; x_wconf 83' lang='lat' dir='ltr'><strong>Africam;</strong></span> <span class='ocrx_word' id='word_1_514' title='bbox 3474 835 3711 902; x_wconf 89' lang='lat' dir='ltr'><strong>numquid</strong></span> 
     </span>
    </p>
   </div>
   <div class='ocr_carea' id='block_1_67' title="bbox 2159 908 3712 993">
    <p class='ocr_par' dir='ltr' id='par_1_67' title="bbox 2159 908 3712 993">
     <span class='ocr_line' id='line_1_67' title="bbox 2159 908 3712 993; baseline 0.011 -30"><span class='ocrx_word' id='word_1_515' title='bbox 2159 908 2396 967; x_wconf 86' lang='lat' dir='ltr'><strong>dicerent</strong></span> <span class='ocrx_word' id='word_1_516' title='bbox 2440 913 2534 977; x_wconf 89' lang='lat' dir='ltr'><strong>illi,</strong></span> <span class='ocrx_word' id='word_1_517' title='bbox 2568 914 2668 968; x_wconf 91' lang='lat' dir='ltr'><strong>nisi</strong></span> <span class='ocrx_word' id='word_1_518' title='bbox 2709 916 2830 985; x_wconf 88' lang='lat' dir='ltr'><strong>quia</strong></span> <span class='ocrx_word' id='word_1_519' title='bbox 2865 932 2984 984; x_wconf 89' lang='lat' dir='ltr'><strong>pars</strong></span> <span class='ocrx_word' id='word_1_520' title='bbox 3025 919 3209 975; x_wconf 85' lang='lat' dir='ltr'><strong>Donati</strong></span> <span class='ocrx_word' id='word_1_521' title='bbox 3241 922 3361 975; x_wconf 88' lang='lat' dir='ltr'><strong>est?</strong></span> <span class='ocrx_word' id='word_1_522' title='bbox 3391 922 3712 993; x_wconf 90' lang='lat' dir='ltr'><strong>Compressit</strong></span> 
     </span>
    </p>
   </div>
   <div class='ocr_carea' id='block_1_68' title="bbox 2164 997 3708 1076">
    <p class='ocr_par' dir='ltr' id='par_1_68' title="bbox 2164 997 3708 1076">
     <span class='ocr_line' id='line_1_68' title="bbox 2164 997 3708 1076; baseline 0.012 -26"><span class='ocrx_word' id='word_1_523' title='bbox 2164 997 2621 1069; x_wconf 86' lang='lat' dir='ltr'><strong>linguasipsorum</strong></span> <span class='ocrx_word' id='word_1_524' title='bbox 2645 1006 2948 1059; x_wconf 87' lang='lat' dir='ltr'><strong>crescendo.</strong></span> <span class='ocrx_word' id='word_1_525' title='bbox 2969 1006 3189 1064; x_wconf 82' lang='lat' dir='ltr'><strong>Tantum</strong></span> <span class='ocrx_word' id='word_1_526' title='bbox 3206 1012 3390 1076; x_wconf 90' lang='lat' dir='ltr'><strong>crevit,</strong></span> <span class='ocrx_word' id='word_1_527' title='bbox 3409 1024 3468 1067; x_wconf 89' lang='lat' dir='ltr'><strong>ut</strong></span> <span class='ocrx_word' id='word_1_528' title='bbox 3481 1014 3708 1070; x_wconf 75' lang='lat' dir='ltr'><strong>obturet&#39;</strong></span> 
     </span>
    </p>
   </div>
   <div class='ocr_carea' id='block_1_69' title="bbox 2166 1091 3715 1162">
    <p class='ocr_par' dir='ltr' id='par_1_69' title="bbox 2166 1091 3715 1162">
     <span class='ocr_line' id='line_1_69' title="bbox 2166 1091 3715 1162; baseline 0.013 -20"><span class='ocrx_word' id='word_1_529' title='bbox 2166 1103 2261 1143; x_wconf 91' lang='lat' dir='ltr'><strong>ora</strong></span> <span class='ocrx_word' id='word_1_530' title='bbox 2290 1091 2655 1149; x_wconf 76' lang='lat' dir='ltr'><strong>verbesorum.</strong></span> <span class='ocrx_word' id='word_1_531' title='bbox 2701 1095 2817 1162; x_wconf 88' lang='lat' dir='ltr'><strong>Quo</strong></span> <span class='ocrx_word' id='word_1_532' title='bbox 2843 1112 2986 1151; x_wconf 78' lang='lat' dir='ltr'><strong>enim</strong></span> <span class='ocrx_word' id='word_1_533' title='bbox 3020 1099 3078 1153; x_wconf 91' lang='lat' dir='ltr'><strong>iit</strong></span> <span class='ocrx_word' id='word_1_534' title='bbox 3105 1103 3431 1158; x_wconf 87' lang='lat' dir='ltr'><strong>crescendo?</strong></span> <span class='ocrx_word' id='word_1_535' title='bbox 3460 1105 3561 1160; x_wconf 86' lang='lat' dir='ltr'><strong>Per</strong></span> <span class='ocrx_word' id='word_1_536' title='bbox 3604 1108 3715 1161; x_wconf 89' lang='lat' dir='ltr'><strong>uni-</strong></span> 
     </span>
    </p>
   </div>
   <div class='ocr_carea' id='block_1_70' title="bbox 2160 1185 3698 1264">
    <p class='ocr_par' dir='ltr' id='par_1_70' title="bbox 2160 1185 3698 1264">
     <span class='ocr_line' id='line_1_70' title="bbox 2160 1185 3698 1264; baseline 0.014 -31"><span class='ocrx_word' id='word_1_537' title='bbox 2160 1196 2368 1237; x_wconf 89' lang='lat' dir='ltr'><strong>versam</strong></span> <span class='ocrx_word' id='word_1_538' title='bbox 2397 1193 2612 1239; x_wconf 88' lang='lat' dir='ltr'><strong>terram.</strong></span> <span class='ocrx_word' id='word_1_539' title='bbox 2653 1185 2784 1240; x_wconf 87' lang='lat' dir='ltr'><strong>Nam</strong></span> <span class='ocrx_word' id='word_1_540' title='bbox 2812 1203 2963 1244; x_wconf 89' lang='lat' dir='ltr'><strong>mons</strong></span> <span class='ocrx_word' id='word_1_541' title='bbox 3006 1190 3114 1258; x_wconf 90' lang='lat' dir='ltr'><strong>ille,</strong></span> <span class='ocrx_word' id='word_1_542' title='bbox 3166 1193 3305 1248; x_wconf 90' lang='lat' dir='ltr'><strong>unde</strong></span> <span class='ocrx_word' id='word_1_543' title='bbox 3331 1196 3581 1264; x_wconf 75' lang='lat' dir='ltr'><strong>prmeisus</strong></span> <span class='ocrx_word' id='word_1_544' title='bbox 3604 1208 3698 1262; x_wconf 89' lang='lat' dir='ltr'><strong>est,</strong></span> 
     </span>
    </p>
   </div>
   <div class='ocr_carea' id='block_1_71' title="bbox 2158 1272 3716 1354">
    <p class='ocr_par' dir='ltr' id='par_1_71' title="bbox 2158 1272 3716 1354">
     <span class='ocr_line' id='line_1_71' title="bbox 2158 1272 3716 1354; baseline 0.012 -31"><span class='ocrx_word' id='word_1_545' title='bbox 2158 1285 2262 1324; x_wconf 84' lang='lat' dir='ltr'><strong>non</strong></span> <span class='ocrx_word' id='word_1_546' title='bbox 2300 1272 2588 1327; x_wconf 89' lang='lat' dir='ltr'><strong>crescendo</strong></span> <span class='ocrx_word' id='word_1_547' title='bbox 2616 1275 2852 1344; x_wconf 89' lang='lat' dir='ltr'><strong>implevit</strong></span> <span class='ocrx_word' id='word_1_548' title='bbox 2880 1278 3175 1334; x_wconf 87' lang='lat' dir='ltr'><strong>universam</strong></span> <span class='ocrx_word' id='word_1_549' title='bbox 3210 1292 3401 1337; x_wconf 90' lang='lat' dir='ltr'><strong>terram</strong></span> <span class='ocrx_word' id='word_1_550' title='bbox 3435 1304 3447 1338; x_wconf 92' lang='lat'><strong>:</strong></span> <span class='ocrx_word' id='word_1_551' title='bbox 3474 1286 3590 1354; x_wconf 86' lang='lat' dir='ltr'><strong>quia</strong></span> <span class='ocrx_word' id='word_1_552' title='bbox 3623 1289 3716 1342; x_wconf 89' lang='lat' dir='ltr'><strong>etsi</strong></span> 
     </span>
    </p>
   </div>
   <div class='ocr_carea' id='block_1_72' title="bbox 2157 1360 3716 1442">
    <p class='ocr_par' dir='ltr' id='par_1_72' title="bbox 2157 1360 3716 1442">
     <span class='ocr_line' id='line_1_72' title="bbox 2157 1360 3716 1442; baseline 0.013 -30"><span class='ocrx_word' id='word_1_553' title='bbox 2157 1360 2511 1429; x_wconf 88' lang='lat' dir='ltr'><strong>impleverunt</strong></span> <span class='ocrx_word' id='word_1_554' title='bbox 2545 1364 2843 1420; x_wconf 87' lang='lat' dir='ltr'><strong>universam</strong></span> <span class='ocrx_word' id='word_1_555' title='bbox 2874 1376 3067 1422; x_wconf 85' lang='lat' dir='ltr'><strong>terram</strong></span> <span class='ocrx_word' id='word_1_556' title='bbox 3094 1369 3285 1437; x_wconf 65' lang='lat' dir='ltr'><strong>Judaei,</strong></span> <span class='ocrx_word' id='word_1_557' title='bbox 3312 1373 3431 1442; x_wconf 86' lang='lat' dir='ltr'><strong>quia</strong></span> <span class='ocrx_word' id='word_1_558' title='bbox 3481 1375 3716 1433; x_wconf 82' lang='lat' dir='ltr'><strong>debellati</strong></span> 
     </span>
    </p>
   </div>
   <div class='ocr_carea' id='block_1_73' title="bbox 2157 1457 3718 1535">
    <p class='ocr_par' dir='ltr' id='par_1_73' title="bbox 2157 1457 3718 1535">
     <span class='ocr_line' id='line_1_73' title="bbox 2157 1457 3718 1535; baseline 0.011 -32"><span class='ocrx_word' id='word_1_559' title='bbox 2157 1460 2298 1518; x_wconf 90' lang='lat' dir='ltr'><strong>sunt,</strong></span> <span class='ocrx_word' id='word_1_560' title='bbox 2321 1461 2375 1506; x_wconf 90' lang='lat' dir='ltr'><strong>ct</strong></span> <span class='ocrx_word' id='word_1_561' title='bbox 2403 1467 2551 1506; x_wconf 89' lang='lat' dir='ltr'><strong>suam</strong></span> <span class='ocrx_word' id='word_1_562' title='bbox 2580 1462 2776 1509; x_wconf 89' lang='lat' dir='ltr'><strong>terram</strong></span> <span class='ocrx_word' id='word_1_563' title='bbox 2830 1457 3209 1526; x_wconf 85' lang='lat' dir='ltr'><strong>perdiderunt;</strong></span> <span class='ocrx_word' id='word_1_564' title='bbox 3240 1461 3465 1531; x_wconf 85' lang='lat' dir='ltr'><strong>dispersi</strong></span> <span class='ocrx_word' id='word_1_565' title='bbox 3493 1474 3718 1535; x_wconf 84' lang='lat' dir='ltr'><strong>suntpcr</strong></span> 
     </span>
    </p>
   </div>
   <div class='ocr_carea' id='block_1_74' title="bbox 2158 1548 3717 1623">
    <p class='ocr_par' dir='ltr' id='par_1_74' title="bbox 2158 1548 3717 1623">
     <span class='ocr_line' id='line_1_74' title="bbox 2158 1548 3717 1623; baseline 0.012 -28"><span class='ocrx_word' id='word_1_566' title='bbox 2158 1549 2348 1598; x_wconf 90' lang='lat' dir='ltr'><strong>terram</strong></span> <span class='ocrx_word' id='word_1_567' title='bbox 2372 1561 2526 1615; x_wconf 72' lang='lat' dir='ltr'><strong>pmna</strong></span> <span class='ocrx_word' id='word_1_568' title='bbox 2554 1548 2881 1623; x_wconf 81' lang='lat' dir='ltr'><strong>meritorum,</strong></span> <span class='ocrx_word' id='word_1_569' title='bbox 2916 1566 3017 1605; x_wconf 94' lang='lat' dir='ltr'><strong>non</strong></span> <span class='ocrx_word' id='word_1_570' title='bbox 3041 1553 3398 1622; x_wconf 83' lang='lat' dir='ltr'><strong>magnitudine</strong></span> <span class='ocrx_word' id='word_1_571' title='bbox 3424 1556 3717 1612; x_wconf 87' lang='lat' dir='ltr'><strong>incremen-</strong></span> 
     </span>
    </p>
   </div>
   <div class='ocr_carea' id='block_1_75' title="bbox 2157 1639 3718 1718">
    <p class='ocr_par' dir='ltr' id='par_1_75' title="bbox 2157 1639 3718 1718">
     <span class='ocr_line' id='line_1_75' title="bbox 2157 1639 3718 1718; baseline 0.011 -29"><span class='ocrx_word' id='word_1_572' title='bbox 2157 1644 2348 1691; x_wconf 88' lang='lat' dir='ltr'><strong>torum.</strong></span> <span class='ocrx_word' id='word_1_573' title='bbox 2372 1639 2625 1693; x_wconf 86' lang='lat' dir='ltr'><strong>Dominus</strong></span> <span class='ocrx_word' id='word_1_574' title='bbox 2660 1650 2836 1695; x_wconf 81' lang='lat' dir='ltr'><strong>autem</strong></span> <span class='ocrx_word' id='word_1_575' title='bbox 2861 1642 3101 1699; x_wconf 89' lang='lat' dir='ltr'><strong>Christus</strong></span> <span class='ocrx_word' id='word_1_576' title='bbox 3128 1647 3261 1715; x_wconf 78' lang='lat' dir='ltr'><strong>lapis</strong></span> <span class='ocrx_word' id='word_1_577' title='bbox 3285 1650 3565 1718; x_wconf 74' lang='lat' dir='ltr'><strong>singularis,</strong></span> <span class='ocrx_word' id='word_1_578' title='bbox 3595 1654 3718 1705; x_wconf 80' lang='lat' dir='ltr'><strong>sub-</strong></span> 
     </span>
    </p>
   </div>
   <div class='ocr_carea' id='block_1_76' title="bbox 2155 1727 3718 1807">
    <p class='ocr_par' dir='ltr' id='par_1_76' title="bbox 2155 1727 3718 1807">
     <span class='ocr_line' id='line_1_76' title="bbox 2155 1727 3718 1807; baseline 0.012 -29"><span class='ocrx_word' id='word_1_579' title='bbox 2155 1727 2258 1795; x_wconf 85' lang='lat' dir='ltr'><strong>egit</strong></span> <span class='ocrx_word' id='word_1_580' title='bbox 2293 1743 2451 1797; x_wconf 88' lang='lat' dir='ltr'><strong>regna</strong></span> <span class='ocrx_word' id='word_1_581' title='bbox 2505 1729 2796 1795; x_wconf 87' lang='lat' dir='ltr'><strong>hominum,</strong></span> <span class='ocrx_word' id='word_1_582' title='bbox 2835 1731 3168 1803; x_wconf 81' lang='lat' dir='ltr'><strong>frcgitregua</strong></span> <span class='ocrx_word' id='word_1_583' title='bbox 3200 1736 3524 1807; x_wconf 71' lang='lat' dir='ltr'><strong>drcmonum,</strong></span> <span class='ocrx_word' id='word_1_584' title='bbox 3551 1740 3718 1795; x_wconf 80' lang='lat' dir='ltr'><strong>humi-</strong></span> 
     </span>
    </p>
   </div>
   <div class='ocr_carea' id='block_1_77' title="bbox 2154 1816 3715 1901">
    <p class='ocr_par' dir='ltr' id='par_1_77' title="bbox 2154 1816 3715 1901">
     <span class='ocr_line' id='line_1_77' title="bbox 2154 1816 3715 1901; baseline 0.011 -32"><span class='ocrx_word' id='word_1_585' title='bbox 2154 1816 2297 1870; x_wconf 81' lang='lat' dir='ltr'><strong>liavit</strong></span> <span class='ocrx_word' id='word_1_586' title='bbox 2325 1834 2508 1873; x_wconf 89' lang='lat' dir='ltr'><strong>omnes</strong></span> <span class='ocrx_word' id='word_1_587' title='bbox 2544 1836 2698 1889; x_wconf 88' lang='lat' dir='ltr'><strong>reges</strong></span> <span class='ocrx_word' id='word_1_588' title='bbox 2725 1831 2781 1876; x_wconf 91' lang='lat' dir='ltr'><strong>ut</strong></span> <span class='ocrx_word' id='word_1_589' title='bbox 2835 1834 3119 1891; x_wconf 86' lang='lat' dir='ltr'><strong>cresceret,</strong></span> <span class='ocrx_word' id='word_1_590' title='bbox 3169 1829 3335 1882; x_wconf 86' lang='lat' dir='ltr'><strong>crevit</strong></span> <span class='ocrx_word' id='word_1_591' title='bbox 3380 1838 3434 1884; x_wconf 90' lang='lat' dir='ltr'><strong>et</strong></span> <span class='ocrx_word' id='word_1_592' title='bbox 3486 1833 3715 1901; x_wconf 86' lang='lat' dir='ltr'><strong>Implevit</strong></span> 
     </span>
    </p>
   </div>
   <div class='ocr_carea' id='block_1_78' title="bbox 2155 1908 3716 1989">
    <p class='ocr_par' dir='ltr' id='par_1_78' title="bbox 2155 1908 3716 1989">
     <span class='ocr_line' id='line_1_78' title="bbox 2155 1908 3716 1989; baseline 0.012 -30"><span class='ocrx_word' id='word_1_593' title='bbox 2155 1908 2453 1964; x_wconf 85' lang='lat' dir='ltr'><strong>universam</strong></span> <span class='ocrx_word' id='word_1_594' title='bbox 2471 1910 2654 1966; x_wconf 87' lang='lat' dir='ltr'><strong>faciem</strong></span> <span class='ocrx_word' id='word_1_595' title='bbox 2672 1922 2845 1967; x_wconf 74' lang='lat' dir='ltr'><strong>terrm.</strong></span> <span class='ocrx_word' id='word_1_596' title='bbox 2870 1914 3057 1971; x_wconf 78' lang='lat' dir='ltr'><strong>Andeo</strong></span> <span class='ocrx_word' id='word_1_597' title='bbox 3079 1917 3276 1984; x_wconf 87' lang='lat' dir='ltr'><strong>dicere,</strong></span> <span class='ocrx_word' id='word_1_598' title='bbox 3305 1919 3478 1975; x_wconf 80' lang='lat' dir='ltr'><strong>adimo</strong></span> <span class='ocrx_word' id='word_1_599' title='bbox 3503 1925 3716 1989; x_wconf 87' lang='lat' dir='ltr'><strong>crescit,</strong></span> 
     </span>
    </p>
   </div>
   <div class='ocr_carea' id='block_1_79' title="bbox 2151 1998 2979 2074">
    <p class='ocr_par' dir='ltr' id='par_1_79' title="bbox 2151 1998 2979 2074">
     <span class='ocr_line' id='line_1_79' title="bbox 2151 1998 2979 2074; baseline 0.008 -21"><span class='ocrx_word' id='word_1_600' title='bbox 2151 1998 2325 2055; x_wconf 86' lang='lat' dir='ltr'><strong>adhuc</strong></span> <span class='ocrx_word' id='word_1_601' title='bbox 2348 2010 2471 2055; x_wconf 87' lang='lat' dir='ltr'><strong>sunt</strong></span> <span class='ocrx_word' id='word_1_602' title='bbox 2497 2002 2606 2057; x_wconf 90' lang='lat' dir='ltr'><strong>loca</strong></span> <span class='ocrx_word' id='word_1_603' title='bbox 2625 2019 2745 2073; x_wconf 72' lang='lat' dir='ltr'><strong>qua:</strong></span> <span class='ocrx_word' id='word_1_604' title='bbox 2776 2006 2979 2074; x_wconf 87' lang='lat' dir='ltr'><strong>implet.</strong></span> 
     </span>
    </p>
   </div>
   <div class='ocr_carea' id='block_1_80' title="bbox 2223 2092 3717 2171">
    <p class='ocr_par' dir='ltr' id='par_1_80' title="bbox 2223 2092 3717 2171">
     <span class='ocr_line' id='line_1_80' title="bbox 2223 2092 3717 2171; baseline 0.011 -26"><span class='ocrx_word' id='word_1_605' title='bbox 2223 2092 2276 2145; x_wconf 90' lang='lat'><strong>8.</strong></span> <span class='ocrx_word' id='word_1_606' title='bbox 2328 2092 2600 2154; x_wconf 79' lang='lat' dir='ltr'><strong>Mundities</strong></span> <span class='ocrx_word' id='word_1_607' title='bbox 2642 2098 2806 2151; x_wconf 84' lang='lat' dir='ltr'><strong>carnis</strong></span> <span class='ocrx_word' id='word_1_608' title='bbox 2847 2109 2893 2151; x_wconf 84' lang='lat' dir='ltr'><strong>et</strong></span> <span class='ocrx_word' id='word_1_609' title='bbox 2932 2100 3137 2169; x_wconf 85' lang='lat' dir='ltr'><strong>spiritus</strong></span> <span class='ocrx_word' id='word_1_610' title='bbox 3178 2103 3476 2171; x_wconf 70' lang='lat' dir='ltr'><strong>prccipitur.</strong></span> <span class='ocrx_word' id='word_1_611' title='bbox 3510 2107 3585 2160; x_wconf 88' lang='lat' dir='ltr'><strong>Tu</strong></span> <span class='ocrx_word' id='word_1_612' title='bbox 3630 2122 3717 2161; x_wconf 83' lang='lat' dir='ltr'><strong>er-</strong></span> 
     </span>
    </p>
   </div>
   <div class='ocr_carea' id='block_1_81' title="bbox 2152 2186 3722 2268">
    <p class='ocr_par' dir='ltr' id='par_1_81' title="bbox 2152 2186 3722 2268">
     <span class='ocr_line' id='line_1_81' title="bbox 2152 2186 3722 2268; baseline 0.01 -31"><span class='ocrx_word' id='word_1_613' title='bbox 2152 2197 2220 2253; x_wconf 80' lang='lat' dir='ltr'><strong>go</strong></span> <span class='ocrx_word' id='word_1_614' title='bbox 2255 2199 2375 2238; x_wconf 83' lang='lat' dir='ltr'><strong>ama</strong></span> <span class='ocrx_word' id='word_1_615' title='bbox 2421 2186 2590 2255; x_wconf 87' lang='lat' dir='ltr'><strong>ipsum</strong></span> <span class='ocrx_word' id='word_1_616' title='bbox 2621 2198 2852 2244; x_wconf 83' lang='lat' dir='ltr'><strong>nmntem</strong></span> <span class='ocrx_word' id='word_1_617' title='bbox 2876 2232 2890 2253; x_wconf 90' lang='lat'><strong>,</strong></span> <span class='ocrx_word' id='word_1_618' title='bbox 2943 2200 2997 2246; x_wconf 90' lang='lat' dir='ltr'><strong>et</strong></span> <span class='ocrx_word' id='word_1_619' title='bbox 3024 2208 3148 2262; x_wconf 83' lang='lat' dir='ltr'><strong>para</strong></span> <span class='ocrx_word' id='word_1_620' title='bbox 3194 2203 3244 2250; x_wconf 79' lang='lat' dir='ltr'><strong>te</strong></span> <span class='ocrx_word' id='word_1_621' title='bbox 3287 2195 3524 2252; x_wconf 83' lang='lat' dir='ltr'><strong>habitare</strong></span> <span class='ocrx_word' id='word_1_622' title='bbox 3546 2198 3722 2268; x_wconf 76' lang='lat' dir='ltr'><strong>ipsum</strong></span> 
     </span>
    </p>
   </div>
   <div class='ocr_carea' id='block_1_82' title="bbox 2150 2276 3719 2358">
    <p class='ocr_par' dir='ltr' id='par_1_82' title="bbox 2150 2276 3719 2358">
     <span class='ocr_line' id='line_1_82' title="bbox 2150 2276 3719 2358; baseline 0.011 -33"><span class='ocrx_word' id='word_1_623' title='bbox 2150 2282 2384 2327; x_wconf 89' lang='lat' dir='ltr'><strong>montem</strong></span> <span class='ocrx_word' id='word_1_624' title='bbox 2415 2276 2469 2329; x_wconf 90' lang='lat' dir='ltr'><strong>in</strong></span> <span class='ocrx_word' id='word_1_625' title='bbox 2508 2286 2801 2345; x_wconf 63' lang='lat' dir='ltr'><strong>aeternum;</strong></span> <span class='ocrx_word' id='word_1_626' title='bbox 2834 2288 2887 2334; x_wconf 89' lang='lat' dir='ltr'><strong>et</strong></span> <span class='ocrx_word' id='word_1_627' title='bbox 2919 2282 3113 2337; x_wconf 85' lang='lat' dir='ltr'><strong>munda</strong></span> <span class='ocrx_word' id='word_1_628' title='bbox 3139 2294 3189 2339; x_wconf 89' lang='lat' dir='ltr'><strong>te</strong></span> <span class='ocrx_word' id='word_1_629' title='bbox 3213 2285 3281 2339; x_wconf 90' lang='lat' dir='ltr'><strong>ab</strong></span> <span class='ocrx_word' id='word_1_630' title='bbox 3317 2288 3461 2341; x_wconf 89' lang='lat' dir='ltr'><strong>omni</strong></span> <span class='ocrx_word' id='word_1_631' title='bbox 3485 2288 3719 2358; x_wconf 85' lang='lat' dir='ltr'><strong>coinqui-</strong></span> 
     </span>
    </p>
   </div>
   <div class='ocr_carea' id='block_1_83' title="bbox 2149 2366 3715 2444">
    <p class='ocr_par' dir='ltr' id='par_1_83' title="bbox 2149 2366 3715 2444">
     <span class='ocr_line' id='line_1_83' title="bbox 2149 2366 3715 2444; baseline 0.011 -26"><span class='ocrx_word' id='word_1_632' title='bbox 2149 2366 2361 2421; x_wconf 68' lang='lat' dir='ltr'><strong>natione</strong></span> <span class='ocrx_word' id='word_1_633' title='bbox 2381 2368 2553 2422; x_wconf 90' lang='lat' dir='ltr'><strong>carnis</strong></span> <span class='ocrx_word' id='word_1_634' title='bbox 2582 2381 2635 2424; x_wconf 90' lang='lat' dir='ltr'><strong>et</strong></span> <span class='ocrx_word' id='word_1_635' title='bbox 2661 2372 2876 2439; x_wconf 86' lang='lat' dir='ltr'><strong>spiritus</strong></span> <span class='ocrx_word' id='word_1_636' title='bbox 2900 2413 2916 2437; x_wconf 91' lang='lat'><strong>,</strong></span> <span class='ocrx_word' id='word_1_637' title='bbox 2959 2373 3053 2429; x_wconf 90' lang='lat' dir='ltr'><strong>has</strong></span> <span class='ocrx_word' id='word_1_638' title='bbox 3095 2378 3470 2444; x_wconf 91' lang='lat' dir='ltr'><strong>promissiones</strong></span> <span class='ocrx_word' id='word_1_639' title='bbox 3496 2379 3715 2436; x_wconf 85' lang='lat' dir='ltr'><strong>habens.</strong></span> 
     </span>
    </p>
   </div>
   <div class='ocr_carea' id='block_1_84' title="bbox 2149 2456 3716 2535">
    <p class='ocr_par' dir='ltr' id='par_1_84' title="bbox 2149 2456 3716 2535">
     <span class='ocr_line' id='line_1_84' title="bbox 2149 2456 3716 2535; baseline 0.011 -26"><span class='ocrx_word' id='word_1_640' title='bbox 2149 2456 2290 2522; x_wconf 88' lang='lat' dir='ltr'><strong>Quas</strong></span> <span class='ocrx_word' id='word_1_641' title='bbox 2311 2458 2726 2526; x_wconf 79' lang='lat' dir='ltr'><strong>promissiones?</strong></span> <span class='ocrx_word' id='word_1_642' title='bbox 2754 2463 2807 2517; x_wconf 90' lang='lat' dir='ltr'><strong>Si</strong></span> <span class='ocrx_word' id='word_1_643' title='bbox 2834 2465 2913 2517; x_wconf 91' lang='lat' dir='ltr'><strong>vis</strong></span> <span class='ocrx_word' id='word_1_644' title='bbox 2941 2465 3211 2533; x_wconf 83' lang='lat' dir='ltr'><strong>possidere</strong></span> <span class='ocrx_word' id='word_1_645' title='bbox 3240 2476 3463 2535; x_wconf 87' lang='lat' dir='ltr'><strong>terram,</strong></span> <span class='ocrx_word' id='word_1_646' title='bbox 3491 2481 3543 2525; x_wconf 91' lang='lat' dir='ltr'><strong>et</strong></span> <span class='ocrx_word' id='word_1_647' title='bbox 3562 2470 3716 2525; x_wconf 83' lang='lat' dir='ltr'><strong>inha-</strong></span> 
     </span>
    </p>
   </div>
   <div class='ocr_carea' id='block_1_85' title="bbox 2148 2546 3717 2631">
    <p class='ocr_par' dir='ltr' id='par_1_85' title="bbox 2148 2546 3717 2631">
     <span class='ocr_line' id='line_1_85' title="bbox 2148 2546 3717 2631; baseline 0.011 -31"><span class='ocrx_word' id='word_1_648' title='bbox 2148 2546 2319 2602; x_wconf 88' lang='lat' dir='ltr'><strong>bitare</strong></span> <span class='ocrx_word' id='word_1_649' title='bbox 2346 2558 2580 2603; x_wconf 88' lang='lat' dir='ltr'><strong>montem</strong></span> <span class='ocrx_word' id='word_1_650' title='bbox 2626 2561 2864 2606; x_wconf 89' lang='lat' dir='ltr'><strong>sanctum</strong></span> <span class='ocrx_word' id='word_1_651' title='bbox 2884 2594 2899 2619; x_wconf 96' lang='lat'><strong>,</strong></span> <span class='ocrx_word' id='word_1_652' title='bbox 2924 2555 3117 2610; x_wconf 87' lang='lat' dir='ltr'><strong>munda</strong></span> <span class='ocrx_word' id='word_1_653' title='bbox 3146 2566 3196 2613; x_wconf 89' lang='lat' dir='ltr'><strong>te</strong></span> <span class='ocrx_word' id='word_1_654' title='bbox 3216 2558 3281 2612; x_wconf 88' lang='lat' dir='ltr'><strong>ab</strong></span> <span class='ocrx_word' id='word_1_655' title='bbox 3307 2562 3452 2615; x_wconf 90' lang='lat' dir='ltr'><strong>omni</strong></span> <span class='ocrx_word' id='word_1_656' title='bbox 3477 2563 3717 2631; x_wconf 88' lang='lat' dir='ltr'><strong>coinqui-</strong></span> 
     </span>
    </p>
   </div>
   <div class='ocr_carea' id='block_1_86' title="bbox 2148 2638 3719 2721">
    <p class='ocr_par' dir='ltr' id='par_1_86' title="bbox 2148 2638 3719 2721">
     <span class='ocr_line' id='line_1_86' title="bbox 2148 2638 3719 2721; baseline 0.013 -30"><span class='ocrx_word' id='word_1_657' title='bbox 2148 2638 2359 2693; x_wconf 88' lang='lat' dir='ltr'><strong>natione</strong></span> <span class='ocrx_word' id='word_1_658' title='bbox 2385 2642 2559 2694; x_wconf 88' lang='lat' dir='ltr'><strong>carnis</strong></span> <span class='ocrx_word' id='word_1_659' title='bbox 2596 2650 2649 2697; x_wconf 91' lang='lat' dir='ltr'><strong>et</strong></span> <span class='ocrx_word' id='word_1_660' title='bbox 2694 2644 2931 2712; x_wconf 73' lang='lat' dir='ltr'><strong>spiritus.</strong></span> <span class='ocrx_word' id='word_1_661' title='bbox 2963 2646 3092 2713; x_wconf 56' lang='lat' dir='ltr'><strong>Quae</strong></span> <span class='ocrx_word' id='word_1_662' title='bbox 3119 2659 3240 2702; x_wconf 91' lang='lat' dir='ltr'><strong>sunt</strong></span> <span class='ocrx_word' id='word_1_663' title='bbox 3264 2652 3719 2721; x_wconf 84' lang='lat' dir='ltr'><strong>coinquinationcs</strong></span> 
     </span>
    </p>
   </div>
   <div class='ocr_carea' id='block_1_87' title="bbox 2147 2730 3719 2805">
    <p class='ocr_par' dir='ltr' id='par_1_87' title="bbox 2147 2730 3719 2805">
     <span class='ocr_line' id='line_1_87' title="bbox 2147 2730 3719 2805; baseline 0.011 -22"><span class='ocrx_word' id='word_1_664' title='bbox 2147 2730 2363 2784; x_wconf 89' lang='lat' dir='ltr'><strong>carnis?</strong></span> <span class='ocrx_word' id='word_1_665' title='bbox 2400 2730 2643 2786; x_wconf 83' lang='lat' dir='ltr'><strong>Intendat</strong></span> <span class='ocrx_word' id='word_1_666' title='bbox 2679 2734 2926 2789; x_wconf 90' lang='lat' dir='ltr'><strong>Charitas</strong></span> <span class='ocrx_word' id='word_1_667' title='bbox 2968 2746 3141 2792; x_wconf 88' lang='lat' dir='ltr'><strong>vestra</strong></span> <span class='ocrx_word' id='word_1_668' title='bbox 3168 2781 3181 2805; x_wconf 91' lang='lat'><strong>,</strong></span> <span class='ocrx_word' id='word_1_669' title='bbox 3226 2749 3279 2794; x_wconf 89' lang='lat' dir='ltr'><strong>et</strong></span> <span class='ocrx_word' id='word_1_670' title='bbox 3322 2740 3423 2797; x_wconf 83' lang='lat' dir='ltr'><strong>hoc</strong></span> <span class='ocrx_word' id='word_1_671' title='bbox 3463 2743 3719 2801; x_wconf 88' lang='lat' dir='ltr'><strong>debemus</strong></span> 
     </span>
    </p>
   </div>
   <div class='ocr_carea' id='block_1_88' title="bbox 2147 2819 3718 2895">
    <p class='ocr_par' dir='ltr' id='par_1_88' title="bbox 2147 2819 3718 2895">
     <span class='ocr_line' id='line_1_88' title="bbox 2147 2819 3718 2895; baseline 0.011 -21"><span class='ocrx_word' id='word_1_672' title='bbox 2147 2819 2342 2875; x_wconf 88' lang='lat' dir='ltr'><strong>dicere.</strong></span> <span class='ocrx_word' id='word_1_673' title='bbox 2382 2820 2512 2886; x_wconf 79' lang='lat' dir='ltr'><strong>Qua:</strong></span> <span class='ocrx_word' id='word_1_674' title='bbox 2550 2832 2672 2877; x_wconf 86' lang='lat' dir='ltr'><strong>sunt</strong></span> <span class='ocrx_word' id='word_1_675' title='bbox 2715 2825 3172 2895; x_wconf 88' lang='lat' dir='ltr'><strong>coinquinationes</strong></span> <span class='ocrx_word' id='word_1_676' title='bbox 3212 2832 3427 2886; x_wconf 82' lang='lat' dir='ltr'><strong>carnis?</strong></span> <span class='ocrx_word' id='word_1_677' title='bbox 3466 2834 3580 2889; x_wconf 85' lang='lat' dir='ltr'><strong>Non</strong></span> <span class='ocrx_word' id='word_1_678' title='bbox 3626 2837 3718 2891; x_wconf 77' lang='lat' dir='ltr'><strong>ubi</strong></span> 
     </span>
    </p>
   </div>
   <div class='ocr_carea' id='block_1_89' title="bbox 2146 2912 3719 2991">
    <p class='ocr_par' dir='ltr' id='par_1_89' title="bbox 2146 2912 3719 2991">
     <span class='ocr_line' id='line_1_89' title="bbox 2146 2912 3719 2991; baseline 0.011 -28"><span class='ocrx_word' id='word_1_679' title='bbox 2146 2924 2269 2964; x_wconf 84' lang='lat' dir='ltr'><strong>casu</strong></span> <span class='ocrx_word' id='word_1_680' title='bbox 2302 2912 2486 2965; x_wconf 88' lang='lat' dir='ltr'><strong>transit</strong></span> <span class='ocrx_word' id='word_1_681' title='bbox 2528 2912 2685 2966; x_wconf 86' lang='lat' dir='ltr'><strong>homo</strong></span> <span class='ocrx_word' id='word_1_682' title='bbox 2708 2955 2721 2977; x_wconf 92' lang='lat'><strong>,</strong></span> <span class='ocrx_word' id='word_1_683' title='bbox 2754 2923 2807 2969; x_wconf 90' lang='lat' dir='ltr'><strong>et</strong></span> <span class='ocrx_word' id='word_1_684' title='bbox 2853 2916 3018 2986; x_wconf 84' lang='lat' dir='ltr'><strong>tangit</strong></span> <span class='ocrx_word' id='word_1_685' title='bbox 3059 2918 3256 2988; x_wconf 85' lang='lat' dir='ltr'><strong>aliquid</strong></span> <span class='ocrx_word' id='word_1_686' title='bbox 3297 2932 3386 2975; x_wconf 90' lang='lat' dir='ltr'><strong>aut</strong></span> <span class='ocrx_word' id='word_1_687' title='bbox 3419 2924 3552 2991; x_wconf 89' lang='lat' dir='ltr'><strong>pede</strong></span> <span class='ocrx_word' id='word_1_688' title='bbox 3576 2967 3593 2990; x_wconf 89' lang='lat'><strong>,</strong></span> <span class='ocrx_word' id='word_1_689' title='bbox 3625 2937 3719 2981; x_wconf 90' lang='lat' dir='ltr'><strong>aut</strong></span> 
     </span>
    </p>
   </div>
   <div class='ocr_carea' id='block_1_90' title="bbox 2147 3001 3718 3084">
    <p class='ocr_par' dir='ltr' id='par_1_90' title="bbox 2147 3001 3718 3084">
     <span class='ocr_line' id='line_1_90' title="bbox 2147 3001 3718 3084; baseline 0.013 -32"><span class='ocrx_word' id='word_1_690' title='bbox 2147 3001 2303 3053; x_wconf 90' lang='lat' dir='ltr'><strong>etiam</strong></span> <span class='ocrx_word' id='word_1_691' title='bbox 2331 3001 2500 3069; x_wconf 89' lang='lat' dir='ltr'><strong>facie;</strong></span> <span class='ocrx_word' id='word_1_692' title='bbox 2532 3013 2622 3058; x_wconf 89' lang='lat' dir='ltr'><strong>aut</strong></span> <span class='ocrx_word' id='word_1_693' title='bbox 2649 3005 2692 3059; x_wconf 91' lang='lat' dir='ltr'><strong>si</strong></span> <span class='ocrx_word' id='word_1_694' title='bbox 2732 3008 3000 3077; x_wconf 88' lang='lat' dir='ltr'><strong>contingat</strong></span> <span class='ocrx_word' id='word_1_695' title='bbox 3032 3010 3229 3066; x_wconf 88' lang='lat' dir='ltr'><strong>homini</strong></span> <span class='ocrx_word' id='word_1_696' title='bbox 3256 3014 3358 3067; x_wconf 86' lang='lat' dir='ltr'><strong>labi</strong></span> <span class='ocrx_word' id='word_1_697' title='bbox 3384 3015 3537 3084; x_wconf 82' lang='lat' dir='ltr'><strong>pede,</strong></span> <span class='ocrx_word' id='word_1_698' title='bbox 3568 3026 3621 3072; x_wconf 83' lang='lat' dir='ltr'><strong>et</strong></span> <span class='ocrx_word' id='word_1_699' title='bbox 3646 3020 3718 3073; x_wconf 86' lang='lat' dir='ltr'><strong>ita</strong></span> 
     </span>
    </p>
   </div>
   <div class='ocr_carea' id='block_1_91' title="bbox 2146 3090 3722 3180">
    <p class='ocr_par' dir='ltr' id='par_1_91' title="bbox 2146 3090 3722 3180">
     <span class='ocr_line' id='line_1_91' title="bbox 2146 3090 3722 3180; baseline 0.013 -37"><span class='ocrx_word' id='word_1_700' title='bbox 2146 3090 2335 3146; x_wconf 88' lang='lat' dir='ltr'><strong>cadere</strong></span> <span class='ocrx_word' id='word_1_701' title='bbox 2359 3133 2373 3155; x_wconf 93' lang='lat'><strong>,</strong></span> <span class='ocrx_word' id='word_1_702' title='bbox 2408 3103 2462 3146; x_wconf 88' lang='lat' dir='ltr'><strong>ut</strong></span> <span class='ocrx_word' id='word_1_703' title='bbox 2488 3099 2539 3148; x_wconf 82' lang='lat' dir='ltr'><strong>in</strong></span> <span class='ocrx_word' id='word_1_704' title='bbox 2573 3095 2758 3159; x_wconf 81' lang='lat' dir='ltr'><strong>intum,</strong></span> <span class='ocrx_word' id='word_1_705' title='bbox 2799 3106 2887 3151; x_wconf 90' lang='lat' dir='ltr'><strong>aut</strong></span> <span class='ocrx_word' id='word_1_706' title='bbox 2914 3100 2964 3153; x_wconf 91' lang='lat' dir='ltr'><strong>in</strong></span> <span class='ocrx_word' id='word_1_707' title='bbox 3004 3116 3215 3157; x_wconf 79' lang='lat' dir='ltr'><strong>caenum</strong></span> <span class='ocrx_word' id='word_1_708' title='bbox 3245 3106 3450 3172; x_wconf 87' lang='lat' dir='ltr'><strong>veniat,</strong></span> <span class='ocrx_word' id='word_1_709' title='bbox 3479 3109 3722 3180; x_wconf 91' lang='lat' dir='ltr'><strong>coinqui-</strong></span> 
     </span>
    </p>
   </div>
   <div class='ocr_carea' id='block_1_92' title="bbox 2145 3183 3722 3268">
    <p class='ocr_par' dir='ltr' id='par_1_92' title="bbox 2145 3183 3722 3268">
     <span class='ocr_line' id='line_1_92' title="bbox 2145 3183 3722 3268; baseline 0.014 -34"><span class='ocrx_word' id='word_1_710' title='bbox 2145 3191 2263 3234; x_wconf 90' lang='lat' dir='ltr'><strong>nata</strong></span> <span class='ocrx_word' id='word_1_711' title='bbox 2284 3193 2365 3237; x_wconf 90' lang='lat' dir='ltr'><strong>est</strong></span> <span class='ocrx_word' id='word_1_712' title='bbox 2393 3183 2567 3239; x_wconf 87' lang='lat' dir='ltr'><strong>facies.</strong></span> <span class='ocrx_word' id='word_1_713' title='bbox 2594 3186 2782 3241; x_wconf 88' lang='lat' dir='ltr'><strong>Facilis</strong></span> <span class='ocrx_word' id='word_1_714' title='bbox 2810 3199 2891 3243; x_wconf 91' lang='lat' dir='ltr'><strong>est</strong></span> <span class='ocrx_word' id='word_1_715' title='bbox 2920 3190 3017 3244; x_wconf 89' lang='lat' dir='ltr'><strong>ista</strong></span> <span class='ocrx_word' id='word_1_716' title='bbox 3042 3193 3397 3263; x_wconf 75' lang='lat' dir='ltr'><strong>coinquinatis</strong></span> <span class='ocrx_word' id='word_1_717' title='bbox 3415 3214 3430 3263; x_wconf 88' lang='lat'><strong>;</strong></span> <span class='ocrx_word' id='word_1_718' title='bbox 3451 3202 3722 3268; x_wconf 87' lang='lat' dir='ltr'><strong>quomodo</strong></span> 
     </span>
    </p>
   </div>
   <div class='ocr_carea' id='block_1_93' title="bbox 2146 3273 3712 3354">
    <p class='ocr_par' dir='ltr' id='par_1_93' title="bbox 2146 3273 3712 3354">
     <span class='ocr_line' id='line_1_93' title="bbox 2146 3273 3712 3354; baseline 0.013 -29"><span class='ocrx_word' id='word_1_719' title='bbox 2146 3273 2279 3327; x_wconf 90' lang='lat' dir='ltr'><strong>solet</strong></span> <span class='ocrx_word' id='word_1_720' title='bbox 2306 3273 2406 3328; x_wconf 92' lang='lat' dir='ltr'><strong>dici</strong></span> <span class='ocrx_word' id='word_1_721' title='bbox 2433 3316 2446 3341; x_wconf 93' lang='lat'><strong>,</strong></span> <span class='ocrx_word' id='word_1_722' title='bbox 2494 3277 2715 3343; x_wconf 88' lang='lat' dir='ltr'><strong>lavatur,</strong></span> <span class='ocrx_word' id='word_1_723' title='bbox 2745 3288 2799 3333; x_wconf 89' lang='lat' dir='ltr'><strong>et</strong></span> <span class='ocrx_word' id='word_1_724' title='bbox 2824 3281 2933 3335; x_wconf 77' lang='lat' dir='ltr'><strong>exit</strong></span> <span class='ocrx_word' id='word_1_725' title='bbox 2959 3283 3000 3335; x_wconf 78' lang='lat'><strong>.</strong></span> <span class='ocrx_word' id='word_1_726' title='bbox 3033 3281 3403 3354; x_wconf 87' lang='lat' dir='ltr'><strong>Coinquinatio</strong></span> <span class='ocrx_word' id='word_1_727' title='bbox 3432 3304 3559 3344; x_wconf 88' lang='lat' dir='ltr'><strong>vero</strong></span> <span class='ocrx_word' id='word_1_728' title='bbox 3586 3306 3712 3346; x_wconf 85' lang='lat' dir='ltr'><strong>car-</strong></span> 
     </span>
    </p>
   </div>
   <div class='ocr_carea' id='block_1_94' title="bbox 2146 3362 3725 3448">
    <p class='ocr_par' dir='ltr' id='par_1_94' title="bbox 2146 3362 3725 3448">
     <span class='ocr_line' id='line_1_94' title="bbox 2146 3362 3725 3448; baseline 0.012 -34"><span class='ocrx_word' id='word_1_729' title='bbox 2146 3362 2248 3428; x_wconf 91' lang='lat' dir='ltr'><strong>nis,</strong></span> <span class='ocrx_word' id='word_1_730' title='bbox 2279 3379 2394 3431; x_wconf 73' lang='lat' dir='ltr'><strong>quzn</strong></span> <span class='ocrx_word' id='word_1_731' title='bbox 2420 3366 2651 3420; x_wconf 86' lang='lat' dir='ltr'><strong>cavenda</strong></span> <span class='ocrx_word' id='word_1_732' title='bbox 2678 3377 2762 3422; x_wconf 88' lang='lat' dir='ltr'><strong>est</strong></span> <span class='ocrx_word' id='word_1_733' title='bbox 2784 3411 2797 3434; x_wconf 93' lang='lat'><strong>,</strong></span> <span class='ocrx_word' id='word_1_734' title='bbox 2830 3385 2932 3423; x_wconf 92' lang='lat' dir='ltr'><strong>non</strong></span> <span class='ocrx_word' id='word_1_735' title='bbox 2956 3370 3058 3426; x_wconf 90' lang='lat' dir='ltr'><strong>huc</strong></span> <span class='ocrx_word' id='word_1_736' title='bbox 3083 3374 3228 3439; x_wconf 83' lang='lat' dir='ltr'><strong>exit,</strong></span> <span class='ocrx_word' id='word_1_737' title='bbox 3265 3375 3362 3429; x_wconf 91' lang='lat' dir='ltr'><strong>nisi</strong></span> <span class='ocrx_word' id='word_1_738' title='bbox 3389 3376 3455 3432; x_wconf 90' lang='lat' dir='ltr'><strong>de</strong></span> <span class='ocrx_word' id='word_1_739' title='bbox 3480 3379 3725 3448; x_wconf 88' lang='lat' dir='ltr'><strong>coinqui-</strong></span> 
     </span>
    </p>
   </div>
   <div class='ocr_carea' id='block_1_95' title="bbox 2145 3454 3721 3539">
    <p class='ocr_par' dir='ltr' id='par_1_95' title="bbox 2145 3454 3721 3539">
     <span class='ocr_line' id='line_1_95' title="bbox 2145 3454 3721 3539; baseline 0.012 -33"><span class='ocrx_word' id='word_1_740' title='bbox 2145 3454 2354 3509; x_wconf 84' lang='lat' dir='ltr'><strong>natione</strong></span> <span class='ocrx_word' id='word_1_741' title='bbox 2381 3455 2597 3523; x_wconf 87' lang='lat' dir='ltr'><strong>spiritus</strong></span> <span class='ocrx_word' id='word_1_742' title='bbox 2625 3499 2639 3519; x_wconf 90' lang='lat'><strong>.</strong></span> <span class='ocrx_word' id='word_1_743' title='bbox 2689 3469 2742 3513; x_wconf 93' lang='lat' dir='ltr'><strong>et</strong></span> <span class='ocrx_word' id='word_1_744' title='bbox 2768 3460 2845 3515; x_wconf 92' lang='lat' dir='ltr'><strong>sic</strong></span> <span class='ocrx_word' id='word_1_745' title='bbox 2873 3463 3176 3532; x_wconf 89' lang='lat' dir='ltr'><strong>coinquinat</strong></span> <span class='ocrx_word' id='word_1_746' title='bbox 3202 3479 3437 3521; x_wconf 90' lang='lat' dir='ltr'><strong>carnem.</strong></span> <span class='ocrx_word' id='word_1_747' title='bbox 3468 3469 3721 3539; x_wconf 89' lang='lat' dir='ltr'><strong>Coinqui-</strong></span> 
     </span>
    </p>
   </div>
   <div class='ocr_carea' id='block_1_96' title="bbox 2145 3545 3725 3627">
    <p class='ocr_par' dir='ltr' id='par_1_96' title="bbox 2145 3545 3725 3627">
     <span class='ocr_line' id='line_1_96' title="bbox 2145 3545 3725 3627; baseline 0.013 -30"><span class='ocrx_word' id='word_1_748' title='bbox 2145 3545 2287 3599; x_wconf 90' lang='lat' dir='ltr'><strong>natio</strong></span> <span class='ocrx_word' id='word_1_749' title='bbox 2328 3547 2544 3615; x_wconf 76' lang='lat' dir='ltr'><strong>Spiritus</strong></span> <span class='ocrx_word' id='word_1_750' title='bbox 2578 3565 2697 3619; x_wconf 78' lang='lat' dir='ltr'><strong>qua:</strong></span> <span class='ocrx_word' id='word_1_751' title='bbox 2721 3561 2803 3606; x_wconf 89' lang='lat' dir='ltr'><strong>est</strong></span> <span class='ocrx_word' id='word_1_752' title='bbox 2822 3552 2851 3605; x_wconf 84' lang='lat'><strong>?</strong></span> <span class='ocrx_word' id='word_1_753' title='bbox 2873 3553 3083 3609; x_wconf 88' lang='lat' dir='ltr'><strong>Libido.</strong></span> <span class='ocrx_word' id='word_1_754' title='bbox 3112 3557 3480 3627; x_wconf 80' lang='lat' dir='ltr'><strong>Coinquinatio</strong></span> <span class='ocrx_word' id='word_1_755' title='bbox 3500 3564 3679 3618; x_wconf 84' lang='lat' dir='ltr'><strong>carnis</strong></span> <span class='ocrx_word' id='word_1_756' title='bbox 3698 3566 3725 3617; x_wconf 71' lang='grc' dir='ltr'><strong></strong></span> 
     </span>
    </p>
   </div>
   <div class='ocr_carea' id='block_1_97' title="bbox 2144 3636 3720 3718">
    <p class='ocr_par' dir='ltr' id='par_1_97' title="bbox 2144 3636 3720 3718">
     <span class='ocr_line' id='line_1_97' title="bbox 2144 3636 3720 3718; baseline 0.011 -29"><span class='ocrx_word' id='word_1_757' title='bbox 2144 3636 2478 3705; x_wconf 88' lang='lat' dir='ltr'><strong>Perpetratio</strong></span> <span class='ocrx_word' id='word_1_758' title='bbox 2514 3641 2777 3697; x_wconf 87' lang='lat' dir='ltr'><strong>adulterii.</strong></span> <span class='ocrx_word' id='word_1_759' title='bbox 2827 3644 3001 3701; x_wconf 79' lang='lat' dir='ltr'><strong>Habes</strong></span> <span class='ocrx_word' id='word_1_760' title='bbox 3043 3647 3147 3703; x_wconf 92' lang='lat' dir='ltr'><strong>duo</strong></span> <span class='ocrx_word' id='word_1_761' title='bbox 3191 3667 3204 3702; x_wconf 92' lang='lat'><strong>:</strong></span> <span class='ocrx_word' id='word_1_762' title='bbox 3246 3654 3475 3707; x_wconf 77' lang='lat' dir='ltr'><strong>surrexit</strong></span> <span class='ocrx_word' id='word_1_763' title='bbox 3512 3654 3677 3708; x_wconf 82' lang='lat' dir='ltr'><strong>libido</strong></span> <span class='ocrx_word' id='word_1_764' title='bbox 3704 3698 3720 3718; x_wconf 91' lang='lat'><strong>,</strong></span> 
     </span>
    </p>
   </div>
   <div class='ocr_carea' id='block_1_98' title="bbox 2139 3726 3723 3804">
    <p class='ocr_par' dir='ltr' id='par_1_98' title="bbox 2139 3726 3723 3804">
     <span class='ocr_line' id='line_1_98' title="bbox 2139 3726 3723 3804; baseline 0.014 -24"><span class='ocrx_word' id='word_1_765' title='bbox 2139 3726 2249 3797; x_wconf 85' lang='lat' dir='ltr'><strong>jam</strong></span> <span class='ocrx_word' id='word_1_766' title='bbox 2278 3730 2642 3800; x_wconf 91' lang='lat' dir='ltr'><strong>coinquinatus</strong></span> <span class='ocrx_word' id='word_1_767' title='bbox 2666 3744 2747 3788; x_wconf 90' lang='lat' dir='ltr'><strong>est</strong></span> <span class='ocrx_word' id='word_1_768' title='bbox 2780 3738 3026 3804; x_wconf 86' lang='lat' dir='ltr'><strong>spiritus;</strong></span> <span class='ocrx_word' id='word_1_769' title='bbox 3061 3741 3291 3796; x_wconf 91' lang='lat' dir='ltr'><strong>nondum</strong></span> <span class='ocrx_word' id='word_1_770' title='bbox 3322 3746 3541 3800; x_wconf 89' lang='lat' dir='ltr'><strong>accessit</strong></span> <span class='ocrx_word' id='word_1_771' title='bbox 3565 3746 3723 3801; x_wconf 86' lang='lat' dir='ltr'><strong>adul-</strong></span> 
     </span>
    </p>
   </div>
   <div class='ocr_carea' id='block_1_99' title="bbox 2143 3820 3727 3905">
    <p class='ocr_par' dir='ltr' id='par_1_99' title="bbox 2143 3820 3727 3905">
     <span class='ocr_line' id='line_1_99' title="bbox 2143 3820 3727 3905; baseline 0.014 -32"><span class='ocrx_word' id='word_1_772' title='bbox 2143 3820 2355 3886; x_wconf 90' lang='lat' dir='ltr'><strong>terium,</strong></span> <span class='ocrx_word' id='word_1_773' title='bbox 2386 3822 2620 3877; x_wconf 89' lang='lat' dir='ltr'><strong>nondum</strong></span> <span class='ocrx_word' id='word_1_774' title='bbox 2654 3840 2780 3880; x_wconf 90' lang='lat' dir='ltr'><strong>caro</strong></span> <span class='ocrx_word' id='word_1_775' title='bbox 2816 3828 3147 3899; x_wconf 86' lang='lat' dir='ltr'><strong>coinquinata</strong></span> <span class='ocrx_word' id='word_1_776' title='bbox 3178 3842 3277 3887; x_wconf 82' lang='lat' dir='ltr'><strong>est.</strong></span> <span class='ocrx_word' id='word_1_777' title='bbox 3308 3834 3411 3889; x_wconf 90' lang='lat' dir='ltr'><strong>Sed</strong></span> <span class='ocrx_word' id='word_1_778' title='bbox 3439 3837 3562 3905; x_wconf 89' lang='lat' dir='ltr'><strong>quid</strong></span> <span class='ocrx_word' id='word_1_779' title='bbox 3592 3853 3727 3904; x_wconf 76' lang='lat' dir='ltr'><strong>pro-</strong></span> 
     </span>
    </p>
   </div>
   <div class='ocr_carea' id='block_1_100' title="bbox 2142 3909 3724 3984">
    <p class='ocr_par' dir='ltr' id='par_1_100' title="bbox 2142 3909 3724 3984">
     <span class='ocr_line' id='line_1_100' title="bbox 2142 3909 3724 3984; baseline 0.013 -20"><span class='ocrx_word' id='word_1_780' title='bbox 2142 3909 2259 3965; x_wconf 87' lang='lat' dir='ltr'><strong>dest</strong></span> <span class='ocrx_word' id='word_1_781' title='bbox 2283 3911 2403 3981; x_wconf 84' lang='lat' dir='ltr'><strong>quia</strong></span> <span class='ocrx_word' id='word_1_782' title='bbox 2428 3927 2557 3966; x_wconf 85' lang='lat' dir='ltr'><strong>caro</strong></span> <span class='ocrx_word' id='word_1_783' title='bbox 2576 3916 2770 3970; x_wconf 89' lang='lat' dir='ltr'><strong>munda</strong></span> <span class='ocrx_word' id='word_1_784' title='bbox 2793 3928 2893 3981; x_wconf 90' lang='lat' dir='ltr'><strong>est,</strong></span> <span class='ocrx_word' id='word_1_785' title='bbox 2920 3930 2974 3975; x_wconf 90' lang='lat' dir='ltr'><strong>et</strong></span> <span class='ocrx_word' id='word_1_786' title='bbox 2999 3920 3264 3978; x_wconf 86' lang='lat' dir='ltr'><strong>habitator</strong></span> <span class='ocrx_word' id='word_1_787' title='bbox 3282 3928 3460 3982; x_wconf 87' lang='lat' dir='ltr'><strong>carnis</strong></span> <span class='ocrx_word' id='word_1_788' title='bbox 3482 3929 3724 3984; x_wconf 77' lang='lat' dir='ltr'><strong>immun-</strong></span> 
     </span>
    </p>
   </div>
   <div class='ocr_carea' id='block_1_101' title="bbox 2142 3999 3723 4082">
    <p class='ocr_par' dir='ltr' id='par_1_101' title="bbox 2142 3999 3723 4082">
     <span class='ocr_line' id='line_1_101' title="bbox 2142 3999 3723 4082; baseline 0.016 -30"><span class='ocrx_word' id='word_1_789' title='bbox 2142 3999 2284 4054; x_wconf 82' lang='lat' dir='ltr'><strong>dus?</strong></span> <span class='ocrx_word' id='word_1_790' title='bbox 2320 4000 2413 4056; x_wconf 82' lang='lat' dir='ltr'><strong>Ille</strong></span> <span class='ocrx_word' id='word_1_791' title='bbox 2436 4006 2526 4071; x_wconf 86' lang='lat' dir='ltr'><strong>qui</strong></span> <span class='ocrx_word' id='word_1_792' title='bbox 2568 4003 2705 4060; x_wconf 86' lang='lat' dir='ltr'><strong>forte</strong></span> <span class='ocrx_word' id='word_1_793' title='bbox 2744 4008 2970 4063; x_wconf 91' lang='lat' dir='ltr'><strong>mundus</strong></span> <span class='ocrx_word' id='word_1_794' title='bbox 3006 4022 3088 4065; x_wconf 89' lang='lat' dir='ltr'><strong>est</strong></span> <span class='ocrx_word' id='word_1_795' title='bbox 3118 4014 3168 4066; x_wconf 89' lang='lat' dir='ltr'><strong>in</strong></span> <span class='ocrx_word' id='word_1_796' title='bbox 3193 4028 3386 4082; x_wconf 91' lang='lat' dir='ltr'><strong>carne,</strong></span> <span class='ocrx_word' id='word_1_797' title='bbox 3416 4019 3723 4077; x_wconf 87' lang='lat' dir='ltr'><strong>adulterum</strong></span> 
     </span>
    </p>
   </div>
   <div class='ocr_carea' id='block_1_102' title="bbox 2142 4091 3725 4166">
    <p class='ocr_par' dir='ltr' id='par_1_102' title="bbox 2142 4091 3725 4166">
     <span class='ocr_line' id='line_1_102' title="bbox 2142 4091 3725 4166; baseline 0.013 -21"><span class='ocrx_word' id='word_1_798' title='bbox 2142 4104 2263 4145; x_wconf 88' lang='lat' dir='ltr'><strong>eum</strong></span> <span class='ocrx_word' id='word_1_799' title='bbox 2292 4091 2429 4145; x_wconf 86' lang='lat' dir='ltr'><strong>Deus</strong></span> <span class='ocrx_word' id='word_1_800' title='bbox 2455 4100 2599 4147; x_wconf 87' lang='lat' dir='ltr'><strong>tenet</strong></span> <span class='ocrx_word' id='word_1_801' title='bbox 2624 4094 2675 4148; x_wconf 92' lang='lat' dir='ltr'><strong>in</strong></span> <span class='ocrx_word' id='word_1_802' title='bbox 2704 4098 2889 4161; x_wconf 84' lang='lat' dir='ltr'><strong>corde,</strong></span> <span class='ocrx_word' id='word_1_803' title='bbox 2911 4100 3044 4155; x_wconf 87' lang='lat' dir='ltr'><strong>sicut</strong></span> <span class='ocrx_word' id='word_1_804' title='bbox 3075 4103 3327 4161; x_wconf 84' lang='lat' dir='ltr'><strong>Dominus</strong></span> <span class='ocrx_word' id='word_1_805' title='bbox 3353 4107 3481 4162; x_wconf 89' lang='lat' dir='ltr'><strong>dicit</strong></span> <span class='ocrx_word' id='word_1_806' title='bbox 3511 4127 3522 4163; x_wconf 93' lang='lat'><strong>:</strong></span> <span class='ocrx_word' id='word_1_807' title='bbox 3554 4111 3725 4166; x_wconf 71' lang='lat' dir='ltr'><strong>Amen</strong></span> 
     </span>
    </p>
   </div>
   <div class='ocr_carea' id='block_1_103' title="bbox 2147 4181 3727 4268">
    <p class='ocr_par' dir='ltr' id='par_1_103' title="bbox 2147 4181 3727 4268">
     <span class='ocr_line' id='line_1_103' title="bbox 2147 4181 3727 4268; baseline 0.015 -35"><span class='ocrx_word' id='word_1_808' title='bbox 2147 4181 2258 4235; x_wconf 83' lang='lat' dir='ltr'><strong>dico</strong></span> <span class='ocrx_word' id='word_1_809' title='bbox 2296 4181 2464 4249; x_wconf 71' lang='lat' dir='ltr'><strong>vobis,</strong></span> <span class='ocrx_word' id='word_1_810' title='bbox 2498 4186 2586 4252; x_wconf 84' lang='lat' dir='ltr'><strong>qui</strong></span> <span class='ocrx_word' id='word_1_811' title='bbox 2624 4187 2802 4241; x_wconf 81' lang='lat' dir='ltr'><strong>viderit</strong></span> <span class='ocrx_word' id='word_1_812' title='bbox 2851 4192 3106 4245; x_wconf 84' lang='lat' dir='ltr'><strong>mulierem</strong></span> <span class='ocrx_word' id='word_1_813' title='bbox 3147 4196 3214 4247; x_wconf 85' lang='lat' dir='ltr'><strong>ad</strong></span> <span class='ocrx_word' id='word_1_814' title='bbox 3260 4202 3727 4268; x_wconf 55' lang='lat' dir='ltr'><strong>concupiscendum</strong></span> 
     </span>
    </p>
   </div>
   <div class='ocr_carea' id='block_1_104' title="bbox 2144 4274 3723 4359">
    <p class='ocr_par' dir='ltr' id='par_1_104' title="bbox 2144 4274 3723 4359">
     <span class='ocr_line' id='line_1_104' title="bbox 2144 4274 3723 4359; baseline 0.016 -36"><span class='ocrx_word' id='word_1_815' title='bbox 2144 4288 2252 4325; x_wconf 87' lang='lat' dir='ltr'><strong>eam</strong></span> <span class='ocrx_word' id='word_1_816' title='bbox 2276 4313 2290 4335; x_wconf 92' lang='lat'><strong>,</strong></span> <span class='ocrx_word' id='word_1_817' title='bbox 2325 4274 2441 4343; x_wconf 85' lang='lat' dir='ltr'><strong>jam</strong></span> <span class='ocrx_word' id='word_1_818' title='bbox 2470 4277 2739 4331; x_wconf 65' lang='lat' dir='ltr'><strong>masc/tatus</strong></span> <span class='ocrx_word' id='word_1_819' title='bbox 2772 4289 2844 4333; x_wconf 85' lang='lat' dir='ltr'><strong>est</strong></span> <span class='ocrx_word' id='word_1_820' title='bbox 2885 4297 2993 4335; x_wconf 77' lang='lat' dir='ltr'><strong>eam</strong></span> <span class='ocrx_word' id='word_1_821' title='bbox 3035 4284 3087 4337; x_wconf 89' lang='lat' dir='ltr'><strong>in</strong></span> <span class='ocrx_word' id='word_1_822' title='bbox 3125 4288 3275 4341; x_wconf 88' lang='lat' dir='ltr'><strong>corde</strong></span> <span class='ocrx_word' id='word_1_823' title='bbox 3301 4305 3392 4342; x_wconf 86' lang='lat' dir='ltr'><strong>suo</strong></span> <span class='ocrx_word' id='word_1_824' title='bbox 3419 4291 3631 4359; x_wconf 79' lang='lat' dir='ltr'><strong>(Matth.</strong></span> <span class='ocrx_word' id='word_1_825' title='bbox 3659 4312 3723 4358; x_wconf 70' lang='grc' dir='ltr'><strong>,</strong></span> 
     </span>
    </p>
   </div>
   <div class='ocr_carea' id='block_1_105' title="bbox 2140 4362 3729 4443">
    <p class='ocr_par' dir='ltr' id='par_1_105' title="bbox 2140 4362 3729 4443">
     <span class='ocr_line' id='line_1_105' title="bbox 2140 4362 3729 4443; baseline 0.015 -28"><span class='ocrx_word' id='word_1_826' title='bbox 2140 4362 2252 4434; x_wconf 74' lang='lat'><strong>28).</strong></span> <span class='ocrx_word' id='word_1_827' title='bbox 2288 4364 2390 4417; x_wconf 83' lang='lat' dir='ltr'><strong>Ista</strong></span> <span class='ocrx_word' id='word_1_828' title='bbox 2420 4374 2502 4420; x_wconf 88' lang='lat' dir='ltr'><strong>est</strong></span> <span class='ocrx_word' id='word_1_829' title='bbox 2529 4368 2883 4436; x_wconf 87' lang='lat' dir='ltr'><strong>coinquinatio</strong></span> <span class='ocrx_word' id='word_1_830' title='bbox 2924 4374 3158 4440; x_wconf 83' lang='lat' dir='ltr'><strong>spiritus.</strong></span> <span class='ocrx_word' id='word_1_831' title='bbox 3189 4376 3411 4443; x_wconf 83' lang='lat' dir='ltr'><strong>Quando</strong></span> <span class='ocrx_word' id='word_1_832' title='bbox 3446 4390 3618 4436; x_wconf 87' lang='lat' dir='ltr'><strong>autem</strong></span> <span class='ocrx_word' id='word_1_833' title='bbox 3660 4385 3729 4439; x_wconf 88' lang='lat' dir='ltr'><strong>fit</strong></span> 
     </span>
    </p>
   </div>
   <div class='ocr_carea' id='block_1_106' title="bbox 2141 4452 3729 4539">
    <p class='ocr_par' dir='ltr' id='par_1_106' title="bbox 2141 4452 3729 4539">
     <span class='ocr_line' id='line_1_106' title="bbox 2141 4452 3729 4539; baseline 0.015 -36"><span class='ocrx_word' id='word_1_834' title='bbox 2141 4452 2365 4520; x_wconf 86' lang='lat' dir='ltr'><strong>perfecta</strong></span> <span class='ocrx_word' id='word_1_835' title='bbox 2410 4456 2792 4511; x_wconf 83' lang='lat' dir='ltr'><strong>sanctificatio?</strong></span> <span class='ocrx_word' id='word_1_836' title='bbox 2820 4459 3040 4527; x_wconf 80' lang='lat' dir='ltr'><strong>Quando</strong></span> <span class='ocrx_word' id='word_1_837' title='bbox 3084 4472 3165 4517; x_wconf 92' lang='lat' dir='ltr'><strong>est</strong></span> <span class='ocrx_word' id='word_1_838' title='bbox 3193 4475 3248 4519; x_wconf 92' lang='lat' dir='ltr'><strong>et</strong></span> <span class='ocrx_word' id='word_1_839' title='bbox 3279 4470 3452 4522; x_wconf 87' lang='lat' dir='ltr'><strong>carnis</strong></span> <span class='ocrx_word' id='word_1_840' title='bbox 3471 4480 3521 4523; x_wconf 92' lang='lat' dir='ltr'><strong>et</strong></span> <span class='ocrx_word' id='word_1_841' title='bbox 3549 4475 3729 4539; x_wconf 73' lang='lat' dir='ltr'><strong>spiri~</strong></span> 
     </span>
    </p>
   </div>
   <div class='ocr_carea' id='block_1_107' title="bbox 2142 4544 3723 4625">
    <p class='ocr_par' dir='ltr' id='par_1_107' title="bbox 2142 4544 3723 4625">
     <span class='ocr_line' id='line_1_107' title="bbox 2142 4544 3723 4625; baseline 0.014 -31"><span class='ocrx_word' id='word_1_842' title='bbox 2142 4550 2245 4596; x_wconf 86' lang='lat' dir='ltr'><strong>tus.</strong></span> <span class='ocrx_word' id='word_1_843' title='bbox 2275 4544 2410 4597; x_wconf 91' lang='lat' dir='ltr'><strong>Sunt</strong></span> <span class='ocrx_word' id='word_1_844' title='bbox 2456 4546 2595 4598; x_wconf 89' lang='lat' dir='ltr'><strong>enim</strong></span> <span class='ocrx_word' id='word_1_845' title='bbox 2642 4545 2903 4609; x_wconf 83' lang='lat' dir='ltr'><strong>homines,</strong></span> <span class='ocrx_word' id='word_1_846' title='bbox 2933 4551 3027 4619; x_wconf 82' lang='lat' dir='ltr'><strong>qui</strong></span> <span class='ocrx_word' id='word_1_847' title='bbox 3052 4562 3348 4623; x_wconf 84' lang='lat' dir='ltr'><strong>temperant</strong></span> <span class='ocrx_word' id='word_1_848' title='bbox 3371 4572 3428 4612; x_wconf 91' lang='lat' dir='ltr'><strong>se</strong></span> <span class='ocrx_word' id='word_1_849' title='bbox 3457 4575 3486 4613; x_wconf 88' lang='lat' dir='ltr'><strong>a</strong></span> <span class='ocrx_word' id='word_1_850' title='bbox 3515 4558 3679 4616; x_wconf 83' lang='lat' dir='ltr'><strong>factis</strong></span> <span class='ocrx_word' id='word_1_851' title='bbox 3706 4606 3723 4625; x_wconf 85' lang='lat'><strong>,</strong></span> 
     </span>
    </p>
   </div>
   <div class='ocr_carea' id='block_1_108' title="bbox 2138 4633 3729 4709">
    <p class='ocr_par' dir='ltr' id='par_1_108' title="bbox 2138 4633 3729 4709">
     <span class='ocr_line' id='line_1_108' title="bbox 2138 4633 3729 4709; baseline 0.016 -25"><span class='ocrx_word' id='word_1_852' title='bbox 2138 4640 2193 4685; x_wconf 90' lang='lat' dir='ltr'><strong>et</strong></span> <span class='ocrx_word' id='word_1_853' title='bbox 2234 4647 2337 4686; x_wconf 93' lang='lat' dir='ltr'><strong>non</strong></span> <span class='ocrx_word' id='word_1_854' title='bbox 2370 4642 2665 4701; x_wconf 88' lang='lat' dir='ltr'><strong>temperant</strong></span> <span class='ocrx_word' id='word_1_855' title='bbox 2701 4652 2757 4691; x_wconf 88' lang='lat' dir='ltr'><strong>se</strong></span> <span class='ocrx_word' id='word_1_856' title='bbox 2783 4654 2810 4690; x_wconf 86' lang='lat' dir='ltr'><strong>a</strong></span> <span class='ocrx_word' id='word_1_857' title='bbox 2846 4633 3250 4709; x_wconf 83' lang='lat' dir='ltr'><strong>cogitationibus</strong></span> <span class='ocrx_word' id='word_1_858' title='bbox 3279 4648 3433 4702; x_wconf 90' lang='lat' dir='ltr'><strong>malis</strong></span> <span class='ocrx_word' id='word_1_859' title='bbox 3464 4667 3477 4703; x_wconf 90' lang='lat'><strong>:</strong></span> <span class='ocrx_word' id='word_1_860' title='bbox 3510 4651 3729 4709; x_wconf 83' lang='lat' dir='ltr'><strong>faciunt</strong></span> 
     </span>
    </p>
   </div>
   <div class='ocr_carea' id='block_1_109' title="bbox 2138 4721 3730 4812">
    <p class='ocr_par' dir='ltr' id='par_1_109' title="bbox 2138 4721 3730 4812">
     <span class='ocr_line' id='line_1_109' title="bbox 2138 4721 3730 4812; baseline 0.016 -39"><span class='ocrx_word' id='word_1_861' title='bbox 2138 4721 2534 4777; x_wconf 88' lang='lat' dir='ltr'><strong>mundationem</strong></span> <span class='ocrx_word' id='word_1_862' title='bbox 2557 4728 2750 4791; x_wconf 83' lang='lat' dir='ltr'><strong>carnis,</strong></span> <span class='ocrx_word' id='word_1_863' title='bbox 2774 4739 2824 4783; x_wconf 87' lang='lat' dir='ltr'><strong>et</strong></span> <span class='ocrx_word' id='word_1_864' title='bbox 2847 4745 2948 4784; x_wconf 92' lang='lat' dir='ltr'><strong>non</strong></span> <span class='ocrx_word' id='word_1_865' title='bbox 2975 4731 3171 4788; x_wconf 85' lang='lat' dir='ltr'><strong>faciunt</strong></span> <span class='ocrx_word' id='word_1_866' title='bbox 3187 4738 3577 4795; x_wconf 89' lang='lat' dir='ltr'><strong>mundationem</strong></span> <span class='ocrx_word' id='word_1_867' title='bbox 3599 4745 3730 4812; x_wconf 74' lang='lat' dir='ltr'><strong>spi-</strong></span> 
     </span>
    </p>
   </div>
   <div class='ocr_carea' id='block_1_110' title="bbox 2137 4812 3725 4893">
    <p class='ocr_par' dir='ltr' id='par_1_110' title="bbox 2137 4812 3725 4893">
     <span class='ocr_line' id='line_1_110' title="bbox 2137 4812 3725 4893; baseline 0.014 -28"><span class='ocrx_word' id='word_1_868' title='bbox 2137 4812 2288 4866; x_wconf 85' lang='lat' dir='ltr'><strong>ritus.</strong></span> <span class='ocrx_word' id='word_1_869' title='bbox 2321 4813 2473 4869; x_wconf 90' lang='lat' dir='ltr'><strong>Tales</strong></span> <span class='ocrx_word' id='word_1_870' title='bbox 2503 4815 2622 4870; x_wconf 90' lang='lat' dir='ltr'><strong>ideo</strong></span> <span class='ocrx_word' id='word_1_871' title='bbox 2662 4832 2765 4873; x_wconf 92' lang='lat' dir='ltr'><strong>non</strong></span> <span class='ocrx_word' id='word_1_872' title='bbox 2812 4819 3042 4889; x_wconf 83' lang='lat' dir='ltr'><strong>faciunt,</strong></span> <span class='ocrx_word' id='word_1_873' title='bbox 3070 4825 3189 4893; x_wconf 86' lang='lat' dir='ltr'><strong>quia</strong></span> <span class='ocrx_word' id='word_1_874' title='bbox 3231 4827 3417 4882; x_wconf 86' lang='lat' dir='ltr'><strong>timent</strong></span> <span class='ocrx_word' id='word_1_875' title='bbox 3442 4828 3725 4888; x_wconf 82' lang='lat' dir='ltr'><strong>homines.</strong></span> 
     </span>
    </p>
   </div>
   <div class='ocr_carea' id='block_1_111' title="bbox 2136 4902 3731 4979">
    <p class='ocr_par' dir='ltr' id='par_1_111' title="bbox 2136 4902 3731 4979">
     <span class='ocr_line' id='line_1_111' title="bbox 2136 4902 3731 4979; baseline 0.014 -24"><span class='ocrx_word' id='word_1_876' title='bbox 2136 4902 2323 4957; x_wconf 90' lang='lat' dir='ltr'><strong>Libido</strong></span> <span class='ocrx_word' id='word_1_877' title='bbox 2349 4903 2532 4969; x_wconf 86' lang='lat' dir='ltr'><strong>ardet,</strong></span> <span class='ocrx_word' id='word_1_878' title='bbox 2563 4907 2719 4961; x_wconf 89' lang='lat' dir='ltr'><strong>timor</strong></span> <span class='ocrx_word' id='word_1_879' title='bbox 2744 4920 2973 4965; x_wconf 89' lang='lat' dir='ltr'><strong>revocat.</strong></span> <span class='ocrx_word' id='word_1_880' title='bbox 3003 4913 3136 4979; x_wconf 87' lang='lat' dir='ltr'><strong>Quid</strong></span> <span class='ocrx_word' id='word_1_881' title='bbox 3169 4918 3365 4970; x_wconf 75' lang='lat' dir='ltr'><strong>times?</strong></span> <span class='ocrx_word' id='word_1_882' title='bbox 3402 4917 3628 4975; x_wconf 79' lang='lat' dir='ltr'><strong>lnvcniri</strong></span> <span class='ocrx_word' id='word_1_883' title='bbox 3662 4934 3731 4978; x_wconf 83' lang='lat' dir='ltr'><strong>ct</strong></span> 
     </span>
    </p>
   </div>
   <div class='ocr_carea' id='block_1_112' title="bbox 2135 4995 3729 5080">
    <p class='ocr_par' dir='ltr' id='par_1_112' title="bbox 2135 4995 3729 5080">
     <span class='ocr_line' id='line_1_112' title="bbox 2135 4995 3729 5080; baseline 0.012 -30"><span class='ocrx_word' id='word_1_884' title='bbox 2135 4995 2407 5061; x_wconf 88' lang='lat' dir='ltr'><strong>damnari;</strong></span> <span class='ocrx_word' id='word_1_885' title='bbox 2448 4997 2669 5052; x_wconf 85' lang='lat' dir='ltr'><strong>inveniri</strong></span> <span class='ocrx_word' id='word_1_886' title='bbox 2698 5011 2751 5054; x_wconf 89' lang='lat' dir='ltr'><strong>et</strong></span> <span class='ocrx_word' id='word_1_887' title='bbox 2784 5006 3112 5073; x_wconf 80' lang='lat' dir='ltr'><strong>expompari.</strong></span> <span class='ocrx_word' id='word_1_888' title='bbox 3144 5007 3284 5077; x_wconf 86' lang='lat' dir='ltr'><strong>Ergo</strong></span> <span class='ocrx_word' id='word_1_889' title='bbox 3312 5010 3729 5080; x_wconf 78' lang='lat' dir='ltr'><strong>incoinquinata</strong></span> 
     </span>
    </p>
   </div>
   <div class='ocr_carea' id='block_1_113' title="bbox 2133 5086 3731 5171">
    <p class='ocr_par' dir='ltr' id='par_1_113' title="bbox 2133 5086 3731 5171">
     <span class='ocr_line' id='line_1_113' title="bbox 2133 5086 3731 5171; baseline 0.013 -33"><span class='ocrx_word' id='word_1_890' title='bbox 2133 5086 2342 5139; x_wconf 77' lang='lat' dir='ltr'><strong>videtur</strong></span> <span class='ocrx_word' id='word_1_891' title='bbox 2374 5101 2519 5153; x_wconf 89' lang='lat' dir='ltr'><strong>caro,</strong></span> <span class='ocrx_word' id='word_1_892' title='bbox 2548 5089 2640 5144; x_wconf 87' lang='lat' dir='ltr'><strong>sed</strong></span> <span class='ocrx_word' id='word_1_893' title='bbox 2668 5106 2771 5144; x_wconf 88' lang='lat' dir='ltr'><strong>non</strong></span> <span class='ocrx_word' id='word_1_894' title='bbox 2798 5102 2879 5146; x_wconf 83' lang='lat' dir='ltr'><strong>est</strong></span> <span class='ocrx_word' id='word_1_895' title='bbox 2905 5095 3136 5161; x_wconf 72' lang='lat' dir='ltr'><strong>perfecta</strong></span> <span class='ocrx_word' id='word_1_896' title='bbox 3166 5100 3546 5157; x_wconf 80' lang='lat' dir='ltr'><strong>sanctificatio:</strong></span> <span class='ocrx_word' id='word_1_897' title='bbox 3578 5105 3731 5171; x_wconf 74' lang='lat' dir='ltr'><strong>quia</strong></span> 
     </span>
    </p>
   </div>
   <div class='ocr_carea' id='block_1_114' title="bbox 2133 5175 3727 5262">
    <p class='ocr_par' dir='ltr' id='par_1_114' title="bbox 2133 5175 3727 5262">
     <span class='ocr_line' id='line_1_114' title="bbox 2133 5175 3727 5262; baseline 0.011 -34"><span class='ocrx_word' id='word_1_898' title='bbox 2133 5176 2255 5246; x_wconf 82' lang='lat' dir='ltr'><strong>quid</strong></span> <span class='ocrx_word' id='word_1_899' title='bbox 2278 5175 2401 5231; x_wconf 87' lang='lat' dir='ltr'><strong>dicit</strong></span> <span class='ocrx_word' id='word_1_900' title='bbox 2428 5177 2752 5246; x_wconf 88' lang='lat' dir='ltr'><strong>Apostolus?</strong></span> <span class='ocrx_word' id='word_1_901' title='bbox 2788 5181 2842 5233; x_wconf 83' lang='grc' dir='ltr'><em></em></span> <span class='ocrx_word' id='word_1_902' title='bbox 2848 5183 3091 5238; x_wconf 86' lang='lat' dir='ltr'><strong>undemus</strong></span> <span class='ocrx_word' id='word_1_903' title='bbox 3117 5203 3207 5239; x_wconf 90' lang='lat' dir='ltr'><strong>nos</strong></span> <span class='ocrx_word' id='word_1_904' title='bbox 3233 5187 3293 5240; x_wconf 80' lang='lat' dir='ltr'><strong>ab</strong></span> <span class='ocrx_word' id='word_1_905' title='bbox 3318 5192 3453 5243; x_wconf 78' lang='lat' dir='ltr'><strong>omni</strong></span> <span class='ocrx_word' id='word_1_906' title='bbox 3476 5192 3727 5262; x_wconf 62' lang='lat' dir='ltr'><strong>coinqui-</strong></span> 
     </span>
    </p>
   </div>
   <div class='ocr_carea' id='block_1_115' title="bbox 2133 5267 3735 5348">
    <p class='ocr_par' dir='ltr' id='par_1_115' title="bbox 2133 5267 3735 5348">
     <span class='ocr_line' id='line_1_115' title="bbox 2133 5267 3735 5348; baseline 0.012 -30"><span class='ocrx_word' id='word_1_907' title='bbox 2133 5267 2335 5319; x_wconf 88' lang='lat' dir='ltr'><strong>natione</strong></span> <span class='ocrx_word' id='word_1_908' title='bbox 2356 5268 2520 5321; x_wconf 86' lang='lat' dir='ltr'><strong>carnis</strong></span> <span class='ocrx_word' id='word_1_909' title='bbox 2546 5276 2592 5320; x_wconf 90' lang='lat' dir='ltr'><strong>ct</strong></span> <span class='ocrx_word' id='word_1_910' title='bbox 2618 5270 2823 5339; x_wconf 74' lang='lat' dir='ltr'><strong>spiritus</strong></span> <span class='ocrx_word' id='word_1_911' title='bbox 2851 5286 2871 5325; x_wconf 88' lang='lat'><strong><em>:</em></strong></span> <span class='ocrx_word' id='word_1_912' title='bbox 2908 5281 2968 5327; x_wconf 91' lang='lat' dir='ltr'><strong>ut</strong></span> <span class='ocrx_word' id='word_1_913' title='bbox 3007 5277 3272 5343; x_wconf 86' lang='lat' dir='ltr'><strong>quomodo</strong></span> <span class='ocrx_word' id='word_1_914' title='bbox 3305 5289 3353 5332; x_wconf 88' lang='lat' dir='ltr'><strong>te</strong></span> <span class='ocrx_word' id='word_1_915' title='bbox 3386 5288 3669 5348; x_wconf 83' lang='lat' dir='ltr'><strong>temperas</strong></span> <span class='ocrx_word' id='word_1_916' title='bbox 3690 5300 3735 5336; x_wconf 72' lang='grc' dir='ltr'><strong>)</strong></span> 
     </span>
    </p>
   </div>
   <div class='ocr_carea' id='block_1_116' title="bbox 2132 5356 3689 5437">
    <p class='ocr_par' dir='ltr' id='par_1_116' title="bbox 2132 5356 3689 5437">
     <span class='ocr_line' id='line_1_116' title="bbox 2132 5356 3689 5437; baseline 0.008 -27"><span class='ocrx_word' id='word_1_917' title='bbox 2132 5356 2283 5410; x_wconf 87' lang='lat' dir='ltr'><strong>malis</strong></span> <span class='ocrx_word' id='word_1_918' title='bbox 2302 5356 2474 5421; x_wconf 88' lang='lat' dir='ltr'><strong>factis,</strong></span> <span class='ocrx_word' id='word_1_919' title='bbox 2502 5358 2580 5412; x_wconf 86' lang='lat' dir='ltr'><strong>sic</strong></span> <span class='ocrx_word' id='word_1_920' title='bbox 2610 5369 2660 5413; x_wconf 91' lang='lat' dir='ltr'><strong>te</strong></span> <span class='ocrx_word' id='word_1_921' title='bbox 2687 5370 2948 5430; x_wconf 87' lang='lat' dir='ltr'><strong>temperes</strong></span> <span class='ocrx_word' id='word_1_922' title='bbox 2971 5379 2999 5416; x_wconf 89' lang='lat' dir='ltr'><strong>a</strong></span> <span class='ocrx_word' id='word_1_923' title='bbox 3030 5366 3166 5419; x_wconf 84' lang='lat' dir='ltr'><strong>mala</strong></span> <span class='ocrx_word' id='word_1_924' title='bbox 3198 5367 3462 5425; x_wconf 84' lang='lat' dir='ltr'><strong>voluntate</strong></span> <span class='ocrx_word' id='word_1_925' title='bbox 3482 5411 3497 5437; x_wconf 93' lang='lat'><strong>,</strong></span> <span class='ocrx_word' id='word_1_926' title='bbox 3523 5385 3552 5423; x_wconf 91' lang='lat' dir='ltr'><strong>a</strong></span> <span class='ocrx_word' id='word_1_927' title='bbox 3583 5387 3689 5425; x_wconf 83' lang='lat' dir='ltr'><strong>ma</strong></span> 
     </span>
    </p>
   </div>
   <div class='ocr_carea' id='block_1_117' title="bbox 2132 5446 3733 5527">
    <p class='ocr_par' dir='ltr' id='par_1_117' title="bbox 2132 5446 3733 5527">
     <span class='ocr_line' id='line_1_117' title="bbox 2132 5446 3733 5527; baseline 0.014 -28"><span class='ocrx_word' id='word_1_928' title='bbox 2132 5447 2195 5501; x_wconf 89' lang='lat' dir='ltr'><strong>lis</strong></span> <span class='ocrx_word' id='word_1_929' title='bbox 2228 5446 2653 5516; x_wconf 88' lang='lat' dir='ltr'><strong>cogitationibus.</strong></span> <span class='ocrx_word' id='word_1_930' title='bbox 2686 5451 2728 5504; x_wconf 83' lang='lat' dir='ltr'><strong>A</strong></span> <span class='ocrx_word' id='word_1_931' title='bbox 2756 5452 2896 5505; x_wconf 90' lang='lat' dir='ltr'><strong>malo</strong></span> <span class='ocrx_word' id='word_1_932' title='bbox 2923 5452 3062 5509; x_wconf 84' lang='lat' dir='ltr'><strong>facto</strong></span> <span class='ocrx_word' id='word_1_933' title='bbox 3086 5459 3300 5513; x_wconf 89' lang='lat' dir='ltr'><strong>contine</strong></span> <span class='ocrx_word' id='word_1_934' title='bbox 3322 5500 3338 5527; x_wconf 92' lang='lat'><strong>,</strong></span> <span class='ocrx_word' id='word_1_935' title='bbox 3379 5469 3431 5515; x_wconf 89' lang='lat' dir='ltr'><strong>et</strong></span> <span class='ocrx_word' id='word_1_936' title='bbox 3476 5462 3733 5520; x_wconf 81' lang='lat' dir='ltr'><strong>mundas</strong></span> 
     </span>
    </p>
   </div>
   <div class='ocr_carea' id='block_1_118' title="bbox 2131 5537 3729 5611">
    <p class='ocr_par' dir='ltr' id='par_1_118' title="bbox 2131 5537 3729 5611">
     <span class='ocr_line' id='line_1_118' title="bbox 2131 5537 3729 5611; baseline 0.013 -23"><span class='ocrx_word' id='word_1_937' title='bbox 2131 5546 2182 5591; x_wconf 91' lang='lat' dir='ltr'><strong>te</strong></span> <span class='ocrx_word' id='word_1_938' title='bbox 2215 5552 2245 5590; x_wconf 93' lang='lat' dir='ltr'><strong>a</strong></span> <span class='ocrx_word' id='word_1_939' title='bbox 2272 5537 2697 5607; x_wconf 86' lang='lat' dir='ltr'><strong>coinquinatione</strong></span> <span class='ocrx_word' id='word_1_940' title='bbox 2726 5542 2899 5598; x_wconf 86' lang='lat' dir='ltr'><strong>carnis</strong></span> <span class='ocrx_word' id='word_1_941' title='bbox 2930 5562 2940 5597; x_wconf 90' lang='lat'><strong>:</strong></span> <span class='ocrx_word' id='word_1_942' title='bbox 2969 5560 2997 5597; x_wconf 90' lang='lat' dir='ltr'><strong>a</strong></span> <span class='ocrx_word' id='word_1_943' title='bbox 3029 5548 3164 5601; x_wconf 90' lang='lat' dir='ltr'><strong>mala</strong></span> <span class='ocrx_word' id='word_1_944' title='bbox 3190 5550 3457 5606; x_wconf 88' lang='lat' dir='ltr'><strong>voluntate</strong></span> <span class='ocrx_word' id='word_1_945' title='bbox 3485 5551 3729 5611; x_wconf 81' lang='lat' dir='ltr'><strong>abstine</strong></span> 
     </span>
    </p>
   </div>
   <div class='ocr_carea' id='block_1_119' title="bbox 2190 5670 3374 5746">
    <p class='ocr_par' dir='ltr' id='par_1_119' title="bbox 2190 5670 3374 5746">
     <span class='ocr_line' id='line_1_119' title="bbox 2190 5670 3374 5746; baseline 0.014 -29"><span class='ocrx_word' id='word_1_946' title='bbox 2190 5670 2639 5746; x_wconf 43' lang='lat' dir='ltr'><strong>{impolbertinus</strong></span> <span class='ocrx_word' id='word_1_947' title='bbox 2681 5681 2759 5746; x_wconf 43' lang='lat' dir='ltr'><strong>his.</strong></span> <span class='ocrx_word' id='word_1_948' title='bbox 2800 5678 2923 5746; x_wconf 66' lang='lat' dir='ltr'><strong>{Editi</strong></span> <span class='ocrx_word' id='word_1_949' title='bbox 2947 5696 3067 5746; x_wconf 71' lang='lat' dir='ltr'><strong>vero</strong></span> <span class='ocrx_word' id='word_1_950' title='bbox 3088 5720 3101 5746; x_wconf 88' lang='lat'><strong>,</strong></span> <span class='ocrx_word' id='word_1_951' title='bbox 3144 5683 3374 5736; x_wconf 72' lang='lat' dir='ltr'><strong>obscuret.</strong></span> 
     </span>
    </p>
   </div>
   <div class='ocr_carea' id='block_1_120' title="bbox 2191 5733 2988 5797">
    <p class='ocr_par' dir='ltr' id='par_1_120' title="bbox 2191 5733 2988 5797">
     <span class='ocr_line' id='line_1_120' title="bbox 2191 5733 2988 5797; baseline 0.016 -19"><span class='ocrx_word' id='word_1_952' title='bbox 2191 5736 2211 5763; x_wconf 77' lang='grc' dir='ltr'><strong></strong></span> <span class='ocrx_word' id='word_1_953' title='bbox 2232 5733 2531 5784; x_wconf 67' lang='lat' dir='ltr'><strong>(Lolbertinus</strong></span> <span class='ocrx_word' id='word_1_954' title='bbox 2552 5744 2651 5797; x_wconf 65' lang='lat'><strong>515.,</strong></span> <span class='ocrx_word' id='word_1_955' title='bbox 2674 5744 2719 5786; x_wconf 65' lang='lat' dir='ltr'><strong>tt</strong></span> <span class='ocrx_word' id='word_1_956' title='bbox 2740 5737 2836 5789; x_wconf 64' lang='lat' dir='ltr'><strong>erit</strong></span> <span class='ocrx_word' id='word_1_957' title='bbox 2854 5740 2988 5792; x_wconf 66' lang='lat' dir='ltr'><strong>nihil.</strong></span> 
     </span>
    </p>
   </div>
  </div>
