4012 6338
284 354 394 409 269

287 476 360 529 te.
392 473 449 519 ει
475 462 699 519 mundas
730 472 781 519 te
798 476 827 517 a
853 462 1280 535 coinqumatione
1306 462 1539 532 spiritus.

358 557 415 612 9.
474 555 829 624 Sauctiﬁcatio
884 554 939 608 in
987 554 1166 608 timore
1203 553 1301 608 Dei
1350 555 1624 624 perﬁcitur.
1669 554 1732 609 Et
1784 569 1859 608 se-

283 647 467 715 quitur
498 686 512 709 ,
561 644 891 714 Perﬁcientes
942 644 1392 712 sanctiﬁcationem
1433 646 1486 698 in
1529 645 1705 699 timore
1743 644 1855 698 Dei.

284 737 572 807 Magniﬁce
596 734 877 800 addidit,in
894 736 1070 789 timore
1089 734 1203 788 Dei.
1226 735 1363 790 Ecce
1383 736 1502 805 quia
1524 750 1627 789 non
1656 735 1860 804 perficit

286 827 452 881 homo
478 826 951 882 sanctificationem
974 865 989 888 ,
1020 825 1122 879 nisi
1150 826 1201 879 in
1231 825 1421 881 timore
1459 826 1571 881 Dei.
1608 824 1737 893 Quae
1778 834 1859 879 est

282 916 528 987 perfecta
553 915 938 972 sanctificatio?
962 915 1319 971 Sanctificatio
1343 925 1396 970 et
1414 915 1652 984 corporis
1675 924 1728 970 et
1746 916 1857 984 spio

281 1010 440 1062 ritus.
468 1007 526 1063 Si
544 1008 618 1062 sit
642 1006 902 1076 corporis,
930 1015 985 1061 et
1012 1007 1227 1075 spiritus
1260 1021 1366 1060 non
1400 1006 1469 1060 sit
1494 1046 1509 1069 ,
1551 1004 1857 1075 imperfecta

282 1110 385 1154 est.
417 1098 553 1153 Nam
581 1097 710 1153 illud
753 1113 861 1152 non
902 1105 1074 1167 potest
1100 1112 1220 1153 esse
1247 1097 1461 1169 Spiritus
1489 1095 1854 1161 sanctificatio,

281 1200 336 1244 et
361 1190 607 1260 corporis
630 1204 735 1243 non
764 1203 903 1244 esse.
935 1189 1064 1243 Esse
1092 1188 1331 1257 corporis
1348 1229 1364 1254 ,
1392 1196 1447 1242 ει
1476 1201 1582 1241 non
1604 1200 1723 1241 esse
1752 1188 1862 1255 spi-

281 1280 420 1333 ritus
442 1320 455 1343 ,
490 1284 666 1348 potest
695 1289 711 1332 :
738 1292 860 1332 esse
898 1277 1151 1345 spiritus,
1194 1284 1250 1330 et
1288 1290 1391 1329 non
1430 1290 1548 1330 esse
1577 1275 1815 1345 corporis
1836 1315 1853 1340 ,

282 1386 391 1425 non
420 1379 618 1440 potest.
644 1369 746 1438 Qui
765 1369 907 1423 enim
931 1377 1013 1425 est
1035 1366 1261 1422 mundus
1285 1366 1493 1437 Spiritu,
1520 1367 1728 1436 operari
1758 1366 1856 1419 ﬂa-

278 1464 411 1533 gitia
438 1478 547 1518 non
567 1472 760 1533 potest.
785 1461 938 1519 Unde
956 1460 1096 1516 hoc?
1127 1460 1207 1514 Ex
1231 1461 1379 1515 corde
1407 1460 1537 1513 enim
1558 1461 1852 1529 procedunt,

279 1556 354 1608 ait
368 1555 645 1620 Dominus,
662 1552 930 1614 adulteria,
948 1551 1213 1605 homicidia
1225 1548 1436 1622 (Matth.
1453 1564 1544 1612 xv,
1560 1548 1672 1619 19).
1688 1550 1856 1603 Homo

278 1646 425 1700 alim
473 1660 579 1699 non
605 1653 782 1717 potest
820 1653 1123 1713 perpetrare
1154 1657 1250 1711 per
1275 1641 1510 1696 membra
1536 1683 1552 1708 ,
1583 1641 1723 1712 quod
1750 1656 1854 1695 non

280 1736 384 1791 sibi
416 1736 467 1789 in
494 1735 657 1789 corde
681 1735 892 1789 dixerit.
924 1733 1152 1788 Verbum
1184 1734 1239 1787 in
1281 1732 1444 1787 corde
1484 1733 1765 1802 concepit,
1803 1741 1857 1787 et

279 1827 595 1896 deputatum
627 1836 708 1882 est
733 1825 786 1879 in
817 1840 967 1894 opus.
1004 1825 1127 1879 Ideo
1151 1822 1380 1894 quodam
1411 1823 1529 1878 loco
1555 1822 1807 1876 Dominus
1837 1840 1850 1879 ε

281 1917 535 1972 laudate
559 1934 672 1989 quc
688 1919 826 1971 intus
844 1924 978 1982 sunt,
1008 1916 1112 1981 ait,
1142 1925 1192 1970 et
1210 1931 1321 1986 qua:
1344 1915 1467 1982 foris
1491 1924 1607 1967 sunt
1624 1948 1640 1980 ,
1668 1914 1856 1967 munda

278 2008 559 2081 εηικυά.
604 2018 735 2062 xxm
757 2049 773 2074 ,
806 2008 916 2077 26).
948 2006 1063 2061 Non
1102 2005 1266 2073 dixit,
1300 2004 1545 2059 Mundate
1581 2020 1697 2074 qua:
1726 2004 1855 2058 foris

279 2108 425 2155 mut.
467 2099 525 2154 Si
565 2114 596 2151 a
623 2113 847 2168 corpore
892 2096 1187 2167 inciperet,
1230 2094 1464 2150 restabat
1510 2102 1567 2148 ut
1613 2102 1856 2149 moneret

281 2204 380 2243 nos
411 2196 471 2243 ut
495 2187 869 2243 mandaremus
890 2197 943 2242 et
966 2187 1200 2240 animum
1232 2204 1245 2239 :
1274 2185 1317 2239 si
1344 2192 1519 2239 autem
1545 2185 1613 2239 ab
1640 2184 1816 2238 animo
1835 2226 1850 2250 ,

279 2296 387 2333 nou
411 2293 548 2349 opus
570 2288 654 2333 est
681 2289 736 2332 ut
760 2276 1073 2331 mandemus
1098 2291 1327 2345 corpus;
1356 2275 1478 2345 quia
1506 2276 1665 2328 animi
1698 2290 1853 2327 mun-

280 2368 467 2422 ditiam
504 2368 745 2437 sequitur
785 2365 1025 2436 corporis
1072 2365 1350 2420 munditia.
1397 2365 1540 2434 Ergo
1585 2365 1853 2434 apostolus

280 2461 476 2516 Paulus
501 2461 625 2531 quia
654 2459 817 2529 cmpit
840 2474 869 2513 a
896 2474 1077 2524 carne,
1103 2472 1237 2527 Opus
1256 2466 1372 2512 erat
1399 2464 1455 2511 ut
1479 2456 1683 2511 diceret
1706 2466 1760 2511 et
1783 2456 1853 2511 de

276 2551 513 2619 spiritu,
566 2549 891 2618 Per/icientes
932 2549 1394 2617 sanctiﬁcationem.
1440 2546 1741 2601 Mundentus
1765 2564 1855 2602 nos

276 2643 339 2695 ob
365 2643 507 2697 omni
536 2642 939 2712 coinquinatioue
976 2640 1143 2694 carnis
1172 2649 1220 2694 et
1242 2640 1449 2709 spiritus
1476 2655 1494 2694 :
1520 2641 1643 2710 quia
1683 2648 1855 2710 potest

277 2734 672 2802 incoinquinata
697 2746 819 2787 esse
843 2746 988 2797 caro,
1016 2745 1121 2786 non
1155 2730 1349 2786 faciens
1376 2730 1653 2796 adulteria,
1685 2729 1853 2784 forni-

288 2826 530 2879 eationes
554 2865 568 2890 ,
599 2830 655 2877 et
682 2822 803 2877 talia
830 2838 843 2887 ;
872 2821 965 2877 sed
992 2830 1165 2875 tamen
1192 2836 1312 2876 esse
1339 2820 1605 2885 libidines,
1629 2829 1682 2875 ct
1707 2821 1855 2890 cogi-

278 2919 513 2971 tationes
534 2957 550 2980 ,
596 2924 654 2971 et
697 2915 854 2969 mala:
882 2914 1179 2968 voluntates
1204 2913 1258 2968 in
1284 2914 1479 2967 anima.
1511 2914 1574 2967 Et
1593 2912 1850 2981 subjecit,

279 3008 612 3077 Perﬁcientes
634 3006 1083 3074 sanctificationem
1123 3005 1176 3058 in
1216 3005 1395 3058 timore
1417 3002 1531 3057 Dei.
1562 3002 1690 3071 Quis
1726 3018 1853 3071 ergo

276 3100 403 3154 facit
440 3098 911 3153 sanctificationem
937 3096 1175 3165 corporis
1198 3136 1213 3160 ,
1244 3104 1298 3149 ει
1333 3111 1435 3149 non
1468 3093 1592 3149 facit
1620 3093 1853 3149 animm?

276 3190 373 3257 Qui
420 3188 668 3242 homines
708 3187 898 3250 timet,
950 3193 1005 3240 et
1045 3199 1151 3239 non
1203 3186 1388 3239 Deum.
1420 3183 1551 3239 Nam
1593 3184 1684 3253 qui
1710 3184 1761 3237 in
1790 3183 1854 3236 ti-

276 3296 427 3336 more
460 3282 555 3335 Dei
581 3289 659 3334 est
680 3320 693 3341 ,
738 3278 944 3349 perficit
973 3277 1442 3332 sanctificationem
1475 3276 1515 3330 ί.
1558 3275 1681 3330 Ideo
1709 3284 1853 3331 certe

276 3372 494 3426 noluisti
526 3378 835 3440 perpetrare
861 3368 1137 3432 adulteria,
1167 3382 1233 3422 ue
1258 3366 1418 3421 sciret
1442 3366 1634 3430 homo;
1666 3366 1853 3421 tinuire

280 3465 554 3518 hominum
595 3460 807 3515 tenuisti
844 3474 1057 3514 carnem
1099 3474 1129 3513 a
1174 3456 1471 3513 commissis
1500 3457 1695 3511 malis:
1736 3457 1854 3511 ideo

278 3557 491 3611 noluisti
517 3544 852 3609 committere
882 3552 968 3606 ubi
1010 3550 1151 3606 videt
1192 3550 1371 3604 homo.
1400 3549 1454 3603 Si
1494 3558 1547 3604 et
1586 3550 1752 3604 Deum
1786 3550 1852 3602 ti-

276 3663 411 3711 mes,
446 3646 554 3699 noli
579 3655 632 3700 et
659 3645 748 3709 ibi,
773 3644 859 3698 ubi
891 3642 1033 3697 videt
1056 3642 1215 3707 Deus,
1242 3649 1297 3695 et
1326 3641 1587 3711 perfecisti
1621 3642 1855 3695 sanctifi-

276 3737 570 3791 cationem.
612 3733 832 3788 lntcnde
869 3750 880 3784 :
932 3730 977 3786 Ο
1005 3732 1049 3786 si
1080 3745 1290 3802 possem
1316 3770 1331 3795 ,
1376 3731 1449 3784 ait
1487 3731 1697 3799 aliquis,
1734 3747 1855 3801 pcr-

275 3826 462 3879 venire
490 3823 555 3877 ad
588 3824 731 3876 illam
758 3822 1034 3875 feminam!
1067 3820 1159 3874 sed
1187 3836 1289 3873 non
1318 3834 1553 3888 p05sum,
1576 3820 1855 3889 diligenter

275 3914 605 3977 custoditur,
654 3913 902 3965 maritum
956 3910 1255 3980 vigilantem
1302 3909 1502 3973 habet,
1552 3909 1850 3964 ministrum

278 4023 382 4059 non
435 4004 643 4067 habeo;
688 4005 731 4057 si
784 4016 945 4057 ausus
986 4002 1172 4067 fuero,
1221 4000 1661 4070 comprehendar.
1708 4001 1856 4056 Facit

275 4098 427 4166 quasi
455 4094 852 4149 mundationetn
877 4090 1117 4161 corporis
1141 4107 1155 4144 :
1187 4090 1328 4144 intus
1352 4099 1529 4143 autem
1560 4091 1681 4160 quia
1710 4092 1847 4155 vult,

276 4202 380 4239 non
409 4184 539 4238 facit
568 4183 966 4238 mundationem
992 4181 1226 4251 Spiritus.
1258 4180 1380 4234 ldco
1407 4181 1623 4234 timebat
1654 4181 1703 4234 in
1731 4198 1852 4235 cor-

275 4291 405 4345 pore
431 4275 633 4339 facere,
663 4289 731 4327 ne
762 4273 963 4327 videret
990 4272 1186 4336 homo;
1220 4279 1273 4325 et
1293 4286 1396 4323 non
1430 4271 1576 4324 timet
1608 4272 1746 4326 intus
1773 4272 1851 4325 fa-

274 4380 399 4419 cere
423 4406 441 4429 ,
480 4364 570 4417 ubi
614 4362 757 4417 videt
797 4363 931 4416 Deus
965 4378 977 4414 :
1008 4361 1189 4415 oculos
1211 4359 1441 4413 hominis
1463 4361 1628 4426 vitat,
1668 4370 1721 4415 et
1762 4362 1852 4417 Dei

278 4470 381 4509 non
415 4456 590 4508 timet.
607 4453 736 4520 Quis
758 4466 886 4521 ergo
913 4451 1116 4521 perlicit
1133 4450 1604 4504 sanctilicationem
1629 4451 1651 4503 ?
1678 4452 1775 4516 Qui
1801 4452 1852 4506 in

277 4550 474 4601 timore
504 4546 597 4600 Dei
626 4555 726 4601 est.
758 4543 1084 4612 Perﬁcieutes
1120 4541 1570 4610 sanctiﬁcationcm
1597 4543 1649 4595 in
1679 4544 1854 4596 timore

278 4638 393 4693 Dei.
421 4636 610 4692 Timor
634 4635 905 4689 hominum
927 4633 1065 4688 forte
1094 4647 1286 4702 corpus
1314 4642 1488 4701 potest
1516 4632 1585 4687 ab
1622 4633 1851 4686 immun-

277 4730 402 4784 ditia
434 4738 776 4798 temperare;
806 4727 1036 4780 animam
1070 4734 1246 4779 autem
1268 4763 1284 4790 ,
1316 4724 1524 4779 nonnisi
1553 4725 1708 4779 timor
1738 4726 1850 4779 Dei.

278 4818 644 4875 Sanctificavit
684 4815 961 4870 animum?
1000 4815 1230 4871 Securus
1258 4824 1340 4869 est
1380 4814 1446 4870 de
1479 4830 1724 4885 corpore.
1753 4815 1852 4881 Qui

278 4913 509 4967 vestitus
534 4919 650 4975 est,
690 4907 919 4963 mundus
948 4906 1046 4971 sit,
1088 4915 1142 4960 et
1168 4906 1328 4960 vestis
1353 4905 1464 4975 ipsa
1504 4905 1695 4960 munda
1732 4907 1849 4960 erit.

280 5003 610 5057 lnhabitator
637 5000 809 5055 bonus
828 5006 884 5053 et
906 5011 1066 5051 sanus
1095 4996 1196 5061 sit,
1228 5004 1280 5050 et
1310 5010 1414 5049 non
1443 4995 1622 5050 timeat
1649 4995 1854 5049 ruinam

278 5097 472 5150 domus
498 5108 632 5148 sum.

366 5187 456 5240 10.
507 5183 689 5240 Carnis
731 5186 903 5255 futura
943 5178 1284 5235 commutatio.
1352 5175 1482 5233 Caro
1537 5177 1753 5231 hominis
1804 5178 1855 5230 in

280 5294 467 5348 corpus
522 5275 693 5346 angeli
761 5271 1109 5327 convertenda.
1160 5269 1295 5337 Quid
1341 5270 1479 5323 enim
1534 5269 1630 5322 ista
1695 5268 1857 5322 caro?

281 5370 394 5423 Non
424 5368 569 5421 illam
599 5364 855 5420 debemus
890 5371 1251 5417 contemnere.
1274 5359 1410 5427 Quid
1433 5359 1573 5413 enim
1597 5357 1734 5411 hoc?
1759 5357 1857 5413 Fe-

282 5474 433 5522 num,
469 5456 565 5511 sed
591 5469 775 5508 aurum
801 5453 922 5509 erit.
955 5450 1074 5506 Noli
1115 5458 1460 5505 contemnere
1483 5448 1662 5502 fenum
1690 5489 1704 5511 ,
1738 5463 1856 5500 nm-

285 5550 481 5604 tabitur
508 5548 564 5601 in
592 5561 801 5601 aurum.
834 5544 927 5599 llle
953 5541 1096 5599 enim
1116 5581 1132 5607 ,
1157 5539 1247 5611 qui
1281 5547 1466 5610 potens
1514 5538 1611 5593 fuit
1655 5547 1859 5592 mutare

547 5672 1086 5739 «somnusue:
1114 5684 1208 5739 ηοιι
1240 5666 1860 5739 mammam

286 5727 460 5810 time
722 5727 1145 5801 mtiﬁcationem
1168 5732 1203 5800 °q
1228 5727 1637 5784 Emendantur'ad
1672 5727 1859 5780 Colbcr-

289 5810 438 5850 tutum
463 5810 558 5850 Ms.

864 5936 905 5948 μή

1698 348 1923 403 SERMO
1960 349 2137 404 XLVI.

3433 366 3534 421 2'70

1965 478 2152 529 aquam
2181 465 2231 517 in
2262 466 2459 532 vinum,
2480 477 2666 537 potens
2696 479 2773 526 est
2801 480 3005 530 mutare
3035 474 3210 532 fetmm
3242 476 3293 530 in
3323 493 3529 543 aut-um,

1962 552 2100 610 etde
2126 571 2286 612 carne
2316 558 2489 614 facere
2509 566 2769 633 angelum.
2803 566 2855 621 Si
2888 568 2953 622 de
2997 569 3240 625 sordibus
3278 572 3401 628 fecit
3430 573 3529 627 hoc

1964 644 2178 710 minem,
2233 645 2300 703 de
2344 648 2555 705 homine
2598 670 2702 709 non
2750 656 2904 711 faciet
2952 660 3233 729 angelum?
3282 664 3531 720 Attendat

1964 736 2105 789 enim
2137 737 2378 793 Charitas
2404 750 2577 796 vestra
2605 744 2744 799 unde
2774 745 2942 803 factus
2963 759 3044 804 est
3071 751 3250 818 homo,
3274 762 3327 806 et
3355 754 3530 808 videte

1963 828 2006 881 si
2038 828 2117 883 vel
2155 832 2386 900 cogitare
2430 833 2557 887 illud
2596 835 2856 892 volumus.
2892 840 2964 893 De
2993 842 3110 897 istis
3135 844 3378 898 sordibus
3406 843 3530 899 fecit

1964 916 2229 973 hominem
2273 930 2326 974 et
2367 922 2602 992 prrefecit
2642 926 2758 980 aliis
2788 928 3192 998 animabilibus;
3223 934 3290 989 de
3313 933 3530 990 homine

1963 1024 2067 1064 non
2115 1010 2269 1065 faciet
2310 1014 2590 1082 angelum?
2635 1015 2813 1072 Faciet
2862 1034 3096 1088 prorsus.
3150 1024 3359 1079 Amicos
3402 1039 3527 1079 suos

1961 1099 2061 1153 sibi
2087 1100 2207 1155 fecit
2227 1102 2483 1168 homines,
2509 1120 2612 1159 non
2637 1106 2754 1162 illos
2782 1106 3013 1165 facturus
3032 1120 3111 1165 est
3131 1114 3381 1183 angelos?
3405 1114 3527 1168 Jam

1961 1204 2062 1243 non
2116 1190 2278 1243 dicunt
2321 1207 2405 1247 vos
2430 1209 2630 1259 servos,
2675 1197 2762 1250 sed
2803 1198 2990 1253 amicos
3032 1198 3314 1271 (Joan.xv
3338 1244 3352 1268 ,
3394 1206 3523 1275 l5).

1961 1280 2147 1336 Adhuc
2208 1298 2422 1338 carnem
2477 1288 2806 1354 portantibus
2837 1329 2852 1354 ,
2907 1289 3080 1345 adhuc
3139 1294 3520 1360 morientibus,

1959 1372 2133 1427 adhuc
2173 1374 2223 1427 in
2268 1374 2367 1428 ista
2393 1383 2625 1445 egestate
2652 1386 2707 1431 et
2734 1376 3013 1448 fragilitate
3038 1381 3159 1435 vitae
3188 1385 3520 1439 versantibus

1960 1460 2089 1515 dixit
2114 1504 2129 1527 ,
2167 1463 2289 1517 lam
2310 1479 2396 1517 vos
2420 1482 2520 1519 non
2544 1466 2707 1519 dicam
2726 1482 2890 1523 servos
2909 1510 2922 1532 ,
2958 1469 3048 1523 sed
3066 1471 3271 1524 amicos.
3297 1472 3362 1526 Et
3387 1473 3511 1542 quid

1958 1562 2039 1607 est
2060 1551 2277 1608 daturus
2300 1555 2515 1610 amicis?
2532 1554 2681 1621 Quod
2709 1558 2763 1611 in
2784 1573 2840 1612 se
2861 1559 2974 1627 ipso
2993 1560 3224 1614 ostendit
3245 1575 3526 1632 resurgen-

1959 1643 2457 1712 te.Coronabuntur,
2474 1648 2637 1713 etfcon
2646 1658 2917 1704 vertentur
2930 1651 2979 1704 in
2998 1651 3215 1720 gloriam
3231 1653 3520 1717 caelestem,

1956 1741 2010 1787 et
2052 1741 2209 1788 erunt
2251 1735 2481 1804 aequales
2525 1738 2739 1806 Angelis
2770 1739 2861 1794 Dei
2906 1739 3055 1812 (Luc.
3082 1757 3154 1795 xx
3181 1778 3196 1806 ,
3228 1742 3340 1814 36).
3372 1742 3521 1799 Nulla

1957 1825 2060 1878 erit
2082 1827 2369 1894 corruptio,
2393 1827 2533 1881 nulla
2572 1829 2817 1883 titillatio.
2852 1830 2964 1886 Non
2996 1832 3066 1886 ibi
3104 1833 3257 1887 nobis
3283 1834 3521 1901 dicetur,

1960 1912 2205 1968 Mandata
2243 1931 2328 1969 vos
2352 1916 2414 1970 ab
2449 1918 2585 1971 omni
2613 1920 3013 1989 coinquinatione
3036 1924 3201 1976 carnis
3227 1933 3273 1977 et
3295 1925 3522 1994 spiritus.

1955 2005 2069 2061 Non
2102 2007 2457 2064 laborabimus
2491 2050 2506 2075 ,
2548 2026 2646 2065 nec
2670 2012 2826 2067 nobis
2852 2014 3187 2082 promittetur
3212 2016 3482 2085 prmmium
3507 2033 3521 2081 ;

1957 2098 2075 2166 quia
2100 2097 2208 2167 jam
2232 2099 2549 2169 accepimus.
2577 2100 2685 2156 Nec
2716 2102 2869 2156 nobis
2907 2104 3112 2158 dicetur
3137 2114 3193 2159 ut
3215 2120 3522 2174 gemamus;

1957 2190 2077 2258 quia
2095 2190 2203 2259 jam
2233 2190 2525 2246 laudamus.
2559 2192 2705 2247 Sicut
2732 2194 2871 2248 enim
2892 2209 3015 2249 caro
3038 2196 3275 2251 mortalis
3299 2212 3524 2252 convcr-

1957 2281 2082 2335 titur
2108 2283 2158 2335 in
2186 2296 2378 2352 corpus
2418 2284 2625 2352 angeli;
2657 2286 2735 2340 sic
2759 2295 2812 2340 et
2848 2288 3076 2356 gemitus
3106 2298 3443 2344 convertetur
3471 2289 3525 2344 in

1956 2372 2157 2427 laudes.
2188 2373 2286 2428 Hic
2312 2376 2618 2443 pmnitentia
2638 2417 2651 2439 ,
2691 2384 2744 2431 et
2776 2392 3049 2446 pressura,
3072 2389 3125 2433 ct
3152 2380 3376 2448 gemitus
3411 2398 3424 2434 :
3455 2380 3526 2434 ibi

1954 2463 2137 2519 laudes
2157 2506 2171 2529 ,
2224 2465 2401 2519 lmtitia
2422 2508 2436 2531 ,
2477 2475 2530 2520 et
2554 2467 2820 2536 gaudium.
2850 2468 3038 2523 Postea
3066 2483 3212 2539 ergo,
3242 2471 3400 2525 modo
3423 2488 3525 2526 nou

1954 2564 2036 2610 est
2060 2555 2259 2610 laetitia.
2286 2557 2387 2612 Sed
2411 2558 2539 2611 ubi?
2568 2559 2621 2611 ln
2649 2574 2761 2627 spe.
2792 2558 3032 2613 Nondum
3061 2571 3209 2615 tenes
3227 2603 3242 2626 ,
3274 2562 3367 2617 sed
3407 2578 3528 2637 spc-

1956 2644 2119 2698 rando
2140 2645 2373 2714 gaudes:
2403 2646 2523 2716 quia
2551 2648 2639 2716 qui
2663 2648 2901 2717 promisit
2919 2664 3022 2703 non
3044 2658 3220 2720 potest
3243 2651 3522 2722 decipere;

1953 2736 2075 2805 quia
2099 2737 2186 2806 qui
2213 2737 2482 2806 promisit,
2516 2737 2673 2792 habet
2700 2746 2755 2793 et
2777 2738 2885 2793 dat.

2448 2828 2677 2883 SERMO
2714 2829 2876 2885 XLV!
2899 2834 2917 2854 ⁶
2934 2830 3035 2902 (a).

1955 2916 2032 2971 De
2070 2917 2363 2973 Pastoribus
2386 2920 2441 2973 in
2473 2920 2702 2975 Ezechiel
2736 2939 2851 2992 cap.
2888 2939 3048 2978 xxnv
3072 2926 3243 2990 ,1-16
3266 2968 3282 2993 ,
3323 2927 3385 2981 ab
3424 2929 3526 2983 illis

2023 3010 2181 3063 verbis
2204 3051 2218 3075 ,
2253 3010 2316 3064 Et
2347 3010 2537 3065 factum
2563 3020 2679 3077 est,
2710 3025 2805 3067 etc.
2836 3055 2850 3079 ,
2876 3030 3066 3084 usque,
3100 3016 3165 3070 Et
3199 3032 3407 3087 pascant
3432 3036 3525 3076 cas

2020 3117 2144 3156 cum
2162 3101 2378 3169 judicio.
2408 3102 2594 3156 Contra
2620 3102 2914 3160 Donatistas
2938 3107 3035 3177 (ὁ).

2023 3191 2247 3247 CAPUT
2287 3192 2563 3248 PRIMUM.
2594 3223 2667 3234 —
2710 3196 2760 3250 1.
2801 3194 2879 3250 De
2915 3198 3195 3266 pastoribus
3242 3217 3342 3255 non
3384 3220 3514 3269 oves,

1953 3283 2040 3334 sed
2102 3299 2156 3337 se
2203 3283 2339 3351 ipsos
2386 3284 2719 3352 pascentibus.
2769 3286 2901 3355 Spes
2936 3297 3043 3343 tota
3082 3300 3259 3346 nostra
3298 3294 3416 3362 quia
3472 3297 3524 3349 in

1955 3373 2163 3427 Christo
2210 3383 2310 3437 est,
2364 3384 2417 3429 ct
2448 3376 2566 3443 quia
2607 3378 2779 3431 omnis
2830 3394 2950 3432 vera
2996 3389 3047 3434 et
3088 3383 3312 3438 salubris
3354 3386 3522 3455 gloria

1957 3475 2133 3520 nostra
2162 3467 2272 3535 ipse
2298 3475 2395 3531 est,
2422 3483 2526 3521 non
2556 3484 2696 3523 nunc
2721 3471 2944 3538 primum
2972 3474 3152 3528 didicit
3173 3477 3415 3533 Charitas
3437 3496 3527 3534 vc-

1956 3565 2085 3609 stra.
2116 3556 2256 3610 Estis
2280 3558 2421 3611 enim
2452 3559 2501 3611 in
2533 3557 2649 3627 ejus
2673 3576 2849 3628 grege,
2889 3564 2977 3631 qui
3021 3565 3243 3620 intendit
3278 3579 3330 3622 et
3359 3572 3526 3638 pascit

1959 3646 2117 3701 Israel
2155 3646 2326 3717 (Psal.
2352 3665 2537 3713 Lxxut,
2567 3650 2645 3721 2).
2678 3652 2781 3705 Sed
2812 3655 3057 3722 quoniam
3104 3667 3225 3711 sunt
3264 3669 3521 3729 pastores,

1956 3737 2043 3805 qui
2073 3747 2337 3805 pastorum
2370 3740 2579 3792 nomine
2605 3740 2835 3809 gaudere
2869 3744 3070 3807 volunt,
3098 3748 3319 3814 pastoris
3346 3760 3520 3804 autem

1957 3825 2188 3879 officium
2220 3827 2440 3895 implere
2470 3829 2707 3894 nolunt‘;
2732 3832 2855 3900 quid
2881 3833 2943 3885 ad
2972 3848 3062 3887 cos
3092 3851 3182 3903 per
3205 3837 3521 3908 Prophetam

1957 3918 2116 3979 dicat,
2156 3918 2291 3973 sicut
2328 3919 2520 3974 lectum
2559 3922 2873 3990 audivimus,
2903 3940 3290 3983 rccenscamus.
3332 3932 3523 3988 Audite

1958 4026 2053 4064 vos
2079 4026 2201 4066 cum
2230 4012 2540 4077 intentione,
2571 4015 2844 4069 audiamus
2867 4032 2964 4070 nos
2988 4033 3108 4073 cum
3132 4030 3381 4079 tremore.

2011 4102 2357 4168 2.0hristiani,
2379 4115 2579 4175 propter
2590 4122 2679 4160 nos
2694 4122 2713 4170 ;
2730 4111 3003 4178 praepositi,
3020 4122 3223 4181 propter
3233 4113 3525 4171 alios.—Et

1958 4199 2143 4266 factum
2165 4208 2234 4250 est
2256 4197 2322 4250 ad
2343 4214 2420 4250 me
2442 4199 2642 4252 verbum
2663 4198 2887 4267 Domini,
2912 4203 3079 4257 dicens
3101 4220 3120 4257 :
3147 4204 3252 4259 Fili
3288 4208 3522 4276 hominis,

1958 4289 2202 4358 propheta
2218 4291 2237 4321 '
2259 4306 2410 4357 super
2433 4299 2653 4359 pastores
2676 4290 2855 4347 Israel.
2875 4294 3019 4348 Hanc
3042 4296 3321 4353 lectionem
3346 4302 3520 4366 modo,

1959 4394 2082 4433 cum
2124 4379 2405 4449 legeretur,
2447 4380 2781 4437 audivimus:
2826 4383 2947 4436 hinc
2984 4400 3102 4439 cum
3128 4398 3298 4443 vestra
3323 4389 3528 4445 Sancti-

1962 4478 2069 4525 tate
2097 4470 2294 4540 aliquid
2322 4471 2461 4539 loqui
2493 4471 2842 4527 decrevimus.
2867 4474 3147 4543 Atljuvabit
3171 4479 3302 4548 ipse,
3327 4491 3384 4534 ut
3402 4494 3525 4535 vera

1960 4563 2214 4627 dicamus,
2241 4563 2285 4617 si
2312 4578 2416 4616 non
2445 4574 2621 4616 nostra
2653 4564 2909 4619 dicamus.
2939 4566 3067 4621 Nam
3094 4569 3140 4624 si
3164 4578 3347 4626 nostra
3375 4572 3525 4628 dixe—

1958 4654 2144 4720 rimus,
2179 4661 2414 4721 pastores
2455 4653 2651 4708 erimus
2678 4663 2953 4723 pasceutcs
2980 4673 3109 4721 nos,
3147 4674 3251 4713 non
3288 4676 3452 4716 mes:
3480 4663 3523 4716 si

1958 4753 2133 4797 autem
2161 4743 2302 4798 illius
2324 4752 2445 4797 sunt
2466 4759 2583 4813 quae
2608 4743 2847 4809 dicimus,
2873 4760 2969 4815 per
2987 4749 3276 4816 quemlibet
3298 4750 3410 4819 ipse
3432 4767 3526 4806 vos

1958 4844 2157 4902 pascet.
2179 4832 2299 4887 Haec
2324 4832 2443 4885 dicit
2469 4831 2713 4886 Dominus
2727 4834 2858 4889 Deus
2882 4851 2899 4888 :
2927 4834 2971 4889 Ο
2991 4847 3213 4906 pastores
3232 4837 3413 4905 Israe',
3441 4842 3525 4910 qui

1959 4933 2168 4995 pascunt
2191 4940 2245 4976 se
2269 4924 2401 4977 solos
2420 4923 2440 4975 !
2459 4921 2719 4993 Numquid
2742 4940 2842 4979 non
2867 4941 2978 4979 oves
3002 4938 3213 4997 pascunt
3238 4938 3457 4997 pastores
3481 4931 3527 4987 ³2

2023 5056 2177 5122 {Hinc
2197 5058 2426 5122 tractatus
2462 5052 2678 5115 pluribus
2699 5055 2748 5101 in
2768 5056 3284 5122 manuscriptisincipit
3319 5059 3369 5107 in
3399 5059 3528 5111 hunc

1959 5117 2149 5166 modum
2175 5130 2188 5163 :
2214 5115 2301 5184 Qui
2321 5120 2564 5184 pastorum
2584 5127 2749 5184 nomen
2774 5115 2894 5184 (vel,
2916 5115 3124 5184 nomina)
3147 5115 3318 5169 audire
3350 5122 3524 5184 volam,

1959 5184 2202 5242 pastorum
2221 5174 2427 5240 ofﬁcium
2448 5174 2645 5240 implere
2666 5174 2843 5235 nolunt,
2870 5174 2985 5240 quid
3007 5175 3073 5227 ad
3090 5174 3183 5240 eos,
3208 5186 3300 5229 etc.

2022 5241 2042 5271 ²
2059 5239 2131 5286 sic
2150 5244 2255 5286 Mss.
2276 5236 2390 5284 Editi
2406 5250 2541 5286 vero.
2564 5235 2853 5286 oroohetiza.
3492 5236 3499 5245 ‘

2025 5249 2042 5271 ι
2059 5249 2131 5286 Sic
2151 5249 2255 5286 MSS.
2277 5249 2390 5284 eam
2406 5250 2541 5295 vero,
2564 5249 2853 5299 propttettza.

2025 5300 2047 5332 ⁸
2069 5299 2186 5348 Editi
2220 5312 2233 5347 :
2261 5307 2341 5367 (te
2363 5297 2635 5367 pastoribus
2662 5297 2745 5361 qui
2780 5303 2978 5367 pasctmt
3011 5310 3061 5367 se
3095 5298 3251 5351 solos!
3287 5304 3528 5367 Numquid

1961 5373 2067 5410 oves
2086 5358 2515 5429 pasciqupa'stores
2534 5358 2558 5409 2’
2587 5366 2645 5408 At
2664 5358 2987 5421 manuscripti,
3005 5360 3145 5421 juxta
3164 5367 3291 5424 Lxx,
3313 5374 3350 5413 0
3372 5358 3530 5429 pasto-

1962 5436 2040 5471 res
2066 5420 2229 5481 Israel,
2253 5420 2345 5470 etc.
2904 5420 2917 5421 ί
3011 5420 3019 5421 “
3276 5420 3287 5424 ’
3372 5420 3383 5429 ’

2004 5484 2042 5545 γ’
2068 5483 2352 5545 Recognitus
2370 5487 2446 5545 est
2466 5481 2523 5530 ad
2546 5481 2597 5530 h.
2633 5493 2702 5529 cs.
2728 5480 2778 5545 tl.
2817 5493 2892 5543 gr.
2928 5479 2961 5529 1.
2981 5495 3055 5545 pr.
3073 5495 3116 5530 r.
3134 5496 3224 5532 rm.
3250 5497 3292 5534 s.
3337 5495 3434 5535 Am.
3455 5494 3528 5535 Er.

1965 5544 2100 5617 ι’ἓίὲη·
2118 5542 2245 5619 μιῇ,
2256 5542 2647 5619 ,θὲἒάιῗίῗίὲτξῖξη
2663 5542 2901 5619 ﬂii???
2918 5550 2969 5591 θ’
2982 5542 3057 5616 Ide
3138 5551 3368 5619 οβοτϐίέδν
3392 5561 3527 5596 ωηο·

1966 5607 2058 5671 uici
2087 5605 2274 5655 comitis
2296 5603 2639 5667 Lugdunensis,
2660 5614 2692 5651 a
2712 5609 2840 5667 Rege
2877 5605 3106 5655 nominati
3127 5605 3188 5655 ad
3206 5603 3527 5671 episcopatum

1965 5668 2387 5716 claromontanum.

2029 5728 2099 5848 Ea)
2123 5727 2244 5775 Alias
2263 5726 2327 5774 de
2349 5734 2584 5787 Tempore
2608 5725 2713 5784 165,
2737 5725 2817 5775 vel
2840 5728 2889 5776 in
2909 5734 3040 5779 tomo
3059 5728 3090 5777 9
3110 5728 3284 5779 editus.

2057 5787 2103 5848 b)
2137 5795 2198 5835 Ex
2226 5787 2314 5835 hoc
2332 5800 2555 5835 sermone
2581 5787 2715 5848 plura
2736 5786 2897 5839 Florus
2921 5789 2976 5837 ad
3002 5788 3127 5837 Pauli
3150 5791 3284 5848 ripis-tt

2057 5786 2103 5850 b)
2137 5795 2198 5835 Ex
2226 5787 2314 5835 hoc
2332 5800 2555 5835 sermone
2581 5787 2715 5849 plura
2736 5786 2897 5839 Florus
2921 5789 2976 5837 ad
3002 5788 3127 5837 Pauli
3150 5789 3393 5851 Epistolas.
