3994 6484
449 397 544 450 271
1668 389 1721 442 S.
1767 390 1803 442 Α
1816 388 2128 445 UGUSTINI
2170 389 2468 446 EPISCOPI

453 511 506 565 td
555 518 658 573 est,
703 522 810 562 non
863 521 920 561 se
977 514 1196 576 pascunt
1251 512 1509 573 pastores,
1565 501 1657 556 sed
1705 516 1850 557 oves.
1906 500 2028 555 ιιιυε

449 602 616 671 prima
637 613 799 656 causa
826 607 909 654 est
935 612 1098 667 quare
1127 603 1413 664 arguantur
1430 599 1671 662 pastores
1698 592 1804 656 isti,
1821 591 1941 661 quia
1971 606 2029 644 se

449 694 592 763 ipsos
617 698 860 760 pascunt,
890 704 996 742 non
1027 699 1181 741 oves.
1222 684 1321 753 Qui
1359 691 1482 736 sunt
1523 682 1612 751 qui
1655 697 1714 737 se
1757 682 1899 750 ipsos
1938 695 2030 748 pa-

447 782 634 839 scunt?
676 783 750 838 De
790 780 980 850 quibus
1011 778 1295 848 Apostolus
1333 774 1500 829 dicit:
1533 770 1716 828 Omnes
1747 772 1878 826 enim
1916 787 2029 842 qua:

447 891 542 928 sua
565 881 682 928 sunt
709 880 958 942 quierunt,
1001 886 1100 923 non
1129 884 1240 939 qua:
1271 865 1396 921 Jesu
1433 866 1619 921 Christi
1647 865 1666 936 (
1689 864 1918 934 Philipp.
1966 879 2021 927 ιι,

446 968 518 1021 91-
539 966 580 1034 ).
611 965 718 1021 Nos
735 965 905 1030 enim,
929 977 1063 1034 quos
1089 961 1141 1016 in
1171 961 1274 1015 isto
1309 959 1443 1025 loco,
1487 959 1553 1015 de
1589 973 1693 1028 quo
1730 956 2026 1028 periculosa

454 1057 588 1111 ratio
606 1054 866 1118 redditur,
888 1051 1142 1107 Dominus
1157 1048 1448 1105 secundum
1471 1047 1823 1118 dignationem
1851 1059 2022 1111 suam,

427 1165 456 1198 ιι
487 1161 557 1201 on
585 1142 875 1202 secundum
901 1141 1146 1196 meritum
1179 1148 1417 1194 nostrum
1447 1136 1739 1202 constituit,
1769 1134 2026 1190 habemus

427 1238 458 1289 tl
485 1253 556 1293 uo
595 1236 879 1308 quaedam:
918 1248 1115 1300 unum,
1157 1231 1297 1302 quod
1335 1230 1611 1286 christiani
1649 1243 1863 1292 sumus;
1891 1227 2024 1282 alte-

444 1343 586 1395 rum,
610 1327 750 1398 quod
781 1324 1050 1396 prmpositi
1073 1339 1275 1379 sumus.
1307 1321 1435 1377 lllud
1461 1321 1601 1392 quod
1632 1319 1905 1376 christiani
1931 1333 2023 1373 su-

445 1434 582 1487 mus,
608 1428 826 1490 propter
847 1431 943 1472 nos
971 1427 1052 1472 est
1076 1434 1090 1472 :
1117 1415 1259 1486 quod
1288 1424 1467 1470 autem
1511 1413 1776 1485 praepositi
1815 1427 2020 1478 sumus,

451 1521 667 1582 pr0pter
687 1526 783 1566 vos
811 1518 912 1565 est.
941 1509 998 1564 In
1025 1524 1090 1565 eo
1127 1507 1271 1579 quod
1308 1506 1584 1563 christiani
1621 1520 1824 1572 sumus,
1854 1512 2025 1559 atten-

442 1604 585 1657 ditur
614 1602 812 1657 utilitas
849 1609 1072 1656 nostra:
1104 1600 1157 1654 in
1183 1615 1250 1655 eo
1288 1597 1427 1668 quod
1471 1597 1773 1669 praepositi,
1813 1595 2023 1651 nonnisi

443 1704 640 1750 vestra.
664 1694 799 1750 Sunt
824 1702 1000 1748 autem
1026 1691 1177 1747 multi
1205 1689 1498 1756 christiani,
1521 1697 1576 1744 et
1599 1705 1705 1743 non
1732 1687 2020 1758 praepositi,

443 1787 535 1857 qui
565 1786 880 1858 perveniunt
914 1784 981 1839 ad
1025 1784 1191 1838 Deum
1217 1783 1256 1846 ⁸,
1297 1781 1531 1836 faciliore
1560 1779 1785 1835 fortasse
1814 1779 2022 1842 itinere,

449 1887 504 1933 et
527 1887 674 1932 tanto
695 1876 830 1932 forte
847 1874 1144 1944 expeditius
1163 1872 1513 1939 ambulantes,
1539 1879 1738 1942 quanto
1762 1872 2024 1924 minorem

442 1969 706 2024 sarcinam
735 1974 966 2038 portant.
985 1964 1094 2020 Nos
1110 1972 1309 2028 autem,
1329 1971 1551 2034 excepto
1577 1961 1717 2032 quod
1747 1961 2022 2016 christiani

449 2075 654 2126 sumus,
693 2060 833 2115 unde
870 2057 1133 2114 rationem
1160 2056 1446 2112 reddemus
1471 2057 1580 2111 Deo
1602 2055 1668 2111 de
1687 2057 1791 2110 vita
1819 2064 2020 2122 nostra,

447 2167 632 2207 sumus
677 2151 836 2206 etiam
881 2147 1157 2220 prazpositi
1187 2188 1202 2212 ,
1249 2146 1392 2201 unde
1437 2147 1692 2201 rationem
1740 2145 2024 2200 reddemus

445 2246 556 2299 Deo
583 2244 651 2300 de
675 2241 1070 2313 dispensatione
1095 2249 1296 2295 nostra.
1329 2238 1409 2292 Ad
1427 2237 1539 2293 .hoc
1565 2239 1717 2293 istam
1745 2237 2021 2292 difﬁculta-

448 2347 554 2391 tem
570 2348 843 2406 propono,
868 2341 924 2386 ut
944 2331 1326 2402 compatientes
1351 2328 1523 2396 nobis,
1544 2329 1708 2384 oretis
1731 2343 1827 2399 pro
1847 2328 2018 2382 nobis.

447 2425 639 2480 Veniet
663 2425 804 2479 enim
831 2423 967 2489 dies,
990 2437 1095 2492 quo
1123 2430 1310 2476 cuncta
1341 2419 1670 2474 adducantur
1690 2420 1740 2473 in
1764 2419 2021 2490 judicium

443 2513 638 2584 (Eccle.
665 2531 762 2582 xu,
789 2511 899 2586 14).
932 2513 998 2567 Et
1026 2512 1110 2567 ille
1134 2510 1272 2579 dies,
1295 2511 1339 2566 si
1369 2511 1564 2565 smculo
1595 2510 1748 2580 longe
1775 2518 1878 2574 est,
1905 2511 2021 2562 uni-

442 2607 634 2677 cuique
660 2605 860 2660 homini
899 2604 1171 2658 vitassem
1212 2602 1428 2656 ultimus
1473 2615 1636 2672 prope
1673 2609 1782 2656 est.
1822 2600 2021 2655 Tamen

446 2705 730 2768 utrumque
767 2697 930 2750 latere
971 2695 1112 2749 Deus
1136 2693 1322 2760 voluit,
1363 2701 1418 2748 et
1454 2692 1666 2762 quando
1692 2692 1866 2746 veniat
1903 2691 2022 2745 ﬁnis

443 2789 644 2856 saeculi,
668 2798 722 2844 et
747 2787 959 2858 quando
981 2787 1051 2841 sit
1071 2787 1124 2841 in
1145 2800 1464 2856 unoquoque
1484 2784 1701 2839 homine
1727 2784 1881 2852 hujus
1903 2785 2022 2838 vitae

444 2881 584 2935 linis.
614 2881 708 2935 Vis
733 2896 838 2934 non
878 2880 1063 2934 timere
1102 2878 1245 2933 diem
1273 2876 1578 2932 occultum?
1621 2877 1751 2930 Dum
1783 2877 2018 2942 venerit,

445 2970 681 3025 inveniat
703 2978 754 3024 te
770 2977 1042 3039 paratum.
1070 2968 1203 3022 Cum
1229 2981 1356 3036 ergo
1383 2965 1648 3036 prtepositi
1671 2965 1734 3020 ad
1765 2966 1866 3021 hoc
1895 2967 2018 3031 sint,

443 3070 504 3116 ut
533 3060 616 3116 his
644 3062 732 3132 qui
767 3061 990 3130 subjecti
1020 3067 1145 3114 sunt
1171 3058 1483 3122 consulant;
1517 3072 1622 3111 non
1663 3060 1714 3111 in
1744 3073 1808 3112 eo
1833 3059 1853 3090 ³
1881 3059 2021 3128 quod

444 3163 701 3221 prmsunt,
733 3153 951 3206 omnino
977 3150 1258 3204 utilitatem
1288 3164 1436 3204 suam
1467 3147 1764 3213 attendant,
1805 3148 1897 3202 sed
1925 3164 2019 3203 ea-

442 3261 564 3300 rum
589 3245 782 3314 quibus
807 3242 1130 3297 ministrant.
1169 3240 1418 3310 Quisquis
1456 3239 1524 3292 ita
1566 3238 1880 3308 praepositus
1919 3248 2016 3304 est,

443 3346 500 3391 ut
525 3336 578 3390 iu
607 3350 672 3391 eo
700 3333 841 3404 quod
873 3333 1185 3404 praepositus
1212 3341 1327 3399 est,
1367 3330 1629 3402 gaudeat,
1673 3341 1727 3385 et
1765 3331 2021 3387 honorem

447 3442 603 3484 suum
638 3433 970 3497 quaerat,aet
1028 3423 1307 3480 commoda
1356 3437 1450 3476 sua
1500 3424 1611 3477 sola
1651 3423 1924 3492 respiciat,
1965 3439 2024 3478 se

443 3517 632 3586 pascit,
655 3531 761 3570 non
784 3529 936 3570 oves.
960 3513 1041 3569 Ad
1069 3513 1167 3568 hos
1193 3527 1369 3567 sermo
1390 3511 1655 3581 dirigitur.
1677 3511 1868 3566 Audite
1890 3521 2020 3566 tan-

444 3622 603 3677 quam
627 3621 755 3662 oves
774 3605 895 3674 Dei,
923 3613 976 3660 et
1011 3604 1187 3660 videte
1215 3602 1662 3674 quemadmodum
1685 3617 1781 3658 vos
1807 3618 2022 3660 securos

443 3699 633 3756 fecerit
666 3698 804 3754 Deus
829 3715 842 3751 :
871 3697 1280 3768 qualescumque
1318 3695 1425 3751 sint
1461 3695 1550 3766 qui
1579 3695 1728 3750 vobis
1767 3707 2019 3766 prmsunt,

445 3792 498 3847 id
537 3800 638 3856 est,
679 3789 1094 3861 qualescumque
1112 3801 1223 3844 'nos
1259 3787 1456 3852 simus;
1498 3785 1647 3840 vobis
1684 3786 2022 3842 securitatem

440 3882 606 3944 dedit,
630 3881 719 3952 qui
749 3879 918 3952 pascit
947 3879 1127 3936 Israel.
1160 3877 1291 3933 Nam
1332 3877 1472 3932 Deus
1510 3891 1613 3931 non
1657 3875 1855 3932 deserit
1895 3893 2022 3934 oves

442 3987 599 4038 suas;
631 3981 689 4027 et
710 3971 837 4026 mali
867 3980 1108 4040 pastores
1146 3981 1333 4040 poenas
1358 3967 1564 4024 debitas
1602 3967 1770 4035 luent,
1811 3977 1867 4023 et
1895 3984 2022 4024 oves

445 4063 702 4133 promissa
734 4061 1046 4132 percipient.

517 4150 743 4208 CAPUT
783 4149 846 4205 ll.
873 4180 944 4190 —
973 4151 1025 4206 5.
1055 4149 1291 4203 Pastorcs
1318 4148 1404 4218 qui
1424 4164 1478 4202 se
1501 4155 1731 4219 pascunt,
1759 4163 1857 4201 non
1887 4164 2018 4202 oves.

452 4243 736 4300 Videamus
783 4256 911 4312 ergo
957 4240 1083 4310 quid
1133 4239 1429 4309 alloquatur
1479 4245 1719 4308 pastores
1768 4253 1827 4292 se
1881 4239 2024 4308 ipsos

455 4341 758 4406 pascentes,
799 4347 904 4388 non
943 4346 1092 4398 oves,
1133 4345 1310 4386 sermo
1351 4328 1562 4384 divinus
1600 4329 1864 4384 neminem
1907 4331 2022 4400 pal-

448 4442 602 4498 pans.
631 4425 760 4481 Ecce
784 4426 864 4481 lac
891 4423 1202 4489 consumitis,
1233 4430 1280 4475 et
1311 4421 1440 4476 lanis
1475 4437 1558 4476 vos
1596 4422 1778 4493 legitis,
1809 4433 1856 4476 et
1891 4423 2024 4494 quod

453 4533 680 4572 crassum
705 4525 779 4571 est
797 4512 1102 4582 interﬁcitis,
1125 4520 1170 4566 et
1189 4527 1301 4565 oves
1329 4527 1464 4564 meas
1503 4527 1602 4564 non
1633 4513 1834 4580 pascitis
1857 4513 2024 4582 :quod

447 4609 760 4678 inﬁrmatam
784 4614 876 4670 est,
907 4621 1008 4659 non
1036 4603 1391 4674 confortastis;
1417 4612 1462 4657 et
1490 4604 1624 4675 quod
1659 4613 1902 4675 aegrotum
1928 4616 2021 4674 est,

447 4715 549 4754 non
573 4696 930 4753 corroborastis
942 4711 960 4761 ;
987 4703 1035 4749 et
1060 4692 1196 4764 quod
1221 4692 1606 4747 contribulatum
1629 4701 1720 4759 est,
1751 4710 1851 4748 non
1875 4696 2023 4749 colli-

451 4791 644 4863 gestis;
671 4798 717 4844 et
744 4787 880 4858 quod
903 4785 1122 4853 errabat,
1160 4801 1261 4839 non
1298 4784 1601 4849 revocastis;
1629 4794 1674 4838 et
1698 4785 1831 4853 quod
1857 4788 2021 4856 periit,

453 4901 554 4939 non
591 4881 902 4952 inquisistis;
939 4889 987 4933 et
1025 4877 1159 4948 quod
1196 4877 1325 4946 forte
1362 4877 1478 4946 fuit,
1507 4877 1787 4947 confecistis
1811 4894 1830 4931 :
1858 4888 1902 4932 et
1941 4879 2025 4931 di-

449 4990 636 5045 spersae
661 4983 777 5028 sunt
805 4988 918 5027 oves
944 4985 1066 5024 mea:
1085 5011 1098 5034 ,
1127 4985 1183 5022 eo
1211 4968 1345 5039 quod
1372 4984 1474 5023 non
1499 4969 1563 5022 sit
1602 4979 1793 5038 pastor.
1826 4970 2026 5025 Dicitur

455 5067 508 5121 in
539 5073 779 5137 pastores
805 5069 1085 5134 pascentes
1109 5060 1444 5129 semetipsos,
1476 5075 1585 5116 non
1614 5075 1761 5126 oves,
1789 5061 1914 5130 quid
1941 5061 2023 5116 di-

454 5157 638 5225 ligant,
661 5154 788 5226 quid
816 5155 1097 5224 negligant.
1120 5150 1256 5220 Quid
1282 5166 1410 5222 ergo
1434 5150 1690 5222 diligunt?
1717 5150 1820 5206 Lac
1843 5169 2025 5206 consu-

458 5247 614 5312 mitis,
641 5255 688 5299 et
714 5247 845 5301 lanis
874 5261 960 5300 vos
983 5244 1164 5315 tegitis.
1203 5243 1427 5314 Propter
1462 5243 1604 5315 quod
1631 5244 1910 5316 Apostolus
1947 5245 2026 5301 di-

453 5341 546 5406 cit,
581 5339 708 5406 Quis
733 5338 926 5409 plantat
952 5337 1164 5403 vineam,
1196 5344 1241 5390 et
1266 5335 1329 5392 de
1356 5340 1524 5408 fructu
1561 5338 1669 5408 ejus
1703 5353 1802 5390 non
1839 5338 2028 5391 sumit?

458 5429 586 5496 Quis
605 5428 772 5498 pascit
789 5442 1007 5498 gregem,
1026 5435 1071 5481 et
1091 5425 1154 5480 de
1175 5424 1301 5481 lacte
1319 5426 1480 5497 gregis
1501 5442 1601 5479 non
1617 5425 1826 5496 percipit
1850 5423 1890 5496 (l
1907 5425 2024 5478 Cor.

463 5536 537 5586 ts,
565 5519 656 5588 7)?
684 5517 984 5573 invenimus
1023 5532 1151 5589 ergo
1188 5531 1307 5573 esse
1349 5517 1430 5572 lac
1465 5519 1660 5588 gregis,
1704 5516 1959 5588 quidquid
1996 5532 2025 5571 a

517 5673 533 5733 ε
554 5670 738 5733 Aliquot
754 5676 894 5733 _Mss.:
916 5671 970 5733 βι
985 5673 1092 5718 sunt
1113 5666 1266 5729 multi,
1282 5667 1366 5732 qui
1385 5665 1641 5720 christiani
1661 5673 1706 5719 et
1728 5679 1820 5718 non
1843 5675 2030 5732 Prtepo-

457 5731 546 5798 siti,
573 5727 846 5794 perveniunt
862 5728 927 5778 ad
945 5737 1112 5798 Deum.

518 5797 536 5826 ¹
562 5803 736 5842 onmes
761 5799 887 5848 Mss,
906 5799 992 5837 nec
1012 5800 1061 5837 ru
1083 5801 1154 5836 eo.

3603 399 3701 455 27!

2141 503 2292 570 plebe
2323 504 2413 559 Dei
2442 503 2690 559 tribuitur
2716 507 2730 536 ¹
2775 509 3070 577 prmpositis
3096 509 3162 564 ad
3193 509 3592 567 sustentandum
3621 519 3699 566 vi-

2135 603 2276 647 ctum
2305 596 2650 664 temporalem
2670 597 2713 648 '.
2746 595 2875 654 Inde
2897 599 3036 654 enim
3063 599 3376 671 loquebatur
3396 603 3697 673 Apostolus,

2135 699 2252 738 cum
2281 683 2394 739 lucc
2416 684 2617 740 diceret
2643 704 2760 757 qum
2788 692 3216 746 commemoravi.

2203 773 2256 827 4.
2299 773 2467 828 Laetis
2498 777 2804 848 percipiendi
2851 790 3066 849 potestas
3113 781 3233 835 data
3280 785 3579 852 pastoribus.
3632 785 3697 840 Et

2133 863 2346 932 quidem
2385 867 2676 935 Apostolus
2711 885 3009 940 quanquam
3047 873 3264 942 elegerit
3299 875 3540 930 manibus
3587 878 3701 929 suis

2135 954 2372 1024 transigi,
2395 967 2449 1010 et
2470 972 2568 1012 nec
2591 959 2760 1028 ipsum
2785 960 2866 1015 lac
2887 977 3126 1032 quaerere
3143 965 3210 1019 ab
3230 965 3418 1019 ovibus
3440 965 3505 1038 (ll
3523 966 3697 1021 Thess.

2134 1060 2208 1110 Ill,
2237 1045 2323 1118 8);
2357 1056 2533 1104 tamen
2565 1051 2717 1106 lactis
2746 1054 3064 1124 percipiendi
3094 1065 3406 1124 potestatem
3429 1058 3620 1114 habere
3639 1077 3703 1112 se

2131 1135 2285 1204 dixit,
2309 1147 2361 1192 et
2389 1139 2467 1193 sic
2488 1140 2768 1196 Dominum
2791 1142 3134 1213 disposuisse,
3159 1155 3214 1200 ut
3242 1148 3331 1216 qui
3357 1149 3701 1218 Evangelium

2130 1228 2471 1296 annuntiant,
2515 1230 2583 1286 de
2617 1231 2906 1301 Evangelio
2946 1234 3140 1289 vivant.
3181 1237 3245 1290 Et
3281 1237 3406 1290 dicit
3435 1239 3568 1292 alios
3606 1252 3702 1290 eo-

2130 1318 2398 1387 apostolos
2434 1336 2564 1376 suos
2606 1336 2730 1376 usos
2756 1322 2921 1378 fuisse
2959 1323 3056 1379 hac
3083 1333 3375 1394 potestate;
3407 1341 3510 1381 non
3539 1343 3699 1381 usur-

2131 1416 2277 1476 pata,
2297 1409 2389 1464 sed
2416 1409 2560 1465 data.
2588 1411 2709 1468 Plus
2739 1413 2830 1468 ille
2856 1415 3000 1481 fecit,
3035 1424 3092 1470 ut
3118 1432 3214 1472 nec
3243 1417 3380 1487 quod
3407 1417 3704 1474 debebatur

2130 1501 2396 1568 acciperet
2439 1502 2500 1574 (l
2545 1503 2658 1557 Cor.
2698 1521 2783 1572 ut,
2829 1507 3026 1579 4-15).
3075 1507 3197 1576 Ipse
3238 1524 3364 1579 ergo
3384 1510 3597 1564 donavit
3641 1518 3705 1565 et

2129 1589 2364 1645 debitum
2395 1609 2407 1644 :
2444 1594 2538 1648 sed
2580 1595 2713 1650 alius
2751 1613 2854 1651 non
2881 1599 3044 1668 exigit
3086 1599 3414 1655 indeltitum:
3451 1602 3538 1656 ille
3579 1602 3704 1670 plus

2129 1681 2270 1736 fecit.
2295 1682 2560 1738 Fortassis
2585 1687 2727 1741 enim
2769 1687 2939 1756 ipsum
2978 1689 3323 1759 significabat,
3363 1691 3450 1760 qui
3495 1706 3704 1760 mgrum

2128 1787 2248 1826 cum
2279 1774 2565 1829 adduceret
2589 1776 2655 1830 ad
2682 1778 3049 1846 stabularium,
3076 1780 3235 1834 dixit:
3261 1781 3322 1836 Si
3341 1782 3462 1851 quid
3481 1783 3708 1851 amplius

2129 1866 2425 1935 erogaueris,
2461 1867 2512 1920 in
2541 1868 2796 1923 redeundo
2837 1871 3046 1924 reddam
3080 1872 3164 1926 tibi
3192 1872 3354 1944 (Luc.
3382 1890 3437 1936 ι,
3461 1875 3529 1930 35
3549 1871 3590 1942 ).
3623 1873 3708 1927 Dc

2131 1955 2212 2009 his
2236 1971 2362 2027 ergo
2387 1957 2475 2020 qui
2505 1974 2611 2013 non
2641 1959 2877 2030 indigent
2905 1962 3039 2018 lacte
3066 1964 3259 2033 gregis,
3286 1964 3414 2034 quid
3444 1962 3589 2034 plura
3617 1964 3705 2018 di-

2129 2048 2348 2100 camus?
2369 2047 2820 2106 Misericordiores
2833 2061 2974 2118 sunt,
2997 2053 3078 2108 vel
3104 2055 3278 2123 potius
3297 2054 3460 2122 ipsius
3483 2055 3704 2109 miseri-

2128 2137 2324 2192 cordiae
2349 2138 2585 2194 ollleium
2609 2141 2802 2211 largius
2830 2143 3157 2212 impendunt.
3187 2145 3416 2200 Possunt
3441 2147 3616 2211 enim;
3645 2156 3706 2201 et

2129 2228 2269 2298 quod
2295 2240 2536 2298 possunt,
2559 2232 2771 2286 faciunt.
2799 2233 3104 2289 Laudentur
3129 2235 3205 2303 hi,
3245 2251 3346 2292 nec
3384 2237 3708 2292 damnentur

2130 2319 2229 2372 illi.
2275 2319 2406 2374 Nam
2447 2331 2503 2376 et
2543 2323 2657 2392 ipse
2695 2325 2980 2393 Apostolus
3023 2325 3204 2380 datum
3251 2343 3355 2382 non
3395 2329 3706 2398 quaerebat;

2132 2410 2428 2467 fructuosas
2471 2421 2648 2468 tamen
2687 2429 2813 2470 oves
2850 2431 2969 2472 esse
3016 2419 3304 2489 cupiebat,
3335 2435 3440 2475 non
3492 2421 3710 2476 steriles

2127 2505 2242 2558 sine
2287 2505 2439 2560 lactis
2464 2506 2726 2563 ubertate.
2759 2508 2937 2580 Itaque
2973 2526 3095 2566 cum
3136 2523 3279 2568 esset
3303 2514 3531 2584 quodam
3560 2509 3738 2570 tem-~

2129 2610 2256 2664 pore
2287 2596 2336 2649 in
2366 2611 2553 2668 magna
2575 2599 2883 2669 indigentia,
2911 2603 3150 2656 viuetus’
3175 2603 3226 2656 in
3256 2603 3590 2659 confessione
3611 2622 3708 2661 ve-

2129 2687 2315 2753 ritatis,
2352 2689 2570 2744 missum
2597 2700 2680 2746 est
2707 2692 2780 2746 illi
2807 2708 2837 2746 a
2866 2693 3114 2749 fratribus
3149 2696 3287 2750 unde
3309 2697 3615 2752 necessitati
3651 2707 3708 2754 et

2129 2777 2431 2847 indigentiae
2473 2781 2588 2849 ejus
2628 2783 3038 2838 ministraretur.
3070 2785 3357 2857 Respondit
3393 2798 3566 2844 autem
3599 2791 3709 2845 illis

2127 2870 2325 2938 gratias
2355 2884 2536 2940 agens,
2564 2880 2617 2926 et
2645 2873 2778 2927 dixit
2804 2891 2816 2925 :
2849 2873 2983 2928 Bene
3008 2877 3191 2946 fecistis
3215 2881 3581 2934 communicare
3610 2898 3706 2934 ne-

2128 2962 2434 3015 cessitatibus
2465 2965 2603 3017 meis.
2635 2963 2745 3036 Ego
2783 2968 2914 3020 enim
2942 2969 3094 3022 didici
3124 2970 3178 3023 in
3214 2971 3391 3040 quibus
3428 2989 3537 3025 sunt
3565 2975 3711 3042 sugi-

2129 3053 2261 3106 ciens
2289 3069 2392 3106 esse
2409 3069 2428 3107 :
2453 3055 2555 3107 scio
2583 3065 2628 3109 et
2657 3057 2932 3125 abundare,
2979 3069 3028 3113 et
3066 3063 3327 3131 penuriam
3356 3068 3496 3133 pati;
3533 3067 3707 3118 omnia

2129 3159 2325 3212 possum
2369 3147 2420 3198 in
2459 3163 2519 3199 eo
2561 3148 2647 3216 qui
2699 3165 2774 3202 me
2799 3151 3067 3219 confortat.
3107 3148 3453 3209 Verumtamen
3476 3173 3560 3210 vos
3581 3157 3709 3211 bene

2128 3233 2316 3302 fecistis
2339 3235 2508 3290 usibus
2547 3239 2668 3290 meis
2699 3239 2907 3294 mittere.
2939 3243 3044 3296 Sed
3076 3252 3134 3297 ut
3175 3247 3514 3310 ostenderet,
3547 3248 3596 3302 in
3637 3265 3708 3304 eo

2128 3325 2268 3394 quod
2296 3327 2367 3380 illi
2396 3327 2529 3381 bene
2561 3329 2954 3400 fecerunt,quid
2984 3333 3097 3402 ipse.
3122 3346 3384 3404 qumreret
3407 3337 3448 3403 ",
3471 3353 3535 3392 ne
3564 3339 3710 3394 inter

2129 3417 2247 3471 illos
2276 3427 2417 3474 esset
2442 3419 2532 3490 qui
2558 3435 2617 3476 se
2647 3422 2790 3491 ipsos
2816 3433 3070 3494 pascunt,
3111 3441 3216 3481 non
3254 3443 3401 3494 oves,
3423 3446 3550 3483 .uon
3593 3439 3706 3486 tam

2128 3523 2237 3564 sua:
2266 3511 2458 3581 gaudet
2493 3513 2811 3570 subventum
2855 3531 2976 3572 esse
3019 3520 3340 3586 necessitati,
3381 3537 3538 3590 quam
3579 3525 3707 3577 illo-

2130 3617 2246 3656 rum
2290 3605 2584 3674 gratulatur
2607 3606 2932 3663 fecunditati.
2972 3611 3107 3677 Quid
3138 3627 3265 3682 ergo
3295 3614 3366 3667 ibi
3395 3616 3710 3684 quaerebat?

2130 3693 2251 3748 Non
2279 3697 2396 3766 quia
2428 3713 2615 3766 quare,
2658 3700 2844 3768 inquit,
2891 3701 3082 3767 datum,
3127 3703 3216 3757 sed
3249 3705 3444 3774 requiro
3480 3706 3708 3774 [metum

2130 3784 2384 3858 (Philipp.
2410 3803 2487 3855 tv,
2517 3790 2726 3858 ll-l7).
2756 3790 2867 3844 Non
2897 3799 2953 3845 ut
2981 3806 3101 3861 ego,
3132 3793 3318 3863 inquit,
3349 3795 3579 3865 explear,
3605 3797 3708 3851 sed

2131 3894 2197 3934 ne
2225 3893 2320 3933 vos
2346 3880 2531 3936 inanes
2554 3883 2888 3938 remaneatis.
3653 3907 3668 3922 -

2199 3969 2252 4025 5.
2292 3969 2397 4024 Lac
2419 3973 2493 4024 sic
2518 3981 2738 4036 sumant,
2768 3982 2822 4025 ut
2850 3973 3021 4028 oribus
3053 3975 3244 4044 prosint
3285 3992 3304 4029 :
3347 3993 3447 4030 non
3499 3988 3711 4048 sumpto

2129 4060 2275 4127 lacte,
2308 4077 2420 4116 oves
2464 4064 2736 4133 negligant.
2793 4064 2893 4131 Qui
2946 4081 3071 4135 ergo
3101 4081 3205 4122 non
3262 4077 3482 4138 possunt
3526 4069 3712 4124 facere

2128 4154 2267 4222 quini
2302 4155 2528 4218 Paulus,
2555 4165 2612 4208 ut
2649 4156 2891 4211 manibus
2934 4159 3044 4212 suis
3085 4174 3144 4213 se
3188 4161 3507 4231 transigant,
3556 4162 3710 4216 acci-

2130 4245 2276 4314 piant
2301 4244 2366 4300 de
2396 4245 2530 4299 lacte
2559 4245 2756 4310 ovium,
2783 4255 3078 4302 sustentent
3117 4264 3266 4303 suam
3299 4253 3672 4306 necessitatem
3691 4293 3710 4316 ,

2131 4335 2227 4390 sed
2267 4351 2370 4389 non
2403 4335 2668 4405 negligant
2695 4337 2871 4391 ovium
2900 4338 3258 4394 infirmitatem
3287 4359 3302 4394 :
3329 4356 3431 4394 non
3465 4343 3564 4396 hoc
3601 4344 3712 4397 sibi

2129 4435 2388 4496 qumrant,
2431 4436 2678 4497 tanquam
2707 4429 3042 4484 commodum
3073 4446 3226 4484 suum
3246 4472 3260 4497 ,
3293 4441 3350 4486 ut
3380 4447 3443 4486 ex
3472 4434 3716 4488 accessio

2131 4527 2238 4572 tate
2269 4532 2378 4572 suae
2417 4518 2651 4588 penurim
2678 4519 2955 4573 videantur
2976 4521 3289 4576 annuntiare
3318 4522 3710 4591 Evangelium;

2129 4610 2223 4663 sed
2246 4607 2547 4663 hominibus
2564 4608 2922 4663 illuminaudis
2952 4610 3222 4680 praebeant
3249 4611 3421 4666 lucem
3445 4611 3587 4665 verbi
3611 4627 3715 4666 ve-

2131 4701 2322 4756 ritatis.
2366 4700 2501 4754 Sunt
2541 4699 2682 4755 enim
2729 4709 2974 4770 tanquam
3018 4701 3284 4766 laceram,
3325 4703 3460 4757 sicut
3503 4703 3715 4758 dictum

2131 4799 2234 4858 est,
2259 4789 2375 4846 Sint
2403 4791 2558 4844 lumbi
2577 4791 2726 4844 vestri
2748 4791 2977 4858 accincti,
3000 4801 3045 4845 et
3071 4792 3286 4846 lucerna:
3303 4793 3532 4846 ardentes
3550 4791 3711 4861 (Luc.

2131 4899 2226 4949 xu,
2255 4881 2344 4954 35)
2364 4891 2466 4949 ;et,
2493 4881 2659 4938 Nemo
2683 4883 2908 4936 accendit
2934 4883 3212 4948 lucernam,
3231 4893 3280 4936 et
3309 4884 3449 4953 ponit
3473 4901 3582 4937 eam
3613 4887 3718 4939 sub

2133 4974 2318 5040 modio,
2341 4973 2427 5028 sed
2445 4989 2598 5044 super
2616 4972 2991 5037 candelabrum,
3014 4983 3067 5026 ut
3091 4973 3253 5027 luceat
3278 4973 3505 5028 omnibus
3543 4976 3632 5046 qui
3656 4977 3720 5029 in

2133 5065 2280 5119 domo
2301 5075 2415 5118 sunt
2437 5081 2455 5118 :
2481 5067 2552 5118 sic
2578 5065 2741 5119 luceat
2768 5065 2932 5118 lumen
2962 5073 3176 5118 vestrum
3199 5081 3370 5118 coram
3399 5065 3716 5128 hominibus,

2134 5166 2188 5210 ut
2210 5155 2407 5208 videant
2432 5155 2560 5208 bona
2586 5171 2738 5224 Opera
2762 5164 2952 5220 vestra,
2983 5164 3028 5208 et
3060 5154 3342 5226 gloriﬁcent
3380 5154 3587 5207 Patrem
3628 5173 3723 5209 oe-

2134 5255 2292 5300 strttm
2316 5245 2400 5315 qui
2426 5245 2479 5298 in
2507 5243 2643 5298 caelis
2667 5253 2740 5297 est
2777 5241 2986 5315 (Matth.
3018 5259 3073 5310 ν,
3104 5244 3192 5310 l5,
3227 5243 3348 5314 16).
3376 5243 3430 5298 Si
3457 5258 3584 5313 ergo
3617 5246 3722 5300 tibi

2200 5425 2225 5494 ί,
2371 5421 2645 5533 raliquot
2680 5429 2787 5482 Mss,
2820 5433 2851 5469 a
2880 5418 3016 5484 plebe
3037 5418 3356 5471 distribuitur.
3382 5419 3500 5481 Alii,
3524 5434 3557 5470 α
3576 5421 3729 5484 plebe

2200 5497 2226 5533 rt
2266 5499 2308 5533 ri
2355 5498 2371 5532 ι
2475 5517 2487 5530 .

2137 5484 2226 5537 Dei
2245 5482 2487 5534 tribuitur.

2198 5550 2219 5580 ⁸
2241 5555 2343 5595 Mss.
2364 5546 2416 5607 α.
2459 5551 2512 5592 et
2552 5557 2617 5603 r.,
2640 5543 2706 5594 ad
3115 5543 3262 5607 inflant
3283 5541 3610 5607 temporalem.

2200 5609 2225 5674 ε
2253 5608 2341 5674 δίο,
2355 5603 2516 5674 Florus
2548 5613 2601 5674 et
2638 5613 2741 5654 Mss.
2787 5605 2904 5674 μζάὶςί
2943 5617 3079 5665 vero,
3135 5603 3187 5654 in
3228 5603 3404 5668 magna
3448 5603 3734 5668 indigentia

2135 5669 2300 5728 victus,
2322 5665 2372 5717 in
2392 5665 2678 5728 confessione
2698 5665 2919 5716 veritatis.

2198 5730 2220 5762 ι
2242 5725 2380 5788 Editi,
2401 5725 2526 5789 quod
2557 5725 2659 5790 ipse
2679 5739 2770 5791 non
2791 5732 3044 5791 quaereret.
3080 5727 3242 5785 Abest,
3263 5739 3388 5791 non,
3411 5739 3439 5776 a
3464 5725 3732 5791 plerisque

2136 5797 2264 5849 Mss,
2288 5802 2317 5838 e
2339 5790 2512 5849 quibus
2528 5801 2654 5837 unus
2673 5789 3006 5837 Cirterciensis
3027 5801 3134 5851 pro,
3149 5790 3294 5852 quod,
3319 5789 3484 5849 habet,
3508 5789 3653 5850 (part:
