4012 6338
311 337 424 396 273

313 461 538 514 lucerna
555 455 937 514 accenderetur
952 455 1005 510 in
1027 455 1208 520 domo,
1225 470 1401 509 nonne
1416 451 1675 522 adjiceres
1694 450 1893 516 oleum,

314 563 386 603 ne
407 546 869 619 exstingueretur?
891 547 1056 601 Porro
1069 546 1114 600 si
1131 546 1366 604 lucerna.
1389 550 1606 612 accepto
1618 540 1758 605 oleo,
1789 554 1892 594 non

316 639 543 705 luceret,
573 654 680 694 non
707 647 823 694 erat
867 639 1022 708 plane
1049 637 1206 706 digna
1230 651 1350 706 quae
1377 637 1428 690 in
1454 634 1770 690 candelabro
1797 647 1892 703 po-

314 739 558 795 neretur,
580 729 675 785 sed
699 745 822 799 quae
845 729 1097 784 continuo
1122 727 1468 797 frangeretur.
1493 726 1644 782 Unde
1666 740 1792 795 ergo
1813 725 1891 778 vi-

314 821 480 886 vitur,
515 820 849 876 necessitatis
884 829 970 875 est
1006 819 1281 888 accipere,
1323 817 1600 873 charitatis
1636 826 1720 871 est
1761 830 1895 885 pra:-

312 911 446 966 bere
474 930 486 964 :
521 926 628 966 non
659 919 908 981 tanquam
937 910 1122 965 venale
1147 910 1216 965 sit
1242 909 1584 978 Evangelium
1604 947 1620 972 ,
1669 914 1727 962 ut
1766 905 1893 960 illud

314 1001 392 1054 sit
420 1001 654 1070 pretium
683 1001 822 1071 ejus,
856 1001 997 1071 quod
1026 1007 1244 1055 sutnunt
1269 1000 1358 1069 qui
1399 997 1715 1052 annuntiant
1756 995 1894 1052 unde

319 1093 517 1145 vivant.
545 1090 600 1146 Si
631 1093 774 1146 enim
801 1093 880 1148 sic
907 1092 1176 1159 vendunt,
1218 1105 1460 1161 magnam
1497 1105 1610 1145 rem
1642 1089 1731 1144 vili
1761 1104 1893 1144 ven-

312 1180 468 1235 dunt.
491 1182 768 1251 Aceipiant
793 1182 1233 1238 sustentationem
1259 1180 1588 1236 necessitatis
1611 1194 1642 1234 a
1673 1178 1891 1249 populo,

311 1275 619 1330 mercedem
657 1276 1065 1345 dispensationis
1104 1291 1134 1329 a
1182 1275 1424 1331 Domino.
1464 1274 1578 1328 Non
1627 1274 1766 1328 enim
1814 1282 1897 1328 est

311 1366 542 1422 idoneus
572 1369 799 1438 populus
827 1368 1048 1426 reddere
1079 1367 1377 1424 mercedem
1408 1367 1530 1431 illis,
1572 1367 1660 1436 qui
1700 1367 1798 1421 sibi
1842 1367 1892 1420 in

309 1457 575 1512 charitate
626 1459 894 1529 Evangelii
948 1459 1207 1515 serviunt.
1271 1460 1388 1514 Non
1435 1462 1777 1528 exspectent‘
1819 1459 1892 1513 illi

311 1549 643 1613 mercedem,
673 1549 776 1604 nisi
823 1549 964 1604 unde
1013 1560 1069 1605 et
1102 1549 1190 1605 isti
1223 1550 1468 1604 salutem.
1497 1549 1634 1616 Quid
1662 1563 1788 1618 ergo
1811 1549 1894 1602 isti

309 1641 674 1711 increpantur,
707 1641 848 1698 unde
875 1643 1199 1713 arguuntur?
1244 1642 1377 1710 Quia
1415 1656 1537 1696 cum
1581 1643 1661 1696 lae
1697 1655 1893 1695 consu-

313 1743 548 1796 merent,
575 1742 632 1788 et
658 1733 792 1788 lanis
818 1749 876 1790 se
919 1743 1174 1804 legerent,
1217 1748 1344 1788 oves
1387 1732 1737 1803 negligebant.
1787 1732 1893 1786 Sua

307 1840 442 1895 ergo
473 1833 678 1880 tantum
707 1825 1033 1896 quierebant,
1068 1841 1172 1880 non
1199 1841 1317 1896 qua:
1341 1825 1466 1880 Jesu
1503 1823 1700 1880 Christi
1737 1822 1892 1895 (Plii-

309 1917 440 1986 (ipp.
471 1931 534 1983 tt,
559 1915 674 1988 21).
1241 1953 1244 1956 ~

374 2006 608 2062 CAPUT
648 2006 810 2063 lll.——-
833 2007 889 2063 6.
925 2007 1059 2072 Quid
1080 2008 1144 2061 sit
1170 2007 1299 2060 lanis
1323 2023 1376 2060 se
1403 2015 1583 2077 tegere.
1605 2004 1772 2070 Lana,
1799 2006 1893 2058 Ito-

310 2115 426 2152 nor.
455 2096 564 2153 Sed
592 2099 842 2168 quoniam
894 2098 1125 2154 diximus
1172 2098 1296 2168 quid
1325 2099 1396 2152 sit
1447 2099 1529 2151 lac
1553 2113 1889 2163 consumere,

307 2204 614 2258 quan-amns
641 2189 765 2259 quid
808 2191 877 2244 sit
919 2189 1055 2244 lanis
1096 2205 1154 2244 se
1183 2197 1380 2258 tegere.
1429 2188 1529 2256 Qui
1561 2187 1762 2257 praebet
1786 2187 1888 2253 lac,

307 2281 508 2334 victum
541 2280 771 2349 prmbet;
804 2281 891 2350 qui
923 2280 1126 2350 praebet
1151 2280 1346 2342 lanam,
1376 2278 1631 2334 honorem
1668 2277 1889 2348 przebet.

309 2371 412 2426 Ista
441 2382 566 2426 sntit
583 2371 690 2427 duo
709 2387 829 2442 quae
856 2388 887 2427 a
914 2373 1124 2443 populis
1149 2370 1530 2441 qumrnnt,_qui
1555 2385 1614 2425 se
1632 2369 1776 2439 ipsos
1797 2383 1891 2438 pa-

305 2477 486 2529 scunt,
516 2478 623 2518 non
650 2479 806 2528 oves;
832 2463 1169 2519 commodum
1199 2462 1506 2532 supplenda:
1535 2461 1889 2521 necessitatis.

305 2566 361 2610 et
398 2559 638 2611 favorem
678 2556 899 2611 honoris
925 2566 980 2612 et
1027 2556 1217 2611 laudis.
1258 2555 1465 2610 Etenim
1512 2554 1888 2610 vestimentum

307 2655 597 2716 propterea
622 2647 761 2702 bene
789 2647 1094 2717 intelligitur
1123 2648 1173 2701 in
1202 2646 1424 2709 honore,
1455 2645 1576 2714 quia
1603 2643 1889 2698 nuditatem

305 2739 564 2807 contegit.
596 2737 694 2792 Est
720 2739 862 2792 enim
904 2739 1268 2808 unusquisque
1309 2737 1469 2791 homo
1512 2735 1776 2790 infirmus.
1826 2735 1892 2788 Et

304 2827 434 2896 quid
463 2837 552 2882 est
577 2828 815 2898 quisquis
844 2828 992 2883 vobis
1022 2838 1246 2897 praeest,
1278 2827 1376 2881 nisi
1420 2825 1567 2896 quod
1591 2840 1684 2880 vos
1723 2824 1891 2878 estis?

302 2918 539 2975 Carnem
569 2932 763 2990 portat,
793 2921 1032 2977 mortalis
1057 2929 1166 2987 est,
1190 2920 1491 2985 manducet,
1527 2918 1745 2985 dormit,
1775 2932 1891 2971 sur-

302 3012 398 3080 git,
430 3022 586 3067 natus
609 3021 692 3067 est
709 3053 724 3078 ,
754 3013 1044 3067 moriturus
1067 3019 1170 3066 est.
1199 3011 1255 3066 Si
1281 3025 1408 3080 ergo
1432 3009 1636 3080 cogitas
1669 3007 1795 3078 quid
1821 3008 1890 3062 sit

305 3100 602 3156 secundum
633 3117 692 3157 se
718 3103 911 3173 ipsum,
941 3102 1104 3157 homo
1129 3111 1213 3156 est
1240 3119 1254 3156 :
1287 3110 1344 3156 tu
1373 3110 1549 3155 tamen
1579 3099 1889 3155 honorando

302 3206 430 3244 eum
453 3191 598 3245 velut
620 3193 886 3262 angelum,
913 3193 1151 3263 contegis
1179 3191 1320 3261 quod
1348 3190 1614 3245 infirmum
1643 3198 1744 3244 est.

376 3285 429 3336 7.
475 3282 676 3339 Paulus
693 3301 868 3340 eorum
888 3285 1040 3352 vitiis,
1062 3302 1095 3338 a
1113 3285 1293 3356 quibus
1313 3285 1407 3339 sibi
1429 3284 1588 3338 honor
1607 3282 1885 3347 exhibetur,

304 3391 408 3428 non
465 3376 647 3444 parcit.
707 3375 1018 3446 llujusmodi
1073 3375 1434 3430 indumentum
1485 3377 1504 3408 ³
1545 3381 1825 3443 acceperat
1856 3387 1887 3426 a

305 3465 446 3518 bona
475 3466 567 3520 Dei
596 3466 750 3535 plebe
775 3467 914 3522 idem
961 3467 1174 3530 Paulus,
1206 3481 1328 3520 cum
1351 3465 1555 3520 diceret
1580 3481 1597 3521 :
1625 3463 1770 3520 Sicut
1795 3480 1888 3517 an-

301 3558 474 3625 gelum
502 3556 598 3610 Dei
635 3558 923 3626 suscepistis
959 3574 1040 3611 me
1058 3574 1076 3611 :
1109 3557 1443 3611 testimonium
1467 3555 1603 3610 vobis
1629 3554 1882 3624 perhibeo,

300 3651 421 3714 quia
452 3649 496 3701 si
521 3650 633 3715 ﬁeri
663 3658 847 3720 posset,
875 3647 1048 3703 oculos
1075 3658 1260 3703 vestros
1293 3648 1562 3713 eruissetis,
1589 3656 1635 3701 et
1671 3647 1891 3700 dedisse-

300 3739 364 3791 tis
391 3739 538 3792 mihi.
575 3737 680 3794 Sed
721 3754 842 3792 cum
873 3747 1048 3793 tantus
1073 3739 1144 3792 illi
1189 3737 1358 3792 honor
1398 3737 1663 3792 exhibitus
1708 3744 1891 3803 esset,

305 3830 566 3900 numquid
598 3839 814 3900 propter
839 3831 1012 3901 ipsum
1041 3830 1302 3886 honorent
1330 3831 1430 3886 sibi
1467 3829 1792 3896 exhibitnm,
1821 3845 1890 3885 ne

304 3923 446 3978 fnﬂe
475 3940 596 3978 cum
624 3932 889 3994 argueret,
912 3933 1217 3995 negaretur,
1238 3932 1293 3979 et
1321 3923 1498 3978 minus
1523 3924 1636 3994 ipse
1662 3923 1890 3992 Aposto~

305 4017 387 4068 lus
417 4015 742 4079 laudaretur,
788 4016 1025 4086 pepercit
1065 4015 1402 4070 errantibus?
1430 4014 1559 4067 Nam
1589 4014 1632 4067 si
1669 4015 1770 4068 hoc
1806 4012 1886 4068 fe-

302 4107 488 4169 cisset,
518 4115 662 4160 esset
687 4105 825 4161 inter
848 4105 965 4161 illos
986 4106 1075 4176 qui
1103 4121 1160 4160 se
1181 4105 1298 4174 ipos
1322 4112 1562 4174 pascunt,
1591 4118 1696 4158 non
1722 4118 1848 4157 oves
1873 4121 1888 4156 :

302 4201 511 4254 diceret
535 4198 674 4268 apud
704 4213 763 4253 se
793 4198 987 4269 ipsum,
1018 4197 1156 4265 Quid
1193 4197 1259 4251 ad
1303 4212 1388 4251 me
1423 4196 1690 4266 pertinet?
1730 4195 1889 4263 Quis-

302 4307 408 4358 que
437 4289 582 4358 quod
607 4289 735 4343 velit
760 4298 915 4359 agat:
948 4288 1120 4343 victus
1164 4303 1317 4342 meus
1361 4288 1538 4341 salvus
1573 4294 1686 4351 est,
1719 4286 1890 4340 honor

305 4394 461 4433 meus
490 4378 673 4433 salvus
708 4389 827 4444 est;
861 4388 914 4432 et
944 4379 1023 4433 lae
1048 4388 1099 4434 et
1139 4379 1278 4444 lana,
1312 4379 1440 4433 satis
1468 4389 1552 4432 est
1588 4377 1718 4432 mihi
1752 4395 1764 4431 :
1805 4388 1890 4432 eat

303 4468 534 4538 quisque
563 4483 666 4538 qua
696 4477 872 4540 potest
893 4469 932 4522 ³.
962 4469 1104 4539 Ergo
1131 4468 1332 4538 integra
1374 4468 1466 4524 tibi
1509 4477 1634 4523 sunt
1673 4467 1849 4522 omnia
1871 4508 1889 4535 ,

303 4561 347 4613 si
375 4569 466 4615 eat
493 4560 720 4630 quisque
748 4577 848 4631 qua
879 4561 1085 4631 potest?
1110 4560 1244 4615 Nolo
1266 4569 1315 4614 te
1335 4560 1672 4630 prmpositum
1692 4559 1886 4624 facere,

306 4669 471 4706 unum
491 4662 543 4708 te
563 4654 829 4708 constituo
845 4654 910 4708 de
927 4654 1039 4723 ipsa
1057 4654 1208 4723 plebe
1233 4670 1244 4705 :
1277 4654 1337 4708 Si
1356 4656 1546 4724 patitur
1560 4670 1714 4709 unum
1734 4669 1892 4708 mem-

306 4748 475 4811 brum,
498 4746 872 4815 compatiuntur
891 4747 1059 4803 omnia
1085 4747 1304 4801 membra
1326 4747 1365 4817 (Ι
1382 4746 1498 4801 Cor.
1518 4763 1612 4812 xu,
1630 4746 1744 4818 26).
1762 4746 1892 4801 Pro-

306 4838 428 4891 inde
443 4837 456 4890 Ξ
464 4853 559 4906 pse
573 4839 609 4891 Α
620 4839 878 4906 postolus,
897 4854 1016 4892 cmn
1035 4840 1775 4910 eoscommemoraretquales
1789 4837 1895 4892 fue-

306 4929 413 4982 rint
442 4944 570 4996 erga
598 4927 775 4994 illum,
815 4945 883 4983 ne
911 4931 1062 4999 quasi
1089 4929 1282 4984 oblitus
1320 4944 1504 4984 eorum
1535 4930 1891 4984 honorificen-

309 5022 394 5075 tia:
427 5021 728 5087 videretur,
763 5022 1120 5076 testimonium
1149 5022 1420 5092 perhibet,
1455 5021 1594 5091 quod
1624 5021 1760 5076 sicut
1793 5037 1894 5074 an-

302 5118 484 5180 gelum
523 5112 994 5190 chsusceperint
1021 5129 1175 5178 eum;
1205 5113 1444 5182 etquod,
1477 5113 1520 5167 si
1553 5113 1662 5167 fieri
1693 5123 1891 5183 posset,

308 5205 496 5258 «πευιυε
526 5220 654 5260 suos
686 5205 880 5260 vellent
922 5221 1129 5273 eruere,
1157 5213 1212 5260 et
1237 5205 1308 5258 illi
1337 5205 1463 5259 dare
1488 5222 1499 5257 :
1527 5212 1582 5259 et
1612 5215 1785 5260 tamen
1811 5219 1899 5258 ac-

309 5296 450 5352 cedit
473 5297 538 5352 ad
566 5313 722 5353 ovem
752 5298 1074 5369 languidam,
1106 5298 1170 5354 ad
1213 5314 1366 5353 ovem
1399 5298 1684 5367 putridam,
1715 5312 1899 5354 secare

378 5521 392 5549 ⁸
419 5523 550 5581 use,
577 5525 679 5566 Non
695 5523 992 5581 exspectant.

377 5581 408 5642 ι,
420 5576 593 5628 Plures
612 5583 740 5642 3455:,
759 5576 805 5628 et
834 5583 886 5627 tu
904 5578 1180 5642 honorando
1202 5584 1358 5642 tamen
1379 5576 1600 5642 aratplius,
1621 5576 1771 5642 ⁸υαειιιιὶ
1792 5590 1902 5627 con-

312 5639 433 5703 tegis
471 5642 598 5703 quod
633 5637 881 5704 inﬁrmum
910 5647 996 5691 est.
1044 5637 1206 5690 Videte
1244 5637 1514 5702 cujusmo'dt
1546 5637 1898 5699 utdumermmt,

315 5712 524 5817 ﬁgam.
551 5771 625 5816 Er.
646 5770 697 5817 et
718 5763 1026 5817 corbe-lenus
1048 5770 1126 5816 bis.
1149 5763 1224 5816 hic
1244 5771 1295 5816 et
1316 5763 1458 5829 paulo
1483 5771 1605 5828 post,
1621 5777 1714 5827 quo
1735 5769 1898 5829 potest.

1695 325 1920 383 SERMO
1959 325 2138 382 XLVI.

3481 345 3585 401 274

2006 447 2217 514 vulnus,
2247 462 2350 502 non
2383 463 2601 518 parcere
2624 449 2911 520 putredini.
2943 453 3100 525 Ergo,
3134 454 3324 526 inquit,
3352 462 3582 514 mantica:

2005 545 2170 612 [actus
2194 557 2306 595 sum
2333 541 2484 606 vobis,
2516 559 2684 597 verum
2710 545 2992 614 praedicans
3011 545 3206 619 (Galat.
3232 563 3316 616 tv,
3336 550 3503 606 14-16
3523 550 3582 622 )?

2007 633 2144 688 Ecce
2165 643 2222 688 et
2244 635 2448 703 accepit
2469 635 2538 690 de
2562 636 2699 691 lacte
2723 638 2920 702 ovium,
2949 638 3086 694 sicut
3110 641 3268 710 paulo
3293 651 3417 697 ante
3435 657 3582 698 com-

2005 725 2436 792 memoravimus,
2458 736 2513 781 et
2537 726 2750 782 indutus
2771 737 2856 783 est
2883 729 3016 784 lanis
3034 731 3250 798 ovium;
3279 732 3373 789 sed
3402 744 3578 789 tamen

2003 833 2130 874 oves
2157 834 2262 872 non
2293 820 2541 889 neglexit.
2572 819 2688 876 Non
2713 822 2854 876 enim
2886 837 2980 878 sua
3007 826 3305 894 quaerebat,
3337 826 3429 883 sed
3463 843 3583 898 qua:

1999 908 2128 964 Jesu
2167 909 2380 964 Christi.

2072 999 2125 1054 8.
2165 997 2404 1055 Pastores
2442 1016 2504 1054 ne
2554 1001 2684 1056 vitiis
2733 1012 2973 1072 parcant,
3017 1004 3353 1060 multitudinis
3403 1007 3578 1060 conci-

2001 1091 2188 1146 lianda
2209 1102 2382 1148 causa.
2435 1093 2588 1148 Absit
2641 1109 2768 1165 ergo
2815 1103 2874 1148 ut
2920 1093 3161 1151 dicamus
3183 1097 3334 1152 vobis
3367 1115 3379 1150 :
3408 1096 3583 1152 Vivite

2001 1191 2061 1238 ut
2084 1185 2261 1252 vultis,
2288 1186 2460 1240 securi
2490 1195 2660 1241 estote
2679 1227 2694 1252 ,
2746 1187 2888 1242 Deus
2929 1188 3192 1243 neminem
3224 1188 3444 1257 perdet,
3467 1197 3584 1242 tan-

2005 1275 2279 1332 tummodo
2303 1276 2463 1332 tidem
2487 1277 2831 1333 christianam
2878 1287 3088 1344 tenete;
3134 1295 3239 1334 non
3269 1280 3456 1350 perdet
3488 1280 3580 1334 ille

2001 1382 2135 1434 quos
2155 1367 2402 1433 redemit,
2431 1382 2537 1422 non
2568 1368 2750 1437 perdet
2779 1383 2877 1438 pro
2908 1369 3097 1437 quibus
3134 1369 3441 1438 sanguinem
3485 1368 3566 1424 fu.

2007 1456 2106 1512 dit.
2139 1457 2206 1512 Et
2235 1458 2279 1513 si
2301 1459 2616 1529 spectaculis
2641 1459 2916 1515 volueritis
2941 1461 3208 1516 oblectane
3245 1462 3452 1517 animos
3491 1478 3584 1517 ve-

2001 1557 2159 1615 stros,
2192 1549 2296 1615 ite;
2321 1551 2450 1620 quid
2479 1551 2602 1606 mali
2629 1551 2752 1607 est?
2775 1553 2842 1607 Et
2867 1552 3001 1608 festa
3029 1554 3127 1608 ista
3151 1570 3272 1624 qua:
3297 1555 3579 1610 celebran-

2002 1649 2090 1695 tur
2115 1656 2210 1710 per
2239 1642 2515 1697 universas
2539 1642 2812 1698 civitates‘
2844 1644 2895 1696 in
2925 1644 3106 1698 lmtitia
3148 1643 3539 1699 convivantium
3561 1687 3576 1712 ,

2000 1741 2054 1786 et
2082 1733 2304 1801 publicis
2335 1733 2532 1789 mensis
2559 1748 2619 1788 se
2646 1735 2790 1803 ipsos
2821 1743 2876 1789 ιιι
2902 1744 3088 1804 putant
3132 1735 3537 1804 jucundamium
3561 1778 3576 1802 ,

2002 1836 2060 1876 re
2084 1836 2207 1877 vera
2229 1821 2396 1891 magis
2421 1823 2776 1892 perdendum,
2816 1825 2910 1891 ite,
2935 1826 3201 1880 celebrate
3229 1841 3246 1883 :
3275 1841 3462 1897 magna
3498 1836 3583 1882 est

2004 1912 2100 1966 Dei
2132 1913 2520 1982 misericordia,
2551 1930 2670 1984 quin
2691 1924 2857 1970 totum
2889 1917 3146 1985 ignoscat.
3185 1915 3449 1973 Coronate
3479 1931 3575 1970 vos

2000 2005 2154 2072 rosis,
2196 2015 2476 2076 antequam
2513 2016 2843 2062 marcescant
2893 2007 3050 2079 (Sap.
3095 2007 3276 2077 11,8).
3318 2007 3372 2061 ln
3419 2007 3581 2061 domo

1999 2096 2093 2152 Dei
2121 2096 2283 2151 vestri
2310 2096 2522 2167 quando
2549 2097 2842 2164 volueritis,
2871 2097 3254 2160 convivamini;
3281 2096 3577 2166 implemiui

1997 2188 2119 2243 cibo
2142 2196 2198 2243 et
2218 2189 2342 2243 vino
2367 2205 2487 2244 cum
2517 2190 2710 2245 vestris
2742 2189 2844 2244 :ad
2891 2189 2991 2243 hoc
3017 2191 3166 2245 enim.
3194 2189 3313 2244 data
3351 2197 3434 2244 est
3476 2189 3576 2244 ista

1996 2287 2260 2345 creatura,
2292 2289 2432 2336 utea
2466 2281 2841 2352 perfruamini;
2875 2297 2981 2337 non
3009 2281 3150 2337 enim
3173 2283 3349 2353 impiis
3379 2290 3432 2337 et
3468 2282 3572 2336 Pa-

1996 2369 2147 2440 ganis
2171 2385 2288 2425 eam
2327 2371 2474 2426 dedit
2503 2373 2670 2436 Dens,
2707 2379 2762 2426 et
2803 2371 2963 2427 vobis
2997 2388 3101 2426 non
3136 2373 3299 2428 dedit.
3353 2372 3478 2427 Haec
3527 2374 3575 2427 si

1995 2461 2314 2530 dixerimus,
2348 2463 2488 2518 forte
2514 2463 2952 2534 eongregabimus
2989 2465 3168 2519 turbas
3219 2464 3505 2534 ampliores
3551 2479 3566 2515 :

1995 2561 2050 2606 ct
2077 2553 2121 2606 si
2149 2561 2271 2607 sunt
2295 2553 2508 2623 quidam
2528 2554 2615 2624 qui
2644 2569 2741 2608 nos
2769 2553 3000 2609 sentiant
3038 2554 3151 2609 haec
3189 2554 3428 2609 dicentes
3465 2569 3572 2608 non

1996 2651 2138 2696 recte
2163 2659 2350 2713 sapere
2369 2685 2383 2710 ,
2415 2659 2612 2713 paucos
2644 2644 2956 2700 offendimus
2979 2679 3004 2711 ,-
3047 2645 3140 2699 sed
3187 2644 3572 2699 multitudinem

1995 2733 2356 2789 conciliamus.
2385 2734 2535 2800 Quod
2565 2734 2610 2790 3i
2640 2736 3074 2800 fecerimus,'non
3100 2735 3260 2790 verba
3301 2737 3427 2800 Dei,
3459 2751 3565 2791 non

1994 2826 2150 2881 verba
2176 2826 2371 2882 Christi
2401 2827 2656 2892 dicentes,
2689 2827 2784 2883 sed
2818 2839 3032 2892 nostra;
3065 2829 3268 2884 erimus
3313 2837 3556 2900 pastores

1995 2918 2349 2987 nosmetipsos
2373 2928 2670 2988 pascentes,
2700 2932 2804 2973 non
2833 2933 2980 2973 oves.

2063 3008 2292 3066 CAPUT
2332 3010 2420 3065 IV.
2469 3041 2541 3052 —-
2591 3011 2645 3067 9.
2690 3010 2770 3064 De
2810 3011 3142 3065 ntactantibus
3179 3027 3292 3066 oves
3340 3013 3568 3083 pingues.

1995 3098 2245 3170 Exempla
2300 3101 2438 3154 mala
2499 3103 2902 3173 praepositorum.
2960 3103 3091 3158 Cum
3137 3111 3313 3158 autem
3351 3104 3574 3158 dixisset

1993 3208 2110 3260 qua:
2135 3191 2355 3262 diligant
2380 3193 2464 3247 isti
2490 3203 2748 3264 pastores,
2777 3193 2906 3248 dicit
2931 3203 2983 3249 et
3001 3210 3120 3264 qua:
3148 3194 3433 3265 negligant.
3481 3196 3575 3249 Vi-

1995 3282 2064 3336 tia
2085 3281 2228 3336 enim
2253 3283 2430 3337 ovium
2460 3283 2566 3338 late
2596 3291 2805 3353 patent;
2828 3299 2972 3339 sana:
3003 3293 3162 3355 atque
3200 3300 3394 3340 crassa:
3444 3301 3572 3341 oves

1993 3387 2272 3441 perpaucae
2292 3382 2436 3438 sunt,
2462 3373 2513 3429 id
2540 3382 2640 3439 est,
2665 3373 2849 3430 solidae
2876 3375 2928 3429 in
2955 3374 3076 3430 cibo
3113 3375 3348 3430 veritatis
3367 3416 3382 3442 ,
3414 3386 3573 3430 uten-

1995 3470 2076 3517 tes
2101 3465 2313 3533 pascuis
2337 3465 2472 3521 bene
2495 3465 2565 3521 de
2599 3481 2820 3522 munere
2846 3465 2960 3520 Dei.
2989 3466 3093 3522 Sed
3124 3467 3248 3521 mali
3280 3467 3355 3521 illi
3398 3477 3575 3538 pasto-

1994 3568 2080 3607 res
2100 3569 2202 3608 non
2231 3565 2454 3624 parcunt
2492 3551 2703 3611 talibus.
2747 3556 2937 3611 Parum
2975 3566 3058 3612 est
3099 3557 3240 3627 quod
3294 3559 3413 3613 illas
3458 3559 3575 3613 lan-

1994 3653 2214 3714 guentes
2244 3655 2297 3702 et
2327 3647 2564 3702 infirmas
2585 3655 2640 3700 et
2668 3656 2909 3703 errantes
2947 3657 3004 3703 et
3050 3649 3283 3718 perditas
3329 3666 3434 3704 non
3476 3664 3573 3704 eu-

1995 3745 2112 3789 rant
2133 3753 2146 3802 ;
2171 3737 2329 3792 etiam
2352 3738 2480 3793 istas
2500 3739 2664 3793 fortes
2689 3747 2754 3793 et'
2785 3739 3006 3809 pingues
3046 3749 3268 3806 nerant,
3319 3750 3572 3810 quantum

1994 3826 2046 3880 in
2080 3827 2206 3895 ipsis
2231 3836 2329 3882 est.
2355 3829 2463 3882 Illae
2485 3828 2668 3883 vivunt
2698 3829 2766 3884 de
2803 3829 3164 3885 misericordia
3196 3831 3284 3886 Dei
3339 3850 3352 3886 :
3394 3840 3572 3888 tamen

1994 3927 2246 3986 quantum
2273 3918 2338 3972 ad
2368 3928 2606 3988 pastores
2644 3920 2814 3974 malos
2851 3921 3071 3984 attinet,
3116 3922 3381 3976 occidunt.
3430 3923 3576 3992 Quo-

1995 4007 2174 4073 modo,
2209 4007 2402 4076 inquis,
2432 4009 2718 4064 occidunt?
2743 4010 2876 4066 Male
2895 4012 3141 4079 vivendr,
3165 4013 3362 4067 malum
3389 4028 3575 4068 exem~

1997 4097 2136 4166 plmn
2168 4098 2475 4166 praebendo.
2507 4101 2589 4154 An
2633 4100 2825 4156 frustra
2875 4101 3076 4157 dictum
3122 4111 3206 4158 est
3246 4105 3573 4171 servo-Dei,

1995 4188 2247 4242 eminenti
2280 4188 2330 4242 in
2367 4189 2620 4245 membris
2645 4191 2836 4245 summi
2867 4193 3118 4262 pastoris,
3154 4192 3300 4246 Circa
3327 4209 3503 4247 omnes
3522 4205 3570 4247 te

1995 4280 2159 4348 ipsum
2185 4280 2430 4335 bonorum
2475 4298 2683 4353 operum
2713 4283 2878 4352 prwbe
2915 4285 3197 4354 exemplum
3219 4284 3345 4354 (Tit.
3375 4299 3443 4351 ιι,
3490 4281 3574 4355 7);

1995 4379 2070 4436 et,
2102 4369 2292 4425 Forma
2319 4382 2420 4426 esto
2441 4372 2675 4440 ﬁdelibus
2707 4373 2748 4445 (Ι
2765 4373 2899 4427 Tim.
2932 4389 3002 4436 tv,
3029 4373 3139 4445 12).
3174 4374 3410 4428 Attendit
3435 4375 3576 4429 enim

1995 4462 2110 4515 ovis
2140 4462 2300 4516 etiam
2328 4461 2482 4516 fortis
2509 4464 2818 4533 plerumque
2853 4466 3198 4535 praepositum
3240 4481 3394 4520 suum
3437 4466 3577 4519 male

1996 4551 2261 4605 viventem
2293 4551 2372 4605 :si
2400 4551 2632 4607 declinet
2658 4553 2839 4607 oculos
2863 4568 2891 4606 a
2923 4554 3120 4623 regulis
3155 4555 3393 4620 Domini,
3423 4563 3476 4610 et
3503 4555 3565 4608 in-

2000 4641 2179 4696 tendat
2204 4641 2256 4695 in
2280 4641 2548 4697 hominem
2575 4683 2589 4707 ,
2618 4642 2801 4712 incipit
2834 4644 3017 4699 dicere
3059 4644 3110 4698 in
3153 4644 3316 4699 corde
3354 4659 3472 4710 suo,
3523 4645 3572 4697 δ’

1998 4732 2316 4803 ιιι-ειιροείιιιε
2339 4748 2489 4788 meus
2514 4735 2593 4789 sic
2617 4735 2762 4798 vivit,
2803 4737 3048 4805 egoquis
3083 4751 3199 4790 sum
3227 4737 3314 4805 qui
3348 4750 3452 4788 non
3508 4735 3582 4788 fa-

1998 4824 2135 4878 ciam
2164 4824 2304 4895 quod
2335 4825 2422 4880 ille
2446 4825 2613 4881 facit?
2633 4827 2839 4881 Occidit
2865 4843 3018 4882 ovem
3049 4827 3257 4882 fortem.
3278 4827 3333 4881 Si
3391 4827 3580 4882 fortem

2000 4932 2127 4986 ergo
2154 4917 2345 4973 occidit
2372 4934 2558 4984 ovem;
2594 4918 2704 4988 jam
2734 4918 2801 4974 de
2843 4920 3050 4974 czeteris
3086 4918 3211 4988 quid
3251 4918 3442 4982 faciet,
3489 4921 3578 4986 qui

2002 5009 2126 5063 illud
2156 5009 2296 5080 quod
2324 5024 2428 5064 non
2456 5009 2568 5080 ipse
2596 5009 2972 5065 fortiﬁcaverat
2994 5051 3008 5077 ,
3037 5008 3130 5069 sed
3168 5007 3306 5063 forte
3349 5017 3440 5062 aut
3492 5025 3583 5062 ro-

2002 5100 2212 5155 bustum
2235 5100 2529 5168 invenerat,
2562 5103 2701 5156 male
2727 5102 2951 5157 vivendo
2969 5100 3269 5156 interfecit?
3296 5099 3423 5155 Dico
3447 5099 3585 5155 Cha-

2004 5192 2144 5246 ritati
2201 5201 2414 5258 vestras,
2459 5192 2651 5248 iterum
2701 5193 2820 5249 dico
2854 5213 2866 5248 :
2898 5194 2995 5249 etsi
3044 5193 3226 5248 vivunt
3273 5208 3437 5258 oves,
3483 5195 3583 5248 etsi

2006 5284 2166 5340 fortes
2187 5294 2310 5340 sunt
2330 5301 2456 5341 oves
2480 5287 2532 5340 in
2554 5286 2716 5342 verbo
2744 5287 2973 5352 Domini,
3005 5294 3061 5341 et
3089 5294 3270 5342 tenent
3291 5286 3416 5342 illud
3443 5287 3584 5357 quod

2005 5373 2288 5430 audierunt
2314 5390 2344 5429 a
2383 5376 2606 5430 Domino
2645 5389 2778 5439 suo,
2831 5375 2958 5442 Quae
2995 5375 3204 5443 dicunt,
3251 5377 3436 5448 facite;
3478 5389 3589 5446 quo!

2009 5474 2171 5518 autem
2197 5465 2420 5536 faciunt,
2451 5469 2615 5535 facere
2635 5465 2789 5518 nolite
2833 5464 3054 5534 (Matth.
3086 5482 3242 5532 χχιιι,
3271 5466 3361 5536 5);
3403 5474 3580 5519 tamen

2010 5557 2097 5626 qui
2127 5559 2178 5611 in
2206 5566 2495 5627 conspectu
2525 5557 2703 5628 populi
2741 5557 2880 5614 male
2904 5558 3062 5626 vivit,
3096 5570 3350 5629 quantum
3393 5559 3444 5613 in
3494 5557 3586 5612 illo

2078 5707 2285 5772 '_Plures
2320 5713 2446 5772 Mss,
2481 5721 2566 5772 per
2603 5706 2870 5772 universam
2906 5709 3156 5760 civitatem.
3198 5709 3442 5772 tidemque
3482 5707 3586 5757 libri

2015 5768 2156 5832 paulo
2178 5775 2302 5838 post,
2327 5767 2406 5834 ile,
2431 5767 2661 5822 celebrate
2683 5769 2842 5824 securi
2867 5784 2882 5825 :
2916 5785 3089 5837 magna
3112 5776 3196 5834 est,
3220 5777 3315 5822 etc.
