3994 6452
423 353 530 408 275

422 483 522 537 est,
554 485 676 526 eum
701 483 731 522 a
758 480 868 537 quo
889 460 1172 518 attenditur
1189 456 1400 513 occidit.
1419 455 1535 510 Non
1560 454 1660 510 sibi
1688 469 1816 524 ergo
1836 452 1988 508 blan-

421 564 621 628 diatur,
647 560 769 632 quia
813 558 903 612 ille
937 566 1041 611 non
1069 560 1153 608 est
1191 559 1452 606 mortuus.
1500 548 1567 603 Et
1603 547 1689 601 ille
1738 545 1896 609 vivit,
1937 552 1992 598 et

423 658 512 712 ille
542 653 802 711 homicida
839 659 942 706 est.
967 645 1243 714 Quomodo
1278 659 1399 699 cum
1444 641 1672 696 lascivus
1698 639 1859 693 homo
1905 637 1988 691 in-

424 749 594 803 tendit
645 748 696 801 in
742 743 1016 799 mulierem
1063 739 1130 793 ad
1171 734 1649 805 concupiscendum
1685 746 1834 794 eam;
1865 743 1989 784 ecce

423 839 513 894 illa
543 846 683 893 easta
713 843 812 899 est,
839 841 893 888 et
921 829 1160 886 machus
1183 836 1266 884 est
1293 828 1412 881 iste.
1452 823 1661 879 Domini
1685 820 1824 876 enim
1863 832 1988 874 vera

421 939 475 984 et
520 933 699 997 aperta
741 922 1000 979 sententia
1044 928 1124 974 est
1168 937 1182 974 :
1238 916 1475 986 Quisquis
1510 913 1686 968 viderit
1732 911 1990 966 mulierem

421 1019 488 1072 ad
527 1014 975 1087 concupiscendum
1022 1027 1130 1065 eam
1152 1051 1165 1074 ,
1199 1010 1314 1080 jam
1347 1006 1619 1061 moechatus
1657 1011 1731 1057 est
1784 1017 1891 1055 eam
1936 1001 1988 1054 in

419 1108 569 1162 corde
582 1123 672 1161 suo
698 1103 906 1176 (Matth.
929 1118 986 1168 v,
1007 1101 1121 1170 28).
1147 1099 1260 1154 Non
1284 1095 1600 1168 pervenitad
1618 1095 1756 1150 illius
1770 1093 1988 1150 cubicu-

420 1199 550 1264 lum,
572 1206 626 1252 et
651 1196 704 1250 in
735 1193 996 1250 interiore
1005 1191 1113 1262 jam
1140 1205 1237 1245 suo
1278 1187 1524 1244 cubiculo
1572 1185 1854 1239 volutatur.
1900 1181 1990 1237 Sic

419 1290 594 1346 omnis
612 1290 702 1358 qui
731 1285 868 1341 male
896 1284 1024 1339 vivit
1051 1283 1102 1336 in
1127 1288 1412 1350 conspectu
1437 1293 1620 1334 eorum
1647 1274 1836 1346 quibus
1851 1288 1988 1345 pra:-

421 1383 626 1453 positus
653 1387 753 1444 est,
783 1385 1037 1448 quantum
1069 1374 1120 1429 in
1169 1373 1284 1444 ipso
1321 1379 1437 1435 est,
1483 1368 1678 1426 occidit
1720 1375 1775 1423 et
1829 1366 1990 1420 fortes

421 1487 568 1526 oves.
599 1471 699 1538 Qui
723 1482 850 1538 ergo
877 1468 1108 1521 imitatur
1137 1463 1474 1532 praepositum
1491 1459 1708 1521 malum,
1730 1458 1986 1521 moritur;

417 1563 510 1631 qui
539 1577 644 1616 non
671 1559 902 1616 imitatur
932 1555 1095 1610 vivit:
1124 1562 1295 1608 tamen
1318 1558 1572 1622 quantum
1599 1548 1667 1604 ad
1696 1548 1842 1603 illum
1873 1563 1992 1616 per-

417 1656 574 1717 tinet,
596 1651 780 1707 ambos
807 1647 1018 1704 occidit.
1044 1647 1108 1700 Et
1131 1643 1265 1715 quod
1285 1658 1510 1697 crassum
1533 1649 1636 1708 est,
1671 1641 1875 1710 inquit,
1909 1639 1990 1693 iu-

425 1745 672 1816 terﬁcitis,
698 1754 744 1798 et
768 1758 880 1796 oues
909 1755 1043 1794 meas
1063 1755 1162 1792 non
1189 1735 1410 1806 pascitis.

493 1834 717 1891 CAPUT
756 1832 818 1888 ν.
841 1861 912 1873 —
937 1829 1023 1886 10.
1060 1829 1178 1883 Oris
1205 1827 1438 1903 inﬁrma,
1469 1825 1603 1879 unde
1634 1823 1985 1894 confortanda.

422 1926 541 1982 Jam
563 1923 785 1980 audistis
836 1920 960 1992 quid
1006 1920 1242 1988 diligant,
1289 1916 1465 1971 audite
1522 1914 1650 1985 quid
1704 1913 1987 1983 negligant.

427 2018 576 2084 Quod
599 2018 857 2085 inﬁrmum
881 2023 970 2080 est,
1003 2029 1101 2067 non
1128 2011 1482 2083 confortastis;
1509 2019 1554 2063 et
1576 2007 1709 2079 quod
1741 2006 1872 2060 male
1896 2005 1989 2058 Ita-

421 2111 554 2176 buit,
587 2126 687 2164 non
710 2105 1103 2168 corroborastis;
1140 2113 1186 2158 et
1225 2103 1358 2176 quod
1385 2100 1769 2154 contribulatum
1795 2107 1866 2150 est
1885 2139 1900 2162 ,
1942 2096 1992 2150 id

423 2210 525 2267 est,
556 2199 905 2264 confractum,
931 2214 1030 2252 non
1057 2194 1362 2264 colligastis;
1383 2203 1430 2247 et
1463 2192 1597 2262 quod
1625 2191 1853 2255 errabat,
1892 2206 1992 2242 non

423 2293 726 2355 revocastis;
751 2301 795 2345 et
823 2291 956 2361 quod
980 2289 1147 2357 periit,
1171 2303 1268 2340 non
1290 2286 1596 2356 inquisistis;
1631 2294 1676 2337 et
1701 2281 1835 2353 quod
1866 2286 1996 2353 forte

426 2389 542 2455 fuit,
574 2384 872 2454 confecistis,
906 2383 956 2436 id
979 2390 1079 2446 est,
1109 2378 1442 2434 inter-fecistis
1465 2385 1521 2432 et
1574 2375 1858 2430 occidistis.
1907 2374 1993 2428 ln-

427 2480 636 2533 ﬁrmum
661 2476 854 2546 quippe
877 2473 1110 2528 animum
1133 2472 1269 2542 gerit
1289 2470 1422 2536 ovis,
1449 2469 1657 2540 quando
1681 2467 1994 2522 tentationes

425 2571 528 2624 sibi
555 2571 757 2626 futuras
781 2585 885 2622 nnn
907 2567 1130 2625 crcdit‘.
1155 2565 1341 2623 Pastor
1367 2564 1656 2634 negligens,
1685 2562 1896 2633 quando
1919 2561 1996 2614 sic

421 2663 595 2718 credit
619 2662 738 2717 talis
765 2660 1023 2725 inﬁrmus,
1048 2673 1155 2713 non
1179 2657 1252 2712 illi
1278 2658 1407 2713 dicit
1433 2675 1446 2710 :
1487 2656 1622 2722 Fili,
1649 2655 1888 2710 accedens
1930 2656 1997 2709 ad

426 2755 711 2808 servitutem
731 2751 847 2815 Dei,
877 2762 954 2804 sta
982 2751 1034 2802 in
1052 2749 1254 2819 justitia
1272 2758 1317 2801 et
1345 2748 1536 2812 timore,
1571 2757 1616 2800 et
1647 2763 1861 2817 prepara
1886 2747 1999 2799 ani-

429 2859 560 2895 mam
587 2851 723 2896 tuam
747 2840 814 2894 ad
843 2840 1164 2894 tentationem
1184 2837 1367 2910 (Eccli.
1396 2853 1468 2903 ιι,
1501 2837 1574 2906 1).
1601 2836 1701 2904 Qui
1727 2837 1866 2891 enim
1894 2834 1995 2888 hoc

430 2932 680 3000 loquitur,
706 2929 968 2985 confortat
993 2929 1280 2993 inﬁrmum,
1305 2937 1359 2982 et
1382 2943 1448 2982 ex
1482 2927 1689 2982 inﬁrmo
1738 2925 1862 2980 facit
1911 2925 1999 2979 lir-

434 3037 597 3086 nium,
632 3031 686 3075 ut
712 3035 815 3074 non
845 3021 930 3074 ille
959 3035 1079 3073 eum
1108 3017 1413 3082 crediderit,
1441 3031 1689 3087 prospera
1717 3015 1872 3086 hujus
1899 3031 1998 3070 εω-

430 3110 536 3164 euli
564 3117 758 3178 speret.
787 3108 841 3163 Si
861 3118 1035 3163 autem
1062 3107 1247 3161 doctus
1282 3105 1441 3161 fuerit
1483 3120 1698 3175 sperare
1744 3119 1996 3175 prospera

433 3200 589 3270 hujus
613 3199 812 3264 surculi,
845 3199 954 3265 ipsa
978 3196 1325 3267 prosperitate
1363 3195 1719 3264 corrumpitur
1757 3210 1770 3247 :
1814 3209 2003 3265 super-

434 3289 759 3346 venientibus
778 3290 917 3344 enim
945 3287 1348 3343 adversitatibus
1373 3286 1656 3351 sauciatur,
1687 3295 1776 3340 aut
1806 3284 1999 3340 fortas-

431 3382 506 3436 sis
529 3381 892 3450 exstinguitur.
919 3379 1034 3434 Non
1056 3393 1184 3448 ergo
1211 3393 1330 3432 eum
1358 3375 1583 3431 aediﬁcat
1606 3391 1763 3445 super
1797 3385 1999 3445 petram

433 3465 619 3534 quisic
644 3463 888 3530 aediﬁcat,
920 3464 1011 3520 sed
1039 3478 1198 3532 super
1219 3477 1452 3517 arenam.
1488 3460 1642 3516 Petra
1670 3470 1847 3516 autem
1887 3471 2002 3516 erat

432 3557 736 3628 Christus(l
775 3555 892 3611 Cor.
942 3572 996 3620 κ,
1052 3557 1127 3625 4).
1171 3554 1365 3610 Christi
1417 3554 1689 3624 passiones
1734 3553 2001 3612 imitanda:

435 3655 559 3704 sunt
575 3687 590 3712 ,
628 3662 732 3702 non
758 3661 788 3700 a
818 3645 1106 3702 christiano
1125 3645 1330 3701 deliciae
1353 3643 1748 3714 conquirendae.
1770 3643 1998 3700 Cantor-

435 3747 576 3792 tatur
603 3736 864 3798 inﬁrmus,
891 3751 1010 3792 cum
1036 3737 1084 3792 ei
1112 3735 1339 3791 dicitur:
1373 3735 1541 3806 Spera
1584 3735 1797 3806 quidem
1831 3745 2004 3794 tenta-

439 3827 609 3883 tiones
640 3827 795 3897 hujus
821 3827 1022 3893 Sit-culi,
1047 3827 1139 3882 sed
1161 3827 1228 3881 ab
1248 3827 1492 3881 omnibus
1534 3835 1686 3883 eruet
1727 3834 1782 3883 te
1823 3827 2002 3884 Domi-

435 3933 555 3982 nus,
583 3918 628 3972 si
649 3918 717 3974 ab
739 3919 827 3973 illo
847 3934 950 3973 non
977 3917 1259 3973 recesserit
1287 3926 1429 3972 retro
1452 3933 1546 3973 eor
1579 3927 1747 3974 tuum.
1778 3918 1909 3974 Nam
1935 3919 2000 3974 ad

434 4007 840 4064 confortandam
877 4025 969 4064 cor
1031 4019 1176 4064 tuum
1205 4011 1349 4063 venit
1398 4010 1492 4064 ille
1538 4010 1675 4078 pati,
1718 4011 1863 4066 venit
1914 4011 2003 4066 ille

435 4100 590 4168 mori,
622 4100 767 4154 venit
790 4101 957 4169 sputis
984 4101 1157 4155 illiniri
1179 4142 1194 4166 ,
1226 4102 1369 4154 venit
1393 4101 1559 4170 spinis
1600 4103 1861 4166 coronari,
1909 4119 2000 4157 vc-

435 4191 514 4244 nit
547 4190 826 4260 opprobria
869 4190 1112 4255 audire’,
1143 4189 1284 4244 venit
1312 4199 1578 4258 postremo
1606 4191 1749 4262 ligno
1773 4193 1959 4262 conﬁgi
1987 4212 1998 4246 :

434 4285 613 4338 omnia
635 4283 748 4338 huic
789 4283 876 4338 ille
909 4297 1007 4352 pro
1036 4290 1115 4347 te;
1153 4291 1206 4336 tu
1251 4281 1380 4336 nihil
1422 4297 1520 4351 pro
1549 4282 1657 4349 illo,
1688 4283 1778 4338 sed
1807 4299 1902 4354 pro
1931 4295 2003 4340 te.

507 4376 596 4430 11.
624 4374 692 4430 In
712 4392 864 4430 arena
884 4377 1158 4445 ludiﬁcant,
1183 4377 1268 4446 qui
1288 4375 1574 4446 felicitatem
1596 4387 1842 4431 terrenam
1884 4395 2002 4448 pro-

437 4467 658 4520 mittunt.
709 4467 902 4533 Quales
947 4476 1122 4522 autem
1160 4476 1301 4534 sunt,
1356 4468 1445 4537 qui
1486 4468 1730 4522 timentes
1757 4483 1854 4524 eos
1908 4469 2002 4524 la:-

435 4556 565 4612 dere
587 4556 776 4627 quibus
803 4557 1107 4627 loquuntur,
1137 4575 1239 4611 non
1271 4559 1438 4612 solum
1469 4573 1574 4612 non
1613 4567 1910 4628 prceparant
1931 4559 1995 4613 ad

437 4647 773 4703 imminentes
798 4649 1167 4714 tentationes’,
1200 4648 1292 4703 sed
1317 4649 1473 4703 etiam
1496 4651 1806 4718 promittunt
1834 4648 2004 4705 fclici-

439 4745 599 4794 tatem
634 4739 789 4808 hujus
812 4739 1013 4804 srrculi,
1045 4755 1201 4807 quam
1227 4740 1362 4794 Deus
1393 4740 1488 4810 ipsi
1519 4741 1716 4796 smculo
1744 4758 1848 4796 non
1876 4759 2003 4813 pro-

436 4832 598 4887 misit.
627 4832 718 4888 llle
745 4832 980 4902 priedicit
1001 4832 1207 4887 labores
1240 4848 1401 4903 super
1424 4834 1630 4888 labores
1660 4848 1824 4906 usque
1865 4835 1918 4890 in
1943 4834 2006 4890 ﬁ-

500 4989 517 5019 ⁸
542 4987 658 5054 Editi
675 5025 688 5048 ,
715 4989 1002 5054 profuturas.
1027 4991 1118 5040 Sed
1153 4993 1317 5054 verius
1336 4993 1525 5054 optimae
1561 5002 1685 5045 notae
1706 4998 2012 5051 Corbeiensis

436 5049 774 5120 Ms.,.ﬁ£turas.
803 5049 975 5114 Regius
1005 5058 1167 5120 autem
1195 5053 1343 5120 habet
1368 5049 1446 5120 sic
1471 5069 1482 5102 :
1515 5055 1786 5120 Inﬁt-matur
1821 5058 1935 5118 ovis,
1955 5049 2008 5112 id

434 5109 793 5186 esttinﬁrntum
814 5109 1055 5186 congerit,
1079 5120 1131 5163 ut
1152 5113 1309 5186 possit
1329 5114 1498 5186 cedere
1521 5109 1846 5186 teiuqtionibus
1861 5159 1874 5180 ,

437 5171 625 5243 incauto
647 5179 692 5243 et
711 5171 946 5236 itnparatb
979 5171 1518 5243 superveniunt._Pastor
1539 5177 1796 5243 negligens,
1826 5171 1926 5232 etc:
1947 5185 2012 5233 Ad

439 5235 559 5280 hanc
570 5231 838 5300 lectionem
858 5249 1008 5300 prope
1033 5231 1264 5285 amedunt
1303 5237 1466 5299 plures
1507 5231 1697 5291 codices
1732 5231 1857 5300 Mss,
1895 5231 2011 5293 nec;

439 5306 534 5403 pp:
563 5295 872 5403 ggnedictus‘
901 5295 1090 5349 Aniauae
1139 5295 1313 5360 abbas,
1329 5301 1380 5348 in
1409 5302 1661 5352 concordia
1698 5295 2009 5367 Regularum,

438 5366 842 5491 ﬁgamus»
865 5418 1118 5491 Opgrolgria
1138 5420 1355 5491 sujjlerre.
1391 5421 1720 5491 cisterciensis
1749 5432 1800 5475 et
1820 5426 1982 5491 Florus
1997 5463 2012 5487 ,

434 5473 904 5550 opprobrianbiberei
1023 5473 1286 5550 legendinn
1306 5485 1591 5548 conjiciebat
1610 5473 1744 5549 nugo
1758 5473 2016 5538 ill-tenardus

435 5537 488 5585 tn
500 5537 763 5604 'poncordia
781 5537 1206 5604 [tegularumfcap
1225 5544 1301 5594 55.

503 5597 680 5673 .‘Bliﬂ'tr
707 5597 904 5673 etuti»
929 5597 1104 5673 itit."uin
1125 5597 1274 5673 σὸτςια
1306 5619 1398 5673 πρυ
1428 5617 1514 5673 ρετ
1537 5603 1719 5673 lateres
1742 5617 2018 5673 ρτωραιαηι

439 5658 824 5770 ἐκιέπὲηεηιεδ
845 5658 1117 5715 tenttttiones
1134 5678 1153 5727 ,-
1171 5658 1568 5720 dissentientibus
1597 5667 1730 5721 libris
1742 5658 1858 5722 'atiis'
1876 5670 2017 5721 editis

1627 339 1684 395 S.
1725 332 2091 394 AUGUSTINI
2133 334 2431 395 EPISCOPI

3553 349 3664 404 976

2096 469 2217 508 nem
2245 468 2492 513 venturos
2517 457 2850 528 ipsismale,
2877 467 2933 516 et
2951 467 3008 516 tu
3030 461 3109 518 vis
3126 460 3194 516 ab
3225 460 3343 518 istis
3390 461 3667 522 laboribus

2098 559 2375 620 exceptum
2398 564 2517 605 esse
2541 549 2924 607 christianum?
2948 553 3037 624 qui
3065 554 3186 624 quia
3213 555 3535 614 christianus
3553 568 3666 626 est,

2093 640 2292 711 aliquid
2317 641 2439 710 plus
2463 655 2710 710 passurus
2737 651 2820 698 est
2853 643 2904 698 in
2929 641 3031 698 hoc
3071 644 3289 700 smeulo.
3336 646 3544 702 Etenim
3587 649 3665 706 ait

2094 733 2380 804 Apostolus
2405 751 2419 788 :
2451 731 2637 792 Omnes
2660 737 2748 810 qui
2761 737 2933 792 volunt
2947 738 3000 792 in
3017 738 3214 794 Christo
3242 741 3323 811 pie
3345 742 3524 810 vivere,
3548 760 3666 813 rer-

2091 825 2393 879 secutioucvn
2413 827 2682 895 patientur.
2703 827 2820 882 Iam
2847 829 2893 882 si
2921 828 3010 883 tibi
3038 829 3230 899 placet,
3271 846 3305 886 ο
3347 840 3533 902 pastor
3572 841 3660 888 tua

2094 929 2360 983 quaerens,
2388 930 2491 970 non
2513 932 2629 986 qua:
2652 916 2776 972 Jein
2806 917 3023 984 Christi,
3050 920 3139 974 ille
3162 919 3336 986 dicat,
3367 920 3552 978 Omnes
3575 925 3666 994 qui

2093 1004 2262 1058 uolunt
2284 1007 2336 1058 in
2359 1005 2556 1060 CIristo
2575 1007 2656 1077 pie
2678 1009 2856 1075 vivere,
2887 1010 3273 1078 persecutionem
3300 1012 3551 1081 patientur
3584 1014 3603 1084 (
3616 1015 3663 1071 ιι

2097 1093 2225 1147 Tim.
2253 1109 2328 1160 ui,
2360 1089 2568 1167 1ἳ)ε’θι
2595 1104 2651 1152 tu
2677 1097 2782 1164 dic,
2813 1097 2868 1152 Si
2893 1098 3123 1152 volneris
3142 1099 3194 1153 in
3221 1099 3432 1156 Christo
3466 1102 3552 1172 pie
3577 1104 3663 1157 vi-

2095 1201 2236 1250 vere,
2258 1186 2596 1242 abundabunt
2621 1188 2715 1242 tibi
2757 1189 2932 1245 omnia
2973 1189 3145 1254 bona;
3188 1198 3245 1245 et
3277 1191 3322 1246 si
3366 1191 3502 1247 ﬁlios
3553 1208 3663 1248 non

2094 1280 2257 1334 habes
2275 1321 2290 1346 ,
2332 1281 2588 1350 suscipies
2609 1322 2624 1348 ,
2651 1291 2706 1336 et
2733 1283 2972 1338 enutries
2993 1297 3212 1345 omnes,
3240 1298 3397 1338 nemo
3421 1284 3513 1339 tibi
3541 1301 3663 1340 mo-

2095 1370 2276 1425 rietur.
2305 1371 2548 1426 [haccine
2575 1381 2658 1426 est
2682 1373 2960 1428 aediﬁcatio
2997 1374 3121 1428 tua?
3163 1374 3392 1430 Attende
3416 1375 3540 1445 quid
3578 1375 3667 1430 fa-

2094 1463 2223 1529 cias,
2252 1463 2338 1518 ubi
2365 1479 2532 1533 ponas
2557 1481 2570 1516 :
2599 1480 2759 1536 super
2777 1481 2989 1520 arenam
3017 1475 3098 1520 est
3127 1481 3284 1536 quem
3323 1468 3662 1534 constituis‘,

2093 1562 2346 1609 venturus
2373 1562 2456 1610 est
2481 1556 2685 1622 imber,
2725 1555 3019 1613 inﬂuxurus
3061 1567 3143 1612 est
3177 1556 3392 1622 ﬂuvius,
3440 1557 3665 1614 ﬂaturus

2093 1653 2176 1698 est
2195 1653 2403 1708 ventus,
2433 1653 2488 1700 et
2513 1646 2802 1716 impingent
2821 1646 2870 1700 in
2892 1646 3106 1700 domum
3129 1647 3306 1714 istam,
3333 1656 3387 1703 et
3405 1647 3576 1714 cadet,
3606 1655 3666 1702 et

2095 1734 2184 1789 lict
2206 1737 2355 1790 ruina
2397 1737 2513 1806 ejus
2562 1752 2769 1807 magna.
2804 1737 2943 1792 Leva
2996 1738 3065 1793 de
3101 1753 3281 1804 arena,
3326 1754 3462 1795 none
3501 1753 3664 1808 supra

2095 1836 2297 1894 petram
2329 1826 2539 1899 (Matth.
2563 1844 2665 1894 vn,
2686 1829 2876 1900 24-27)
2906 1848 2920 1883 :
2950 1833 3002 1885 in
3029 1829 3244 1885 Christo
3275 1846 3344 1885 sn
3379 1845 3537 1901 quem
3580 1831 3669 1885 vis

2094 1933 2212 1973 esse
2238 1918 2601 1975 christianum.
2640 1921 2864 1976 Attende
2897 1921 2964 1976 ad
2992 1922 3266 1991 passiones
3316 1920 3542 1985 Christi,
3582 1929 3668 1975 at-

2098 2008 2252 2064 tende
2275 2010 2340 2063 ad
2369 2010 2518 2064 illum
2542 2011 2658 2066 sine
2696 2011 2806 2066 ullo
2835 2021 3046 2080 peccato
3066 2052 3082 2077 ,
3129 2027 3249 2082 quae
3300 2027 3404 2066 non
3450 2011 3664 2080 rapuit,

2095 2101 2452 2156 exsolventem
2482 2101 2652 2172 (Psat.
2686 2120 2872 2169 min,
2915 2105 2968 2174 5)
3006 2121 3020 2158 :
3065 2103 3281 2160 attende
3330 2104 3668 2175 Scripturam

2097 2191 2357 2247 dicentem
2385 2193 2510 2258 tibi,
2561 2192 2818 2263 Flagellat
2863 2204 3030 2248 autem
3075 2212 3269 2249 onmem
3304 2196 3466 2264 ﬁlium
3517 2211 3668 2265 quens

2097 2283 2270 2351 recipit
2299 2282 2579 2355 (Hebr.xtt,
2612 2283 2690 2355 6).
2723 2284 2790 2338 Et
2813 2299 2937 2354 para
2964 2294 3016 2339 te
3055 2284 3302 2354 ﬂagellari
3329 2325 3344 2349 ,
3379 2294 3471 2340 aut
3513 2293 3668 2340 certe

2101 2388 2203 2428 non
2232 2388 2438 2444 quaeras
2464 2375 2648 2445 recipi.
2669 2374 2923 2448 Flagellat
2947 2384 3132 2442 autem,
3160 2375 3348 2444 inquit,
3373 2391 3569 2428 omnem
3596 2375 3666 2444 fi-

2098 2469 2221 2522 lium
2249 2483 2394 2532 quem
2417 2467 2629 2537 recipit;
2653 2475 2708 2522 et
2735 2475 2789 2520 tu
2819 2465 2954 2520 l'orte
2992 2473 3243 2534 exceptus
3277 2465 3418 2519 eris?
3461 2465 3517 2519 Si
3559 2477 3672 2518 exe

2098 2564 2284 2625 ceptus
2307 2571 2336 2610 a
2361 2557 2606 2625 passione
2633 2555 2982 2625 ﬂagellorum,
3009 2565 3261 2627 exceptus
3287 2569 3317 2608 a
3348 2568 3569 2610 numero
3597 2554 3674 2609 ﬂ-

2103 2647 2311 2701 liorum.
2338 2646 2502 2712 Itane,
2525 2647 2754 2716 inquies,
2785 2647 3013 2717 ﬂagellat
3037 2661 3248 2702 omnem
3278 2646 3444 2701 ﬂlium
3465 2646 3490 2700 ‘t
3508 2645 3674 2700 Pror-

2100 2754 2191 2795 sus
2213 2739 2280 2793 ita
2305 2738 2534 2808 ﬂagellat
2556 2753 2766 2794 omnem
2791 2739 2951 2794 ﬁlium
2971 2780 2986 2805 ,
3011 2747 3140 2794 utet
3176 2737 3422 2794 Unicum.
3467 2737 3677 2797 Unicus

2102 2829 2188 2882 ille
2207 2829 2275 2883 de
2295 2829 2462 2883 Patris
2488 2829 2778 2883 substantia
2799 2837 2950 2883 natus
2965 2870 2980 2896 ,
3007 2829 3224 2898 aequalis
3253 2829 3392 2883 Patri
3419 2829 3471 2883 in
3496 2827 3670 2883 forma

2102 2920 2215 2983 Dei,
2243 2919 2474 2974 Verbum
2506 2933 2600 2988 per
2621 2935 2779 2988 quem
2807 2918 2939 2973 facta
2962 2928 3086 2973 sunt
3108 2918 3284 2974 omnia
3309 2961 3322 2983 ,
3355 2935 3459 2973 non
3497 2917 3672 2974 habe-

2102 3009 2191 3064 bat
2215 3009 2357 3065 unde
2383 3010 2737 3081 ﬂagellaretur
2767 3027 2780 3062 :
2813 3009 2878 3064 ad
2901 3009 3004 3065 hoc
3027 3026 3186 3066 carne
3216 3011 3430 3066 indutus
3455 3020 3577 3078 est,
3610 3020 3675 3066 ut

2102 3103 2217 3157 sine
2248 3103 2454 3172 ﬂagello
2495 3117 2602 3158 non
2639 3111 2799 3158 esset.
2847 3102 2947 3170 Qui
2983 3116 3112 3172 ergo
3166 3102 3394 3172 ﬂagellat
3444 3101 3675 3158 Unicum

2102 3193 2216 3248 sine
2245 3200 2478 3262 peccato,
2510 3192 2762 3264 numquid
2787 3193 3036 3262 relinquit
3061 3192 3366 3262 adoptivum
3393 3206 3514 3248 cum
3544 3207 3677 3262 pec-

2103 3285 2258 3339 cato?
2281 3282 2340 3339 In
2363 3283 2698 3354 adoptionem
2725 3292 2940 3341 vocatos
2959 3299 3058 3340 nos
3085 3299 3204 3340 esse
3245 3285 3531 3354 Apostolus
3581 3283 3673 3338 di-

2103 3376 2194 3430 cit.
2220 3375 2574 3446 Adoptionem
2601 3376 2827 3432 ﬁliorum
2874 3377 3174 3447 accepimus
3217 3375 3414 3447 (Galat.
3457 3391 3529 3441 iv,
3585 3375 3674 3447 5).

2105 3476 2162 3522 ut
2184 3481 2422 3523 essemus
2446 3467 2597 3523 Unici
2621 3467 2946 3534 colueredes,
2971 3483 3211 3524 essemus
3256 3469 3415 3524 etiam
3444 3467 3679 3524 haeredi-

2106 3570 2185 3614 tas
2209 3559 2344 3629 ejus.
2369 3558 2600 3622 Postulo,
2631 3559 2817 3630 inquit,
2847 3576 2880 3611 a
2904 3574 3003 3626 me,
3027 3568 3074 3613 et
3102 3558 3230 3612 dabo
3255 3559 3342 3612 tibi
3367 3566 3535 3630 gentes
3563 3558 3679 3612 lua-

2104 3651 2364 3705 reditatem
2383 3660 2521 3704 tuam
2544 3648 2712 3722 (Psal.
2741 3665 2798 3716 ιι,
2821 3649 2900 3722 8).
2921 3649 3238 3720 Exemplum
3273 3650 3426 3703 nobis
3468 3662 3672 3718 propo~

2104 3745 2211 3802 suit
2233 3747 2282 3801 in
2306 3743 2635 3816 passionibus
2650 3743 2778 3797 suis.

2177 3856 2263 3912 12.
2304 3855 2548 3926 Inﬁrmus
2610 3853 2862 3924 quomodo
2905 3852 3300 3922 conﬁrmandus.
3339 3849 3444 3907 Sed
3510 3866 3577 3907 ne
3615 3851 3677 3905 in

2107 3948 2294 4003 futuris
2352 3946 2724 4003 tentationibus
2776 3945 2987 4000 deﬁciat
3049 3945 3320 4010 inﬁrmus;
3376 3957 3472 3999 nec
3539 3942 3681 3999 falsa

2105 4055 2199 4108 spe
2258 4037 2596 4107 decipiendus
2668 4046 2805 4104 est,
2878 4051 2977 4091 nec
3029 4045 3231 4090 terrore
3330 4033 3679 4103 frangendus.

2108 4129 2198 4182 Dic
2223 4127 2292 4191 ei,
2340 4125 2584 4198 Prospera
2618 4129 2838 4180 animam
2879 4135 3018 4179 tuam
3070 4124 3138 4177 ad
3183 4123 3517 4176 tentationem.
3567 4121 3682 4177 Sed

2107 4218 2240 4272 forte
2260 4219 2438 4287 incipit
2467 4219 2588 4283 labi,
2620 4218 3046 4282 contremiscere,
3077 4219 3218 4272 nolle
3241 4215 3526 4286 accedere;
3573 4217 3683 4271 ha-

2107 4311 2198 4365 bes
2231 4309 2369 4364 aliud
2415 4327 2428 4363 :
2474 4309 2667 4365 Fidelis
2714 4309 2882 4376 Deus,
2925 4311 3012 4381 qui
3060 4326 3159 4363 non
3186 4325 3271 4364 vos
3312 4311 3444 4364 sinat
3494 4311 3685 4364 tentari

2106 4420 2260 4475 supra
2278 4421 2427 4475 quam
2452 4405 2580 4475 ferre
2607 4404 2808 4474 potestis
2835 4403 2876 4474 (l
2905 4402 3020 4458 Cor.
3054 4419 3109 4465 ι,
3160 4404 3269 4473 15).
3322 4403 3452 4460 Illud
3495 4411 3681 4459 autem

2110 4495 2435 4564 promittere,
2461 4503 2514 4548 et
2539 4493 2827 4564 przedioare
2848 4493 3048 4550 futuras
3076 4496 3367 4563 passiones,
3409 4493 3684 4552 inﬁrmum

2109 4586 2420 4644 conﬁrmare
2439 4597 2540 4644 est.
2573 4588 2800 4643 Timenti
2831 4599 3005 4644 autem
3030 4591 3272 4656 nimium,
3298 4600 3350 4645 et
3369 4605 3434 4646 ex
3455 4589 3556 4646 hoc
3577 4589 3684 4646 de-

2111 4678 2315 4746 territo,
2343 4694 2461 4734 cum
2493 4679 2760 4749 polliceris
2786 4681 3197 4736 misericordiam
3230 4683 3350 4748 Dei,
3395 4698 3498 4737 non
3545 4684 3678 4756 quia

2112 4769 2431 4825 tentationes
2458 4769 2718 4837 deertuit,
2744 4770 2835 4825 sed
2865 4771 2983 4841 quia
3028 4787 3132 4827 non
3186 4774 3443 4842 permittit
3485 4777 3685 4831 tentari

2111 4875 2270 4930 supra
2293 4876 2449 4930 quam
2477 4860 2618 4916 ferre
2644 4870 2838 4932 potest,
2857 4861 3078 4918 fractum
3102 4864 3350 4934 mitigare
3401 4873 3501 4919 est.
3540 4865 3689 4922 Sunt

2112 4953 2250 5006 enim
2273 4952 2362 5023 qui
2394 4967 2515 5007 cum
2559 4955 2820 5010 audierint
2854 4963 3102 5010 venturas
3145 4957 3536 5022 tribulationes,
3590 4971 3687 5010 ar-

2113 5051 2257 5097 mant
2279 5058 2336 5097 se
2363 5045 2550 5113 magis,
2579 5053 2633 5100 et
2651 5045 2796 5114 quasi
2820 5033 2996 5114 potum
3028 5059 3180 5100 suum
3208 5046 3390 5100 sitiunt
3415 5064 3429 5100 :
3464 5061 3687 5117 parvam

2114 5135 2252 5189 enim
2275 5134 2370 5190 sibi
2405 5145 2589 5204 putant
2624 5136 2854 5192 ﬁdelium
2901 5137 3247 5202 medicinam,
3292 5138 3385 5192 sed
3436 5148 3689 5208 quierunt

2114 5234 2166 5279 et
2190 5233 2478 5296 martyrum
2509 5226 2748 5296 gloriam.
2770 5227 2905 5284 Sunt
2925 5235 3099 5282 autem
3127 5227 3212 5282 alii
3254 5227 3341 5296 qui
3367 5225 3558 5281 auditis
3597 5225 3692 5280 l‘u-

2116 5319 2247 5377 turis
2286 5329 2341 5374 et
2375 5319 2672 5374 necessario
2708 5320 3037 5375 venientibus
3092 5319 3488 5384 tentationibns,
3545 5332 3689 5386 quas

2118 5417 2562 5487 proprieoportet
2585 5416 2764 5472 venire
2784 5415 3102 5481 christiano;
3131 5428 3263 5485 quas
3300 5427 3456 5468 nemo
3493 5410 3687 5480 sentit,

2119 5506 2217 5562 nisi
2240 5508 2328 5578 qui
2357 5507 2579 5561 voluerit
2602 5521 2723 5562 esse
2747 5521 2871 5561 vere
2897 5506 3216 5561 christianos
3245 5521 3258 5558 :
3286 5500 3690 5561 imminentibus

2190 5728 2199 5756 '
2231 5727 2299 5776 εἰς
2321 5733 2424 5776 Mss.
2452 5727 2562 5776 Editi
2589 5739 2724 5787 vero,
2744 5725 2870 5788 quod
2894 5721 3148 5776 cottat'tttt's.
