4012 6338
299 368 408 421 977

302 490 435 546 ergo
454 471 555 528 sibi
582 466 844 539 aliquibus
862 464 905 532 ι,
928 460 1242 533 franguntur
1265 467 1319 515 et
1356 454 1671 514 claudicant.
1723 451 1869 507 Atl‘er

302 562 688 621 consolationis
716 560 1128 629 alligamentum,
1151 552 1307 621 alliga
1335 549 1477 621 quod
1505 549 1723 602 fractum
1752 553 1868 599 est:

302 661 411 725 die,
438 658 519 713 Ne
544 657 753 717 timeas,
779 666 885 707 non
915 647 1149 705 deserit‘
1179 647 1232 701 in
1277 642 1650 699 tentationibus
1695 641 1780 693 ille
1819 639 1870 691 in

300 764 465 818 quem
484 742 757 800 credidisti
780 758 795 806 ;
827 740 995 795 ﬁdelis
1017 738 1177 801 Deus,
1204 735 1293 804 qui
1321 742 1372 787 te
1403 747 1506 786 non
1538 730 1662 784 sinit
1684 728 1872 783 tentari

300 853 462 906 supra
502 850 661 906 quam
688 843 839 902 potes
862 831 1018 885 ferre.
1044 827 1158 882 Non
1189 826 1289 879 hoc
1311 839 1341 877 a
1371 838 1457 877 me
1502 821 1652 875 audis
1671 860 1685 883 ,
1731 822 1873 889 Apo-

299 931 470 985 stolus
491 926 622 981 dicit
652 943 665 978 :
693 925 780 993 qui
814 921 972 977 etiam
1010 919 1157 983 dicit,
1188 917 1266 969 An
1294 913 1440 969 vultis
1476 913 1872 982 experimentum

298 1024 410 1090 ejus
434 1019 681 1087 accipere,
714 1014 798 1085 qui
822 1014 874 1067 in
896 1027 975 1065 me
1000 1010 1218 1080 loquitur
1245 1006 1489 1061 Christus.
1522 1004 1587 1075 (Il
1615 1002 1730 1057 Cor.
1753 1018 1870 1068 xm,

300 1113 397 1177 δη
430 1113 558 1165 llaec
585 1124 712 1179 ergo
735 1121 853 1161 cum
882 1104 1054 1169 audis,
1079 1102 1145 1155 ab
1172 1102 1284 1169 ipso
1307 1098 1519 1154 Christo
1545 1095 1694 1150 audis
1732 1112 1745 1148 :
1780 1109 1872 1147 au-

296 1208 380 1260 dis
421 1216 474 1261 et
519 1204 585 1257 ab
611 1202 700 1255 illo
726 1207 934 1269 pastore
956 1196 1044 1266 qui
1080 1194 1219 1264 pacit
1247 1191 1423 1246 Israel.
1473 1189 1549 1242 Illi
1597 1189 1737 1243 enim
1785 1186 1869 1241 di-

296 1307 443 1350 ctum
467 1303 547 1348 est
570 1335 584 1354 ,
616 1289 823 1344 Potabis
847 1304 930 1341 eos
967 1288 1018 1339 in
1056 1284 1309 1354 lacrgmis,
1338 1282 1392 1335 in
1437 1294 1670 1333 mensura
1698 1275 1866 1347 (Psal.

301 1401 481 1449 usus,
517 1381 595 1455 6).
624 1380 774 1446 Quod
801 1379 940 1432 enim
968 1377 1042 1430 ait
1070 1373 1370 1443 Apostolus,
1403 1369 1523 1424 Non
1551 1369 1669 1423 sinit
1693 1367 1871 1422 tentari

300 1491 459 1545 supra
479 1489 631 1541 quam
650 1476 777 1541 ferre
788 1468 1010 1540 potestis;
1030 1465 1131 1519 hoc
1151 1465 1221 1518 ait
1234 1462 1515 1532 Propheta,
1535 1458 1600 1513 In
1619 1475 1866 1513 mensura.

300 1566 532 1619 Tantum
560 1574 613 1616 tu
642 1562 744 1615 noli
770 1559 1034 1614 dimittere
1061 1555 1430 1624 corripientem
1460 1561 1514 1606 et
1547 1551 1867 1615 hortantem,

302 1663 600 1711 terrentem
634 1651 1079 1711 eteonsolantem,
1105 1646 1481 1715 percutientcm
1493 1652 1546 1697 et
1574 1650 1867 1697 sonantem.

367 1745 599 1801 CAPUT
626 1743 819 1799 νι.-ί
830 1744 881 1797 5.
900 1740 1145 1809 Inﬁrmus
1167 1746 1213 1792 et
1237 1746 1470 1806 wgrotus,
1501 1735 1553 1788 in
1577 1750 1674 1803 quo
1697 1732 1874 1800 (li/fer-

300 1849 435 1892 rant.
488 1838 773 1892 Christiana
805 1835 1035 1903 ﬁrmitas.
1060 1861 1134 1872 —
1171 1829 1319 1897 Quod
1345 1828 1601 1896 inﬁrmum
1635 1835 1748 1892 est,
1784 1826 1869 1878 in-

298 1930 432 1997 quit,
450 1945 552 1981 non
570 1926 901 1997 confortastis.
918 1922 1222 1978 Pastoribus
1240 1919 1391 1974 malis
1410 1917 1554 1981 dicit,
1569 1915 1869 1986 pastoribus

302 2019 474 2081 falsis,
492 2017 791 2087 pastoribus
805 2031 897 2070 sua
926 2011 1300 2083 quaerentibus,
1318 2025 1422 2063 non
1438 2023 1556 2079 qum
1572 2007 1600 2062 J
1605 2022 1696 2062 esu
1717 2006 1842 2060 Chri
1855 2035 1870 2046 -

298 2110 391 2172 sti,
418 2124 480 2162 ex
509 2106 790 2162 commodo
818 2104 968 2159 lactis
987 2111 1040 2157 et
1063 2103 1193 2155 [ante
1212 2098 1573 2171 gaudentibus,
1603 2111 1731 2151 oves
1756 2110 1870 2149 om.

299 2200 429 2252 nino
450 2215 555 2252 non
576 2195 899 2260 curantibus,
915 2192 1122 2263 etquod
1144 2191 1279 2246 male
1299 2189 1478 2244 habuit
1498 2203 1601 2241 non
1620 2185 1869 2241 corrobo-

298 2289 557 2343 rantibus.
584 2290 722 2342 Inter
748 2287 768 2318 ³
788 2286 1051 2341 inﬁrmum
1068 2326 1081 2347 ,
1102 2283 1157 2338 id
1183 2291 1263 2337 est
1283 2324 1298 2349 ,
1334 2296 1439 2336 non
1467 2282 1675 2335 ﬁrmum
1704 2297 1717 2332 :
1745 2292 1866 2331 nam

295 2381 548 2434 dicuntur
568 2377 761 2432 inﬁrmi
781 2378 937 2432 etiam
957 2382 1271 2445 aegrotantes
1297 2391 1310 2427 :
1334 2372 1430 2428 sed
1449 2372 1586 2427 inter
1601 2372 1869 2429 inﬁrmum

296 2480 349 2524 et
364 2481 645 2540 aegrotum,
669 2468 718 2523 id
734 2467 974 2535 est,male
989 2465 1289 2527 habentem,
1304 2463 1406 2517 hoc
1424 2463 1553 2517 mihi
1568 2462 1774 2517 videtur
1790 2462 1870 2515 in-

297 2572 522 2616 teresse.
542 2561 746 2614 Etenim
770 2560 890 2620 ista,
904 2556 1111 2622 fratres,
1126 2570 1241 2626 qua:
1258 2554 1577 2623 distinguere
1589 2560 1871 2622 utcumque

296 2666 582 2714 conamur;
607 2650 744 2704 forte
765 2658 821 2704 et
840 2660 936 2702 nos
957 2661 1233 2716 possumus
1253 2644 1451 2714 majore
1470 2641 1733 2713 diligentia
1753 2656 1869 2697 me-

298 2743 400 2796 lius
420 2742 765 2811 distinguere,
790 2749 843 2795 et
865 2740 998 2793 alius
1015 2738 1230 2807 peritior
1241 2736 1319 2791 vel
1340 2735 1537 2790 lumine
1555 2734 1729 2789 cordis
1749 2734 1866 2803 ple-

297 2833 417 2886 nior
451 2850 464 2884 :
491 2832 701 2885 interim
720 2846 786 2886 ne
805 2829 1138 2893 frandemini,
1153 2837 1405 2896 quantum
1425 2824 1493 2880 ad
1508 2825 1667 2881 verba
1684 2825 1870 2880 attinet

295 2922 606 2990 Scriptores,
641 2921 781 2990 quod
828 2921 1000 2975 sentio
1049 2919 1254 2987 loquor.
1307 2916 1520 2971 luﬁrmo
1575 2931 1641 2971 ne.
1668 2916 1870 2971 accidat

303 3013 548 3077 tentatio,
574 3019 632 3066 et
654 3025 772 3065 eum
800 3009 1024 3078 frangat,
1052 3007 1338 3062 timendum
1361 3015 1476 3062 est:
1505 3006 1757 3076 languens
1775 3021 1871 3061 au-

298 3112 403 3156 tem
431 3102 541 3170 jam
572 3101 861 3170 cupiditate
900 3100 1073 3168 aliqua
1101 3106 1340 3169 aegrotat,
1380 3106 1433 3152 et
1459 3097 1742 3167 cupiditate
1768 3097 1865 3151 ali-

293 3208 398 3262 qua
425 3191 708 3261 impeditur
734 3191 802 3245 ab
839 3189 1079 3245 intranda
1109 3191 1191 3243 via
1223 3190 1337 3254 Dei,
1368 3204 1403 3243 a
1425 3188 1699 3243 subeundo
1736 3189 1867 3259 jugo

294 3280 514 3337 Christi.
542 3281 814 3337 Attenditc
840 3281 957 3335 illos
987 3280 1229 3335 homines
1252 3280 1488 3333 volentes
1510 3280 1644 3334 bene
1664 3279 1862 3353 vivere,

289 3374 399 3442 jam
436 3381 735 3427 statuentes
781 3373 918 3427 bene
961 3372 1158 3436 vivere,
1206 3376 1261 3424 et
1288 3370 1461 3424 minus
1489 3370 1705 3424 idoneos
1729 3370 1864 3423 mala

298 3464 427 3531 pati,
478 3463 616 3517 sicut
647 3462 813 3532 parati
859 3472 984 3518 sunt
1023 3462 1161 3517 bona
1205 3460 1396 3515 facere.
1429 3460 1659 3515 Pertinet
1688 3468 1862 3514 autem

293 3555 360 3608 ad
390 3554 738 3609 christianam
773 3554 1073 3608 ﬁrmitatem
1094 3552 1136 3617 ⁸,
1179 3568 1284 3607 non
1314 3552 1483 3607 solum
1514 3552 1721 3621 operari
1748 3567 1864 3621 quae

298 3646 441 3699 bona
484 3655 628 3708 sunt,
661 3645 753 3699 sed
783 3654 839 3699 et
875 3645 1098 3698 tolerare
1122 3659 1239 3713 qua:
1280 3644 1414 3697 mala
1443 3651 1583 3697 sunt.
1613 3642 1712 3707 Qui
1739 3657 1866 3710 ergo

294 3736 543 3789 videntur
580 3735 784 3790 fervere
810 3736 861 3789 in
892 3735 1140 3803 operibus
1180 3735 1350 3799 bonis,
1392 3733 1486 3787 sed
1528 3733 1863 3786 imminentes

294 3824 575 3892 passiones
599 3825 828 3879 tolerare
866 3825 1026 3888 nolle,
1053 3833 1142 3879 aut
1163 3840 1266 3878 non
1292 3838 1471 3893 posse,
1498 3822 1689 3877 inﬁrmi
1719 3832 1859 3875 sunt.

296 3914 398 3979 Qui
434 3929 564 3968 vero
588 3914 763 3984 aliqua
791 3914 1074 3982 cupiditate
1111 3914 1244 3966 mala
1283 3921 1547 3967 amatores
1590 3912 1769 3966 mundi
1795 3912 1863 3966 ab

290 4004 424 4072 ipsis
451 4003 608 4057 bonis
633 4003 881 4071 operibus
921 4013 1255 4069 revocantur,
1308 4001 1538 4071 languidi
1576 4011 1630 4056 et
1677 4002 1861 4071 a‘groti

286 4097 467 4163 jaccnt
498 4113 511 4147 :
545 4095 737 4164 quippe
768 4094 856 4163 qui
886 4094 998 4162 ipso
1025 4093 1294 4163 languore,
1322 4101 1569 4160 tanquam
1599 4093 1713 4145 sine
1744 4093 1861 4144 ullis

290 4186 513 4247 viribus,
545 4185 674 4237 nihil
717 4184 837 4237 boni
879 4191 1100 4252 possunt
1139 4184 1364 4253 operari.
1414 4182 1557 4237 Talis
1586 4183 1636 4236 in
1685 4182 1860 4236 anima

284 4276 613 4346 paralyticus
654 4276 740 4329 ille
781 4276 894 4340 fuit,
922 4291 1079 4344 quem
1109 4290 1229 4329 cum
1266 4275 1331 4329 ad
1357 4275 1634 4329 Dominum
1664 4273 1860 4329 inferre

290 4382 391 4417 non
420 4373 662 4434 possent,
694 4365 779 4433 qui
816 4379 935 4417 eum
962 4363 1258 4433 portabant,
1292 4370 1486 4419 tectum
1514 4370 1855 4432 aperuerunt,

283 4464 337 4508 et
366 4454 733 4523 deposuerunt
772 4452 959 4522 (Marc.
1011 4468 1069 4518 ιι,
1102 4454 1153 4515 5,
1198 4451 1251 4520 4)
1287 4469 1300 4505 :
1330 4452 1381 4505 id
1404 4461 1500 4517 est,
1535 4461 1780 4521 tanquam
1813 4451 1855 4504 si

284 4546 333 4599 in
359 4546 540 4599 anima
568 4544 668 4598 hoc
694 4545 825 4599 velis
864 4544 1059 4611 facere,
1104 4552 1160 4598 ut
1188 4552 1383 4599 tectum
1426 4544 1653 4613 aperias,
1678 4553 1733 4597 et
1760 4542 1855 4596 de-

283 4649 454 4704 ponas
478 4635 546 4688 ad
581 4636 857 4689 Dominum
897 4635 1126 4688 animam
1157 4634 1519 4705 paralyticam,
1547 4634 1854 4687 dissolutam

280 4724 531 4777 omnibus
560 4725 832 4788 membris,
860 4732 913 4777 et
946 4733 1217 4778 vacantem
1246 4724 1313 4777 ab
1336 4724 1478 4776 onmi
1505 4738 1666 4791 opere
1692 4722 1854 4789 bono,

281 4825 558 4883 gravatam
585 4816 767 4884 utique
799 4816 1032 4883 peccatis
1058 4815 1188 4880 suis,
1215 4823 1269 4867 ct
1306 4815 1637 4883 languentem
1669 4814 1854 4867 morbo

281 4905 585 4974 cupiditatis
602 4919 729 4958 suae.
749 4903 804 4959 Si
822 4919 947 4974 ergo
971 4904 1221 4957 dissoluta
1248 4913 1369 4956 sunt
1394 4903 1627 4957 membra
1652 4904 1848 4966 onmia,

281 5006 436 5050 etest
462 4996 721 5065 paralysis
768 4995 1005 5060 interior,
1052 5003 1108 5047 ut
1159 4999 1434 5062 pervenias
1479 4993 1546 5047 ad
1589 4992 1855 5053 medicu.

282 5087 445 5152 (forte
472 5087 613 5140 enim
639 5086 768 5139 latet
802 5085 1058 5151 medicus,
1088 5093 1142 5139 et
1169 5084 1309 5139 intus
1337 5094 1453 5149 est;
1483 5084 1585 5138 hoc
1622 5094 1721 5148 est,
1751 5084 1853 5139 iste

285 5191 445 5229 verus
471 5174 770 5228 intellectus
812 5175 869 5228 in
914 5174 1199 5242 Scripturis
1247 5175 1482 5227 occultus
1527 5179 1649 5235 est),
1692 5192 1853 5240 expc:-

281 5264 456 5318 nendo
481 5263 620 5333 quod
643 5266 905 5318 occultum
934 5274 1014 5318 est
1038 5266 1183 5332 aperi
1207 5273 1423 5329 tectum,
1449 5273 1502 5319 ct
1529 5265 1735 5335 depone
1756 5283 1849 5335 pa-

280 5357 577 5428 mlyticum.
602 5356 751 5421 Quod
780 5357 867 5425 qui
908 5372 1010 5410 non
1044 5357 1258 5420 faciunt,
1288 5366 1341 5412 et
1368 5358 1458 5428 qui
1488 5358 1666 5413 facere
1688 5360 1851 5430 negli-

341 5470 356 5497 ι
384 5465 712 5528 AliquotMss.,
734 5464 825 5516 sibi
843 5465 1029 5517 talibus.

338 5530 359 5557 ι
380 5536 455 5575 Sic
473 5536 580 5576 Mss.
605 5528 722 5577 Editi
739 5540 857 5577 vero
871 5566 884 5585 ,
912 5529 1080 5580 deerit.

339 5590 360 5660 ξ
397 5588 726 5660 Αρυάηυιὶιη.
756 5596 809 5660 et
853 5597 959 5660 hev.
985 5593 1172 5660 omissa
1203 5591 1360 5642 fuerat
1397 5595 1652 5660 particula,
1696 5604 1852 5656 Inter;

275 5652 413 5720 cuius
433 5652 537 5720 loco
558 5656 735 5720 Am..et:
763 5652 1117 5720 t-gr..habebant,
1144 5661 1246 5703 aut.
1273 5652 1587 5706 Emeudantur
1614 5670 1706 5719 0pc
1746 5652 1848 5708 tum:

339 5711 360 5742 δ
382 5718 432 5759 tn
458 5718 587 5771 uss,
608 5710 671 5761 ad
687 5710 930 5763 christiani
951 5710 1237 5776 (unitatem.

1707 336 1938 392 SERMO
1971 336 2149 398 XLVI.
3447 352 3544 408 27S

1978 464 2126 520 guut,
2150 453 2367 510 audistis
2389 472 2506 525 qua:
2531 458 2743 513 audiant
2793 478 2805 513 :
2855 462 3002 526 Quod
3042 463 3172 516 male
3219 462 3411 531 habuit,
3442 484 3559 520 non.

1978 542 2370 613 corroborastis;
2421 556 2467 602 et
2521 552 2653 618 quod
2680 554 3067 607 contribulatum
3107 564 3200 621 est,
3247 572 3348 610 non
3394 559 3541 612 colli-

1976 644 2150 711 gastis.
2177 645 2295 700 Jam
2337 645 2460 701 hinc
2501 647 2749 704 diximus.
2780 650 2998 705 Fractus
3032 651 3173 705 enim
3205 662 3321 707 erat
3341 662 3543 710 terrore

1977 734 2324 791 tentationum
2358 754 2371 789 :
2399 738 2587 794 accidit
2603 740 2618 770 ¹
2649 738 2843 808 aliquid
2869 741 3006 796 unde
3029 742 3169 811 quod
3190 741 3412 798 fraetum
3434 754 3537 808 est,

1977 823 2269 893 colligetur,
2298 828 2591 882 consolatio
2634 829 2743 894 illa,
2788 827 2983 884 Fidelis
3009 829 3149 885 Deus
3195 832 3283 899 qui
3322 848 3422 886 non
3455 849 3540 887 vos

1975 914 2107 968 sinat
2145 918 2324 970 tentari
2350 934 2506 987 supra
2530 935 2679 988 quam
2708 921 2911 990 potestis
2938 926 3106 991 ferre;
3129 922 3217 977 sed
3245 924 3393 994 faciet
3424 940 3549 977 cum

1978 1006 2243 1060 tentatione
2263 1008 2411 1061 etiam
2434 1010 2638 1074 exitum,
2667 1021 2723 1063 ut
2753 1012 2951 1082 possitis
2974 1014 3233 1069 sustinere.

2045 1095 2270 1155 CAPUT
2307 1100 2417 1155 Vll.
2449 1131 2520 1142 —
2543 1104 2629 1157 14.
2658 1103 2899 1158 Errantes
2923 1121 3037 1159 oves
3057 1122 3285 1162 revocare
3312 1116 3549 1163 tenentur

1976 1199 2219 1258 pastores.
2239 1191 2613 1248 Donatistarum
2626 1196 2779 1249 stulta
2790 1196 3161 1265 obiectio—Et
3170 1198 3303 1269 quod
3317 1200 3536 1265 errabat,

1975 1295 2074 1333 non
2099 1283 2380 1337 revocastis.
2399 1284 2533 1340 Ecce
2550 1285 2687 1339 unde
2706 1286 2845 1341 inter
2860 1286 3136 1343 haereticos
3157 1290 3536 1357 periclitamur.

1974 1366 2043 1421 Et
2057 1370 2191 1439 quod
2209 1372 2421 1438 errabat,
2442 1390 2541 1427 non
2559 1376 2822 1429 revocastis
2839 1391 2859 1440 ;
2875 1384 2920 1430 et
2933 1381 3067 1447 quod
3084 1378 3247 1447 periit,
3261 1395 3358 1433 non
3375 1379 3540 1449 inqai~

1972 1460 2122 1515 sistis.
2154 1462 2286 1517 Hinc
2302 1466 2322 1495 ²
2348 1464 2485 1519 inter
2509 1480 2695 1520 manus
2714 1467 2975 1521 latronum
3003 1476 3058 1523 et
3084 1468 3270 1523 dentes
3297 1470 3537 1540 luporum

1974 1549 2264 1607 furentium
2284 1564 2564 1626 utcumque
2575 1567 2940 1613 versamurzet
2961 1574 3056 1628 pro
3078 1560 3157 1614 his
3178 1560 3420 1630 periculis
3436 1578 3505 1615 no
3520 1591 3537 1602 ο

1974 1643 2098 1697 stris
2121 1653 2178 1699 ut
2204 1646 2386 1710 oretis,
2408 1662 2638 1701 oramus.
2662 1648 3077 1705 Etcontumaces
3097 1658 3220 1704 sunt
3238 1665 3385 1716 oves,
3412 1652 3535 1721 quia

1973 1743 2277 1802 quaeruntur
2304 1745 2560 1803 errantes,
2588 1739 2785 1793 alienas
2814 1754 2874 1795 se
2902 1754 2932 1793 a
2961 1740 3113 1794 nobis
3143 1740 3325 1795 dicunt
3352 1756 3537 1796 errore

1972 1838 2071 1878 suo
2112 1834 2165 1879 et
2195 1826 2487 1895 perditione
2533 1844 2647 1884 sua.
2696 1829 2831 1896 Quid
2872 1846 2970 1886 nos
3007 1832 3234 1887 vultis"!
3276 1833 3400 1903 quid
3440 1850 3539 1888 nos

1972 1915 2419 1984 quteritis?Quasi
2449 1933 2552 1974 non
2583 1920 2695 1989 ipsa
2722 1936 2880 1975 causa
2909 1922 2978 1976 sit
3000 1937 3161 1991 quare
3177 1937 3267 1977 eas
3292 1923 3538 1987 velimus,

1971 2011 2025 2057 et
2048 2020 2210 2073 quare
2235 2022 2551 2075 qureramus,
2575 2011 2696 2080 quia
2727 2020 2907 2066 errant
2931 2021 2983 2066 et
3016 2021 3256 2082 pereunt.
3289 2013 3344 2068 Si
3372 2014 3422 2066 in
3452 2029 3541 2068 er-

1972 2109 2114 2162 rore,
2137 2097 2323 2165 inquit,
2354 2114 2490 2163 sum,
2515 2102 2559 2155 si
2583 2102 2633 2156 in
2657 2102 2892 2168 interitu,
2917 2103 3043 2172 quid
3064 2119 3150 2158 me
3170 2105 3280 2159 vis?
3306 2104 3430 2173 quid
3453 2121 3539 2160 me

1971 2189 2196 2256 qumris?
2217 2189 2348 2257 Quia
2386 2192 2437 2246 in
2470 2207 2651 2248 errore
2686 2209 2765 2259 es,
2789 2209 3035 2249 revocare
3074 2195 3195 2251 volo
3224 2214 3234 2247 :
3263 2196 3384 2265 quia
3416 2211 3540 2265 pcr-

1973 2278 2089 2345 isti,
2118 2281 2355 2337 invenire
2400 2282 2539 2336 volo.
2565 2284 2652 2338 Sic
2691 2285 2812 2339 volo
2850 2300 3051 2352 errare,
3079 2286 3155 2339 sic
3186 2286 3306 2339 volo
3343 2286 3537 2354 perire.

1972 2369 2060 2424 Sic
2106 2370 2186 2424 vis
2230 2386 2430 2437 errare,
2478 2373 2555 2427 sic
2604 2373 2685 2428 vis
2721 2375 2927 2443 perire!
2979 2374 3185 2441 Quanto
3225 2375 3413 2430 melius
3441 2390 3541 2445 ego

1973 2463 2135 2517 nolo?
2162 2463 2384 2518 Prorsus
2401 2464 2573 2519 audeo
2599 2464 2795 2529 dicere,
2825 2466 3156 2535 importunus
3189 2482 3327 2521 sum.
3366 2465 3555 2521 Audio.

1970 2551 2113 2605 enim
2139 2551 2403 2607 dicentem
2428 2556 2759 2623 Apostolum,
2790 2553 3023 2609 Prtedica
3046 2556 3268 2620 verbum,
3289 2556 3421 2610 insta
3444 2572 3538 2625 op-

1974 2651 2202 2711 portune,
2223 2642 2505 2711 importune
2527 2644 2590 2715 (ll
2620 2643 2755 2698 Tim.
2787 2661 2858 2711 Iv,
2886 2645 2962 2715 Ξ).
2994 2646 3193 2713 Quibus
3214 2648 3535 2716 opportune!

1972 2732 2160 2801 quibus
2194 2733 2517 2803 importune?
2548 2733 2839 2804 Opportune
2866 2737 3046 2805 utique
3075 2736 3395 2803 volentibus,
3438 2738 3539 2790 im—

1974 2832 2184 2889 portune
2210 2810 2532 2877 nolentibus.
2569 2824 2794 2879 Prorsus
2842 2825 3174 2894 importunus
3201 2841 3340 2891 sum,
3368 2826 3547 2880 audeo

1973 2912 2165 2968 dicere.
2198 2912 2273 2965 Tu
2302 2913 2382 2967 vis
2412 2928 2612 2979 errare,
2643 2922 2697 2967 tu
2724 2914 2804 2967 vis
2854 2915 3027 2983 perire
3063 2933 3075 2968 :
3106 2930 3205 2985 ego
3245 2915 3390 2969 nolo.
3420 2914 3536 2970 Non

1973 3005 2082 3059 vult
2110 3013 2376 3074 postremo
2400 3006 2486 3061 ille
2506 3007 2593 3075 qui
2619 3021 2706 3062 me
2733 3015 2914 3061 terret.
2933 3007 2987 3061 Si
3011 3007 3249 3074 voluero,
3267 3007 3387 3062 vide
3408 3007 3535 3076 quid

1972 3095 2130 3161 dicat,
2157 3096 2278 3151 vide
2318 3096 2444 3166 quid
2478 3097 2750 3167 increpet:
2777 3096 2924 3162 Quod
2959 3097 3176 3163 errabat,
3209 3113 3310 3150 non
3334 3112 3539 3150 revoca-

1970 3188 2090 3252 stis;
2117 3195 2162 3242 et
2207 3188 2340 3257 quod
2382 3188 2548 3258 periit,
2596 3203 2696 3242 non
2720 3188 3011 3256 inquisistis.
3039 3187 3115 3242 Te
3146 3188 3310 3258 magis
3338 3187 3536 3243 timebo

1969 3293 2127 3349 quam
2155 3278 2359 3346 ipsum?
2377 3276 2597 3347 Oportet
2614 3291 2712 3333 nos
2739 3292 2925 3332 omnes
2950 3277 3187 3331 exhiberi
3216 3286 3341 3334 ante
3364 3277 3535 3333 tribu-

1970 3370 2059 3425 nal
2089 3368 2285 3424 Christi
2323 3368 2393 3439 (ll
2420 3368 2537 3423 Cor.
2565 3384 2620 3433 v,
2652 3368 2761 3439 10).
2800 3368 2914 3422 Non
2941 3376 2994 3422 te
3019 3368 3211 3435 timeo;
3247 3383 3352 3424 non
3393 3370 3546 3425 enim;

1971 3468 2121 3531 potes
2148 3469 2385 3515 evertere
2415 3459 2642 3515 tribunal
2671 3458 2889 3524 Christi,
2920 3468 2975 3513 et
3001 3460 3324 3515 constituere
3364 3461 3534 3516 tribu-

1971 3554 2055 3607 nal
2077 3554 2283 3607 Donati.
2308 3552 2585 3607 Revocabo
2612 3560 2901 3616 errantem,
2931 3551 3198 3621 requiram
3228 3552 3485 3620 perditam
3516 3571 3531 3607 :

1970 3645 2101 3698 velis
2130 3645 2291 3709 nolis,
2342 3644 2392 3696 id
2422 3657 2594 3712 agam.
2645 3641 2777 3695 Etsi
2805 3656 2891 3696 me
2936 3642 3287 3712 inquirentem
3332 3644 3535 3699 lanient

1970 3750 2157 3805 vepres
2206 3735 2475 3798 silvarum,
2509 3748 2604 3803 per
2630 3734 2805 3787 omnia
2832 3743 3052 3802 angusta
3094 3749 3177 3787 me
3220 3736 3555 3800 coarctabo;

1968 3840 2153 3880 omnes
2194 3839 2349 3894 sepes
2398 3824 2692 3887 excutiam;
2724 3832 2973 3892 quantum
3019 3823 3147 3876 mihi
3191 3823 3382 3877 virium
3425 3834 3531 3881 ter-

1970 3932 2090 3972 rens
2112 3918 2364 3970 Dominus
2383 3916 2564 3980 donat,
2588 3915 2763 3969 omnia
2796 3914 3087 3984 peragraho
3118 3932 3131 3968 :
3161 3915 3421 3970 revocabo
3440 3930 3531 3970 er-

1971 4016 2193 4072 rantem,
2220 4008 2483 4077 requiram
2510 4015 2837 4077 pereuntem.
2861 4006 2915 4061 Si
2939 4021 3024 4060 me
3046 4006 3150 4076 pati
3169 4021 3276 4061 non
3297 4006 3397 4073 vis,
3420 4006 3547 4061 noli.

1968 4115 2165 4162 errare,
2195 4100 2301 4152 noli
2334 4099 2526 4167 perire.

2038 4189 2127 4243 15.
2174 4187 2409 4241 Errantes
2450 4203 2561 4242 oves
2610 4205 2709 4241 non
2752 4188 2858 4241 sine
2907 4204 3147 4241 sanarum
3178 4188 3398 4257 periculo
3441 4205 3537 4242 ne-

1964 4282 2239 4351 gliguntur.
2269 4279 2458 4333 Parum
2489 4287 2572 4333 est
2617 4277 2757 4348 quod
2788 4277 2942 4333 doleo
2986 4287 3037 4332 te
3075 4287 3339 4333 errantem
3374 4287 3532 4348 atque

1967 4380 2271 4443 pereuntem
2297 4387 2309 4434 ;
2340 4370 2499 4424 timeo
2528 4384 2595 4423 ne
2626 4370 2893 4438 negligens
2924 4377 2995 4436 te,
3033 4370 3191 4424 etiam
3222 4367 3364 4438 quod
3390 4368 3528 4424 forte

1964 4474 2045 4520 est
2063 4461 2320 4519 occidam.
2355 4461 2484 4516 Vide
2509 4462 2649 4516 enim
2675 4462 2801 4531 quid
2826 4461 3061 4531 sequitur
3093 4480 3106 4515 :
3136 4460 3203 4515 Et
3246 4460 3379 4529 quod
3401 4464 3551 4531 forte

1965 4555 2080 4625 fuit,
2103 4536 2405 4624 confecistis.
2432 4552 2486 4607 Si
2515 4552 2797 4623 neglexero
2826 4564 3094 4607 errantem
3121 4561 3277 4622 atque
3304 4566 3533 4620 perennc

1966 4658 2091 4714 tem,
2110 4657 2163 4700 et
2186 4661 2306 4701 eum
2336 4646 2422 4715 qui
2454 4646 2602 4699 fortis
2626 4654 2708 4699 est
2730 4644 3010 4699 delectabit
3034 4658 3211 4697 errare
3232 4651 3391 4711 atque
3407 4656 3530 4710 per-

1966 4739 2061 4791 ire.
2101 4737 2270 4806 Cupio
2304 4736 2446 4789 lucra
2470 4734 2755 4805 exteriora,
2788 4734 2879 4787 sed
2908 4734 3067 4788 timeo
3097 4734 3214 4802 plus
3238 4732 3428 4786 damna
3448 4731 3530 4785 ins

1965 4828 2175 4881 teriora.
2204 4827 2259 4880 Si
2292 4825 2675 4878 indill'erentem
2709 4822 2944 4876 habuero
2968 4837 3202 4877 errorem
3252 4830 3417 4884 tuum,
3442 4830 3528 4875 at-

1965 4919 2131 4972 tendit
2156 4918 2242 4988 qui
2272 4917 2421 4970 t‘ortis
2450 4925 2549 4977 est,
2586 4922 2733 4984 putat
2762 4914 2889 4967 nihil
2921 4928 3040 4968 esse
3072 4913 3148 4967 ire
3178 4914 3227 4966 in
3261 4911 3525 4967 haeresim.

1963 5010 2183 5077 Quando
2209 5008 2422 5078 aliquod
2454 5006 2791 5062 commodum
2820 5006 2884 5059 de
2904 5006 3096 5060 seculo
3117 5004 3370 5059 reluxerit
3388 5004 3531 5060 unde

1962 5111 2213 5165 mutetur,
2259 5103 2433 5155 statim
2466 5100 2591 5153 mihi
2622 5098 2749 5153 dicit
2778 5098 2927 5153 fortis
2971 5098 3057 5151 ille
3090 5097 3374 5165 periturus,
3402 5110 3525 5151 cum

1962 5204 2013 5249 te
2039 5193 2295 5264 perditum
2315 5208 2416 5245 non
2435 5192 2646 5261 requiro
2671 5209 2682 5244 :
2707 5190 2774 5245 Et
2792 5191 2891 5244 hac
2910 5199 2961 5243 et
2977 5189 3076 5242 hac
3094 5188 3229 5241 Deus
3254 5196 3335 5242 est
3352 5203 3367 5253 ;
3391 5186 3518 5257 quid

1962 5285 2216 5340 interest?
2253 5284 2500 5339 Homines
2530 5284 2665 5337 inter
2711 5297 2770 5337 se
2813 5282 3072 5350 litigantes
3125 5279 3228 5335 hoc
3266 5278 3524 5344 fecerunt,

1962 5377 2278 5445 ubicumque
2328 5374 2584 5430 colendus
2632 5381 2714 5428 est
2768 5372 2923 5425 Deus.
2965 5369 3020 5424 Si
3051 5369 3185 5425 forte
3235 5370 3306 5424 illi
3331 5367 3527 5425 dixerit

2026 5541 2040 5568 ι
2068 5543 2186 5599 Tres
2208 5541 2331 5599 Mss,
2355 5530 2553 5599 accedit.
2579 5531 2817 5599 Pauloqne
2836 5538 2945 5599 post
2962 5538 3059 5599 Αιῃ.
3086 5535 3161 5579 Er.
3179 5536 3231 5582 et
3265 5529 3519 5583 Corbeien»

1960 5601 2028 5649 sis
2049 5605 2128 5645 Ms.
2170 5588 2367 5653 habent,
2391 5592 2634 5656 colligetur
2657 5588 2966 5656 consolatume
2982 5588 3083 5656 illa.

2023 5662 2041 5690 ²
2065 5660 2134 5705 sic
2158 5667 2256 5705 Am.
2283 5663 2333 5704 et
2356 5652 2458 5704 Mss.
2484 5652 2538 5703 A't
2558 5660 2627 5701 Fr.
2656 5652 2789 5701 Ulim.
2817 5660 2868 5701 et
2884 5661 3012 5712 t,ov.,
3036 5652 3131 5702 hic.

2025 5721 2043 5751 ³
2066 5720 2179 5767 min
2198 5755 2212 5779 ,
2237 5718 2427 5777 dicunt,
2455 5716 2572 5775 (ruat
2596 5728 2677 5765 nos
2702 5714 2835 5767 rultts
2852 5714 2875 5764 2’
2898 5716 3071 5778 Abest,
3097 5712 3258 5765 dicunt
3273 5748 3287 5775 ,
3310 5725 3337 5762 a
3361 5718 3465 5760 Mss.
