3994 6438
502 354 609 411 279

502 469 697 540 aliquis
726 466 1024 534 Donatista,
1048 466 1163 522 Non
1205 466 1299 522 tibi
1347 466 1484 521 dabo
1528 466 1686 523 ﬁliam
1733 482 1928 535 meam,
1970 469 2075 525 nisi

506 560 676 617 fueris
701 559 771 617 de
810 570 960 631 parte
987 574 1102 615 mea
1134 577 1149 614 :
1178 560 1253 615 illi
1284 574 1418 631 opus
1444 568 1528 616 est
1552 569 1608 615 ut
1630 562 1885 629 attendat,
1908 572 1963 618 et
1990 563 2073 619 di-

497 662 605 722 cat,
626 653 682 709 Si
712 652 843 709 nihil
869 653 994 709 mali
1023 663 1167 709 esset
1192 668 1312 708 esse
1336 653 1404 708 dc
1426 662 1572 723 parte
1589 670 1793 719 eorum,
1817 670 1924 710 non
1944 670 2075 712 con-

498 754 577 800 tra
608 744 730 800 illos
765 753 906 799 tanta
930 743 1168 800 dicerent
1194 753 1435 814 pastores
1473 746 1660 813 nostri,
1688 762 1793 805 non
1821 761 1919 818 pro
1945 747 2069 804 illo-

493 855 614 895 rum
643 853 826 895 errore
844 847 1165 909 satagerent.
1181 839 1236 895 Si
1256 853 1385 910 ergo
1404 853 1674 896 cessemus
1697 849 1750 896 et
1773 848 2067 905 taceamus,

494 931 758 985 contraria
788 930 1059 985 locuturus
1086 938 1169 985 est
1203 947 1216 984 :
1246 929 1439 1000 Utique
1467 931 1513 985 si
1544 931 1741 986 malum
1771 941 1919 987 esset
1947 946 2068 987 esse

494 1021 547 1075 in
587 1029 737 1091 parte
778 1019 992 1088 Donati,
1039 1020 1382 1091 loquerentur
1428 1029 1634 1087 contra,
1686 1021 2070 1093 redarguerent

494 1126 613 1181 eos,
643 1120 946 1183 satagerent
985 1113 1178 1168 lucrari
1223 1113 1343 1168 illos
1387 1114 1480 1169 :si
1526 1122 1725 1178 errant,
1758 1122 2068 1169 revocarent

496 1205 645 1269 illos;
678 1206 723 1261 si
754 1213 998 1276 pereunt,
1032 1214 1333 1277 qmererent
1361 1205 1534 1260 illos'.
1559 1204 1675 1260 Non
1700 1204 1893 1259 frustra
1915 1219 2062 1275 ergo,

491 1312 613 1353 cum
638 1297 749 1369 jam
779 1298 1001 1353 dixisset
1045 1299 1309 1369 superius,
1344 1298 1492 1364 Quod
1516 1314 1743 1353 crsasum
1769 1308 1862 1365 est,
1905 1298 2064 1352 inter-

488 1388 714 1458 fecistis;
744 1388 831 1444 hic
858 1390 1050 1444 iterum
1072 1390 1124 1444 in
1151 1389 1441 1453 novissimo
1466 1389 1660 1459 posuit,
1684 1388 1755 1442 Et
1775 1388 1909 1460 quod
1934 1393 2066 1461 forte

486 1481 603 1553 fuit,
626 1480 931 1553 confecistis.
951 1480 1069 1551 Ipsa
1096 1489 1179 1537 est
1202 1482 1342 1537 enim
1371 1481 1591 1551 repetita
1623 1481 1903 1547 sententia,
1921 1479 2022 1535 nisi
2040 1481 2062 1513 ³

491 1587 557 1627 ex
585 1571 667 1627 bis
689 1586 808 1643 quae
835 1586 994 1642 supra
1013 1571 1145 1627 dixit
1165 1581 1285 1627 nata
1308 1581 1409 1638 est,
1432 1572 1580 1637 Quod
1604 1572 1820 1640 errabat,
1848 1587 1948 1626 non
1972 1586 2056 1625 re-

485 1664 737 1732 vocastis;
784 1674 832 1720 et
880 1665 1021 1736 quod
1056 1665 1222 1731 periit,
1258 1680 1359 1719 non
1397 1665 1672 1733 requisislis
1710 1680 1731 1719 :
1757 1673 1804 1719 et
1848 1664 1952 1721 hoc
1977 1663 2059 1719 fa-

487 1754 698 1820 ciendo,
737 1755 873 1826 quod
893 1757 1023 1827 forte
1050 1764 1140 1820 est,
1166 1754 1502 1825 interfecistis.

556 1845 786 1903 CAPUT
824 1845 1153 1903 “IL-16.
1200 1847 1380 1902 Ovium
1432 1849 1706 1904 errantium
1753 1848 2043 1921 infelicitas.

493 1936 724 1994 Proinde
743 1936 865 1993 audi
885 1937 1009 2009 quid
1037 1947 1290 2009 sequatur
1316 1940 1384 1995 de
1413 1939 1513 1995 ista
1542 1940 1859 2012 negligentia
1889 1941 2057 1996 malo-

485 2044 625 2097 rum,
654 2030 762 2084 imo
796 2028 1048 2084 falsorum
1076 2038 1347 2100 pastorum
1384 2047 1398 2083 :
1434 2030 1502 2084 Et
1535 2031 1776 2102 dispersit
1799 2038 1917 2086 sunt
1944 2046 2058 2087 oves

483 2137 625 2186 meat,
656 2136 714 2176 eo
740 2122 876 2192 quod
918 2138 1019 2176 non
1044 2122 1109 2177 sit
1139 2130 1344 2192 pastor;
1389 2131 1436 2177 et
1473 2124 1622 2193 factae
1657 2133 1774 2179 sunt
1809 2124 1863 2178 in
1889 2139 2054 2178 come-

479 2222 671 2266 sturam
700 2212 927 2267 omnibus
951 2212 1117 2267 bestiis
1135 2214 1265 2284 agri.
1286 2212 1552 2268 Furantur
1576 2214 1685 2283 lupi
1721 2213 2052 2278 insidiantes,

480 2303 691 2373 rapiunt
724 2303 909 2359 leones
937 2303 1242 2369 frementes,
1274 2319 1394 2359 cum
1435 2318 1563 2359 oves
1598 2320 1707 2359 non
1732 2305 1936 2360 haerent
1960 2319 2055 2374 pa-

483 2393 671 2448 stori'.
698 2392 830 2448 Nam
861 2407 1096 2463 praesens
1122 2402 1204 2448 est
1228 2402 1430 2464 pastor,
1472 2395 1565 2450 sed
1603 2396 1741 2450 male
1777 2394 2054 2466 agentibus

480 2497 585 2555 non
614 2492 697 2539 est
734 2492 932 2553 pastor.
974 2483 1041 2538 Et
1069 2483 1329 2540 inbaarent
1363 2484 1663 2554 pastoribus
1693 2500 1798 2540 non
1831 2486 2055 2555 pastori-

480 2576 612 2639 bus;
640 2589 699 2630 se
719 2574 881 2648 ipsos,
904 2589 1010 2630 non
1037 2590 1163 2630 oves
1189 2576 1529 2646 pascentibus
1551 2594 1565 2632 :
1588 2585 1642 2632 et
1663 2577 1874 2633 lethalis
1899 2593 2056 2633 error

477 2665 835 2735 consequitur.
864 2665 1003 2721 Eunt
1039 2666 1092 2720 in
1131 2665 1329 2721 bestias
1367 2666 1739 2736 depraedantes
1780 2684 1860 2733 se,
1892 2676 1946 2724 et
1986 2669 2053 2725 de

478 2754 688 2810 illarum
717 2763 891 2811 morte
937 2770 996 2811 se
1034 2756 1213 2811 satiari
1243 2757 1534 2827 cupientes.
1564 2756 1720 2813 Tales
1747 2761 1888 2813 enim
1927 2768 2052 2815 sunt

476 2859 666 2900 omnes
692 2847 782 2915 qui
804 2846 1033 2916 gaudent
1058 2846 1125 2901 de
1161 2847 1429 2901 erroribus
1457 2847 1674 2914 alienis;
1716 2848 1897 2903 bestia:
1925 2857 2052 2903 sunt

477 2945 641 3009 pasta:
671 2938 931 3019 mortibus
959 2938 1316 3009 dispersorum
1334 2939 1375 2994 δ.

548 3030 635 3083 l7.
705 3027 833 3082 Mali
884 3039 1074 3083 montes
1110 3038 1158 3083 et
1199 3030 1350 3086 colles
1371 3073 1385 3096 ,
1415 3032 1465 3085 in
1493 3033 1671 3102 quibus
1709 3050 1822 3089 oves
1858 3045 2045 3090 errant.

476 3116 607 3172 Boni
646 3127 857 3173 montes.
884 3148 957 3159 —
993 3117 1060 3173 Et
1088 3120 1328 3191 dispersa
1362 3129 1497 3187 sunt,
1537 3131 1585 3176 et
1627 3132 1915 3179 erraverunt
1936 3141 2048 3180 oves

476 3224 599 3264 mea:
618 3209 670 3263 in
697 3225 893 3263 onmem
916 3220 1152 3272 montem,
1176 3218 1220 3264 et
1239 3210 1293 3264 in
1318 3227 1512 3265 omnem
1537 3212 1717 3267 collem
1742 3215 1920 3270 altunt.
1948 3216 2049 3273 Be—

474 3300 591 3355 stia:
616 3315 646 3355 a
673 3300 941 3356 montibus
957 3311 1010 3356 et
1037 3301 1282 3368 collibus,
1308 3310 1483 3357 tumor
1508 3313 1752 3360 terrenus
1776 3314 1830 3360 et
1855 3320 2047 3379 super-

473 3389 561 3444 bia
592 3388 795 3445 sasculi.
828 3390 1028 3445 Extulit
1055 3405 1113 3446 se
1138 3392 1383 3462 superbia
1409 3392 1619 3459 Donati,
1648 3395 1770 3450 fecit
1794 3396 1895 3451 sibi
1924 3413 2047 3469 par-

474 3489 579 3537 tem
602 3499 616 3537 :
635 3482 963 3552 subsequens
986 3498 1106 3538 eum
1135 3483 1537 3550 Parmeuianus,
1557 3486 1699 3542 illius
1717 3489 2049 3547 confirmavit

472 3586 732 3627 errorem.
759 3571 853 3628 Ille
878 3588 1031 3628 mons
1057 3582 1159 3641 est,
1193 3574 1280 3629 ille
1310 3576 1461 3631 collis
1487 3585 1588 3632 est.
1637 3577 1726 3634 Sic
1749 3580 1921 3636 omnis
1949 3597 2044 3636 cu-

469 3662 685 3732 juslibet
712 3672 895 3719 auctor
918 3666 1116 3720 erroris
1142 3675 1357 3721 terrena
1395 3668 1624 3724 elatione
1663 3670 2041 3739 intumescens,

471 3754 730 3822 promittit
756 3753 944 3809 ovibus
971 3755 1227 3825 requiem,
1255 3771 1446 3825 pascua
1473 3758 1610 3813 bona
1638 3778 1651 3813 :
1675 3769 1728 3815 et
1757 3762 2043 3831 aliquando

470 3842 748 3898 inveniunt
787 3843 858 3900 ibi
885 3859 1011 3899 oves
1048 3860 1245 3915 pascua
1272 3846 1340 3901 de
1365 3847 1537 3916 pluvia
1568 3848 1682 3915 Dei,
1722 3865 1826 3905 non
1856 3851 1924 3906 de
1948 3851 2045 3906 du-

471 3934 590 3989 ritia
621 3935 820 3991 montis
850 3936 1082 3992 :babent
1110 3939 1251 3993 enim
1278 3947 1329 3993 et
1360 3940 1458 4008 ipsi
1489 3938 1810 4010 Scripturas,
1840 3942 2042 4000 habent

468 4024 831 4081 Sacramenta.
870 4027 982 4082 Non
1005 4036 1129 4082 sunt
1161 4030 1259 4083 ista
1290 4032 1547 4087 montium
1588 4050 1600 4086 :
1631 4033 1724 4088 sed
1751 4050 1869 4089 cum
1892 4036 2040 4092 inve-

470 4114 687 4171 niuntur
715 4116 768 4170 in
797 4118 1092 4181 morntibus;
1135 4119 1273 4174 male
1312 4131 1613 4177 remanetur
1656 4124 1707 4177 in
1754 4127 2039 4182 montibus.

472 4204 714 4259 Errando
725 4206 865 4260 enim
889 4207 941 4260 in
961 4207 1229 4262 montibus
1249 4210 1368 4263 etin
1392 4211 1633 4279 collibus,
1647 4212 2036 4287 deseruntgre-

470 4312 649 4367 grem;
680 4297 935 4353 deserunt
960 4300 1237 4363 unitatem,
1259 4301 1513 4358 deserunt
1539 4306 1767 4361 munitas
1789 4307 2041 4364 cohortes

473 4389 728 4444 adversus
750 4389 933 4444 leones
957 4398 1011 4445 et
1029 4390 1198 4460 lupos.
1224 4391 1350 4448 inde
1369 4409 1496 4465 ergo
1517 4406 1731 4452 revocet
1753 4397 1907 4464 Deus,
1930 4400 2042 4468 ipse

472 4488 705 4536 revocet.
720 4480 875 4536 Modo
891 4478 1115 4537 audietis
1130 4484 1301 4553 ipsum
1318 4497 1653 4542 revocantem
1677 4507 1688 4541 :
1711 4488 2037 4559 Moverunt,

473 4571 663 4640 inquit,
692 4588 806 4627 oves
822 4589 945 4628 mea:
963 4572 1016 4626 in
1044 4589 1238 4629 omnem
1256 4586 1495 4643 montem,
1513 4587 1560 4632 et
1580 4579 1631 4633 in
1650 4595 1844 4634 omnem
1864 4582 2042 4637 collem

465 4664 659 4730 altum;
678 4664 779 4720 hoc
797 4673 899 4732 est,
923 4666 975 4721 in
1000 4680 1212 4721 omnem
1231 4675 1491 4723 tumorem
1513 4676 1737 4725 terrenae
1754 4672 2036 4740 superbim.

469 4755 604 4810 Sunt
622 4754 764 4810 enim
787 4764 842 4812 et
863 4765 1071 4812 montes
1088 4757 1210 4811 boni
1232 4774 1244 4810 :
1270 4756 1449 4811 Levavi
1471 4759 1642 4813 oculos
1664 4777 1797 4815 meos
1817 4762 1870 4815 in
1896 4778 2040 4816 mon—

465 4856 560 4913 tes,
590 4846 725 4901 unde
746 4848 902 4902 veniet
922 4848 1167 4903 auxilium
1188 4849 1330 4902 mihi.
1356 4847 1424 4902 Et
1449 4848 1568 4903 vide
1592 4850 1713 4920 quia
1732 4867 1834 4905 non
1860 4852 1951 4907 tibi
1979 4852 2031 4907 in

465 4934 734 4993 montibus
772 4951 896 5009 spes
934 4946 1017 4994 est
1057 4955 1071 4992 ε
1114 4938 1394 5006 Auxilium,
1437 4939 1624 5013 inquit,
1659 4957 1822 4995 meum
1856 4959 1887 4995 a
1930 4941 2038 4997 Do-

464 5028 621 5096 mino,
650 5030 736 5099 qui
762 5030 879 5098 fecit
899 5028 1076 5083 caelum
1101 5038 1148 5084 et
1170 5038 1349 5082 terram
1377 5028 1546 5100 (Psal.
1576 5044 1702 5099 cxx,
1733 5032 1784 5099 l,
1810 5032 1890 5103 2).
1920 5033 2035 5089 Noli

526 5183 544 5214 ί
558 5181 861 5253 Corbeiensis
877 5187 980 5243 Ms,
995 5180 1081 5232 sed
1095 5188 1276 5244 errant,
1296 5188 1567 5234 revocarent
1580 5183 1708 5246 illos;
1723 5186 1809 5237 sed
1823 5194 2035 5251 pereunt,

488 5249 729 5301 merent
744 5240 869 5305 illos.
967 5240 974 5243 ⁷
1263 5240 1271 5244 ⁷
1691 5240 1701 5246 ’
1823 5240 1835 5251 ”
2021 5240 2034 5251 ’

526 5301 847 5377 έῐῃέςᾳξιῆρῃθ
870 5302 1004 5377 olim.
1032 5310 1085 5355 et
1106 5310 1214 5355 Lov.
1247 5306 1475 5355 omissum
1497 5313 1592 5367 est,
1616 5306 1739 5370 nisi;
1760 5308 2038 5360 reluctanti-

463 5367 555 5414 bus
570 5364 714 5415 editis
732 5363 840 5415 aliis
857 5373 911 5415 et
923 5373 1029 5415 Mss.

526 5427 548 5459 ⁸
569 5424 759 5487 Aliquot
790 5432 897 5492 uss.
937 5439 1126 5477 necnon
1168 5427 1421 5492 Concordia
1468 5428 1754 5492 [tegularum
1772 5464 1788 5491 ,
1822 5443 1924 5492 cap.
1958 5431 2036 5491 55,

466 5498 573 5549 sum
757 5484 1249 5554 adhwrentpastori;
1286 5488 1499 5554 sublata_
1522 5484 1736 5554 negante
1774 5484 2037 5554 particula,

461 5545 579 5625 φξὲ
593 5545 856 5625 Melite
867 5559 987 5625 Fui-1
1000 5545 1206 5625 severo
1233 5545 1427 5625 iam
1455 5545 2037 5625 οδτίξῖρ.εε³ιίιςε.ιξεεοοεί

462 5608 609 5671 saria'
630 5616 724 5659 est.
743 5608 891 5676 gaulo
932 5617 1040 5676 post
1066 5608 1349 5676 auctoritate
1387 5620 1488 5661 Am.
1524 5619 1577 5676 et
1610 5608 1715 5676 uss.
1755 5608 2032 5676 addidimus,

461 5668 555 5734 iam
853 5683 871 5732 ;
893 5668 1175 5734 quodapud
1214 5678 1287 5722 Er.
1325 5681 1376 5724 et
1406 5680 1515 5723 ιον.
1548 5673 1868 5734 desideratur.

527 5730 553 5775 ἐ’
662 5730 967 5797 aliquot
996 5730 1210 5786 Alii'cum
1241 5735 1380 5787 editis
1396 5770 1410 5797 ,
1434 5733 1670 5788 morsibus
1692 5733 2030 5800 dispersarmn.

1702 352 1759 406 s.
1800 338 2160 409 AUGUSTINI
2200 356 2495 418 EPISCOPI

3650 384 3742 442 980

2184 482 2373 571 putare
2409 478 2653 571 iniuriam
2694 492 2746 538 te
2783 485 2959 545 facere
2984 493 3253 551 montibus
3285 498 3506 565 sanctis,
3534 503 3735 571 quando

2179 566 2399 636 dixeris,
2414 569 2672 629 Auxilium
2686 593 2851 633 nicum
2870 596 2974 637 non
2989 598 3019 638 a
3039 586 3328 655 montibus,
3343 591 3434 646 sed
3452 609 3484 645 a
3506 566 3730 662 Domino,

2178 662 2263 729 qui
2289 663 2406 734 fecit
2419 665 2597 720 celum
2616 677 2663 721 et
2682 679 2885 726 terram.
2908 672 3011 744 ipsi
3035 687 3243 734 montes
3261 679 3362 736 hoc
3377 682 3472 738 tibi
3489 683 3730 742 clamant.

2124 752 2133 759 '
2177 750 2324 807 Mons
2362 764 2477 809 erat
2519 756 2609 827 qui
2655 759 2917 819 clamabat
2957 782 2972 819 :
3017 765 3184 824 Audio
3215 770 3271 824 in
3310 771 3446 827 vobis
3473 775 3733 832 schismata

2174 840 2371 939 ξενίζει
2392 849 2738 939 unusquisque
2759 862 2973 909 vestrum
2996 856 3137 921 dicit,
3168 859 3282 931 Ego
3300 879 3414 917 sum
3443 863 3621 931 Pauli,
3644 884 3727 939 ego

2175 930 2373 1001 Apollo,
2406 950 2498 1006 ego
2523 936 2723 1009 (Iephte,
2752 959 2845 1014 ego
2871 954 3037 1001 autem
3063 930 3267 1006 Christi.
3301 952 3438 1011 Leva
3476 930 3730 1016 oculosil

2174 1021 2333 1077 istum
2360 1036 2618 1095 montem,
2643 1031 2764 1115 audi
2789 1035 2916 1104 quid
2942 1036 3116 1106 dicat;
3141 1049 3196 1096 et
3218 1057 3317 1099 nec
3346 1044 3399 1100 in
3423 1046 3540 1116 ipso
3559 1060 3730 1107 monte

2172 1126 2467 1206 remaneas.
2501 1121 2636 1175 Audi
2654 1123 2798 1179 enim
2828 1126 2953 1195 quid
2974 1140 3229 1200 sequatur
3255 1150 3271 1188 :
3301 1133 3563 1206 Numquid
3591 1137 3731 1193 Pau-
3790 1191 3805 1202 ,

2172 1200 2252 1256 lus
2276 1206 2551 1275 cruciﬁxus
2573 1218 2647 1263 est
2669 1228 2763 1282 pro
2781 1214 2914 1269 vobis
2930 1215 2972 1287 (I
2987 1216 3106 1273 Cor.
3129 1235 3168 1285 ι,
3184 1222 3369 1295 11-15)
3385 1225 3409 1278 7
3428 1200 3569 1296 Ergo
3588 1236 3729 1297 post-

2169 1306 2390 1364 eaquam
2446 1297 2704 1357 levaveris
2742 1306 2925 1363 oculos
2983 1309 3037 1364 in
3082 1321 3327 1382 montes,
3380 1317 3521 1374 unde
3561 1321 3731 1377 veniet

2166 1387 2419 1444 auxilium
2448 1390 2560 1460 tibi,
2592 1393 2644 1448 id
2675 1403 2777 1462 est,
2809 1397 2860 1451 in
2900 1408 3145 1458 auctores
3184 1403 3579 1476 Scripturarum
3603 1409 3730 1466 divi-

2168 1489 2376 1546 narum,
2403 1481 2616 1538 attende
2643 1485 2890 1543 omnibus
2928 1490 3175 1549 medullis
3199 1495 3328 1561 suis,
3366 1498 3615 1554 omnibus
3641 1514 3727 1556 os-

2165 1566 2312 1622 sibus
2351 1569 2700 1662 clamantem,
2746 1575 2980 1647 Domine,
3031 1583 3145 1653 quis
3187 1584 3369 1641 similis
3420 1589 3510 1643 tibi
3559 1589 3727 1662 (μιαί.

2164 1670 2347 1725 xxxnv,
2373 1657 2500 1733 l0)?
2526 1672 2583 1717 ut
2606 1678 2827 1722 securus
2864 1669 2981 1727 sine
3009 1671 3118 1727 ulla
3148 1673 3338 1745 injuria
3365 1657 3625 1735 montium
3652 1680 3730 1737 di-

2162 1761 2274 1815 cas,
2300 1749 2564 1807 Auxilium
2582 1771 2746 1811 meum
2767 1774 2801 1813 a
2822 1757 3062 1831 Domino,
3089 1765 3176 1834 qui
3204 1765 3320 1836 fecit
3343 1769 3523 1824 cretum
3556 1780 3607 1825 et
3629 1779 3729 1826 ter-

2160 1854 2290 1895 ram.
2332 1841 2448 1898 Non
2472 1844 2647 1901 solum
2675 1856 2798 1905 tunc
2820 1850 2913 1908 tibi
2945 1868 3051 1909 non
3074 1859 3463 1916 suceensehunt
3483 1872 3722 1931 montes;

2161 1931 2256 1986 sed
2286 1940 2411 1988 tunc
2452 1937 2725 2008 amabunt,
2753 1949 2881 1997 tunc
2923 1945 3090 2015 magis
3118 1946 3415 2007 favebunt:
3443 1952 3566 2007 siin
3598 1953 3726 2023 ipsis

2160 2034 2308 2112 spem
2337 2032 2479 2079 tuam
2510 2030 2767 2097 posueris,
2797 2033 3270 2094 contristabuntur.
3299 2042 3530 2112 Angelus
3557 2044 3721 2101 multa

2159 2109 2336 2166 divina
2377 2122 2433 2168 et
2458 2117 2588 2171 mira
2617 2120 2906 2179 ostendens
2937 2123 3161 2195 homini,
3190 2128 3260 2185 ab
3288 2109 3510 2189 homine
3536 2134 3726 2190 adora-

2159 2199 2334 2270 batur,
2385 2212 2631 2277 tanquam
2658 2210 2867 2269 levante
2892 2216 3075 2272 oculos
3100 2218 3154 2274 in
3182 2230 3441 2278 montem.
3474 2225 3543 2279 At
3580 2225 3668 2282 ille
3694 2242 3726 2282 ι

2157 2307 2226 2387 διδΔ
2244 2310 2499 2354 revocans
2519 2300 2584 2357 ad
2606 2304 2884 2362 Dominum
2909 2310 2947 2362 ιε
2973 2308 3122 2379 Noli,
3146 2311 3336 2384 inquit,
3366 2319 3551 2387 facere;
3583 2319 3727 2375 illum

2157 2384 2316 2477 adora
2347 2403 2366 2441 :
2394 2405 2512 2443 nam
2538 2408 2628 2464 ego
2645 2410 2912 2454 consonus
2935 2408 3051 2456 tuus
3071 2417 3201 2471 sum,
3225 2413 3274 2459 et
3292 2384 3509 2477 fratrum
3526 2384 3726 2465 tuorum

2160 2473 2342 2546 (Apoc.
2371 2495 2499 2548 xxn,
2523 2482 2605 2554 9).
3293 2473 3323 2518 ’ν

2226 2566 2313 2622 18.
2370 2569 2614 2629 Errantes
2655 2593 2748 2647 per
2780 2586 2937 2636 totam
2974 2584 3157 2656 faciem
3179 2594 3417 2643 ιιι-ηε.-
3442 2587 3509 2644 In
3532 2606 3727 2647 omnem

2153 2667 2392 2749 montem,
2422 2670 2470 2716 et
2493 2664 2546 2718 in
2566 2681 2762 2722 omnem
2779 2670 2979 2741 callent,
3010 2684 3058 2728 et
3084 2675 3139 2729 in
3166 2692 3363 2732 omnem
3387 2680 3567 2749 faciem
3584 2690 3729 2737 term

2154 2746 2396 2841 dispersae
2434 2756 2597 2810 sunt!
2643 2756 2779 2826 Quid
2822 2768 2907 2817 est
2935 2801 2952 2829 ,
3009 2761 3078 2818 In
3131 2781 3326 2821 onmem
3367 2746 3547 2841 faciem
3581 2780 3729 2827 terre

2153 2839 2395 2934 dispersae
2429 2847 2587 2901 sunt?
2610 2847 2799 2906 Omnia
2843 2861 3056 2910 terrena
3095 2839 3394 2927 sectantes,
3435 2877 3497 2918 ea
3523 2879 3644 2934 qua
3671 2865 3726 2921 in

2153 2932 2288 2989 facie
2307 2945 2463 2993 terra;
2487 2939 2685 3011 lucent,
2713 2944 2825 3015 ipsa
2848 2957 3029 3003 amant
3050 2951 3097 3016 ³,
3126 2950 3245 3020 ipsa
3266 2952 3510 3025 diligunt.
3530 2932 3730 3014 Nolunt

2153 3027 2310 3094 mori,
2336 3037 2395 3083 ut
2419 3030 2776 3091 abscondatur
2800 3038 2908 3092 vita
2933 3038 3170 3109 ipsorum
3200 3042 3255 3098 in
3283 3043 3516 3102 Christo.
3558 3047 3731 3120 Super

2151 3134 2348 3175 omne»:
2374 3124 2554 3192 faciem
2579 3134 2727 3181 terra:
2751 3143 2771 3182 :
2791 3128 3074 3187 dilectione
3096 3140 3428 3190 terrenorum
3451 3137 3501 3203 ³;
3523 3146 3579 3193 et
3602 3140 3729 3209 quia

2151 3220 2393 3266 errantes
2408 3226 2536 3270 oves
2559 3224 2681 3270 sunt
2703 3231 2797 3287 per
2817 3225 2979 3274 totam
2997 3220 3184 3278 faciem
3207 3232 3382 3279 terrae.
3403 3224 3518 3281 Non
3537 3241 3729 3285 omnes

2152 3300 2384 3369 lueretici
2413 3319 2510 3374 per
2527 3314 2694 3362 totam
2721 3308 2911 3366 faciem
2931 3319 3087 3367 teme
3119 3332 3134 3370 :
3165 3314 3257 3370 sed
3287 3323 3462 3373 tamen
3489 3318 3730 3376 haeretici

2151 3406 2247 3461 per
2263 3399 2427 3448 totam
2450 3395 2636 3452 faciem
2663 3406 2841 3456 terra.
2863 3400 2965 3456 Alii
2988 3401 3095 3469 hic,
3123 3404 3212 3459 alii
3240 3406 3332 3474 ibi,
3362 3421 3620 3478 nusquam
3648 3419 3735 3466 ta-

2150 3498 2272 3538 men
2297 3484 2492 3540 desunt
2519 3504 2532 3542 :
2564 3487 2660 3559 ipsi
2687 3503 2746 3545 se
2770 3504 2875 3546 non
2900 3501 3114 3548 norunt.
3147 3494 3263 3550 Alia
3284 3506 3429 3554 secta
3450 3498 3502 3554 in
3527 3498 3728 3569 Africa,

2148 3574 2248 3627 alia
2274 3573 2494 3630 haeresis
2514 3577 2566 3631 in
2589 3578 2826 3647 Oriente,
2857 3581 2961 3636 alia
2984 3583 3036 3636 in
3064 3583 3316 3656 Egypto,
3343 3588 3445 3642 alia
3473 3589 3526 3644 in
3551 3589 3732 3646 Meso-

2150 3668 2400 3735 potamia,
2417 3668 2565 3724 verbi
2590 3671 2775 3740 gratia.
2798 3672 3032 3731 Diversis
3049 3675 3181 3732 locis
3200 3687 3325 3734 sunt
3344 3679 3603 3737 diversas:
3625 3685 3730 3739 sed

2148 3773 2251 3813 una
2286 3768 2456 3814 mater
2496 3761 2743 3831 superbia
2779 3778 2967 3820 omnes
3005 3768 3217 3837 genuit;
3253 3770 3390 3824 sicut
3424 3786 3525 3826 una
3551 3784 3733 3829 mater

2147 3860 2328 3906 nostra
2365 3850 2634 3909 Catholica
2660 3868 2846 3911 omnes
2868 3855 3203 3914 Christianos
3240 3859 3423 3917 ﬁdeles
3450 3870 3562 3918 toto
3586 3864 3727 3921 orbe

2147 3941 2386 3996 diffusos.
2418 3942 2531 3997 Non
2556 3958 2683 4015 ergo
2708 3945 2922 4010 mirum,
2949 3946 2993 4001 si
3018 3947 3261 4018 superbia
3290 3951 3427 4020 parit
3448 3951 3731 4007 discissio-

2149 4048 2293 4100 nem,
2322 4034 2552 4090 Charitas
2584 4036 2838 4091 unitatem
2861 4035 2903 4091 ⁸.
2932 4036 3129 4093 Tamen
3166 4039 3277 4109 ipsa
3305 4040 3573 4096 Catholica
3598 4058 3729 4097 ma-

2147 4131 2247 4187 ter,
2280 4124 2392 4192 ipse
2416 4133 2594 4192 pastor
2626 4124 2679 4179 iu
2707 4140 2769 4180 ea
2798 4126 2990 4197 ubique
3014 4129 3203 4197 quaerit
3224 4140 3483 4192 errantes,
3505 4130 3734 4188 confer-

2147 4220 2225 4267 tat
2253 4212 2509 4279 inﬁrmos,
2539 4224 2691 4269 curat
2716 4216 3009 4286 languidos,
3037 4218 3215 4288 alligat
3238 4220 3554 4287 cenfractos,
3584 4222 3731 4279 alios

2146 4305 2214 4359 ab
2237 4305 2384 4370 istis,
2414 4306 2545 4360 alios
2573 4305 2641 4361 ab
2668 4308 2771 4362 illis
2797 4324 2901 4363 non
2927 4324 2986 4364 se
3014 4310 3237 4365 invicem
3271 4312 3579 4367 scientibus.
3610 4312 3735 4370 Sed

2148 4407 2320 4451 tamen
2352 4397 2440 4451 illa
2484 4413 2671 4453 omnes
2711 4400 2875 4464 novit,
2907 4401 3030 4471 quia
3057 4416 3176 4456 cum
3203 4404 3446 4459 omnibus
3472 4405 3586 4459 fusa
3608 4414 3727 4461 est.

2147 4489 2305 4544 Verbi
2342 4490 2507 4560 gratia
2534 4532 2550 4557 ,
2577 4499 2659 4546 est
2700 4491 2752 4545 in
2782 4492 2955 4547 Africa
2982 4508 3105 4562 pars
3140 4493 3326 4548 Donati
3351 4535 3365 4559 ,
3395 4494 3728 4552 Eunomiani

2148 4594 2251 4635 non
2277 4590 2401 4635 sunt
2425 4581 2476 4634 in
2508 4580 2682 4635 Africa
2705 4599 2720 4643 ;
2747 4583 2839 4637 sed
2869 4597 2986 4637 cum
3012 4594 3160 4653 parte
3187 4586 3373 4640 Donati
3396 4594 3479 4641 est
3506 4586 3593 4641 hic
3616 4587 3735 4643 Ca-

2147 4670 2357 4726 tholica.
2390 4672 2523 4725 Sunt
2558 4672 2608 4725 in
2646 4670 2862 4728 Oriente
2888 4673 3200 4728 Eunomiani
3226 4717 3242 4743 ,
3283 4676 3353 4730 ibi
3391 4685 3566 4731 autem
3607 4692 3733 4734 non

2144 4774 2227 4817 est
2257 4777 2377 4832 pars
2404 4763 2618 4829 Donati;
2657 4762 2751 4817 sed
2777 4778 2895 4818 cum
2926 4764 3271 4821 Eunomianis
3309 4766 3379 4821 ibi
3406 4775 3487 4821 est
3513 4766 3734 4823 Catho-

2146 4852 2266 4907 lica.
2294 4851 2385 4906 llla
2409 4852 2487 4907 sic
2515 4861 2617 4919 est,
2643 4862 2890 4922 tanquam
2918 4854 3059 4918 vitis,
3087 4856 3375 4911 crescendo
3396 4858 3588 4927 ubique
3612 4857 3738 4914 dif-

2144 4944 2258 4999 fusa
2294 4962 2307 4999 :
2335 4944 2409 4997 illi
2430 4944 2506 4999 sic
2530 4953 2673 5008 sunt,
2698 4953 2945 5015 tanquam
2971 4957 3236 5003 sarmenta
3263 4949 3485 5014 inutilia,
3509 4951 3739 5020 agrico-

2134 5020 2209 5089 ᾖ
2231 5035 2362 5090 l‘alce
2387 5036 2608 5105 praecisa
2629 5035 2825 5090 merito
2844 5036 3135 5093 sterilitatis
3160 5053 3304 5105 suae;
3333 5049 3390 5096 ut
3417 5041 3535 5095 vitis
3560 5051 3741 5110 puta-

2144 5137 2308 5191 retur,
2354 5139 2462 5179 non
2503 5132 2561 5179 ut
2594 5134 2974 5195 amputaretur.
3017 5127 3297 5183 Sarmenta
3337 5145 3464 5200 ergo
3492 5130 3578 5185 illa
3626 5132 3738 5188 ubi

2146 5215 2363 5284 praecisa
2389 5223 2531 5282 sunt,
2576 5213 2647 5269 ibi
2674 5225 3064 5271 remanserunt.
3105 5216 3236 5273 Vilis
3260 5229 3431 5274 autent
3462 5236 3744 5280 crescens

2208 5434 2222 5501 ξ
2260 5431 2396 5501 t._iber
2426 5444 2551 5489 rm.,
2583 5444 2685 5501 nso
2706 5443 2977 5501 remouens,
3017 5435 3416 5496 rememzsqttead
3443 5441 3744 5488 Danuuium.

2204 5496 2225 5556 ε
2250 5494 2415 5556 ιἸμιῖθε
2437 5501 2560 5556 δίεξτρ
2579 5494 2688 5556 ἱρέα
2706 5498 2885 5542 Wl-

2205 5555 2229 5629 ξ
2248 5553 2363 5629 editi
2380 5587 2394 5613 ,
2416 5557 2463 5603 et
2485 5550 2782 5604 dilectionem
2809 5558 3125 5604 tet-ratam.
3154 5553 3451 5616 castigantur
3471 5560 3578 5604 κει.
3596 5562 3751 5609 ειη».

2140 5617 2519 5743 bidt'os'iclaliquot
2538 5682 2642 5743 Mss.
2668 5675 2782 5726 Editi
2806 5687 2923 5728 vero
2939 5709 2954 5737 ,
2978 5672 3022 5729 si
3052 5673 3274 5742 superbia
3309 5672 3435 5737 parit
3463 5673 3752 5730 dissensio-

2142 5751 2267 5798 nem,
2292 5735 2499 5789 Charitas
2518 5735 2752 5787 titionem.
2942 5735 2948 5737 ’
3111 5735 3122 5742 '
3310 5735 3317 5737 “
3578 5782 3582 5785 .
