4012 6338
249 327 340 384 281

252 458 343 512 per
367 437 570 503 omnia,
600 442 655 490 et
682 438 947 487 sarmenta
973 440 1065 482 sua
1094 424 1238 486 novit
1263 435 1381 491 qua:
1406 421 1457 476 in
1489 418 1577 512 illa
1604 430 1816 471 manseo

252 508 388 595 runt,
413 527 631 597 etjuxta
658 539 717 579 se
738 536 855 592 quae
876 519 941 574 de
966 518 1051 572 illa
1080 514 1295 584 praecisa
1317 519 1459 567 sunt.
1488 508 1616 563 lnde
1641 515 1818 560 tamen

253 629 464 677 rcvomt
490 624 728 673 errantes
760 632 772 666 :
803 612 922 682 quia
952 617 1005 663 et
1029 607 1096 661 de
1130 605 1295 659 ramis
1321 602 1496 656 fractis
1523 600 1650 653 dicit
1677 598 1821 665 Apo-

253 711 435 773 stolus,
464 707 651 763 Potens
670 714 741 758 est
764 704 891 756 enim
916 700 1047 754 Deus
1068 698 1247 750 iterum
1268 694 1483 746 inserere
1506 690 1619 743 illos
1648 688 1818 758 (Rom.

254 820 325 868 si,
352 800 472 869 25).
502 798 631 853 Sive
656 795 805 849 dicas
830 805 955 845 oves
983 796 1223 843 errantes
1248 799 1275 835 a
1304 796 1464 851 grege
1487 822 1502 846 ,
1544 780 1654 833 sive
1680 777 1825 831 dicas

253 894 389 962 ligna
422 890 645 960 praecisa
671 885 736 939 de
762 885 900 947 vite;
945 894 1043 934 nec
1077 876 1141 932 ad
1174 872 1496 929 revocandas
1520 880 1686 962 oves:
1730 880 1827 920 nec

257 958 437 1036 rursus
466 979 533 1034 ad
564 974 847 1032 inserenda
881 973 1020 1041 ligna
1060 969 1236 1022 minus
1270 965 1491 1019 idoneus
1532 970 1616 1016 est
1652 958 1825 1021 Deus;

255 1075 375 1143 quia
418 1072 508 1125 ille
543 1081 785 1123 summus
826 1072 1005 1137 pastor
1029 1101 1044 1124 ,
1080 1058 1168 1112 ille
1195 1069 1353 1110 verus
1379 1050 1627 1122 agricola.
1675 1047 1740 1101 Et
1778 1047 1831 1143 in

258 1136 454 1215 omnem
475 1159 654 1229 {aciem
675 1166 819 1209 terra:
834 1136 1073 1224 dispersa:
1093 1155 1203 1200 sunt
1226 1162 1244 1211 ;
1266 1153 1309 1198 et
1330 1158 1427 1195 non
1448 1144 1476 1211 ι’
1474 1142 1543 1193 uit
1564 1139 1647 1209 qui
1668 1136 1835 1206 requi-

260 1265 404 1318 reret,
434 1269 534 1306 non
561 1250 656 1320 fuit
684 1246 770 1317 qui
796 1250 1065 1299 revocaret.
1093 1237 1211 1291 Non
1242 1236 1335 1307 fuit
1358 1276 1371 1298 ,
1400 1232 1493 1287 scd
1521 1232 1572 1286 in
1598 1230 1699 1284 illis
1740 1242 1833 1297 pa-

263 1344 495 1399 storibus
526 1340 677 1395 malis
708 1356 721 1390 :
755 1352 855 1390 non
885 1334 1001 1406 fuit,
1034 1328 1125 1385 sed
1152 1328 1334 1391 homo,
1365 1324 1448 1394 qui
1473 1322 1759 1393 requireret.

332 1432 561 1487 CAPUT
602 1428 691 1484 IX.
719 1456 790 1467 ——
814 1425 899 1482 19.
934 1422 1088 1477 Malis
1108 1416 1394 1490 pastoribus
1442 1431 1554 1469 oves
1584 1411 1715 1465 unde
1750 1426 1837 1463 se-

264 1539 416 1577 cum.
438 1552 511 1562 ——
535 1519 813 1587 Propterea
834 1558 847 1581 ,
888 1521 1109 1584 pastores
1125 1550 1140 1576 ,
1169 1507 1339 1561 audite
1363 1504 1562 1559 verbum
1592 1498 1795 1553 Domini
1821 1512 1839 1551 :

274 1614 397 1667 Vivo
438 1628 561 1683 ego,
607 1609 726 1662 dicit
763 1604 1012 1659 Dominus
1049 1600 1210 1654 Deus.
1260 1595 1446 1652 Videte
1481 1592 1620 1647 unde
1659 1588 1837 1683 (Kl-3p“.

267 1679 539 1773 Tanquam
573 1698 762 1768 iuratio
790 1704 872 1751 est
901 1693 1026 1756 Dei,
1057 1689 1354 1746 testificatio
1391 1687 1513 1740 vita:
1552 1697 1680 1739 suae.
1722 1679 1842 1733 Vivo

268 1814 378 1870 ego,
411 1796 532 1849 dicit
557 1792 826 1847 Dominus.
854 1786 1045 1843 Mortui
1073 1792 1194 1840 sunt
1219 1792 1457 1852 pastores
1486 1796 1498 1831 :
1526 1776 1617 1832 sed
1644 1788 1844 1829 secura:

270 1868 394 1942 sunt
416 1903 548 1942 oves
576 1887 592 1917 ¹
616 1928 630 1951 ,
661 1884 794 1938 vivit
822 1880 1093 1936 Dominus.
1131 1875 1252 1930 Vivo
1279 1889 1367 1944 ego
1391 1913 1406 1938 ,
1438 1871 1559 1924 dicit
1603 1868 1846 1922 Dominus

275 1979 432 2039 Deus.
462 1978 563 2046 Qui
593 1986 768 2030 autem
792 1981 1033 2043 pastores
1055 1967 1244 2025 mortui
1269 1964 1433 2019 sunt?
1462 1963 1567 2018 Sua
1595 1974 1841 2030 quaeren-

278 2080 375 2135 tes,
424 2084 531 2123 non
575 2082 694 2141 qua:
734 2064 857 2120 Jesu
895 2060 1092 2116 Christi
1123 2056 1376 2130 (Philipp.
1405 2070 1479 2120 ιι,
1521 2049 1635 2123 21).
1678 2050 1850 2105 Erunt

274 2174 421 2229 ergo,
447 2166 504 2213 et
530 2155 861 2211 invenientur
890 2160 1131 2222 pastores
1158 2161 1263 2201 non
1293 2160 1410 2217 qua:
1436 2157 1530 2198 sua
1554 2149 1680 2198 sunt
1703 2154 1850 2203 qum-

275 2259 474 2312 rentes,
508 2246 601 2301 sed
638 2260 755 2316 qua:
785 2243 911 2298 Jesu
942 2238 1178 2299 Christi?
1209 2237 1378 2291 Erunt
1410 2233 1562 2303 plane
1582 2272 1597 2297 ,
1627 2240 1680 2285 et
1706 2231 1853 2284 inve-

274 2340 525 2401 nientur;
559 2337 710 2406 plane
748 2348 848 2388 nec
884 2332 1111 2394 desunt,
1140 2343 1240 2383 nec
1277 2326 1518 2381 deerunt.
1568 2321 1853 2377 Videamus

274 2446 402 2500 ergo
428 2427 559 2499 quid
588 2426 728 2480 dicat
757 2422 1010 2478 Dominus
1030 2460 1046 2487 ,
1074 2419 1162 2490 qui
1193 2433 1251 2472 se
1280 2416 1406 2473 dicit
1430 2415 1605 2468 vivere
1633 2430 1646 2466 :
1680 2420 1852 2465 utrum

279 2522 421 2578 dicat
446 2519 744 2572 ablaturum
776 2529 833 2567 se
853 2528 980 2566 oves
1008 2526 1035 2563 a
1069 2507 1370 2581 pastoribus
1394 2504 1568 2570 malis,
1595 2502 1852 2572 pascenti-

275 2612 371 2664 bus
388 2609 615 2677 seipsos,
636 2620 739 2659 non
766 2618 910 2667 oves;
930 2611 983 2656 et
1000 2600 1243 2655 daturum
1265 2612 1323 2651 se
1341 2611 1430 2651 eas
1449 2593 1746 2665 pastoribus
1760 2590 1855 2645 bo-

278 2702 379 2763 uis,
408 2696 747 2769 pascentibus
768 2708 916 2758 oves,
941 2707 1043 2747 nou
1073 2707 1151 2745 se.
1185 2689 1307 2743 Vivo
1328 2704 1437 2758 ego,
1467 2685 1587 2738 dicit
1611 2683 1858 2737 Dominus

278 2791 437 2855 Deus,
462 2789 561 2842 nisi
575 2804 669 2859 pro
696 2803 751 2840 eo
778 2785 912 2846 auod
936 2789 1083 2855 facta
1102 2792 1217 2837 sunt
1243 2796 1353 2835 oves
1384 2794 1505 2832 mea:
1533 2778 1585 2830 in
1609 2785 1858 2830 comesta-

276 2900 387 2935 ram
429 2880 665 2933 omnibus
706 2876 869 2935 bestiis
903 2874 1105 2947 campi,
1135 2888 1192 2926 eo
1222 2870 1356 2941 quod
1389 2886 1489 2923 non
1515 2876 1639 2923 esset
1667 2874 1855 2935 pastor.

278 2974 485 3035 Rursus
506 2980 771 3041 pastorem
794 2967 940 3030 dicit,
964 2975 1015 3020 et
1037 2963 1194 3035 paulo
1217 2971 1359 3027 ante,
1385 2968 1438 3015 et
1456 2973 1614 3016 nunc.
1632 2956 1747 3017 Non
1764 2956 1857 3022 ait,

278 3066 357 3120 Ex
373 3080 442 3120 eo
457 3062 719 3134 quodnon
742 3060 846 3114 sint
860 3067 1117 3129 pastores.
1135 3053 1338 3109 Ovibus
1354 3052 1496 3108 enim
1520 3050 1709 3105 talibus
1725 3049 1861 3103 male

278 3156 585 3212 errantibus
606 3195 621 3219 ,
671 3151 810 3207 male
856 3146 1194 3221 pereuntibus
1223 3159 1328 3198 non
1356 3151 1438 3197 est
1485 3149 1663 3212 pastor
1688 3181 1703 3206 ,
1735 3148 1789 3194 et
1815 3139 1861 3193 si

282 3262 524 3319 prmsens
553 3252 635 3300 est
663 3252 842 3313 pastor
871 3259 884 3293 :
912 3240 1035 3309 quia
1080 3245 1133 3292 et
1173 3250 1292 3291 cum
1338 3248 1572 3304 praesens
1610 3240 1693 3286 est
1726 3231 1818 3284 lux
1842 3272 1858 3298 ,

276 3356 384 3401 non
434 3348 517 3394 est
558 3335 713 3391 crecis
752 3334 861 3388 lux.
906 3330 974 3385 Et
1013 3346 1115 3384 non
1152 3327 1451 3399 quresierunt
1483 3334 1707 3395 pastores
1751 3338 1863 3377 oves

276 3450 417 3487 meas
438 3473 452 3497 ,
489 3440 538 3485 et
568 3436 808 3501 paverunt
852 3433 1076 3496 pastores
1112 3437 1165 3476 se
1194 3421 1351 3491 ipsos,
1393 3433 1506 3473 oves
1532 3425 1697 3471 autem
1726 3431 1865 3470 meas

278 3541 379 3577 non
413 3527 676 3591 paverunt.

350 3611 443 3665 20.
496 3608 676 3663 Ovium
705 3605 930 3660 interitus
957 3600 1204 3673 quomodo
1254 3599 1446 3673 pastori
1488 3603 1864 3668 imputatur.—

282 3702 509 3772 Propter
530 3698 685 3763 istud,
712 3706 955 3768 pastores,
979 3693 1150 3746 audite
1171 3690 1370 3745 verbum
1392 3689 1619 3743 Domini.
1649 3686 1757 3742 Sed
1777 3687 1866 3756 qui

282 3800 533 3862 pastores
565 3786 783 3842 audite?
822 3785 943 3839 Hau:
976 3784 1094 3837 dicit
1132 3781 1379 3836 Dominus
1406 3779 1544 3833 Deus
1570 3794 1588 3833 :
1619 3777 1751 3831 Ecce
1777 3792 1866 3846 ego

281 3900 441 3951 super
489 3891 748 3951 pastores,
804 3888 849 3931 et
896 3874 1145 3946 inquirant
1192 3888 1303 3926 oves
1351 3887 1485 3924 meas
1529 3870 1590 3923 de
1639 3869 1868 3922 manibus

284 3991 481 4028 eorum.
512 3970 704 4026 Audite
726 3979 778 4024 et
808 3968 993 4022 discite
1016 4008 1032 4033 ,
1063 3979 1192 4019 oves
1217 3964 1309 4018 Dei
1340 3981 1352 4016 :
1385 3977 1415 4015 a
1457 3961 1610 4016 malis
1638 3959 1867 4030 pastori-

286 4067 388 4120 bus
417 4062 639 4133 inquirit
683 4062 823 4116 Deus
858 4073 984 4114 oves
1021 4071 1143 4111 suas
1164 4096 1178 4121 ,
1221 4062 1274 4108 et
1307 4053 1375 4108 de
1401 4052 1645 4107 manibus
1683 4065 1867 4106 eorum

288 4158 532 4227 inquiret
561 4163 783 4209 mortem
820 4165 1022 4209 earum.
1058 4148 1194 4202 Dicit
1219 4135 1359 4200 enim
1399 4144 1507 4199 alio
1552 4146 1603 4199 in
1632 4144 1749 4197 loco
1778 4158 1871 4212 per

288 4247 539 4303 eumdem
571 4243 880 4314 prophetam
914 4259 926 4295 :
961 4239 1065 4297 Fili
1092 4237 1331 4301 hominis,
1363 4235 1722 4307 speculatorem
1754 4233 1870 4289 dedi

291 4348 338 4389 te
366 4336 543 4389 domui
569 4333 731 4387 Israel
758 4348 777 4386 :
805 4329 979 4383 audies
1003 4345 1064 4384 ea:
1091 4344 1176 4381 ore
1199 4341 1307 4380 meo
1334 4340 1645 4389 sermonem,
1671 4334 1715 4377 et
1743 4340 1873 4393 prte~

291 4428 605 4482 monstrabis
620 4427 690 4480 eis
714 4440 776 4479 ea:
796 4440 891 4477 me.
918 4421 983 4476 In
1003 4437 1058 4475 eo
1083 4436 1195 4473 cum
1215 4419 1385 4477 dixero
1406 4416 1676 4489 peccatori,
1708 4414 1873 4469 Morte

292 4520 559 4581 morieris,
591 4527 635 4571 et
663 4533 764 4569 non
793 4514 948 4583 [ueris
974 4513 1167 4571 locutus
1190 4552 1205 4577 ,
1246 4518 1299 4564 ut
1335 4518 1503 4561 caveat
1530 4508 1711 4577 impius
1735 4524 1767 4559 a
1796 4508 1874 4562 via

294 4630 430 4678 sua;
465 4613 554 4666 ille
582 4613 893 4683 facinorosae
918 4608 970 4660 in
1008 4622 1099 4659 suo
1126 4604 1348 4676 facinore
1371 4602 1640 4666 morietur,
1668 4601 1874 4670 sangui-

295 4725 410 4761 nem
439 4714 607 4759 autem
650 4703 758 4773 ejus
799 4701 860 4753 de
897 4714 1049 4752 manu
1090 4707 1174 4749 tua
1202 4696 1477 4764 exquiram.
1528 4692 1604 4746 Tu
1638 4704 1804 4746 autem
1830 4693 1874 4746 si

295 4794 713 4867 prcnuntiaveris
742 4792 1025 4862 facinoroso
1048 4789 1177 4841 viam
1201 4788 1327 4858 ejus,
1356 4795 1409 4839 ut
1434 4794 1685 4839 avertatur
1706 4785 1768 4838 ab
1791 4801 1871 4852 ea,

293 4901 341 4944 et
382 4906 486 4942 non
528 4887 679 4958 fuerit
721 4899 924 4937 aversus
963 4899 995 4934 a
1032 4881 1111 4937 via
1149 4896 1270 4943 sua;
1312 4878 1403 4932 iste
1436 4878 1488 4930 in
1526 4878 1749 4947 facinore
1785 4893 1875 4929 suo

296 4981 559 5041 morietur,
582 4988 627 5030 et
659 4988 709 5029 tu
735 4976 957 5028 animam
981 4982 1119 5025 luant
1147 4970 1395 5024 liberabis.
1429 4967 1564 5034 Quid
1603 4976 1686 5022 est
1708 5009 1723 5034 ,
1765 4967 1874 5021 fray

297 5082 408 5124 tres
428 5068 455 5122 2
484 5066 688 5120 Videtis
713 5080 870 5135 quam
899 5063 968 5116 sit
1007 5071 1187 5116 tacere
1220 5056 1621 5128 periculosum?
1656 5056 1875 5110 Moritur

294 5160 423 5220 ille,
466 5166 522 5211 et
567 5165 711 5210 recte
746 5152 973 5207 moritur
1003 5167 1015 5203 :
1046 5150 1098 5203 in
1141 5147 1406 5216 impietate
1435 5160 1527 5199 sua
1563 5153 1617 5200 et
1658 5156 1876 5215 peccato

299 5266 398 5304 suo
426 5247 652 5301 moritur
680 5262 695 5311 ;
726 5243 1045 5313 negligentia
1072 5240 1211 5295 enim
1238 5240 1352 5309 ejus
1372 5238 1721 5293 occiditeum.
1745 5239 1875 5293 Nam

298 5350 569 5411 pastorem
615 5336 879 5390 inveniret
906 5334 926 5364 ²
975 5332 1274 5396 viventem,
1317 5330 1403 5399 qui
1454 5331 1554 5391 ait,
1596 5328 1714 5384 Vivo
1744 5346 1871 5400 ego,

298 5431 420 5483 dicit
448 5428 696 5481 Dominus
728 5440 748 5479 :
776 5423 867 5478 sed
893 5437 1014 5477 cum
1044 5420 1199 5475 fuerit
1230 5420 1522 5489 negligens,
1552 5435 1655 5474 non
1694 5420 1878 5475 admo-

296 5530 465 5575 neme
492 5519 584 5573 illo
606 5516 696 5587 qui
722 5514 789 5568 ad
818 5513 920 5567 hoc
951 5521 1033 5567 est
1063 5510 1375 5581 praepositus
1403 5520 1455 5565 et
1479 5512 1793 5582 speculator,
1824 5522 1878 5567 ut

366 5653 379 5682 ι
409 5648 726 5711 Μανέθως,
750 5646 835 5695 sed
858 5656 1042 5711 secura:
1061 5642 1297 5711 sintoz'rs,

364 5715 382 5747 ³
408 5712 541 5772 sunt,
569 5707 787 5760 inveniet.
806 5709 973 5757 Verius
997 5714 1118 5766 Mss.,
1144 5707 1384 5769 inveniret.

1660 299 1883 356 SEllMO
1923 297 2102 352 XLVI.

3394 294 3500 349 982

1935 412 2240 473 admoneat,
2271 420 2325 464 et
2358 408 2447 464 ille
2470 407 2612 479 just:
2638 407 2881 474 moritur,
2907 415 2959 462 et
2998 406 3098 462 iste
3116 405 3258 477 jnste
3281 406 3501 462 damnu-

1930 513 2034 557 tur.
2067 502 2127 557 Si
2154 496 2321 555 autem
2355 501 2560 565 dixeris,
2585 500 2788 570 inquit,
2819 500 2975 570 impio
2995 540 3010 565 ,
3043 500 3209 553 Morte
3235 500 3460 554 morieris
3483 541 3500 566 ,

1931 597 2010 648 cui
2031 611 2120 664 ego
2145 594 2371 665 gladium
2397 593 2537 662 [uero
2567 593 2916 656 comminatus,
2948 601 2991 645 et
3019 590 3106 645 ille
3133 592 3401 661 neglexerit
3425 593 3502 645 vi-

1932 696 2036 739 tare
2055 686 2393 739 imminentem
2419 682 2663 754 gladium,
2695 693 2741 736 et
2770 684 2955 737 venerit
2983 682 3203 753 gladius,
3235 693 3280 736 et
3301 684 3507 751 interfe-

1931 779 2053 832 cerit
2078 794 2190 830 eum
2212 793 2231 841 ;
2267 776 2354 852 ille
2381 777 2436 829 in
2463 785 2664 844 peccato
2704 791 2795 828 suo
2822 777 3086 840 morietur,
3116 787 3169 829 tu
3201 784 3365 830 autem
3391 776 3509 828 ani~

1937 885 2071 922 mam
2100 877 2239 920 tuam
2266 866 2481 919 liberasti
2504 865 2715 935 (Ezech.
2746 880 2939 931 χχχιιι,
2962 865 3108 937 2-9).
3137 867 3360 935 Propter
3385 866 3507 932 hoc,

1940 958 2005 1012 ad
2034 973 2130 1011 nos
2160 958 2371 1027 quidem
2412 957 2645 1026 pertinet
2682 972 2785 1010 non
2826 965 3030 1021 tacere;
3061 958 3126 1011 ad
3166 973 3260 1012 vos
3293 967 3467 1012 autem
3495 999 3509 1021 ,

1937 1050 2144 1104 etiamsi
2172 1058 2457 1115 taceamus,
2482 1048 2549 1103 de
2571 1048 2862 1118 Scripturis
2886 1050 3079 1103 sanctis
3103 1050 3262 1104 verba
3284 1051 3514 1120 pastoris

1938 1139 2144 1193 audire.

2009 1228 2234 1284 CAPUT
2274 1228 2342 1283 Χ.
2375 1258 2445 1268 --
2467 1228 2530 1283 2i
2545 1269 2558 1282 .
2592 1228 2719 1283 Oves
2739 1245 2771 1281 a
2793 1229 2941 1282 malis
2966 1230 3246 1299 pastoribus
3269 1232 3517 1301 quomodo

1940 1321 2132 1373 reducit
2174 1319 2331 1373 Deus.
2367 1318 2486 1373 Ovis
2507 1330 2752 1374 errantem
2774 1330 3023 1391 pastorem
3041 1322 3287 1391 sequenda
3314 1338 3412 1375 non
3436 1338 3519 1375 se-

1942 1429 2082 1465 cura.
2125 1412 2408 1467 Videamus
2455 1426 2601 1481 ergo,
2630 1413 2749 1481 quia
2801 1412 2878 1466 sic
2916 1424 3319 1480 proposueram,
3343 1422 3518 1466 utrum

1944 1501 2149 1556 auferat
2173 1515 2298 1556 oves
2326 1517 2355 1555 a
2382 1502 2678 1571 pastoribus
2715 1502 2886 1567 malis,
2910 1510 2963 1556 et
2990 1501 3079 1557 det
3101 1516 3192 1556 eas
3218 1502 3518 1571 pastoribus

1948 1593 2121 1649 bonis.
2150 1592 2315 1647 Video
2341 1607 2460 1647 eum
2501 1592 2825 1647 auferentem
2862 1607 2990 1648 oves
3026 1608 3054 1645 a
3080 1593 3383 1664 pastoribus
3406 1608 3524 1647 ma-

1947 1684 2033 1738 lis.
2067 1684 2179 1737 lloc
2203 1684 2345 1738 enim
2385 1684 2513 1741 dicit
2540 1700 2554 1737 :
2584 1683 2714 1737 Ecce
2756 1700 2846 1754 ego
2870 1685 2978 1755 ipse
3006 1699 3159 1753 super
3186 1692 3443 1754 pastores,
3481 1692 3528 1737 et

1950 1776 2200 1845 inquiram
2221 1790 2332 1829 oves
2350 1791 2486 1828 meas
2506 1774 2568 1828 de
2586 1774 2816 1827 manibus
2832 1790 3022 1840 eorum,
3050 1783 3095 1827 et
3115 1782 3334 1827 avertam
3353 1774 3415 1827 ab
3434 1774 3526 1841 eis,

1952 1876 2126 1919 utnon
2150 1873 2358 1932 pascant
2378 1880 2490 1918 oves
2513 1879 2680 1929 meas;
2699 1873 2744 1917 et
2770 1879 2869 1918 non
2887 1874 3089 1935 poscent
3112 1865 3281 1919 adhuc
3306 1873 3531 1935 pastores

1951 1958 2239 2027 semetipsos
2268 1959 2307 2009 ί.
2356 1959 2487 2012 Cum
2532 1957 2674 2011 enim
2717 1956 2839 2011 dico
2862 1996 2877 2024 ,
2924 1957 3150 2011 Pascant
3183 1970 3313 2011 oves
3352 1970 3529 2022 meas;

1954 2048 2026 2103 illi
2053 2062 2110 2103 se
2138 2056 2361 2118 pascunt
2385 2090 2399 2111 ,
2434 2062 2541 2101 non
2565 2062 2694 2102 oves
2723 2062 2888 2102 meas.
2918 2047 3150 2101 Avertam
3174 2089 3189 2114 ,
3228 2057 3282 2100 ut
3311 2063 3411 2101 non
3439 2062 3535 2116 pa-

1954 2150 2095 2194 scant
2116 2156 2228 2194 oves
2250 2157 2401 2194 meas.
2427 2139 2705 2208 Quomodo
2724 2140 2936 2204 avertit,
2957 2148 3016 2194 ut
3039 2154 3144 2193 non
3168 2147 3388 2209 pascant
3406 2154 3536 2193 oves

1958 2233 2166 2303 ipsius?
2198 2232 2324 2298 Quae
2352 2233 2526 2286 dicunt
2547 2275 2561 2298 ,
2591 2234 2771 2303 facite;
2796 2248 2906 2303 qua:
2934 2242 3098 2287 autem
3123 2234 3341 2302 faciunt,
3375 2235 3537 2303 facere

1958 2325 2109 2379 nolite
2130 2324 2343 2394 (Matth.
2365 2340 2518 2391 mu,
2544 2324 2623 2394 5).
2648 2324 2920 2394 Tanquam
2944 2325 3164 2389 diceret,
3193 2325 3306 2381 Mea
3333 2324 3535 2391 dicunt,

1960 2431 2052 2471 sua
2082 2416 2295 2471 faciunt.
2343 2415 2399 2471 Si
2438 2416 2663 2481 diceret,
2697 2416 2877 2472 Facite
2924 2417 3093 2472 securi
3128 2416 3270 2487 quod
3305 2415 3535 2482 iaciunt,

1961 2506 2104 2576 ipsos
2131 2506 2396 2561 damuabo
2425 2508 2566 2561 male
2590 2508 2828 2561 viventes
2853 2523 2868 2571 ;
2917 2508 3069 2561 vobis
3095 2516 3269 2561 autem
3296 2521 3537 2576 parcam,

1961 2597 2083 2665 quia
2110 2596 2273 2651 seculi
2317 2597 2447 2650 estis
2483 2597 2794 2666 praepositos
2821 2605 3023 2651 vestros
3055 2614 3069 2649 :
3101 2598 3144 2650 si
3175 2596 3275 2651 hoc
3300 2597 3538 2663 diceret,

1962 2686 2255 2740 deterreret
2279 2686 2446 2740 malos
2473 2694 2713 2754 pastores
2734 2727 2749 2752 ,
2782 2693 3062 2755 pascentes
3102 2700 3207 2739 non
3238 2700 3365 2740 oves
3385 2726 3399 2749 ,
3445 2685 3542 2739 sed

1963 2792 2023 2834 se
2040 2780 2083 2832 '.
2106 2776 2211 2833 Sed
2229 2778 2478 2847 quoniam
2502 2788 2662 2833 terret
2689 2795 2791 2832 non
2819 2778 2990 2833 solum
3017 2794 3214 2834 caecum
3242 2779 3542 2843 ducentem,

1965 2869 2059 2925 sed
2096 2877 2150 2924 et
2181 2884 2380 2923 carcum
2406 2878 2717 2939 sequentem
2749 2872 2952 2940 (neque
2979 2871 3119 2924 enim
3149 2871 3260 2935 ait,
3296 2871 3449 2925 Cadit
3489 2872 3544 2925 in

1965 2956 2174 3012 foveam
2203 2957 2402 3012 ducens
2431 2999 2447 3024 ,
2478 2968 2532 3012 et
2573 2972 2676 3013 non
2720 2959 2863 3013 cadit
2902 2974 3131 3029 sequens
3158 2978 3170 3014 :
3207 2960 3301 3014 sed
3326 3000 3341 3025 ,
3372 2960 3548 3015 Caecus

1964 3062 2150 3101 caecum
2190 3047 2376 3100 ducens
2398 3088 2413 3113 ,
2442 3047 2589 3100 ambo
2615 3048 2669 3101 in
2700 3052 2893 3118 foveam
2918 3048 3103 3102 cadunt
3127 3047 3238 3119 (Id.
3268 3065 3343 3103 xv
3368 3090 3381 3107 .
3417 3049 3504 3120 14)
3529 3066 3545 3114 ;

1965 3138 2237 3195 admonuit
2263 3154 2420 3205 oves,
2454 3147 2509 3193 et
2540 3140 2651 3204 ait,
2699 3140 2825 3207 Quia
2865 3140 3071 3205 dicunt,
3118 3140 3296 3209 facile;
3330 3157 3442 3209 qua:
3463 3142 3547 3210 fa-

1967 3231 2138 3295 ciunt,
2163 3235 2326 3300 facere
2345 3230 2515 3285 nolite.
2550 3231 2679 3286 Cum
2710 3232 2849 3285 enim
2880 3246 2985 3286 non
3014 3232 3184 3286 facitis
3209 3247 3326 3302 quae
3353 3232 3551 3287 faciunt

1968 3320 2094 3375 mali
2111 3329 2371 3389 pastores,
2396 3336 2500 3376 non
2524 3335 2619 3375 vos
2644 3320 2741 3391 ipsi
2765 3329 2983 3391 pascunt
3009 3340 3022 3376 :
3045 3336 3165 3376 cum
3182 3329 3356 3377 autem
3380 3321 3551 3377 facitis

1968 3426 2086 3482 quae
2115 3410 2318 3475 dicunt,
2345 3427 2445 3482 ego
2474 3426 2567 3465 vos
2588 3426 2746 3481 pasco
2778 3429 2789 3465 ε
2824 3427 2939 3466 mea
2967 3411 3109 3467 enim
3139 3412 3344 3479 dicunt,
3372 3422 3425 3468 et
3443 3427 3550 3467 non

1970 3499 2189 3555 faciunt.
2222 3499 2450 3564 Securi,
2496 3501 2780 3569 inquiunt,
2823 3500 3095 3570 sequimur
3132 3501 3411 3571 episcopos
3454 3516 3552 3556 no-

1971 3597 2132 3644 stros.
2178 3590 2368 3643 Dicunt
2412 3589 2517 3643 hoc
2561 3604 2703 3657 smpe
2753 3589 2990 3643 hazretici
3016 3630 3030 3654 ,
3079 3590 3289 3659 quando
3333 3591 3553 3646 veritate

1972 3680 2397 3736 manifestissima
2438 3680 2821 3735 convincuntur
2852 3696 2866 3733 :
2910 3680 3017 3734 Nos
3051 3695 3177 3735 oves
3216 3695 3431 3747 sumus,
3475 3680 3554 3736 illi

1973 3772 2041 3828 de
2068 3773 2218 3827 nobis
2245 3772 2468 3827 reddent
2506 3770 2785 3826 rationem.
2816 3770 3061 3826 Reddent
3083 3772 3239 3840 plane
3266 3771 3459 3825 malam
3485 3771 3555 3827 de

1976 3872 2145 3918 morte
2184 3873 2379 3917 vestra.
2415 3864 2489 3918 De
2524 3872 2697 3917 morte
2723 3862 2839 3916 ovis
2884 3862 3130 3931 malignae
3158 3861 3346 3916 reddet
3382 3861 3555 3917 malus

1980 3965 2159 4023 pastor
2178 3954 2370 4007 malam
2393 3953 2671 4007 rationem.
2699 3950 2961 4021 Numquid
2982 3952 3100 4007 ideo
3124 3952 3251 4006 vivit
3270 3952 3404 4016 ovis,
3431 3952 3555 4022 quia

1975 4046 2272 4115 assignatur
2298 4044 2319 4075 ³
2348 4044 2501 4115 pellis
2526 4043 2724 4113 ipsius?
2752 4041 3059 4112 lucrepatur
3088 4050 3284 4112 pastor,
3312 4042 3433 4112 quia
3463 4057 3557 4097 ne-

1976 4136 2145 4206 glexit
2173 4150 2333 4189 ovem
2362 4126 2650 4199 errantem,
2678 4142 2732 4187 et
2761 4142 3036 4203 propterea
3065 4132 3117 4186 in
3147 4132 3326 4186 fauces
3354 4132 3458 4201 lupi
3488 4132 3557 4185 ir-

1978 4228 2101 4293 ruit,
2134 4235 2193 4281 ut
2219 4226 2582 4281 devoraretur.
2629 4223 2766 4290 Quid
2809 4224 2883 4277 illi
2928 4223 3188 4293 prodest,
3233 4222 3356 4292 quia
3399 4220 3558 4277 aﬂ‘ert

1984 4317 2179 4387 pellem
2221 4315 2521 4385 signatam?
2560 4313 2942 4368 Paterfamilias
2965 4313 3126 4367 vitam
3163 4314 3280 4367 ovis
3319 4312 3555 4382 inquirit.

1980 4407 2084 4462 Sed
2114 4421 2239 4461 ecce
2265 4405 2435 4458 malus
2458 4412 2639 4473 pastor
2663 4403 2838 4457 attulit
2865 4402 3057 4473 pellem
3086 4420 3099 4455 :
3122 4401 3306 4456 reddat
3330 4401 3397 4456 de
3422 4401 3559 4470 pelle

1979 4501 2261 4554 rationem.
2306 4497 2465 4553 Forte
2502 4497 2821 4551 mentiturus
2859 4496 2985 4550 est?
3028 4495 3250 4551 Videbat
3288 4494 3517 4564 desuper
3540 4535 3556 4561 ,

1980 4590 2068 4660 qui
2101 4597 2277 4659 postea
2299 4588 2519 4657 iudicat.
2548 4587 2646 4640 Cui
2672 4586 2833 4640 verba
2862 4586 2951 4641 ille
2977 4587 3091 4639 ficta
3125 4594 3366 4640 numerat
3395 4584 3437 4651 ⁸,
3463 4599 3559 4638 co-

1978 4681 2259 4751 gitationes
2288 4679 2516 4748 inspicit.
2547 4678 2753 4732 Reddat
2779 4688 2959 4747 pastor
2991 4679 3163 4732 malus
3188 4678 3448 4731 rationem
3488 4675 3558 4732 de

1982 4772 2118 4842 pelle
2157 4772 2271 4826 ovis
2314 4780 2557 4824 mortuae.
2604 4768 2841 4824 Clamavi
2881 4770 2928 4824 ei
2971 4770 3133 4822 verba
3165 4778 3249 4821 tua
3274 4808 3289 4832 ,
3334 4775 3385 4821 et
3411 4766 3559 4833 sequi

1980 4862 2151 4916 noluit
2181 4880 2193 4916 :
2221 4860 2341 4916 dedi
2365 4876 2582 4929 operam
2609 4868 2665 4913 ut
2692 4874 2721 4912 a
2743 4874 2902 4928 grege
2925 4875 3027 4913 non
3058 4858 3346 4917 aberraret,
3374 4866 3428 4909 et
3455 4869 3557 4909 non

1983 4951 2386 5019 obtemperavit.
2414 4949 2576 5003 Plane
2601 4950 2645 5003 si
2674 4949 2774 5003 hoc
2798 4948 2960 5014 dicat,
2988 4958 3041 5002 et
3064 4961 3246 5001 verum
3273 4945 3412 4999 dicat
3439 4946 3559 5015 (no-

1983 5042 2058 5097 vit
2084 5051 2262 5095 autem
2288 5040 2378 5095 ille
2406 5049 2583 5095 utrum
2610 5054 2795 5093 verum
2823 5039 2998 5107 dicat)
3018 5078 3031 5098 ,
3068 5036 3243 5090 reddit
3269 5035 3459 5088 bonam
3486 5049 3562 5088 ra-

1983 5138 2181 5188 tionem
2210 5134 2277 5187 de
2302 5147 2401 5187 ove
2432 5132 2589 5187 mala.
2616 5131 2671 5187 Si
2697 5140 2872 5187 autem
2905 5129 3116 5199 inspicit
3142 5129 3281 5181 Deus
3308 5127 3429 5197 quia
3470 5143 3565 5181 ne-

1983 5226 2145 5296 glexit
2178 5234 2445 5279 errantem
2464 5264 2479 5288 ,
2510 5224 2631 5293 quia
2664 5238 2772 5277 non
2800 5221 3040 5292 qumsivit
3064 5228 3409 5289 pereuntem;
3437 5218 3563 5287 quid

2046 5340 2065 5371 ι
2091 5338 2310 5401 Plerique
2345 5343 2451 5384 Mss.
2471 5343 2640 5401 carent
2660 5347 2798 5401 voce,
2817 5330 3104 5395 semetipsos,
3130 5344 3241 5394 quin
3264 5330 3565 5401 forte_addita

1985 5408 2062 5451 est
2084 5413 2145 5449 ex
2174 5395 2399 5469 versione
2422 5397 2634 5459 Vulgata.
2670 5397 2800 5459 Apud
2820 5401 2929 5443 LXX
2969 5401 3076 5453 est,
3108 5400 3238 5451 auta,
3277 5395 3406 5457 quod
3437 5395 3566 5456 ipsas

2014 5474 2101 5511 V85
2121 5468 2332 5511 restnclt.

1982 5476 2036 5512 ω
2045 5473 2372 5582 ξεωέἓῗῐῖιξὲῥθ
2393 5531 2563 5568 ornnes
2584 5531 2690 5568 cum
2710 5526 2809 5582 Am.
2837 5524 2887 5567 et
2906 5524 2980 5565 Er.
2998 5552 3012 5576 ,
3036 5517 3237 5582 dederat
3248 5515 3388 5567 malis
3409 5523 3564 5580 pasto-

1983 5584 2117 5635 ribus
2138 5578 2399 5645 pascendas
2422 5594 2543 5645 oves,
2567 5578 2863 5642 pascentibus
2883 5592 2975 5645 non
2989 5591 3112 5645 oves,
3136 5579 3227 5645 sed
3242 5591 3309 5628 se.

2049 5647 2069 5709 ξ
2094 5639 2189 5692 Am.
2218 5650 2269 5691 et
2291 5649 2380 5709 ρ
2404 5639 2694 5705 designatur.
2715 5647 2861 5709 forte
2886 5640 3165 5709 legendum,
3185 5639 3419 5701 signatur.

2049 5708 2068 5735 ι
2088 5715 2185 5754 Mn.
2215 5712 2261 5751 et
2287 5702 2345 5751 al'
2367 5711 2463 5767 moi
2488 5698 2609 5758 uisse
2640 5701 2724 5753 (‘ui
2745 5716 2791 5753 tv
2810 5701 2902 5762 ‘ba,
2928 5698 3008 5752 ille
3034 5703 3155 5753 facta
3179 5698 3411 5753 uulnerat.
