4012 6338
507 316 612 373 283

506 431 720 499 prodest
755 430 892 501 quod
921 433 1116 488 invenit
1155 435 1346 504 pellem
1392 451 1549 504 quam
1597 437 1858 494 referret?
1895 441 2063 511 Ipsam

504 534 808 590 revocaret,
841 540 908 579 ne
938 525 1122 593 pellem
1160 535 1382 581 mortuae
1415 528 1819 587 demonstraret.
1849 534 1905 589 Si
1938 551 2065 606 ergo

503 627 608 666 non
635 613 825 667 bonam
847 614 1102 668 rationem
1130 615 1323 680 reddit,
1351 618 1470 687 quia
1494 635 1594 674 non
1623 625 1861 692 qua‘sivit
1881 639 2064 679 erran-

499 713 637 767 tem;
685 705 893 773 qualem
936 705 1160 769 reddet,
1201 708 1289 777 qui
1325 707 1449 763 fecit
1483 714 1789 767 errantem?
1825 715 1936 770 Hoc
1981 726 2063 771 est

497 794 636 861 quod
666 794 784 848 dico
816 812 830 848 :
857 794 909 851 Si
941 797 990 849 in
1017 795 1286 852 Catholica
1306 800 1587 870 episcopus
1615 805 1929 858 constitutus
1955 821 2058 860 non

494 881 684 936 bonam
705 883 960 938 rationem
989 884 1160 939 reddit
1175 886 1241 941 de
1259 903 1376 951 ove,
1404 889 1448 942 si
1470 905 1574 944 non
1595 891 1860 960 quaesierit
1879 905 2059 948 erran-

495 981 598 1027 tem
623 988 654 1026 a
675 988 832 1044 grege
860 975 985 1041 Dei;
1011 977 1216 1045 qualem
1244 979 1499 1034 rationem
1524 981 1824 1038 redditurus
1847 992 1930 1038 est
1951 983 2058 1038 lue-

494 1065 710 1132 reticus,
737 1065 827 1135 qui
857 1081 960 1121 non
991 1068 1162 1121 solum
1193 1085 1296 1123 non
1332 1072 1598 1127 revocavit
1624 1073 1693 1128 ab
1717 1072 1896 1129 errore
1918 1116 1934 1140 ,
1962 1075 2054 1130 sed

489 1154 649 1208 etiam
681 1155 882 1224 impulit
908 1156 960 1210 in
991 1158 1263 1212 errorem?

560 1243 650 1296 22.
683 1242 868 1298 Pastor
891 1247 1053 1299 malus
1083 1264 1185 1301 non
1207 1248 1261 1302 in
1293 1265 1350 1303 eo
1377 1251 1510 1320 quod
1534 1251 1597 1305 de
1621 1269 1711 1306 suo
1737 1295 1751 1319 ,
1781 1255 1869 1308 sed
1905 1255 1957 1308 in
1995 1272 2052 1310 eo

487 1333 622 1402 quod
664 1334 727 1388 de
767 1333 865 1389 Dei
906 1337 1093 1407 profert
1117 1379 1132 1401 ,
1161 1339 1462 1396 audiendus.
1511 1341 1615 1398 Sed
1659 1345 1962 1412 videamus,
1996 1359 2052 1403 ut

484 1422 615 1489 dixi,
646 1425 910 1493 quomodo
936 1436 1149 1483 revocet
1174 1429 1311 1484 Deus
1344 1445 1473 1486 oves
1497 1447 1526 1486 a
1553 1434 1849 1501 pastoribus
1875 1437 2046 1491 malis.

482 1513 597 1568 lam
623 1518 1032 1570 commemoravi
1066 1535 1079 1570 :
1113 1518 1240 1583 Quae
1262 1520 1468 1586 dicunt,
1517 1524 1706 1592 facile;
1743 1541 1856 1594 quae
1884 1535 2048 1580 autem

481 1606 703 1675 faciunt,
742 1609 907 1676 facere
933 1610 1104 1663 nolite.
1137 1610 1204 1665 Et
1242 1627 1348 1666 non
1390 1628 1486 1668 vos
1524 1614 1623 1684 ipsi
1660 1624 1910 1684 pascunt,
1951 1618 2045 1672 sed

481 1694 622 1749 Deus
651 1713 665 1748 :
693 1697 815 1764 quia
839 1697 1002 1752 velint
1032 1699 1201 1754 nolint
1225 1710 1464 1770 pastores
1488 1741 1504 1768 ,
1548 1714 1606 1757 ut
1648 1707 1956 1774 perveniant
1978 1707 2043 1762 ad

479 1785 563 1839 lac
586 1796 640 1840 et
663 1787 857 1852 lanam,
885 1790 1044 1845 verba
1068 1791 1161 1846 Dei
1182 1792 1372 1848 dicturi
1399 1804 1541 1849 sunt.
1566 1797 1665 1861 Qui
1682 1798 1925 1865 prtedicas
1945 1815 2044 1853 non

479 1877 754 1943 furandum
774 1921 789 1945 ,
817 1883 1002 1951 [ureris
1028 1884 1046 1952 (
1066 1884 1214 1938 Rom.
1259 1902 1294 1939 ll
1318 1927 1333 1952 ,
1359 1885 1452 1958 2|)
1474 1929 1487 1952 ,
1518 1888 1643 1942 dicit
1667 1890 1948 1959 Apostolus
1975 1892 2042 1946 ad

475 1981 569 2020 eos
597 1969 686 2037 qui
711 1969 846 2024 bona
875 1971 1059 2027 dicunt
1086 1983 1141 2029 et
1174 1975 1309 2029 mala
1348 1975 1567 2032 faciunt.
1604 1979 1682 2032 Tu
1706 1980 1824 2033 audi
1854 1981 2042 2048 prmdi-

473 2067 714 2125 cantenr,
749 2077 814 2116 ne
841 2061 1031 2118 fureris
1058 2082 1070 2117 :
1102 2065 1206 2119 noli
1238 2066 1428 2121 imitari
1463 2067 1742 2123 furantem.
1773 2069 1828 2125 Si
1867 2071 2044 2126 furan-

475 2160 580 2203 tem
605 2151 797 2206 imitari
823 2153 1072 2222 volueris,
1094 2157 1209 2227 ipse
1233 2167 1284 2213 te
1313 2160 1478 2228 pascit
1507 2161 1644 2215 facto
1663 2176 1758 2216 suo
1785 2178 1798 2216 :
1832 2164 1924 2219 tibi
1950 2179 2041 2219 ve-

478 2257 673 2296 nenum
717 2244 1113 2315 subministrat,
1143 2265 1248 2305 non
1275 2252 1469 2306 cibum.
1498 2252 1551 2307 Si
1580 2268 1706 2309 vero
1731 2255 1828 2310 boc
1855 2257 1924 2310 ab
1952 2257 2040 2312 illo

470 2334 641 2400 audis,
669 2337 808 2406 quod
836 2353 940 2392 non
967 2339 1094 2394 dicit
1119 2340 1187 2396 de
1220 2357 1338 2409 suo,
1373 2343 1465 2398 sed
1490 2344 1558 2400 de
1584 2345 1709 2412 Dei;
1735 2362 1839 2402 non
1867 2358 2038 2418 potest

469 2425 680 2491 quidem
704 2441 801 2480 uva
821 2427 888 2482 de
907 2429 1074 2497 spinis
1095 2430 1193 2500 legi
1227 2429 1369 2501 (nam
1395 2442 1447 2488 et
1471 2430 1581 2504 ipsa
1606 2435 1810 2492 Domini
1831 2449 2037 2495 senten-

470 2513 539 2566 tia
569 2523 669 2578 est,
700 2514 864 2569 Nemo
889 2518 1076 2588 colligit
1105 2520 1168 2572 de
1191 2522 1350 2590 spinis
1374 2538 1520 2578 uvam
1544 2565 1558 2589 ,
1589 2534 1636 2579 et
1660 2527 1723 2580 de
1748 2528 1942 2583 tribulis
1965 2532 2032 2597 [i-

467 2620 556 2657 cus
588 2603 796 2675 [Matt/t.
823 2622 915 2673 vu,
942 2607 1055 2680 l6])
1090 2628 1103 2663 :
1133 2626 1229 2665 nec
1247 2611 1366 2665 ideo
1387 2621 1560 2669 tamen
1585 2617 1734 2685 quasi
1754 2619 2034 2677 calumnie-

467 2695 541 2748 ris
574 2695 794 2750 Domino
821 2705 930 2762 tuo,
955 2706 1008 2752 et
1027 2699 1190 2765 dicas,
1225 2702 1463 2770 Domine,
1489 2706 1702 2762 noluisti
1724 2725 1810 2766 me
1838 2712 1878 2777 ¹,
1907 2712 2029 2781 quia

467 2785 576 2839 lieri
597 2800 696 2839 non
726 2795 918 2855 potest,
941 2788 1007 2842 de
1034 2791 1201 2859 spinis
1230 2791 1404 2862 legere
1433 2811 1586 2850 uvam
1619 2814 1632 2851 :
1657 2808 1710 2852 et
1738 2815 1923 2855 rursus
1948 2803 2028 2857 di-

461 2874 582 2927 xisti
609 2875 734 2928 mihi
761 2876 827 2930 de
855 2877 1165 2946 quibusdam
1193 2899 1206 2934 :
1229 2881 1356 2947 Qua:
1378 2885 1566 2949 dicunt,
1589 2887 1781 2955 facile;
1804 2907 1915 2960 qua:
1937 2909 2029 2945 au-

460 2972 555 3015 tem
579 2964 788 3033 faciunt,
811 2969 975 3036 facere
994 2969 1166 3022 nolite.
1185 2969 1386 3041 Nempe
1414 2977 1550 3029 mala
1572 2977 1825 3034 iacientes
1845 2982 2026 3050 utique

461 3051 626 3120 spinae
655 3062 795 3106 sunt.
821 3055 1095 3119 Quomodo
1120 3059 1199 3112 vis
1217 3059 1283 3114 de
1303 3062 1468 3130 spinis
1492 3079 1577 3119 me
1601 3067 1850 3138 colligere
1871 3086 2022 3126 uvam

461 3141 607 3196 verbi
636 3142 712 3196 tui
731 3142 754 3194 ?
774 3143 1196 3214 Respondebitur
1218 3166 1230 3202 :
1257 3149 1371 3206 Non
1391 3163 1474 3206 est
1492 3153 1579 3208 illa
1601 3171 1697 3209 uva
1719 3158 2018 3226 Spinarum;

456 3231 551 3286 sed
580 3233 861 3304 aliquando
905 3236 1207 3294 increscens
1245 3253 1570 3300 sarmentum
1612 3249 1846 3318 implicat
1879 3267 1937 3307 se
1967 3254 2018 3308 in

455 3336 658 3392 sepem,
688 3333 741 3379 et
769 3325 964 3394 pendet
989 3343 1087 3381 uva
1118 3329 1256 3386 inter
1282 3331 1446 3388 densa
1475 3336 1765 3406 spinarum,
1796 3341 1887 3395 sed
1914 3359 2016 3398 non

451 3413 622 3482 surgit
658 3413 726 3468 de
752 3413 926 3470 radice
954 3417 1246 3485 spinarum.
1290 3421 1370 3476 Tu
1398 3424 1442 3478 si
1469 3426 1718 3482 esurieris
1742 3469 1757 3493 ,
1797 3437 1850 3484 et
1877 3433 2018 3489 aliud

451 3519 556 3558 non
586 3503 748 3560 babes
774 3506 912 3562 unde
935 3522 1134 3574 sumas,
1161 3521 1313 3567 caute
1337 3529 1549 3578 manum
1581 3519 1748 3584 mitte,
1780 3538 1847 3578 ne
1874 3524 2015 3582 lacc-

446 3595 582 3649 reris
611 3596 678 3650 ab
703 3597 887 3666 spinis,
915 3599 966 3653 id
989 3609 1093 3667 est,
1121 3617 1188 3657 ne
1210 3602 1350 3659 facta
1378 3606 1600 3664 imiteris
1624 3613 1920 3682 malorum;
1960 3628 2015 3674 et

445 3684 561 3753 lege
596 3701 750 3740 uvam
787 3688 926 3743 inter
962 3691 1142 3759 Spinas
1181 3693 1501 3762 pendentem
1522 3739 1537 3764 ,
1569 3701 1662 3754 sed
1691 3701 1759 3758 de
1783 3705 1890 3760 vite
1916 3721 2012 3761 na-

443 3785 699 3830 scentem.
723 3777 804 3831 Ad
829 3786 878 3833 te
899 3781 1174 3848 perveniat
1194 3782 1331 3838 botri
1352 3785 1659 3844 alimentum
1685 3808 1699 3844 :
1722 3792 1888 3863 spinis
1907 3811 2013 3852 ser-

443 3875 594 3919 vatur
622 3867 755 3936 ignis
787 3876 1126 3924 tormentum.

509 3955 734 4012 CAPUT
755 3957 846 4012 XI.
861 3958 1028 4016 υ-Ξὸ.
1049 3960 1227 4018 Ouium
1247 3980 1418 4020 curam
1432 3967 1567 4023 Deus
1577 3969 1682 4040 ipse
1697 3975 1925 4044 suscipit.
1939 4007 2012 4018 —

441 4045 508 4098 Et
525 4047 784 4100 extra/tam
799 4065 910 4102 oves
937 4066 1090 4118 meas,
1111 4052 1302 4121 inquit,
1320 4056 1382 4109 de
1408 4073 1495 4111 ore
1509 4075 1699 4127 eorum,
1718 4073 1763 4116 et
1779 4065 1841 4117 de
1855 4068 2010 4120 mani-

440 4136 529 4188 bus
567 4151 736 4189 eorum
759 4153 778 4190 :
809 4148 854 4191 et
887 4155 988 4192 non
1013 4151 1157 4194 erunt
1175 4143 1246 4195 eis
1265 4145 1499 4200 adhucin
1512 4148 1720 4204 cibum”.
1746 4153 1856 4208 Hoc
1879 4164 1932 4210 et
1953 4156 2007 4213 in

437 4225 650 4280 Psalmo
665 4226 857 4282 dicitur
877 4245 889 4280 :
909 4227 1094 4284 Nonne
1116 4245 1408 4302 cognoscent
1433 4253 1604 4292 omnes
1625 4243 1711 4311 qui
1736 4255 2008 4313 operantur

437 4318 765 4386 iniquitatem,
786 4320 868 4389 qui
884 4321 1118 4377 deuorant
1130 4325 1369 4394 populum
1387 4344 1552 4383 meum
1566 4331 1618 4384 in
1634 4333 1796 4387 cibum
1816 4343 1962 4404 panis
1981 4341 2007 4394 γ

435 4408 505 4462 Et
536 4426 636 4464 non
673 4421 823 4464 erunt
864 4413 935 4465 eis
977 4414 1140 4468 adhuc
1165 4417 1217 4469 in
1251 4418 1413 4472 cibum
1436 4437 1454 4474 :
1482 4424 1717 4490 quoniam
1752 4427 1858 4482 haec
1885 4431 2005 4484 dicit

433 4499 682 4556 Dominus
719 4503 876 4569 Deus,
907 4505 1038 4560 Ecce
1065 4524 1154 4577 ego
1181 4509 1308 4577 ipse.
1352 4513 1558 4569 Abstuli
1587 4531 1615 4568 a
1643 4519 1796 4573 malis
1821 4530 2001 4588 pasto-

431 4593 577 4648 ribus
603 4610 730 4649 oves
771 4611 938 4662 meas,
968 4599 1251 4664 monendo,
1281 4609 1340 4655 ut
1364 4602 1492 4670 dixi,
1523 4621 1589 4660 ne
1617 4609 1754 4678 quod
1785 4609 1997 4680 faciunt,

428 4683 658 4751 faciant;
689 4685 739 4740 id
767 4695 866 4750 est,
895 4703 962 4740 ne
989 4689 1126 4756 quod
1153 4688 1352 4746 faciunt
1376 4695 1499 4748 mali
1524 4707 1783 4764 pastores,
1806 4699 2001 4758 faciant

427 4779 650 4834 incautae
681 4787 736 4834 et
763 4781 1090 4850 negligentes
1115 4797 1261 4838 oves.
1290 4786 1356 4839 Et
1375 4787 1498 4855 quid
1519 4789 1624 4842 ait?
1641 4791 1734 4846 Cui
1755 4793 1997 4864 datquod

426 4869 528 4924 illis
539 4870 751 4925 abstulit
765 4869 956 4927 ?Forte
977 4871 1600 4949 bonis'pastoribusmon
1615 4880 1717 4936 hoc
1736 4890 1990 4954 sequitur.

422 4962 489 5016 Et
515 4963 640 5032 quid
661 4963 898 5020 dicemus
913 5004 926 5030 ,
955 4963 1182 5022 fratres?
1203 4966 1390 5024 Nonne
1414 4980 1538 5025 sunt
1561 4984 1800 5042 pastores
1829 4977 1995 5034 boni?

419 5051 606 5107 Nonne
629 5053 732 5108 alio
768 5055 887 5108 loco
916 5054 1306 5126 Scripturarum
1343 5059 1536 5116 dicitur
1557 5077 1578 5116 :
1601 5063 1669 5118 Et
1693 5068 1992 5123 constituam

417 5146 488 5197 eis
502 5153 724 5212 pastores
740 5147 1012 5202 secundum
1035 5165 1123 5202 cor
1133 5165 1316 5216 meum,
1330 5161 1375 5205 et
1398 5165 1599 5222 poscent
1619 5172 1702 5211 eas
1714 5174 1826 5211 cum
1839 5161 1991 5216 disci-

418 5239 558 5309 plina
592 5238 800 5311 (Jerem.
827 5258 904 5307 tu,
929 5245 1041 5318 l5),
1058 5244 1334 5313 Quomodo
1356 5261 1484 5319 ergo
1507 5265 1653 5318 oves,
1675 5267 1804 5322 quas
1834 5255 1992 5311 malis

418 5330 718 5397 pastoribus
741 5333 894 5400 tollit,
917 5349 1022 5389 non
1041 5335 1132 5390 dat
1147 5336 1326 5400 bonis;
1357 5338 1453 5393 sed
1487 5348 1736 5410 tanquam
1767 5345 1985 5401 omnino

420 5433 677 5487 nusquam
701 5425 1050 5478 remanserint
1069 5424 1214 5488 boni,
1237 5425 1379 5492 dicit,
1410 5426 1522 5497 Ego
1549 5432 1791 5498 pascam?
1826 5433 1983 5490 Petro

419 5506 643 5576 dixerat,
660 5508 820 5565 Pasce
833 5528 945 5567 oves
965 5531 1119 5569 meas.
1132 5515 1265 5581 Quid
1277 5531 1402 5586 ergo
1413 5516 1666 5575 facimus?
1680 5521 1808 5576 Cum
1825 5523 1980 5581 Petro

488 5641 704 5728 ψψὲ
721 5651 856 5728 Mss".
863 5645 1089 5728 monuisti
1104 5661 1196 5698 me.
1214 5652 1503 5728 Altaqnidam‘,
1526 5652 1732 5728 docuisti
1747 5670 1838 5708 me.

485 5704 595 5753 ’Itic
617 5705 788 5756 addunt
813 5707 992 5770 aliquot
1015 5715 1141 5769 Mss,
1166 5704 1369 5773 amplius
1387 5713 1434 5764 in
1459 5704 1818 5769 αέιηοιγιοὶιὶὶώιξ

1720 326 1777 380 S.
1818 325 2178 382 AUGUS'I‘INI
2219 330 2517 395 EPISCOPI

3633 377 3741 435 938

2173 451 2609 510 commendantur
2623 472 2877 528 oves,non
2893 466 2962 522 ibi
2975 468 3104 525 dixit
3119 472 3508 554 Dominus,Ego
3520 502 3735 557 pascam

2171 550 2299 592 oves
2321 557 2486 609 meas,
2511 561 2616 601 llOrr
2647 558 2701 603 tu
2730 569 2744 606 :
2777 554 2891 621 sed,
2923 557 3093 628 Petre,
3119 580 3260 623 amas
3282 585 3361 624 me
3382 573 3407 626 .’
3430 550 3592 634 Das-ce
3620 598 3737 638 oues

2170 643 2302 683 meas
2329 633 2502 702 (Joan.
2520 653 2631 707 xxx,
2659 643 2769 715 l7),
2799 648 2878 702 An
2905 649 3039 708 forte
3059 658 3177 726 quia
3218 662 3375 718 modo
3401 681 3505 722 non

2169 728 2251 774 tur
2288 723 2475 781 Petrus
2527 729 2653 801 (jam
2717 739 2858 793 enim
2909 723 3211 818 assumptus
3260 764 3342 810 est
3393 759 3445 813 in
3492 766 3732 834 requiem

2175 809 2442 834 1--..Αμιμκ
2926 830 2935 834 “

2165 809 2534 879 Apostolorum
2555 837 2611 876 es
2633 830 2965 904 martyrum),
2995 809 3105 892 non
3127 850 3207 896 est
3232 809 3313 898 cui
3338 846 3480 904 dicat
3506 809 3730 912 seburus

2163 899 2415 958 Dominus
2443 911 2639 979 ovium,
2686 914 2844 973 Pasce
2870 937 2981 978 oves
3018 945 3190 996 meas;
3219 943 3274 988 et
3310 939 3536 1006 quodam
3569 945 3732 1004 modo

2159 994 2309 1060 quasi
2339 1004 2649 1071 necessitate
2676 1007 2947 1068 descendit
2971 1017 3036 1072 ad
3064 1019 3297 1079 officium
3329 1034 3575 1098 pascendi
3599 1051 3730 1095 oves

2159 1097 2302 1176 snas,
2325 1103 2426 1142 non
2449 1091 2651 1151 habens
2685 1101 2875 1169 quibus
2903 1113 3256 1178 commendet,
3295 1134 3392 1174 nec
3433 1131 3606 1180 tamen
3633 1127 3730 1182 dc-

2157 1169 2380 1233 serens?
2407 1183 2518 1239 Hoc
2561 1190 2700 1243 enim
2740 1193 2945 1250 videtur
2969 1203 3148 1270 sequi,
3186 1205 3308 1260 Παῖς
3333 1210 3452 1264 dicit
3477 1213 3728 1272 Dominus

2157 1263 2313 1332 Deus,
2347 1269 2478 1326 Ecce
2501 1291 2592 1346 ego
2615 1279 2737 1349 ipse.
2766 1282 2859 1338 Cui
2886 1263 3209 1360 dicebamus,
3241 1299 3325 1362 qui
3351 1263 3513 1369 pascis

2154 1356 2392 1463 igtende;
2419 1367 2506 1434 qui
2528 1369 2733 1426 deducis
2757 1382 2992 1446 tanquam
3019 1399 3130 1436 oves
3148 1356 3361 1458 Ioseph,
3391 1356 3729 1463 popttlutnwii;

2153 1445 2382 1519 JEgypto
2402 1459 2764 1517 constitutum.
2784 1464 2900 1520 Jam
2920 1469 3158 1528 dill'nsus‘
3187 1475 3238 1530 in
3261 1445 3515 1539 Centibds
3533 1485 3718 1554 Israel,

2151 1535 2266 1646 ipse
2293 1549 2373 1594 est
2396 1542 2611 1615 Josepb.
2643 1550 2816 1608 Nostis
2836 1558 2974 1612 enim
3015 1564 3138 1631 quia
3167 1535 3716 1646 migravitlose‘pli'in

2149 1625 2432 1699 [Egyptum
2478 1653 2490 1689 :
2533 1640 2878 1700 vendentibus
2909 1625 3155 1709 fratribus
3185 1625 3402 1714 factum,

2149 1732 2346 1786 xxxvn,
2384 1722 2497 1795 28).
2533 1727 2894 1791 Vendideruut
2922 1739 3186 1799 Christum
3216 1747 3384 1805 J‘udmi
3417 1771 3430 1806 :
3464 1722 3574 1810 non
3599 1722 3718 1814 sine

2146 1823 2301 1865 causa
2324 1823 2376 1868 et
2397 1815 2534 1872 inter
2559 1819 2838 1889 Apostolos
2863 1827 2971 1898 ipse
2995 1831 3155 1890 Judas
3181 1840 3425 1897 venditor
3446 1843 3560 1900 fuit.
3589 1847 3717 1905 (Ζωι-

2146 1901 2223 1969 pit
2267 1917 2386 1960 esse
2415 1905 2658 1967 Christus
2693 1914 2744 1968 in
2777 1915 3049 1988 Gentibus,
3077 1925 3146 1979 ibi
3178 1927 3465 1989 honoratus
3503 1946 3606 2004 est,
3637 1941 3717 1994 ibi-

2143 1993 2312 2048 crevit
2357 1998 2577 2066 p0pulus
2603 2003 2736 2070 ejus,
2769 2021 2871 2062 non
2903 2027 3024 2066 eum
3053 2015 3249 2073 deserit
3279 2022 3301 2053 ³
3349 2034 3529 2092 pastor
3569 1993 3709 2098 eius.
3765 2051 3768 2053 λ

2142 2079 2346 2149 Excim,
2376 2086 2561 2155 inquit,
2616 2098 2889 2162 potentiam
2920 2111 3074 2169 tuam,
3107 2117 3154 2159 et
3181 2111 3310 2172 ueni,
3343 2079 3395 2164 ut
3437 2079 3615 2170 salsos.
3629 2123 3717 2190 fa-

2141 2173 2244 2226 cias
2281 2192 2370 2230 nos
2406 2176 2576 2250 (Psal.
2628 2199 2805 2252 nxxtx,
2856 2187 2911 2256 2,
2961 2191 3034 2264 3).
3083 2195 3242 2253 Plane
3271 2197 3416 2268 facit,
3449 2213 3504 2259 et
3529 2173 3708 2264 faciet.

2141 2263 2227 2317 Ait
2254 2271 2395 2322 enim
2422 2283 2441 2326 :
2473 2271 2605 2328 Ecce
2650 2292 2740 2347 ego
2767 2280 2892 2350 ipse,
2937 2294 2988 2337 et
3033 2287 3280 2357 inquiram
3329 2310 3441 2350 oves
3466 2313 3636 2365 meas;
3659 2313 3712 2356 ct

2139 2353 2346 2409 visitabo
2368 2374 2472 2426 eas,
2504 2363 2632 2417 sicut
2654 2366 2817 2422 visitet
2843 2381 3014 2440 pastor
3037 2353 3233 2448 gregem
3276 2398 3440 2438 suum.
3479 2386 3593 2442 Non
3614 2353 3716 2446 cu-

2139 2457 2388 2504 raverunt
2423 2453 2548 2508 mali
2577 2465 2816 2525 pastores
2843 2480 2856 2517 :
2885 2477 2991 2519 non
3025 2467 3165 2524 enim
3211 2487 3310 2528 suo
3337 2479 3592 2548 sanguine
3615 2498 3707 2538 re-

2136 2535 2430 2596 demerunt.
2465 2544 2609 2601 Sicut
2634 2550 2816 2620 visitet,
2846 2554 3036 2627 inquit,
3069 2571 3238 2630 pastor
3255 2535 3464 2638 gregen:
3478 2587 3624 2627 suum
3650 2576 3708 2629 in

2135 2628 2233 2683 die.
2265 2629 2322 2685 In
2353 2636 2490 2703 quali
2512 2637 2633 2693 die?
2651 2639 2778 2696 Cum
2805 2648 2954 2715 fuerit
2994 2628 3208 2718 nimbus,
3228 2628 3278 2708 el
3301 2628 3454 2713 nubes
3480 2676 3499 2714 :
3521 2662 3568 2715 id
3596 2673 3706 2730 est,

2133 2727 2188 2772 et
2213 2720 2264 2774 in
2296 2722 2486 2790 pluvia,
2517 2737 2570 2782 et
2623 2731 2674 2784 in
2704 2733 2914 2791 nebula.
2968 2737 3146 2796 Pluvia
3186 2755 3240 2800 et
3286 2748 3494 2814 nebula,
3549 2769 3708 2809 error

2132 2813 2311 2866 saaculi
2343 2813 2497 2884 hujus
2526 2836 2539 2872 :
2571 2821 2738 2892 caligo
2759 2841 2944 2896 magna
2975 2844 3198 2902 surgens
3234 2837 3300 2892 de
3327 2841 3710 2910 cupiditatibus

2131 2898 2426 2969 hominum,
2454 2917 2506 2962 et
2534 2911 2722 2967 nebula
2753 2917 2922 2972 valida
2952 2898 3237 2994 contegens
3265 2898 3478 2984 terra-In.
3507 2933 3573 2987 Et
3598 2933 3703 2990 dif-

2130 2989 2265 3046 licile
2289 3004 2372 3050 est
2401 3005 2457 3051 ut
2482 3015 2583 3054 non
2611 3016 2792 3060 errent
2823 3023 2950 3065 oves
2980 3011 3032 3066 in
3061 2989 3158 3070 isla
3188 3020 3375 3074 nebula
3411 3041 3424 3077 :
3452 3024 3545 3078 sed
3578 3041 3700 3094 pas-

2128 3089 2212 3135 tor
2254 3101 2354 3140 non
2386 3087 2582 3146 deserit
2606 3108 2717 3150 eas.
2768 3095 2990 3169 lnquirit
3030 3118 3141 3170 eas,
3169 3119 3408 3176 penetrat
3447 3087 3697 3172 nebulam

2125 3175 2291 3230 Oculis
2318 3183 2653 3252 acutissimis,
2697 3203 2800 3244 non
2845 3193 3129 3264 impeditur
3171 3202 3396 3274 caligine
3433 3208 3689 3267 nubium:

2124 3264 2284 3328 videt,
2316 3271 2545 3342 undique
2569 3287 2833 3336 errantem
2862 3296 3076 3343 revocat
3103 3306 3116 3342 :
3145 3289 3198 3345 in
3229 3292 3250 3324 ³
3275 3264 3481 3352 tantum
3513 3311 3568 3353 ut
3592 3300 3682 3357 flat

2121 3357 2260 3423 quod
2288 3359 2412 3414 dicit
2440 3363 2490 3417 in
2514 3365 2821 3438 Evangelio,
2853 3375 2979 3441 Quae
3007 3387 3124 3432 sunt
3150 3397 3262 3437 oves
3305 3401 3443 3450 mete,
3477 3391 3693 3446 audiunt

2120 3458 2283 3500 vocem
2323 3466 2499 3519 meam,
2531 3467 2578 3509 et
2603 3467 2874 3529 sequuntur
2901 3483 2979 3522 me
3007 3467 3181 3541 (Joan.
3214 3490 3270 3536 ι,
3295 3467 3406 3548 2'7).
3435 3477 3500 3532 In
3528 3483 3692 3537 medio

2119 3539 2281 3592 ovium
2315 3542 2672 3615 dispersorum,
2723 3556 2794 3606 sic
2838 3555 3088 3626 inquirant
3116 3578 3228 3618 oves
3273 3583 3426 3632 meas,
3477 3583 3524 3623 et
3560 3572 3691 3625 edu-

2118 3643 2226 3685 cam
2249 3649 2333 3687 eas
2364 3639 2426 3689 ab
2458 3641 2595 3693 omni
2621 3642 2728 3696 loco
2754 3661 2851 3714 quo
2879 3649 3120 3719 dispersit
3163 3665 3279 3709 sunt
3329 3658 3450 3722 illic,
3502 3663 3555 3716 in
3602 3665 3695 3720 die

2116 3723 2260 3779 nubis
2284 3736 2330 3778 et
2355 3728 2533 3783 nimbi.
2557 3730 2777 3799 Quando
2801 3737 3016 3796 difticile
3038 3751 3119 3798 est
3147 3760 3237 3800 eas
3266 3748 3512 3813 inveniri,
3559 3762 3684 3810 tunc

2115 3827 2216 3883 ego
2268 3816 2550 3874 inveniam.
2594 3821 2783 3881 Crassa
2832 3832 3028 3887 nebula
3066 3845 3169 3903 est,
3215 3838 3420 3910 pinguis
3471 3845 3688 3902 nimbus

2114 3915 2196 3960 cst
2224 3924 2236 3961 :
2269 3911 2452 3964 oculos
2481 3913 2596 3982 ejus
2623 3916 2750 3971 nihil
2779 3918 2925 3975 latet.

2180 3997 2268 4053 24.
2300 3998 2498 4057 Montes
2511 4003 2692 4072 Israel,
2711 4009 2795 4063 ubi
2820 4029 3007 4079 pascua
3026 4014 3174 4070 bona.
3195 4047 3266 4059 --
3282 4019 3348 4074 Et
3369 4023 3578 4078 educam
3597 4043 3687 4082 eas

2113 4087 2175 4140 de
2197 4090 2438 4158 gentibus,
2467 4103 2516 4148 et
2561 4096 2796 4168 colligam
2818 4117 2903 4156 eas
2927 4103 2991 4158 de
3031 4109 3344 4177 regionibus;
3369 4123 3416 4166 et
3443 4115 3680 4170 inducant

2111 4193 2194 4230 eas
2221 4179 2272 4231 in
2296 4189 2478 4235 terram
2503 4199 2690 4252 earum,
2706 4198 2754 4242 et
2769 4207 2973 4258 pascam
2999 4210 3083 4248 eas
3105 4212 3255 4267 super
3279 4212 3468 4257 montes
3492 4203 3678 4260 lsrael.

2108 4265 2391 4326 Constituit
2419 4287 2626 4332 montes
2670 4279 2850 4349 lsrael,
2890 4294 3133 4343 auctores
3161 4265 3548 4363 Scripturarum
3595 4299 3682 4352 di-

2107 4358 2368 4416 vinarum.
2395 4363 2466 4418 lbi
2491 4369 2705 4435 pascite.
2733 4380 2790 4425 ut
2836 4388 3037 4430 secum
3082 4358 3364 4447 pascalis‘.
3410 4386 3672 4459 Quidquid

2106 4447 2228 4505 inde
2255 4453 2544 4521 audieritis,
2575 4458 2674 4514 hoc
2700 4462 2848 4518 vobis
2868 4463 3004 4520 bene
3027 4469 3225 4537 sapiat:
3247 4447 3500 4545 quidquid
3525 4447 3675 4534 eitra

2105 4548 2206 4603 est,
2239 4544 2488 4615 respuite.
2517 4547 2597 4604 Ne
2616 4553 2805 4607 erretis
2834 4554 2885 4608 in
2925 4557 3136 4622 nebula,
3167 4562 3344 4618 audite
3373 4544 3554 4622 vocem
3578 4585 3673 4638 pa-

2105 4631 2264 4686 storis
2292 4649 2305 4685 :
2335 4637 2564 4707 colligite
2582 4655 2676 4695 vos
2701 4643 2767 4698 ad
2795 4653 3002 4701 montes
3027 4649 3310 4719 Scripturze
3331 4666 3526 4713 sancta:
3554 4631 3671 4724 ;-ibi

2102 4732 2224 4775 sunt
2249 4724 2450 4781 delicia!
2473 4731 2648 4787 cordis
2675 4737 2864 4801 vestri,
2899 4737 2969 4792 ibi
3013 4739 3140 4796 nihil
3168 4759 3508 4815 venenosum,
3539 4751 3672 4808 nihil

2100 4813 2357 4881 alienum;
2390 4819 2651 4875 uberrima
2692 4841 2883 4893 pascua
2912 4837 2991 4883 est
3024 4848 3036 4884 :
3069 4847 3163 4888 vos
3185 4843 3387 4891 tantum
3409 4855 3553 4895 sana:
3575 4859 3669 4898 ve-

2099 4905 2400 4972 nitehsana:
2427 4914 2701 4980 pascimini
2731 4918 2782 4972 in
2812 4921 3076 4979 montibus
3125 4923 3304 4982 lsrael.
3338 4929 3405 4983 Et
3433 4933 3485 4986 in
3506 4935 3625 4990 rivis
3649 4979 3663 5001 ,

2097 4997 2220 5049 etin
2267 5002 2402 5054 omni
2430 5003 2732 5060 habitatione
2771 5019 2932 5065 terrae.
2964 5014 3004 5066 A
3035 5018 3301 5075 montibus
3337 5023 3499 5088 enim,
3535 5041 3670 5094 quos

2095 5089 2440 5158 ostendimus,
2475 5109 2822 5154 manaverunt
2858 5103 2956 5157 rivi
3001 5108 3388 5174 prmdicationis
3441 5131 3670 5186 evange-

2093 5178 2227 5242 licrc,
2255 5196 2376 5236 cum
2399 5183 2450 5238 in
2476 5201 2688 5243 omnem
2717 5200 2911 5247 terram
2941 5197 3068 5250 exiit
3089 5212 3251 5254 sonus
3275 5217 3459 5258 eorum
3490 5204 3663 5273 (Psal.

2093 5283 2241 5334 xvrn,
2270 5273 2324 5344 5)
2352 5293 2363 5327 :
2391 5285 2442 5330 ct
2463 5275 2599 5332 facta
2619 5289 2701 5335 est
2720 5285 2892 5339 omnis
2912 5285 3164 5344 habitatio
3181 5299 3338 5347 terrae
3363 5295 3427 5349 ad
3452 5312 3665 5366 pascun-

2085 5423 2299 5544 fusiugtss.
2338 5425 2520 5488 1|ures,
2566 5429 2772 5495 Populus
2817 5432 2869 5484 in
2888 5443 3086 5502 ﬁgi/pta
3114 5440 3404 5508 constitutus,
3429 5445 3540 5508 jam
3569 5449 3664 5512 dif-

2109 5498 2218 5532 ηεαδ
2224 5521 2235 5532 .

2144 5546 2179 5654 ᾗ
2191 5546 2264 5596 sic
2284 5554 2384 5596 Am.
2419 5557 2472 5599 et
2499 5559 2602 5602 MSS.
2628 5559 2684 5602 At
2714 5559 2786 5603 Er.
2811 5555 2948 5608 l‘lim.
2993 5566 3045 5610 et
3069 5567 3176 5612 ιον.
3201 5600 3216 5626 ,
3260 5579 3353 5619 non
3387 5581 3496 5620 eum
3526 5569 3657 5622 dese-

2084 5617 2196 5654 νωι.

2147 5667 2168 5740 ς
2191 5675 2384 5740 Αωίετ.
2413 5679 2463 5721 et
2488 5681 2592 5723 Mss.
2617 5683 2783 5726 carent
2799 5679 3042 5740 particula,
3065 5682 3130 5733 in.

2146 5727 2166 5758 ι
2189 5728 2260 5777 sic
2284 5738 2368 5780 uss
2412 5740 2462 5782 At
2484 5741 2613 5795 Lov.,
2633 5744 2682 5786 ut
2700 5727 2865 5790 δειράν-ἐ
2883 5727 3100 5804 ﬁgulis.
