4012 6338
236 328 348 380 9.85

234 444 339 493 das
369 452 495 491 oves
522 435 637 489 laeta
679 442 837 504 atque
864 432 1102 487 fecunda.
1137 428 1201 484 In
1242 446 1427 499 pascua
1459 430 1586 485 bona
1612 446 1815 501 pascam

234 545 346 591 eas,
378 537 427 581 et
474 526 526 579 in
554 523 801 579 montibus
844 524 959 577 altis
994 520 1178 577 Israel.
1208 518 1377 573 Erunt
1401 521 1597 575 stabula
1639 537 1811 575 earum

242 618 383 670 illic.
419 616 523 670 hoc
548 624 647 680 est,
678 614 772 669 ubi
800 612 1163 683 requiescant,
1193 612 1283 665 ubi
1310 609 1507 678 dicant,
1532 611 1675 666 Bene
1698 619 1814 676 est;

235 705 331 759 ubi
350 705 557 770 dicant,
588 704 784 758 Verum
813 711 911 765 est,
942 699 1275 755 manifestum
1300 709 1401 767 est,
1431 715 1536 755 non
1564 700 1814 755 fallimur.

238 797 297 850 In
337 796 510 865 gloria
548 794 641 849 Dei
667 792 1017 863 rcquicscent,
1050 802 1296 861 tanquam
1347 790 1399 845 in
1449 790 1669 845 stabulis
1693 791 1815 844 illis.

234 886 310 937 Et
357 885 631 950 dormient,
679 883 780 938 hoc
819 892 919 950 est,
950 882 1320 953 requiescent;
1353 890 1399 935 et
1422 882 1719 951 requiescant
1764 881 1818 935 in

241 976 441 1027 deliciis
471 974 631 1028 bonis.

304 1066 399 1121 25.
432 1065 565 1135 Spes
606 1066 766 1118 ovium
792 1062 845 1116 in
864 1062 970 1116 solo
996 1061 1120 1115 Deo.
1147 1091 1219 1101 —
1244 1060 1306 1113 Et
1334 1060 1386 1114 in
1410 1076 1597 1131 pascua
1641 1059 1818 1131 pingui

233 1166 509 1226 pascentur
531 1170 681 1225 super
696 1163 886 1209 montes
912 1152 1096 1207 Israel.
1125 1152 1241 1208 Jam
1261 1152 1368 1206 dixi
1399 1161 1604 1207 montes
1628 1152 1811 1218 Israel,

232 1257 452 1304 montes
472 1247 662 1312 bonos,
687 1261 791 1316 quo
813 1246 1047 1301 levamus
1072 1246 1273 1310 oculos,
1304 1255 1361 1299 ut
1386 1244 1538 1300 nobis
1574 1245 1694 1300 inde
1723 1261 1816 1299 au-

231 1339 429 1393 xilium
460 1338 653 1392 veniat.
697 1336 803 1391 Sed
842 1335 1097 1390 auxilium
1125 1342 1363 1388 nostrum
1399 1350 1428 1388 a
1459 1335 1701 1400 Domino,
1724 1334 1813 1404 qui

232 1430 365 1485 fecit
392 1432 588 1485 cadum
633 1438 687 1485 et
722 1437 916 1483 terram
948 1426 1117 1497 (Psal.
1149 1442 1272 1491 cxx,
1299 1428 1349 1494 l,
1377 1426 1457 1497 2).
1485 1425 1606 1481 ldeo
1634 1442 1701 1481 ne
1729 1427 1813 1483 vel

231 1523 289 1575 in
341 1520 612 1575 montibus
665 1519 816 1573 bonis
845 1525 988 1572 esset
1026 1532 1147 1586 spes
1186 1526 1384 1582 nostra,
1423 1532 1542 1573 cum
1571 1516 1810 1583 dixisset,

233 1609 464 1665 Pascam
510 1626 621 1664 oves
656 1626 790 1663 meas
823 1625 973 1679 super
996 1616 1184 1661 montes
1210 1605 1411 1671 Israel;
1440 1623 1621 1662 rursus
1663 1623 1728 1662 ne
1757 1616 1813 1663 tu

228 1719 384 1773 spem
433 1717 661 1773 poneres
702 1702 754 1756 in
801 1700 1066 1755 montibus
1093 1701 1132 1765 ¹,
1186 1697 1412 1768 subjecit
1458 1699 1656 1765 statim,
1701 1697 1813 1769 Ego

232 1812 446 1864 pascam
481 1811 594 1848 oves
637 1810 793 1847 meas.
844 1792 980 1847 cha
1014 1800 1064 1845 tu
1091 1790 1270 1845 oculos
1317 1800 1433 1845 tuos
1488 1791 1538 1845 iu
1581 1801 1809 1857 montes,

230 1887 376 1941 unde
424 1886 602 1941 veniat
643 1885 896 1939 auxilium
946 1882 1038 1936 tibi
1076 1899 1088 1934 :
1136 1881 1227 1935 sed
1266 1882 1480 1937 attende
1526 1882 1808 1946 dicentem,

230 1979 347 2049 Ego
378 1996 601 2048 pascam.
634 1978 899 2032 Auxilium
925 1976 1065 2032 enim
1088 1983 1234 2031 tuum
1261 1990 1289 2027 a
1311 1975 1550 2039 Domino,
1579 1975 1666 2046 qui
1689 1974 1811 2029 fecit

228 2070 427 2126 caelum
461 2078 513 2124 et
541 2078 756 2124 terram.

297 2160 393 2216 26.
455 2159 633 2212 Ovium
657 2159 847 2213 sanitas
882 2168 927 2211 et
966 2158 1155 2231 requies
1184 2174 1245 2212 ea:
1268 2157 1391 2210 Deo.
1413 2186 1484 2195 —
1502 2155 1567 2210 Et
1594 2155 1705 2228 Ego
1726 2174 1808 2211 re-

225 2252 485 2320 quiescere
509 2250 693 2320 faciam
738 2266 844 2315 eas,
877 2249 995 2301 dicit
1027 2248 1270 2302 Dominus
1312 2246 1464 2301 Deus.
1492 2246 1595 2302 Sed
1639 2257 1697 2303 ut
1720 2263 1807 2303 re-

227 2343 511 2411 quiescere
554 2340 729 2405 faciat,
784 2340 954 2410 primo
999 2341 1259 2395 curavit”.
1308 2339 1456 2408 Quod
1474 2340 1613 2394 enim
1641 2341 1811 2409 primo

226 2432 459 2494 curavit,
501 2429 766 2499 posterius
813 2428 983 2482 dicit:
1025 2428 1148 2482 Haec
1197 2428 1314 2481 dicit
1362 2426 1610 2482 Dominus
1639 2427 1802 2496 Deus,

231 2521 382 2587 Quod
407 2522 576 2591 periit,
608 2521 892 2591 requiram;
948 2529 993 2574 et
1020 2519 1154 2589 quod
1202 2520 1401 2586 erravit,
1433 2520 1709 2587 revocabo;
1759 2531 1807 2575 et

232 2614 372 2682 quod
398 2615 758 2666 comminutum
785 2623 874 2678 est,
910 2613 1193 2685 colligabo;
1220 2623 1263 2666 et
1287 2613 1421 2683 quod
1446 2615 1672 2668 exanime
1713 2624 1805 2683 est,

230 2707 568 2775 confortabo;
598 2714 642 2758 et
665 2705 799 2775 quod
827 2706 1009 2776 pingue
1033 2715 1102 2759 est
1128 2716 1174 2759 et
1199 2705 1332 2776 quod
1360 2707 1489 2778 forte
1517 2715 1614 2772 est,
1639 2715 1807 2760 custo-

228 2797 387 2849 diam.
410 2796 579 2863 Quod
616 2812 720 2850 non
776 2796 1033 2850 faciebant
1079 2795 1198 2849 mali
1252 2805 1509 2865 pastores,
1560 2810 1618 2850 se
1666 2795 1808 2866 ipsos

227 2898 537 2957 pascentes,
582 2903 687 2941 non
727 2902 875 2942 oves.
917 2886 1030 2941 Non
1076 2887 1148 2940 ait
1181 2886 1450 2954 Dominus,
1482 2887 1807 2942 Constituam

225 2980 358 3032 alios
388 2978 561 3032 bonos
604 2986 861 3047 pastores,
903 2978 989 3049 qui
1019 2976 1213 3031 faciant
1239 2978 1350 3032 haec
1381 2997 1393 3032 :
1424 2976 1538 3041 sed,
1563 2977 1695 3047 Ego,
1727 2980 1806 3031 in-

225 3071 359 3139 quit,
393 3069 615 3133 faciam;
674 3084 806 3124 oves
853 3084 995 3123 meas
1045 3068 1177 3123 nulli
1220 3068 1567 3123 committam.
1623 3067 1807 3124 Securi

224 3176 341 3226 vos,
370 3160 595 3225 fratres;
638 3175 839 3215 securze
866 3175 978 3225 vos,
1009 3176 1134 3215 oves
1169 3179 1182 3215 :
1212 3159 1363 3215 nobis
1394 3159 1598 3215 videtur
1620 3160 1808 3216 timen-

225 3253 350 3307 dum
371 3270 385 3315 ;
416 3253 569 3321 quasi
600 3252 736 3305 desit
761 3260 938 3322 pastor
960 3252 1165 3306 bonus?

291 3345 527 3399 CAPUT
558 3343 876 3400 Xll.—27.
925 3343 1140 3398 Poscere
1183 3359 1298 3396 cum
1336 3341 1553 3412 judicio.
1599 3341 1808 3398 Claudit

225 3436 300 3489 sic
328 3435 349 3465 ³
380 3453 393 3488 :
422 3434 491 3487 Et
531 3450 736 3506 pascam
765 3451 847 3488 eas
868 3451 978 3487 cum
1000 3433 1217 3505 judicio.
1246 3434 1374 3488 Vide
1398 3433 1517 3506 quia
1547 3436 1624 3486 sic
1665 3432 1809 3487 solus

226 3526 392 3593 pascit
410 3540 535 3577 cum
550 3523 766 3592 judicio.
789 3523 916 3590 Quis
932 3525 1071 3578 enim
1090 3523 1245 3577 homo
1262 3521 1459 3593 judicat
1479 3521 1545 3576 de
1558 3522 1806 3576 homine?

227 3616 553 3671 Temerariis
588 3615 798 3684 judiciis
827 3614 982 3684 plena
1012 3622 1134 3668 sunt
1161 3614 1356 3667 omnia.
1389 3614 1463 3668 De
1488 3629 1593 3684 quo
1617 3612 1809 3683 despe-

227 3709 551 3773 raverimus,
584 3708 755 3761 subito
781 3707 1125 3771 convertitur,
1143 3714 1197 3761 et
1224 3706 1280 3759 fit
1306 3706 1535 3776 optimus
1565 3724 1578 3761 :
1608 3705 1675 3759 de
1704 3720 1808 3774 quo

228 3802 452 3854 multum
488 3800 1000 3869 prrcsumpserimus,
1030 3800 1206 3854 subito
1238 3797 1435 3862 deﬁcit,
1465 3806 1517 3853 et
1548 3797 1607 3851 lit
1632 3798 1806 3868 pessi-

228 3907 367 3945 mus.
402 3890 519 3944 Nec
547 3891 702 3943 timor
745 3898 925 3943 noster
952 3897 1127 3943 certus
1155 3898 1254 3954 est,
1280 3903 1375 3943 nec
1419 3902 1567 3941 amor
1629 3897 1809 3943 noster

228 3991 403 4036 scrtus
424 3989 530 4035 est.
554 3979 690 4047 Quid
718 3980 786 4034 sit
804 3979 959 4035 hodie
979 3980 1198 4049 quisque
1215 3980 1394 4042 homo,
1418 3978 1503 4032 vix
1524 3978 1670 4032 novit
1695 3978 1808 4047 ipse

231 4072 387 4126 homo
422 4091 436 4126 :
474 4081 648 4127 tamen
679 4082 959 4141 utcumque
989 4072 1098 4141 ipse
1116 4070 1240 4141 quid
1272 4070 1456 4135 hodie;
1477 4069 1603 4139 quid
1630 4079 1805 4124 autem

232 4181 367 4226 cras,
398 4181 502 4219 nec
534 4165 664 4233 ipse.
700 4165 871 4219 Pascit
916 4180 1040 4233 ergo
1088 4164 1175 4219 ille
1204 4178 1323 4217 cum
1359 4161 1576 4231 judicio,
1604 4160 1808 4231 disper-

232 4262 364 4311 ticns
389 4239 604 4327 propria
645 4257 899 4326 propriis;
932 4255 1044 4309 haec
1087 4254 1218 4319 istis,
1253 4253 1342 4307 illa
1373 4252 1497 4318 illis,
1530 4250 1704 4306 debita
1730 4251 1808 4306 eis

233 4351 422 4417 quibus
462 4349 688 4402 debetur
726 4348 827 4403 hoc
850 4356 939 4400 aut
962 4345 1111 4400 illud.
1140 4344 1295 4399 Novit
1322 4344 1464 4399 enim
1490 4342 1615 4414 quid
1645 4352 1764 4414 agat
1791 4360 1803 4396 :

233 4458 349 4495 cum
375 4441 582 4511 judicio
628 4441 813 4510 pascit,
868 4454 1004 4509 quos
1050 4437 1317 4509 judicatus
1356 4434 1602 4490 redemit.
1634 4433 1811 4491 Pascit

233 4548 354 4601 ergo
375 4534 495 4601 ipse
532 4548 651 4584 cum
674 4530 892 4599 judicio.

296 4623 386 4677 9.8.
434 4620 630 4675 Perdix
674 4621 780 4673 sine
817 4619 1012 4690 judicio
1057 4633 1382 4688 congregans,
1438 4614 1686 4669 diabolus.
1751 4612 1808 4668 in

235 4714 489 4783 propheta
537 4713 679 4765 enim
729 4710 955 4765 Jeremia
1003 4708 1111 4762 ait:
1140 4707 1383 4762 Clamavit
1427 4707 1629 4777 perdix,
1684 4722 1807 4757 con-

237 4807 456 4875 gregavit
479 4819 594 4873 qute
618 4819 717 4855 non
740 4801 949 4871 peperit,
980 4799 1166 4871 faciens
1191 4798 1386 4851 divitias
1434 4812 1551 4850 suas
1575 4812 1674 4849 non
1698 4811 1811 4847 cum

235 4899 437 4964 judicio.
475 4898 668 4949 Contra
690 4895 844 4948 istum
867 4892 1133 4962 perdicem
1158 4890 1433 4944 facientem
1455 4888 1661 4943 divitias
1689 4902 1812 4943 suas

239 5006 333 5041 non
361 5003 488 5043 cum
514 4986 735 5056 judicio,
754 4986 921 5054 pascit
943 4985 1041 5038 iste
1066 4990 1243 5052 pastor
1263 4980 1614 5049 cumjudicio.
1637 4978 1812 5046 Quare

237 5079 314 5131 ille
342 5079 462 5132 sine
486 5076 730 5146 judicio?
758 5075 889 5144 Quia
931 5072 1269 5143 congregavit
1306 5088 1423 5141 quae
1452 5088 1553 5126 non
1585 5072 1808 5141 peperit.

236 5172 402 5234 Quare
426 5171 529 5222 iste
574 5183 695 5221 cum
718 5167 955 5236 judicio?
996 5166 1127 5232 Quia
1156 5163 1296 5219 fovet
1321 5164 1459 5234 quod
1485 5165 1707 5234 peperit.
1738 5164 1818 5218 Dc

242 5269 445 5325 pastore
478 5267 656 5313 tamen
685 5256 823 5311 bono
851 5256 1135 5326 loquimur.
1166 5254 1411 5308 Pastores
1450 5252 1574 5307 boni
1599 5263 1689 5307 aut
1709 5269 1812 5305 non

236 5361 371 5417 sunt,
400 5360 493 5404 aut
518 5351 702 5404 latent.
730 5348 787 5403 Si
816 5362 920 5401 non
951 5355 1091 5414 sunt,
1127 5344 1251 5416 quid
1278 5345 1514 5416 agimus?
1544 5344 1600 5399 Si
1627 5345 1810 5411 latent,

293 5504 307 5514 -
328 5481 499 5547 flores
515 5492 621 5533 Mss.
646 5483 850 5541 habent,
872 5485 997 5547 netu
1018 5490 1288 5547 remanens
1302 5476 1360 5547 in
1751 5534 1763 5547 .

292 5547 311 5575 ²
335 5553 407 5593 Er.
431 5543 569 5594 Ulim.
598 5553 651 5595 et
673 5551 805 5603 ιον..
964 5536 1121 5606 primo
1148 5540 1346 5590 curavit.
1383 5539 1655 5600 Bedundat,
1679 5536 1816 5603 quid,

235 5606 467 5671 abestque
490 5609 554 5657 sb
579 5615 755 5671 Am.__et
771 5618 799 5653 a
817 5612 895 5654 tus.

235 5738 269 5774 η
292 5668 312 5697 ³
444 5681 539 5719 am.
569 5676 621 5718 et
651 5666 834 5730 aliquot
856 5674 956 5716 Mss.
985 5662 1067 5715 Alii
1098 5675 1210 5729 cum
1242 5668 1313 5713 Er.
1342 5668 1393 5712 et
1432 5668 1569 5713 Lov.:
1598 5667 1651 5713 Et
1682 5660 1819 5712 addit

272 5740 311 5774 τ.

272 5740 311 5776 τ.

1646 317 1871 373 SERMO
1912 315 2087 371 XLVI.

3385 324 3490 379 286

1923 447 2087 501 quare
2111 432 2178 489 de
2209 432 2311 489 illis
2344 436 2580 491 tacetur?
2608 436 2798 493 Perdis
2836 438 3048 509 quidem
3084 438 3171 495 ille
3195 454 3226 495 λ
3269 441 3489 509 quibus-

1921 522 2041 577 dam
2072 523 2359 592 majoribus
2387 535 2441 580 et
2461 536 2581 581 ante
2598 542 2694 581 nos
2713 526 3101 598 Scripturarum
3120 532 3490 588 tractaturibus

1923 612 2165 668 diabolus
2189 615 2487 672 intellectus
2514 628 2615 682 est,
2644 633 2968 690 congregans
2987 636 3106 689 quas
3130 636 3234 676 non
3262 624 3487 693 peperit.

1920 703 2035 758 Non
2059 706 2200 760 enim
2236 705 2323 761 ille
2343 717 2569 774 creator,
2601 710 2695 764 sed
2726 710 2977 780 deceptor
3004 720 3107 777 est,
3133 711 3328 769 faciens
3355 714 3487 769 divi.

1922 798 2020 853 tias
2040 813 2162 852 suas
2184 814 2289 853 non
2310 814 2427 855 cum
2453 800 2676 869 judicio.
2702 801 2816 857 Non
2842 805 2982 858 enim
3001 804 3066 858 ad
3092 819 3212 859 eum
3240 806 3486 874 pertinet,

1919 886 2036 955 quis
2064 888 2184 950 isto,
2216 888 2334 957 quis
2368 889 2461 944 illo
2486 890 2643 945 modo
2668 900 2811 947 erret
2840 910 2853 948 :
2882 908 3066 951 omnes
3089 903 3327 950 errantes
3352 896 3485 961 vult,

1918 979 2243 1047 quibuslibet
2276 982 2563 1036 erroribus.
2602 981 2769 1049 Quam
2813 983 3034 1039 diversa:
3060 995 3181 1039 sunt
3231 984 3484 1048 haereses.

1918 1085 2075 1139 quam
2096 1070 2289 1126 diversi
2317 1087 2545 1137 errores,
2581 1073 2668 1128 ille
2699 1075 2752 1128 in
2782 1076 3025 1130 omnibus
3046 1077 3156 1130 vult
3179 1091 3358 1132 errare
3386 1077 3479 1131 ho-

1919 1162 2106 1216 mines.
2151 1161 2266 1216 Non
2309 1162 2436 1217 dicit
2462 1163 2724 1230 diabolus,
2757 1165 3041 1219 Donatistae
3074 1167 3201 1229 sint,
3246 1182 3351 1221 non
3379 1168 3485 1222 sint

1918 1251 2098 1305 Ariani
2130 1269 2143 1306 :
2170 1252 2281 1307 sive
2327 1252 2413 1306 hic
2437 1252 2575 1319 sint,
2622 1255 2733 1308 sive
2775 1254 2900 1318 illic.
2945 1254 3011 1310 ad
3062 1272 3182 1310 eum
3224 1257 3484 1325 pertinent

1917 1351 2323 1411 congregantem
2375 1343 2491 1398 sine
2529 1344 2749 1412 judicio.
2805 1345 2974 1409 ldola,
3030 1347 3229 1416 inquit,
3278 1347 3481 1412 adoret,

1918 1446 2066 1487 meus
2085 1441 2167 1488 est
2196 1452 2209 1488 :
2236 1433 2288 1487 in
2310 1433 2611 1489 Judacorum
2632 1437 3002 1505 superstitione
3022 1446 3311 1501 remaneat,
3335 1454 3485 1495 meus

1916 1530 1998 1578 est
2028 1541 2041 1578 :
2070 1522 2281 1578 deserta
2331 1525 2529 1579 unitate
2580 1526 2631 1579 in
2663 1526 2805 1579 illam
2848 1527 2931 1580 vel
2969 1526 3021 1580 in
3066 1528 3206 1581 illam
3238 1527 3481 1583 haeresim

1919 1621 2122 1682 pergat,
2141 1628 2291 1668 meus
2318 1624 2417 1669 est.
2450 1614 2743 1685 Congregat
2768 1630 2894 1686 ergo
2923 1617 3036 1672 sine
3059 1617 3260 1686 judicio
3280 1617 3484 1673 faciens

1914 1702 2122 1757 divitias
2171 1718 2314 1759 suas.
2367 1704 2469 1760 Sed
2500 1706 2622 1775 quid
2657 1706 3012 1775 sequitur?lu
3058 1708 3265 1762 dimidio
3291 1709 3484 1764 dierum

1914 1795 2024 1863 ejus
2052 1794 2391 1864 derelinquent
2413 1812 2545 1860 eum,
2566 1805 2613 1849 et
2636 1797 2686 1849 in
2712 1798 2987 1853 novissimis
3005 1799 3108 1851 suis
3127 1800 3219 1852 erit
3246 1799 3485 1868 insipiens

1917 1884 2128 1954 (Jerem.
2154 1900 2283 1949 xvn,
2316 1885 2425 1955 ll).
2458 1886 2612 1941 Venit
2632 1888 2719 1942 ille
2748 1901 3075 1958 congregans
3103 1888 3333 1957 undique
3357 1904 3485 1944 oves

1915 1991 2057 2031 suas.
2090 1974 2158 2028 In
2200 1977 2408 2029 dimidio
2460 1978 2653 2054 dierum
2700 1980 2827 2049 ejus,
2871 1980 3169 2049 priusquam
3215 1980 3481 2050 sperabat,

1914 2075 2195 2137 antequam
2224 2068 2456 2137 putabat,
2483 2068 2822 2138 derelinquent
2844 2086 2977 2135 eum,
3008 2080 3055 2123 et
3106 2071 3197 2123 erit
3244 2070 3485 2139 insipiens
3531 2126 3543 2134 _

1914 2158 1965 2211 in
1992 2160 2270 2213 novissimis
2294 2160 2419 2214 suis.
2447 2160 2621 2226 Quare
2652 2160 2703 2214 in
2728 2161 2909 2230 primis
2936 2162 3044 2215 suis
3096 2162 3306 2231 sapiens
3343 2173 3482 2229 erat,

1914 2258 1965 2304 et
1995 2250 2045 2303 in
2079 2251 2383 2305 novissimis
2420 2253 2531 2307 suis
2574 2254 2631 2307 lit
2677 2252 2964 2322 insipiens?
3011 2253 3221 2320 Audite,
3272 2253 3481 2309 fratres.

1917 2340 2114 2396 Dicitur
2142 2342 2426 2412 aliquando
2458 2343 2509 2397 in
2540 2343 2825 2413 Scripturis
2853 2345 3110 2412 sapientia
3140 2360 3236 2413 pro
3264 2346 3480 2411 astutia,

1913 2430 2169 2487 abusione
2193 2433 2361 2499 verbi,
2402 2448 2507 2489 non
2535 2434 2875 2503 pr0prietate.
2905 2434 3031 2489 lnde
3079 2435 3220 2489 enim
3249 2435 3479 2491 dicitur:

1918 2522 2014 2577 Ubi
2038 2525 2281 2593 sapiens?
2308 2524 2392 2578 ubi
2415 2526 2619 2579 scriba?
2647 2525 2729 2579 ubi
2756 2526 3058 2595 conquisitor
3085 2528 3238 2595 hujus
3266 2528 3483 2582 steculi.’

1916 2611 2099 2667 Nonne
2112 2614 2313 2666 stultam
2331 2616 2446 2685 fecit
2470 2613 2607 2669 Deus
2626 2616 2921 2685 sapientiam
2937 2616 3088 2685 hujus
3106 2618 3280 2671 mundi
3301 2616 3342 2688 (l
3363 2618 3481 2672 Cor.

1914 2717 1951 2767 ι,
2008 2700 2145 2773 20)?
2188 2703 2253 2756 Et
2306 2703 2407 2758 iste
2456 2704 2658 2773 perdix,
2688 2704 2828 2758 idem
2855 2704 3035 2772 draco,
3070 2705 3209 2760 idem
3238 2721 3480 2776 serpens,

1918 2804 2166 2865 tanquam
2196 2795 2409 2865 sapiens
2428 2805 2562 2861 erat,
2595 2797 2804 2867 quando
2827 2797 2994 2852 Adam
3026 2813 3117 2868 per
3138 2799 3300 2854 Evam
3328 2800 3483 2855 dece-

1914 2886 1988 2955 pit
2012 2904 2023 2938 :
2050 2901 2230 2941 verum
2259 2886 2436 2941 dicere
2460 2897 2670 2957 putatus
2697 2897 2799 2953 est,
2833 2889 3028 2943 bonum
3056 2891 3336 2946 consilium
3356 2890 3484 2945 dare

1912 2977 2243 3032 existimatus
2266 2987 2367 3043 est,
2386 2987 2567 3033 contra
2591 2979 2756 3033 Deum
2786 2978 3017 3033 creditus
3043 2988 3141 3035 est.
3181 2980 3333 3048 Quod
3356 2996 3483 3035 vero

1910 3068 2102 3123 dicitur
2129 3069 2383 3140 sapientia
2403 3069 2657 3125 abusione
2682 3070 2826 3125 verbi
2856 3071 2981 3125 etin
3010 3071 3170 3137 malo,
3200 3080 3485 3128 consuetu-

1911 3161 2034 3217 dine
2056 3162 2267 3232 quidem
2291 3162 2682 3231 Scripturarum
2712 3170 3031 3229 nostrarum,
3061 3166 3203 3233 (nam
3233 3163 3484 3232 quemad-

1911 3254 2125 3310 modum
2161 3256 2445 3325 loquantur
2488 3264 2730 3310 auctores
2772 3254 2972 3319 mundi,
3025 3256 3150 3325 quid
3200 3254 3266 3309 ad
3302 3256 3483 3325 nos?)

1910 3345 2073 3399 habes
2101 3343 2151 3398 in
2172 3344 2360 3399 eodem
2386 3343 2544 3411 libro,
2569 3342 2693 3397 Erat
2718 3344 2785 3398 ibi
2810 3360 3011 3413 serpens
3036 3344 3306 3413 sapientior
3324 3345 3486 3398 omni-

1911 3438 2000 3491 bus
2043 3436 2211 3490 bestiis
2257 3434 2406 3507 (Gen.
2442 3451 2519 3501 ιιι,
2572 3433 2706 3506 1-6).
2758 3436 2860 3489 Iste
2907 3436 3193 3504 sapientior
3238 3435 3487 3491 omnibus

1910 3526 2114 3591 bestiis,
2138 3536 2344 3580 astutus
2368 3533 2422 3579 et
2440 3534 2626 3580 acutus
2651 3525 2717 3579 ad
2751 3524 3116 3594 decipiendum
3159 3525 3483 3595 agnoscitur.

1911 3618 2098 3673 Postea
2150 3633 2255 3671 non
2293 3616 2342 3671 ei
2385 3616 2728 3681 creditur;et
2774 3616 2965 3669 dicitur
2984 3616 3053 3680 ei,
3101 3615 3485 3671 Renuntiamus

1914 3708 2029 3773 tibi,
2062 3708 2253 3762 sufficit
2280 3707 2421 3778 quod
2466 3707 2705 3761 incautos
2748 3708 2918 3776 primo
2942 3706 3215 3775 decepisti.
3248 3706 3388 3775 Ergo
3408 3706 3481 3761 ita

1912 3801 1964 3854 in
1990 3798 2287 3855 novissimis
2306 3798 2417 3854 suis
2444 3798 2545 3854 erit
2573 3798 2853 3867 insipiens;
2875 3808 3070 3868 apertae
3094 3806 3249 3851 erunt
3268 3796 3485 3852 fraudes

1910 3892 2059 3963 ejus;
2106 3900 2161 3946 et
2205 3892 2324 3946 ideo
2370 3891 2480 3960 jam
2518 3888 2733 3943 fraudes
2763 3904 2867 3942 non
2895 3897 3069 3944 erunt.
3102 3888 3159 3943 ln
3180 3887 3484 3943 novissimis

1911 3985 2022 4038 suis
2042 3982 2142 4036 erit
2170 3980 2443 4050 insipiens,
2471 3979 2562 4050 qui
2597 3979 2933 4048 congregavit
2962 3993 3080 4047 qua:
3107 3992 3211 4032 non
3256 3977 3480 4047 peperit,

1910 4082 1962 4128 et
2005 4072 2127 4126 fecit
2150 4071 2359 4125 divitias
2386 4085 2509 4125 suas
2550 4084 2656 4124 non
2707 4068 3060 4137 cumjudicio.
3093 4068 3269 4124 Pascit
3298 4077 3484 4125 contra

1912 4164 2056 4218 illum
2082 4161 2403 4230 Redemptor
2429 4168 2606 4214 noster
2633 4174 2753 4213 cum
2776 4158 2998 4229 judicio.

1979 4251 2070 4307 29.
2123 4248 2313 4305 Perdix
2363 4250 2671 4303 contentiosa
2707 4250 2833 4303 avis.
2873 4247 2940 4303 In
2997 4247 3308 4303 Donatistas.
3359 4248 3485 4304 Exi-

1911 4352 2016 4398 stat
2038 4351 2093 4398 et
2118 4342 2307 4412 aliquis
2330 4340 2627 4406 haereticus,
2657 4339 2755 4394 etsi
2786 4355 2888 4393 non
2911 4339 3071 4394 frater
3093 4339 3311 4406 diaboli,
3336 4347 3486 4395 certe

1912 4434 2123 4505 adjutor
2145 4442 2199 4487 et
2241 4432 2378 4485 filius
2399 4449 2411 4484 :
2436 4441 2489 4486 et
2518 4431 2689 4501 ipsum
2713 4430 2935 4484 dixerim
2965 4428 3233 4499 perdicem
3255 4438 3483 4485 conteu~

1914 4528 2104 4581 tiosum
2130 4522 2342 4577 animal.
2368 4521 2478 4576 Hoc
2502 4522 2643 4576 enim
2676 4520 2891 4585 animal,
2914 4529 2971 4574 ut
2998 4535 3229 4591 aucupes
3257 4528 3480 4590 norunt,

1913 4618 2071 4673 etiam
2092 4612 2443 4669 contendendi
2471 4611 2644 4666 studio
2655 4612 2879 4680 capitur.
2896 4611 3233 4667 Contendant
3257 4614 3344 4669 isti
3365 4628 3486 4671 con-

1914 4721 1993 4766 tra
2022 4709 2315 4772 veritatem,
2341 4714 2395 4761 et
2439 4705 2826 4761 contenderunt
2864 4723 2931 4763 ex
2960 4723 3064 4779 quo
3089 4722 3147 4763 se
3173 4707 3485 4765 diviserunt.

1914 4801 2069 4855 Modo
2109 4799 2329 4864 dicunt,
2361 4796 2694 4853 Contendere
2735 4799 2980 4853 nolumus
3004 4816 3016 4852 :
3040 4799 3161 4869 quia
3198 4800 3309 4867 jam
3345 4799 3488 4864 capti

1915 4901 2057 4946 sunt.
2072 4890 2184 4943 Non
2204 4889 2363 4943 habet
2381 4889 2521 4958 quod
2542 4888 2681 4943 dicat
2700 4888 2859 4943 :Nolo
2882 4889 3223 4944 contendere.
3251 4888 3295 4942 O
3311 4897 3482 4957 capte,

1914 4979 2198 5050 aliquando
2226 4988 2369 5035 certe
2390 4988 2446 5033 tu
2470 4993 2592 5033 eras
2631 4978 2720 5047 qui
2765 4979 2948 5047 primis
2976 4976 3301 5047 temporibus
3346 4979 3489 5031 sedis

1918 5072 2076 5125 tionis
2103 5080 2204 5125 tua:
2234 5070 2515 5125 traditores
2542 5068 2817 5139 arguebas,
2844 5068 3152 5122 innocentes
3174 5066 3485 5132 damnabas,

1913 5160 2167 5231 judicium
2194 5159 2529 5230 Imperatoris
2570 5158 2862 5229 quaerebas,
2886 5157 3085 5227 judicio
3117 5157 3487 5226 episcoporum

1918 5268 2021 5307 non
2044 5252 2428 5318 consentiebas,
2451 5250 2616 5305 victus
2636 5251 2789 5305 toties
2813 5248 3131 5319 appellabas,
3154 5247 3291 5317 apud
3318 5248 3489 5317 ipsum

1920 5346 1991 5401 Im
2000 5353 2295 5415 peratorcm
2321 5342 2699 5399 studiosissime
2721 5342 2979 5412 litigabas,
2998 5340 3355 5410 congregabas
3373 5356 3493 5410 quas

1921 5453 2025 5492 non
2045 5436 2318 5509 peperisti.
2340 5436 2441 5493 Ubi
2469 5444 2551 5491 est
2575 5450 2713 5491 nunc
2736 5434 2909 5489 cervix
2940 5432 3071 5488 tua?
3093 5433 3181 5488 ubi
3207 5442 3289 5488 est
3316 5433 3491 5502 lingua

1923 5531 2050 5586 tua?
2076 5530 2160 5586 ubi
2200 5529 2388 5585 sibilus
2416 5527 2572 5582 tuus?
2602 5527 2763 5582 Certe
2795 5526 2845 5580 in
2872 5524 3173 5580 novissimis
3197 5524 3300 5579 tuis
3326 5522 3494 5577 factus

1925 5638 1983 5678 es
2014 5623 2286 5686 insipiens,
2330 5618 2518 5688 pavisti
2566 5618 2681 5671 sine
2730 5615 2949 5687 judicio.
2981 5614 3095 5670 Non
3139 5616 3281 5683 enim
3309 5629 3482 5667 verum

1896 5700 1911 5709 ”
1931 5716 2027 5781 vis,
2054 5714 2135 5770 vel
2160 5712 2225 5768 dc
2251 5724 2432 5767 errore
2466 5719 2573 5776 tuo,
2600 5709 2680 5765 vel
2705 5708 2771 5765 de
2797 5708 3016 5765 veritate
3042 5706 3298 5777 judicare.
3324 5702 3489 5762 Pascit
