3994 6466
517 366 624 426 287

524 490 712 538 contra
740 489 792 538 le
835 479 1081 536 Christus
1122 491 1245 533 cum
1285 474 1505 545 judicio,
1545 474 1799 529 discernit
1821 488 1948 527 oves
1973 486 2098 527 suas

520 576 594 630 ab
633 574 824 630 ovibus
849 586 955 628 non
981 572 1109 626 suis.
1146 568 1273 635 ρυω
1297 576 1416 622 sunt
1439 583 1550 622 oves
1596 581 1739 634 nacte,
1769 564 1958 635 inquit,
2007 579 2100 617 au-

520 664 668 720 diunt
691 681 860 720 uocem
884 678 1066 725 meum,
1092 669 1141 715 et
1165 668 1439 732 sequuntur
1462 674 1541 713 me
1565 657 1741 731 (Joan.
1767 673 1824 724 ι,
1854 655 1971 725 27).

592 753 819 811 CAPUT
857 751 990 809 XIII.
1018 781 1091 793 —
1114 751 1200 808 50.
1237 749 1381 805 Unus
1405 738 1578 822 pastor
1610 749 1767 804 bonus
1785 787 1802 813 ,
1841 747 1959 817 quia
1986 745 2104 800 boni

521 864 696 904 omnes
721 849 775 901 in
816 862 941 902 uno.
981 845 1079 900 Hic
1125 844 1340 899 invenio
1384 857 1571 897 omnes
1595 852 1834 911 pastores
1856 841 2024 895 bonos
2049 839 2102 891 in

523 955 632 997 uno
658 948 887 1010 pastore.
911 934 1027 995 Non
1056 938 1199 994 enim
1217 952 1343 993 vere
1365 945 1604 1007 pastores
1623 935 1746 991 boni
1771 934 1983 1000 desunt,
2009 933 2102 988 sed

523 1034 577 1088 in
600 1047 708 1087 uno
731 1040 873 1087 sunt.
896 1030 1045 1087 Multi
1065 1038 1207 1097 sunt,
1234 1029 1325 1101 qui
1344 1029 1497 1085 diviSi
1520 1037 1643 1083 sunt
1666 1046 1679 1083 :
1704 1026 1792 1083 hic
1811 1041 1947 1081 unus
1971 1041 2105 1096 pra:-

521 1123 733 1179 dieatur
751 1165 766 1187 ,
795 1123 917 1194 quia
946 1122 1120 1177 unitas
1143 1119 1565 1177 commendatur.
1594 1118 1777 1189 Neque
1812 1118 1954 1173 enim
1981 1131 2106 1172 vere

522 1214 686 1269 modo
715 1213 836 1269 ideo
863 1222 1109 1269 tacentur
1133 1220 1375 1283 pastores
1393 1253 1409 1280 ,
1440 1218 1495 1266 et
1522 1210 1717 1265 dicitur
1747 1216 1951 1279 pastor,
1983 1207 2105 1279 quia

521 1318 628 1358 non
661 1304 861 1360 invenit
890 1304 1142 1359 Dominus
1168 1302 1253 1358 cui
1279 1300 1617 1357 commendet
1642 1314 1770 1355 oves
1797 1313 1953 1364 suas;
1983 1306 2109 1353 tunc

522 1403 700 1451 autem
730 1394 851 1449 ideo
872 1393 1297 1459 commendavit,
1329 1393 1450 1463 quia
1477 1392 1690 1447 Petrum
1723 1391 1923 1446 invenit
1952 1408 1966 1445 :
2000 1389 2108 1444 imo

523 1500 653 1540 vero
695 1493 752 1541 et
789 1485 846 1540 in
875 1486 988 1554 ipso
1015 1484 1173 1541 Petro
1208 1485 1464 1540 unitatem
1508 1482 1914 1537 commendavit.
1958 1478 2107 1535 Multi

523 1584 678 1630 erant
702 1575 962 1645 Apostoli,
995 1584 1050 1631 et
1075 1575 1164 1629 uni
1192 1574 1408 1641 dicitur,
1438 1572 1602 1627 Pasce
1625 1587 1739 1627 oves
1764 1588 1921 1626 meas.
1957 1571 2109 1628 Absit

525 1674 585 1720 ut
607 1664 781 1721 desint
800 1666 962 1721 modo
981 1665 1107 1722 boni
1134 1674 1404 1735 pastores:
1432 1664 1570 1720 absit
1593 1679 1623 1718 a
1650 1662 1804 1719 nobis
1827 1671 1885 1718 ut
1910 1663 2105 1731 desint,

525 1755 664 1811 absit
694 1768 724 1809 a
756 1755 1118 1835 misericordia
1147 1756 1345 1826 ipsius,
1377 1763 1435 1810 ut
1461 1770 1565 1809 non
1601 1767 1694 1809 eos
1731 1752 1910 1824 gignat
1950 1761 2109 1823 atque

524 1846 833 1903 constituat.
864 1847 1053 1918 Utique
1089 1847 1133 1902 si
1173 1854 1297 1901 sunt
1332 1846 1486 1902 bonae
1532 1859 1690 1911 oves,
1735 1852 1859 1898 sunt
1894 1851 1949 1898 et
1985 1842 2110 1898 boni

528 1944 805 2007 pastores:
849 1951 970 1991 nam
1009 1936 1077 1992 de
1103 1936 1255 1992 bonis
1292 1936 1481 1992 ovibus
1529 1936 1658 1990 fiunt
1684 1935 1808 1989 boni
1848 1941 2111 2004 pastores.

525 2026 632 2083 Sed
655 2041 845 2083 omnes
867 2027 992 2081 boni
1014 2038 1254 2097 pastores
1274 2028 1326 2082 in
1354 2042 1459 2083 uno
1486 2035 1643 2095 sunt,
1672 2042 1834 2082 unum
1863 2034 2004 2082 sunt.
2031 2027 2111 2083 illi

526 2127 786 2193 pascunt,
813 2118 1056 2175 Christus
1090 2115 1278 2190 paScit.
1301 2117 1419 2175 Non
1456 2119 1598 2175 enim
1627 2133 1815 2174 vocem
1849 2133 1999 2173 suam
2026 2119 2109 2173 di-

526 2219 654 2266 cunt
679 2209 833 2265 amici
859 2210 1061 2280 sponsi,
1089 2209 1183 2265 sed
1207 2210 1400 2281 gaudio
1425 2209 1655 2281 gaudent
1680 2218 1896 2280 propter
1923 2224 2110 2264 vocem

531 2302 735 2371 sponsi.
765 2300 906 2357 Idem
933 2317 1062 2372 ergo
1084 2303 1102 2334 ί
1131 2302 1247 2372 ipse
1270 2302 1458 2372 pascit,
1488 2316 1609 2357 eum
1638 2300 1737 2371 ipsi
1768 2310 2026 2371 pascunt:
2057 2309 2113 2355 et

527 2391 688 2457 dicit,
719 2392 1065 2464 Ego'pasco;
1122 2394 1244 2464 quia
1287 2392 1339 2447 in
1380 2393 1486 2448 illis
1524 2408 1626 2448 vox
1672 2392 1871 2463 ipsius,
1913 2392 1965 2447 in
2006 2391 2113 2447 illis

525 2482 757 2539 eharitas
786 2482 970 2553 ipsius.
1002 2482 1132 2539 Nam
1162 2491 1215 2539 et
1238 2483 1410 2553 ipsum
1439 2482 1653 2538 Petrum
1674 2524 1689 2548 ,
1719 2483 1800 2538 cui
1836 2497 2110 2538 commen-

524 2570 684 2628 dabat
709 2574 730 2605 ²
754 2587 883 2629 oves
908 2588 1030 2627 suas
1056 2573 1207 2643 quasi
1236 2573 1370 2629 alter
1406 2574 1592 2641 alteri,
1620 2587 1781 2628 unum
1819 2587 1999 2627 secum
2030 2570 2114 2627 fa-

522 2678 647 2721 cere
671 2664 902 2732 volebat,
925 2666 1084 2721 utsic
1101 2666 1149 2723 ei
1180 2680 1308 2721 oves
1326 2667 1758 2733 commendaret;
1781 2674 1839 2721 ut
1860 2672 2003 2722 esset
2023 2665 2115 2721 ille

523 2765 702 2827 caput,
733 2757 821 2813 ille
842 2757 1062 2829 figuram
1088 2758 1324 2828 corporis
1349 2766 1604 2829 portaret,
1629 2758 1681 2813 id
1708 2766 1811 2825 est,
1835 2757 2109 2826 Ecclesiai,

524 2857 580 2903 et
599 2855 845 2919 tanquam
867 2864 1093 2920 sponsus
1112 2858 1165 2905 et
1185 2864 1378 2920 sponsa
1399 2859 1579 2906 essent
1600 2849 1704 2905 duo
1726 2851 1777 2905 in
1801 2864 1962 2905 carne
1982 2865 2109 2904 una.

526 2937 757 2994 Proinde
776 2947 833 2994 ut
857 2953 985 2995 oves
1007 2940 1409 2995 commendaret
1426 2981 1442 3006 ,
1473 2940 1599 3011 quid
1622 2941 1670 2996 ei
1701 2941 1846 3011 prius
1873 2940 2020 3008 dicit,
2044 2956 2112 2996 ne

525 3028 603 3085 illi
625 3039 872 3100 tanquam
894 3030 1047 3086 alteri
1071 3029 1511 3087 commendaret?
1539 3030 1710 3100 Petre,
1734 3048 1875 3087 amas
1901 3033 2017 3087 me?
2043 3031 2112 3087 Et

524 3119 836 3190 respondit:
866 3118 1013 3175 Amo.
1045 3120 1114 3176 Et
1134 3120 1325 3176 iterum
1351 3137 1366 3176 :
1396 3121 1551 3175 Amas
1571 3123 1690 3176 me?
1715 3121 1784 3177 Et
1803 3121 2107 3193 respondit:

525 3208 675 3265 Amo.
707 3210 773 3265 Et
797 3211 991 3267 tertio:
1022 3211 1177 3267 Amas
1206 3212 1324 3267 me!
1346 3212 1411 3267 Et
1451 3212 1726 3283 respondit
1749 3212 1920 3268 :Amo.
1970 3214 2111 3269 Con-

526 3298 704 3355 firmat
726 3299 1037 3356 charitatem
1060 3301 1102 3368 ³,
1119 3310 1178 3357 ut
1207 3301 1503 3359 consolidet
1527 3303 1800 3359 unitatem.
1832 3303 1950 3374 Ipse
1985 3320 2112 3378 ergo

528 3392 698 3462 pascit
727 3407 864 3449 unus
892 3392 945 3448 in
972 3392 1076 3459 his,
1108 3401 1163 3449 et
1191 3392 1245 3449 hi
1271 3393 1327 3449 in
1355 3408 1498 3460 uno;
1529 3403 1582 3449 et
1612 3403 1813 3451 tacetur
1840 3396 1908 3452 de
1935 3407 2113 3466 pasto-

531 3480 681 3537 ribus
709 3499 723 3538 :
763 3482 856 3539 sed
883 3497 990 3538 non
1013 3490 1238 3539 tacetur.
1269 3482 1576 3540 Gloriantur
1601 3493 1838 3555 pastores
1862 3504 1875 3540 :
1899 3486 1995 3543 sed
2021 3487 2113 3557 qui

524 3574 816 3646 gloriatur,
857 3576 908 3632 in
941 3576 1165 3633 Domino
1192 3577 1466 3649 glorietur.
1497 3576 1609 3632 Iioc
1646 3586 1730 3634 est
1771 3577 1984 3633 Christo
2019 3594 2113 3649 pa-

526 3678 679 3721 scere
703 3707 718 3732 ,
767 3665 870 3723 hoc
909 3677 992 3723 est
1030 3666 1085 3722 in
1125 3667 1339 3724 Christo
1379 3683 1620 3739 pascere,
1657 3675 1712 3725 et
1753 3684 1872 3724 cum
1901 3669 2113 3727 Christo

526 3770 746 3827 pascere
773 3756 825 3824 ⁸,
853 3767 1048 3829 praeter
1074 3757 1345 3815 Christum
1384 3759 1486 3815 sibi
1515 3775 1624 3816 non
1649 3774 1887 3831 pascere.
1928 3761 2113 3833 Neque

527 3865 657 3907 vero
682 3851 857 3923 inopia
885 3859 1179 3922 pastorum,
1209 3860 1458 3922 tanquam
1485 3852 1583 3907 ista
1611 3851 1784 3908 futura
1807 3853 1945 3907 mala
1978 3861 2112 3909 tem-

532 3957 662 4013 pora
708 3942 972 4014 Propheta
1022 3944 1369 4015 pratdicaret,
1404 3944 1570 4011 dixit,
1603 3944 1714 4016 Ego
1758 3963 1963 4017 pascam
2001 3962 2113 4001 oves

431 4083 446 4090 -
525 4049 695 4098 meas,
736 4048 841 4089 non
871 4033 1043 4090 habeo
1076 4035 1162 4090 cui
1200 4035 1590 4091 commendem.
1621 4035 1794 4091 Etiam
1834 4052 1955 4092 cum
2001 4038 2113 4108 ipse

527 4121 718 4199 Petrus
745 4131 890 4187 erat,
920 4132 1117 4180 etcum
1146 4123 1320 4179 adhuc
1349 4125 1447 4195 ipsi
1473 4125 1714 4196 Apostoli
1744 4136 1897 4184 erant
1929 4127 1984 4182 in
2014 4129 2113 4185 hac

526 4226 720 4278 carne,
752 4221 806 4268 et
833 4214 886 4268 in
914 4213 1014 4268 hac
1041 4214 1170 4281 vita,
1204 4223 1328 4270 tunc
1368 4216 1443 4270 ait
1469 4216 1558 4271 ille
1585 4232 1719 4272 unus
1742 4259 1757 4283 ,
1790 4218 1842 4272 in
1872 4234 1977 4290 quo
2007 4235 2113 4276 uno

527 4318 717 4359 omnes
741 4318 905 4360 unum
929 4322 942 4359 :
975 4304 1152 4361 Habeo
1178 4307 1307 4362 alias
1335 4324 1475 4375 oves,
1502 4323 1615 4379 qua:
1657 4325 1758 4365 non
1785 4319 1901 4364 sunt
1929 4311 1990 4365 de
2020 4311 2113 4370 hoc

529 4394 689 4460 ovili;
717 4404 910 4467 oportet
946 4411 1027 4449 me
1059 4405 1106 4451 et
1142 4413 1227 4451 eas
1252 4397 1533 4464 adducere,
1565 4408 1620 4452 ut
1656 4400 1721 4453 sit
1748 4416 1875 4455 unus
1914 4418 2039 4475 gres:
2067 4411 2113 4456 et

529 4501 662 4540 umis
704 4493 875 4555 pastor
916 4483 1074 4556 (Ibid.
1103 4486 1214 4558 I6).
1246 4487 1364 4543 Sint
1402 4503 1529 4560 ergo
1575 4504 1762 4545 omnes
1805 4491 1859 4545 in
1900 4499 2112 4562 pastore

530 4578 674 4645 uno,
718 4583 773 4632 et
813 4575 993 4631 dicant
1020 4592 1205 4634 vocem
1234 4579 1459 4649 pastoris
1487 4595 1643 4635 unam
1665 4623 1680 4649 ,
1708 4597 1865 4653 quam
1895 4583 2112 4637 audiant

529 4683 659 4725 oves
676 4708 692 4735 ,
720 4675 774 4724 et
800 4676 1088 4739 sequantur
1112 4679 1378 4740 pastorem
1404 4686 1580 4739 suum,
1612 4680 1666 4726 et
1693 4687 1799 4726 non
1824 4672 1993 4737 illum.
2020 4682 2112 4728 aut

529 4760 709 4825 illum,
738 4759 832 4816 sed
860 4774 1021 4815 unum
1051 4776 1065 4813 :
1104 4769 1158 4815 et
1184 4774 1370 4816 omnes
1396 4761 1447 4815 in
1479 4762 1569 4816 illo
1606 4776 1766 4817 unam
1810 4777 1994 4818 vocem
2025 4763 2110 4818 di-

529 4860 675 4917 cant,
705 4851 942 4907 diversas
959 4866 1119 4908 voces
1139 4868 1245 4907 non
1266 4852 1512 4908 habeant.
1540 4852 1754 4909 Obsecro
1778 4870 1883 4922 vos,
1904 4854 2107 4925 fratres,

530 4953 587 4997 ut
612 4941 834 5014 idipsum
858 4942 1039 4997 dicatis
1063 4957 1253 5010 omnes,
1280 4952 1325 4997 et
1355 4960 1454 4997 non
1482 4945 1582 4998 sint
1608 4944 1661 4999 in
1686 4945 1819 5001 vobis
1843 4947 2113 5000 schismata

530 5032 576 5103 (I
605 5031 721 5088 Cor.
754 5049 818 5100 χ,
845 5032 956 5103 10).
977 5031 1126 5089 Hanc
1168 5048 1352 5089 vocem
1382 5036 1662 5106 eliquatam
1689 5036 1756 5092 ab
1798 5036 1941 5091 omni
1969 5038 2116 5094 schi-

531 5134 735 5192 smate,
781 5134 1059 5196 purgatam
1097 5124 1167 5180 ab
1199 5125 1345 5181 omni
1382 5127 1602 5198 haeresi,
1630 5129 1847 5185 audiant
1872 5146 2029 5197 oves,
2060 5141 2115 5187 et

600 5258 616 5325 ξ
640 5264 743 5325 am.
768 5264 822 5309 et
843 5256 1012 5325 plures
1031 5266 1162 5320 κδ..
1182 5256 1293 5310 ideo
1311 5272 1443 5325 ergo.

592 5320 723 5392 '_§ic.
748 5319 857 5392 uss,
877 5319 995 5392 Edjti
1016 5333 1152 5379 vero,
1176 5319 1536 5392 cmnntehdavit.
1559 5321 1702 5374 Paulo
1731 5334 1838 5387 post
1853 5325 2114 5377 corbeien—

527 5378 598 5429 sis
615 5384 722 5439 its,
741 5383 791 5429 et
809 5378 880 5429 sic
899 5380 947 5431 ei
963 5392 1072 5432 oves
1086 5378 1439 5433 edomandam.
1731 5378 1746 5387 ’

536 5437 1089 5518 ,μῖἓζίζιῖῗὲξέ-ίθι
1729 5447 1804 5518 sis
1825 5449 1975 5518 etiam
2005 5456 2112 5500 Mss

531 5506 742 5567 excepto
760 5502 1055 5567 Corbeiensi,
1075 5506 1158 5567 qui
1179 5502 1288 5554 cuin
1309 5513 1409 5554 Am.
1434 5504 1606 5567 habet,
1632 5506 1928 5558 charitatem.

594 5560 843 5633 δῇωω
1086 5560 1630 5633 itss.et_euml"|oroad
1661 5575 1677 5617 I
1846 5577 2116 5633 inluceat

530 5619 770 5696 Christum
792 5619 1010 5696 pascere,
1230 5626 1419 5680 Christo
1437 5641 1650 5693 pascere.
1675 5630 1767 5681 Sed
1789 5632 1838 5679 in
1857 5631 1963 5696 istis

530 5685 804 5755 omittitur,-
823 5689 871 5755 et
899 5696 1010 5755 cum
1031 5685 1217 5755 Christo
1237 5685 1464 5755 pascere}
1487 5700 1808 5755 praei-quam
1839 5692 1966 5754 quod
1990 5694 2113 5754 apud

531 5750 605 5817 Er.
627 5745 773 5795 deest
795 5745 1058 5817 enarratio?
1078 5753 1146 5798 est
1162 5747 1211 5817 in
1227 5745 1413 5805 ("hristo
1433 5745 1645 5817 pascere.
1661 5745 1744 5806 iiic
1765 5754 1814 5804 in
1834 5745 2112 5806 (forbeiensi

1748 364 1804 419 S.
1839 356 2203 419 AUCUSTINI
2236 357 2537 414 EPISCUPI
3682 359 3775 421 1&8

2206 480 2495 539 sequantur
2543 481 2806 541 pastorem
2845 486 2996 527 suum
3036 471 3333 540 dicentem,
3369 469 3496 537 Qua:
3521 482 3636 527 sunt
3675 462 3777 529 ours

2206 578 2331 616 mea:
2349 605 2363 629 ,
2396 578 2564 616 uocem
2590 580 2750 618 meam
2778 564 3008 632 audiunt,
3037 575 3081 619 et
3109 576 3384 636 sequuntur
3408 582 3504 618 me.

2278 654 2365 709 5i.
2409 654 2691 711 Donatista:
2728 657 3014 713 Catholicos
3061 674 3094 712 a
3130 675 3223 713 sua
3263 660 3610 714 communione
3627 665 3778 730 repel-

2208 740 2338 798 lunt.
2384 744 2515 799 Nam
2572 747 2653 802 vis
2700 763 2876 821 nosse,
2925 748 3211 815 haeretice,
3242 766 3399 820 quam
3439 766 3545 805 non
3594 752 3778 811 habeas

2208 852 2390 891 vocem
2414 837 2660 917 pastoris,
2681 847 2734 893 et
2751 838 3045 910 periculose
3069 850 3120 896 te
3140 851 3429 912 sequantur
3443 857 3569 899 oves
3595 852 3778 900 tectum

2209 927 2519 984 indumento
2555 931 2767 998 ovium,
2800 939 2854 986 et
2897 932 3038 987 intus
3076 932 3255 1003 lupum
3295 949 3540 1005 rapacem
3580 935 3779 1004 (Matth.

2210 1033 2314 1083 vn,
2345 1019 2431 1092 15)
2456 1020 2479 1073 ?
2506 1021 2737 1075 Audiant
2774 1038 2956 1078 vocem
2986 1033 3127 1078 tuam
3149 1066 3165 1091 ,
3206 1025 3480 1083 videamus
3502 1044 3570 1084 an
3596 1028 3783 1085 Christi

2209 1110 2296 1165 sit.
2330 1112 2617 1168 Ecclesiam
2648 1115 2835 1186 quzerit
2861 1116 3070 1170 infirma
3093 1118 3214 1172 ovis
3252 1132 3281 1171 a
3308 1134 3469 1191 grege
3498 1120 3746 1176 aberrans
3767 1162 3780 1185 ,

2212 1203 2454 1257 nesciens
2483 1203 2570 1258 ubi
2613 1205 2683 1259 sit
2718 1221 2885 1276 grex;
2932 1207 3122 1277 quaerit
3149 1223 3254 1278 quo
3293 1224 3351 1264 se
3379 1219 3646 1280 aggreget,
3687 1227 3784 1280 qu.)

2216 1293 2395 1349 intret.
2424 1294 2535 1349 Ede
2559 1311 2743 1352 vocem
2769 1315 2780 1351 :
2814 1297 3089 1354 audiamus
3108 1340 3123 1363 ,
3154 1314 3222 1355 an
3247 1298 3441 1354 Christi
3473 1301 3578 1365 sit;
3608 1301 3787 1356 audia-

2212 1399 2351 1448 mus,
2387 1395 2562 1440 utrum
2591 1387 2711 1458 agni
2753 1389 2858 1457 sit,
2889 1405 2954 1443 an
2987 1388 3237 1461 perdicis.
3282 1390 3407 1445 Ovis
3450 1391 3543 1447 Dei
3576 1406 3784 1462 gregem

2212 1489 2364 1530 suum
2390 1478 2613 1547 quaerit:
2646 1489 2769 1549 puta
2795 1495 2948 1535 ovem
2973 1481 3039 1535 de
3060 1479 3280 1536 Oriente
3312 1482 3523 1537 venisse
3550 1483 3600 1536 in
3651 1482 3786 1538 Afri-

2211 1581 2350 1632 cam,
2375 1569 2565 1638 quzerit
2582 1585 2800 1640 gregem
2821 1585 2998 1639 suum,
3023 1571 3247 1627 incurrit
3269 1572 3320 1626 in
3343 1582 3418 1639 te,
3445 1574 3496 1627 in
3522 1573 3789 1629 basilicam

2213 1667 2356 1713 tuam
2386 1660 2583 1717 intrare
2621 1663 2768 1729 vult;
2800 1664 3153 1719 commoveris
3182 1665 3356 1735 ignota
3387 1665 3555 1730 facie,
3588 1666 3676 1722 vel
3703 1673 3785 1733 tu,

2212 1752 2299 1807 vel
2327 1752 2566 1808 minister
2593 1764 2711 1809 tuus
2730 1796 2744 1820 ,
2773 1764 2919 1810 stans
2946 1756 3028 1810 vel
3057 1756 3249 1812 sedens
3276 1756 3347 1812 ad
3370 1756 3599 1821 omium,
3628 1757 3788 1814 inter-

2212 1851 2363 1913 rogat
2388 1857 2543 1899 ovem
2589 1855 2916 1915 quaerentem
2953 1861 3167 1916 gregem
3209 1861 3400 1911 suum,
3434 1846 3540 1901 imo
3581 1862 3791 1918 gregem

2215 1933 2308 1988 Dei
2335 1951 2347 1987 :
2377 1948 2498 1989 cum
2523 1950 2684 2006 grege
2707 1950 2804 1990 suo
2829 1936 3025 1991 intrare
3052 1937 3183 2002 vult,
3212 1936 3299 1990 ubi
3324 1952 3445 1992 eum
3466 1928 3586 1993 esse
3608 1947 3787 2007 putat:

2213 2024 2442 2094 quzeris,
2492 2025 2733 2096 Paganus
2778 2040 2871 2092 es,
2919 2042 2986 2082 an
3038 2026 3411 2083 Christianus?
3459 2028 3789 2099 Respondet,

2212 2114 2584 2172 Christianus:
2614 2117 2728 2172 ovis
2753 2126 2835 2172 est
2861 2119 3004 2173 enim
3033 2117 3145 2173 Dei.
3169 2117 3374 2186 Quaeris
3394 2134 3462 2174 ne
3489 2119 3623 2174 forte
3651 2129 3794 2175 cate-

2214 2205 2506 2261 chumenos
2561 2207 2661 2272 sit,
2712 2216 2765 2261 et
2813 2207 2977 2262 irruat
3023 2206 3420 2265 Sacramentis:
3470 2210 3791 2280 respondet,

2215 2296 2432 2352 Fidelis.
2472 2297 2679 2365 Quaeris
2707 2299 2858 2368 cujus
2894 2300 3281 2355 communionis
3316 2300 3425 2356 sit:
3471 2302 3793 2374 respondet,

2214 2388 2537 2445 Catholicus.
2573 2387 2930 2444 Christianum
2951 2432 2967 2458 ,
2999 2390 3230 2456 fidelem,
3263 2390 3580 2447 catholicum
3608 2404 3794 2463 repro—

2214 2479 2310 2533 bas
2334 2498 2347 2534 :
2375 2480 2465 2551 qui
2491 2491 2614 2534 sunt
2635 2495 2769 2551 quos
2799 2482 2939 2536 intus
2969 2481 3160 2536 tenes?
3187 2482 3261 2537 Ita
3288 2499 3416 2538 vero
3448 2483 3650 2553 projice
3669 2525 3684 2551 ,
3714 2500 3798 2541 re-

2215 2571 2400 2641 proba.
2424 2571 2465 2625 A
2492 2580 2544 2626 te
2566 2572 2902 2642 reprobatus,
2931 2588 2958 2626 a
2986 2572 3199 2628 Christo
3221 2574 3491 2643 probatur.
3516 2575 3731 2631 Utinam
3748 2582 3801 2633 c';

2216 2662 2289 2717 illi
2330 2662 2418 2732 qui
2463 2670 2588 2718 sunt
2627 2663 2764 2733 apud
2809 2674 2900 2731 te,
2948 2675 3237 2734 agnoscant
3285 2674 3356 2731 te,
3404 2674 3458 2720 et
3488 2666 3540 2721 in
3580 2665 3799 2722 dimidio

2215 2752 2421 2809 dierum
2444 2763 2652 2809 tuorum
2678 2752 3052 2824 derelinquant
3078 2765 3147 2810 te.
3171 2754 3393 2824 Quidam
3416 2755 3605 2812 fratres
3636 2758 3799 2812 nostri

2216 2845 2467 2901 hesterno
2487 2846 2575 2902 die
2601 2846 2774 2902 ierunt
2794 2845 2859 2901 ad
2882 2847 3153 2903 basilicam
3179 2863 3397 2902 eorum:
3426 2848 3524 2904 etsi
3545 2847 3610 2903 ad
3636 2848 3800 2903 malos

2215 2937 2424 3001 fratres,
2451 2947 2625 2995 tamen
2649 2938 2715 2993 ad
2740 2938 2951 2995 fratres.
2983 2939 3277 3007 Attendite,
3304 2940 3495 2997 fratres
3517 2941 3647 3006 mei,
3676 2939 3801 3012 quid

2215 3031 2425 3088 intersit
2455 3032 2594 3088 inter
2618 3031 2863 3088 ﬁduciam
2888 3034 3155 3098 veritatis,
3183 3042 3239 3088 et
3262 3036 3506 3089 timorem
3532 3033 3800 3090 falsitatis.

2214 3123 2436 3190 Quando
2465 3123 2671 3195 aliquos
2695 3141 2880 3180 eorum
2909 3126 2966 3181 in
2990 3126 3093 3181 hoc
3115 3126 3309 3196 pepulo
3336 3127 3651 3196 agnoscitis,
3674 3142 3805 3197 quo-

2215 3213 2376 3269 modo
2397 3214 2682 3285 gaudetis?
2707 3215 2839 3283 Quia
2863 3217 2915 3272 in
2937 3215 3087 3272 vobis
3110 3216 3198 3273 ille
3222 3225 3305 3273 est
3327 3217 3416 3286 qui
3442 3216 3633 3287 quaerit
3663 3216 3803 3288 quod

2215 3304 2448 3374 perierat
2496 3306 2535 3359 ¹.
2584 3305 2895 3377 Suggeritur
2938 3306 3228 3378 aliquando
3272 3307 3462 3372 vobis,
3511 3306 3713 3364 Audiet
3752 3315 3806 3362 et

2215 3394 2471 3451 discedet.
2501 3395 2567 3450 Et
2591 3411 2705 3461 vos,
2733 3395 2926 3451 Audiat
2954 3407 3008 3452 et
3033 3397 3292 3453 discedat.
3321 3398 3513 3454 Audiet
3535 3406 3588 3453 et
3612 3398 3808 3454 irrideo

2214 3485 2310 3540 bit.
2339 3485 2532 3540 Audiat
2576 3493 2631 3542 et
2668 3486 2901 3541 irrideat.
2950 3487 3247 3558 Aliquando
3292 3488 3479 3558 sapiet,
3518 3488 3806 3560 aliquando

2215 3583 2500 3646 cognoscet
2520 3593 2534 3629 :
2563 3575 2846 3647 aliquando
2866 3577 3180 3648 relinquitur
3198 3593 3227 3631 a
3251 3578 3447 3649 populo
3466 3593 3565 3634 suo
3588 3595 3603 3645 ;
3628 3594 3809 3635 rema-

2216 3675 2308 3720 net
2329 3681 2448 3721 cum
2469 3668 2632 3721 corde
2656 3682 2752 3722 suo
2778 3668 2820 3732 ⁸,
2844 3668 3110 3723 renuntiat
3134 3669 3302 3723 errori
3330 3683 3447 3735 suo,
3470 3668 3676 3739 gratias
3700 3668 3808 3740 agit

2217 3755 2328 3811 Deo
2347 3772 2464 3811 suo.
2492 3756 2572 3811 Illi
2606 3766 2783 3812 autem
2799 3758 2922 3827 quid
2938 3757 2964 3810 ?
2983 3759 3081 3824 Qui
3101 3757 3269 3813 estis?
3290 3758 3573 3815 Christiani
3593 3774 3804 3816 sumus.

2214 3844 2363 3914 Non,
2395 3845 2489 3902 sed
2517 3847 2901 3919 exploratores.
2936 3847 3003 3903 Et
3030 3847 3148 3915 illi,
3176 3848 3432 3904 Catholici
3457 3862 3663 3905 sumus.
3701 3850 3807 3905 Co-

2216 3939 2326 3994 nati
2364 3946 2489 3994 sunt
2537 3938 2833 4010 injuriare:
2881 3939 3105 3996 meliore
3138 3941 3362 3996 consilio
3394 3940 3646 4013 paenituit
3691 3957 3807 3998 eos.
3872 3973 3878 3979 υ

2216 4029 2388 4100 Atque
2416 4029 2617 4086 utinam
2646 4030 2724 4084 sic
2746 4031 2998 4101 preniteat
3024 4040 3079 4087 et
3106 4031 3178 4086 ibi
3207 4046 3503 4098 remanere,
3533 4031 3811 4102 quomodo

2216 4120 2463 4189 pmnituit
2486 4133 2580 4175 eos
2606 4120 2695 4189 qui
2722 4120 2947 4191 ingressi
2972 4129 3095 4175 sunt
3123 4120 3394 4191 iniuriam.
3434 4120 3640 4176 Tamen
3671 4135 3812 4192 quos

2217 4209 2593 4280 projecerunt?
2628 4208 2995 4278 Christianos,
3046 4211 3259 4277 fideles,
3304 4211 3613 4267 catholicos.
3659 4211 3813 4281 Quos

2217 4300 2501 4369 tenuerint,
2525 4300 2649 4355 nolo
2671 4301 2872 4357 dicere.
2904 4302 3050 4370 Quos
3075 4302 3417 4373 projecerint,
3447 4301 3600 4357 video
3625 4319 3641 4356 :
3671 4317 3814 4374 quos

2216 4392 2504 4457 tenuerint,
2531 4390 2631 4461 ipsi
2657 4391 2854 4447 dicam.

2285 4483 2377 4539 52.
2427 4482 2806 4539 Donatistarum
2875 4501 2973 4540 vox
3029 4502 3130 4539 non
3171 4500 3268 4540 vox
3314 4485 3549 4555 pastoris.
3614 4485 3814 4542 Dicant

2216 4592 2343 4648 ergo
2381 4593 2569 4635 vocem
2606 4592 2789 4633 suam:
2821 4578 3092 4633 videamus
3118 4594 3186 4633 an
3215 4577 3411 4634 Christi
3440 4578 3509 4633 sit
3550 4594 3657 4634 vox
3678 4620 3694 4645 ,
3739 4595 3809 4632 an

2216 4670 2441 4739 pastoris
2470 4671 2540 4726 sit
2575 4687 2698 4740 vos,
2729 4686 2885 4742 quam
2918 4681 3208 4743 sequantur
3249 4688 3395 4727 oves.
3429 4673 3554 4727 Sive
3580 4688 3680 4743 per
3706 4673 3810 4728 bu-

2216 4775 2342 4815 num
2370 4762 2437 4815 sit
2470 4778 2569 4815 vox
2602 4761 2733 4826 ista,
2762 4763 2873 4816 sive
2901 4777 2998 4832 per
3034 4763 3231 4817 malum
3272 4762 3541 4819 hominem
3561 4804 3578 4831 ,
3622 4772 3813 4818 utrum

2216 4854 2444 4923 pastoris
2470 4854 2538 4908 sit
2562 4870 2683 4921 vox,
2714 4855 3070 4910 attendamus.

2286 4941 2510 4998 CAPUT
2536 4941 2671 4997 XIV.
2694 4974 2767 4983 —
2784 4943 2983 5009 Qumrit
3007 4944 3249 5000 infirmus
3272 4944 3586 5011 Ecclesiam,
3610 4944 3815 5014 quaerit

2217 5048 2402 5087 errans
2443 5035 2750 5089 Ecclesiam.
2798 5034 2877 5089 Tu
2908 5035 3032 5105 quid
3074 5035 3250 5090 dicis?
3293 5035 3465 5090 Partis
3502 5035 3696 5091 Donati
3728 5044 3818 5091 est

2218 5124 2479 5179 Ecclesia.
2512 5124 2623 5195 Ego
2646 5141 2829 5179 vocem
2857 5126 3086 5196 pastoris
3113 5125 3342 5196 inquiro.
3372 5126 3510 5197 Lege
3538 5125 3644 5180 hoc
3676 5125 3819 5179 mihi

2217 5211 2285 5272 de
2325 5217 2623 5288 Propheta,
2670 5218 2783 5288 lege
2821 5218 2948 5273 mihi
2974 5218 3039 5274 de
3076 5219 3304 5285 Psalmo,
3351 5219 3516 5274 recita
3558 5217 3693 5272 mihi
3745 5217 3819 5273 de

2219 5309 2378 5379 Lege,
2401 5310 2563 5365 recita
2580 5308 2647 5365 de
2667 5310 2967 5380 Evangelio,
2985 5310 3147 5366 recita
3169 5309 3237 5365 de
3257 5309 3531 5380 Apostolo.
3550 5308 3683 5364 Inde
3708 5323 3825 5379 ego

2219 5401 2383 5455 recito
2412 5400 2703 5456 Ecclesiam
2733 5409 2843 5455 toto
2871 5401 3000 5457 orbe
3024 5400 3291 5467 diffusam,
3320 5409 3371 5456 et
3401 5400 3689 5455 Dominum
3722 5398 3818 5453 di-

2219 5501 2426 5546 centem
2443 5533 2457 5555 ,
2489 5490 2619 5558 Qua
2642 5502 2758 5545 sunt
2786 5507 2899 5546 oves
2926 5506 3067 5552 παπ.
3096 5507 3262 5545 uocem
3291 5507 3451 5545 meum
3476 5490 3699 5544 audiunt
3718 5531 3737 5556 ,
3768 5499 3817 5542 ct

2219 5590 2491 5651 sequuntur
2525 5596 2621 5635 me.
2649 5580 2780 5648 Qua:
2803 5589 2885 5637 est
2922 5598 3021 5636 vox
3049 5581 3318 5652 pastoris?
3360 5580 3426 5635 Et
3455 5579 3735 5651 pmdicari
3763 5595 3822 5635 us

2284 5693 2301 5760 ξ
2326 5691 2460 5760 Ulim.
2488 5701 2540 5743 et
2558 5699 2695 5760 ton:
2723 5694 2963 5760 ()ttOIIIOdO
2982 5694 3225 5760 gaudetis,
3253 5694 3371 5760 quia
3390 5692 3439 5743 in
3474 5691 3601 5744 robis
3622 5690 3717 5746 ille
3743 5701 3822 5745 est

2219 5752 2301 5818 qui
2336 5755 2542 5816 perierat
2556 5754 2587 5818 4?
2606 5752 2894 5806 Dissentiunt
2930 5752 3096 5807 caeteri
3130 5757 3233 5807 libri
3261 5752 3376 5807 editi
3401 5763 3451 5807 et
3473 5762 3575 5806 Mss.

2286 5819 2306 5849 ²
2329 5826 2425 5866 Am.
2448 5824 2497 5867 et
2522 5816 2703 5881 Aliquot
2729 5826 2853 5878 Mss“
2876 5819 2923 5869 iu
2945 5819 3087 5872 rordc
3103 5832 3204 5873 suo.
