4012 6338
254 322 365 378 ἓδῡ

256 438 460 493 nomine
482 437 592 508 ejus
616 432 952 505 penitentiam
976 441 1021 487 et
1046 432 1383 487 remissionem
1410 444 1721 502 peccatorum
1746 451 1833 502 per

254 545 427 584 onmes
441 538 631 599 gentes,
652 524 999 593 incipientibus
1013 523 1074 577 ab
1084 523 1367 577 Jerusalem
1387 521 1531 595 (Luc.
1552 541 1676 577 xxxv
1686 568 1698 590 ,
1717 526 1829 593 47).

257 620 396 674 Ecce
422 634 526 673 vox
553 618 805 687 pastoris;
832 630 1060 686 agnosce
1086 623 1139 669 et
1160 629 1382 683 sequere
1399 656 1412 679 ,
1436 616 1480 668 si
1507 615 1620 669 ovis
1648 631 1724 669 es.

326 711 419 765 53.
460 708 573 762 Nec
616 723 709 761 vos:
756 706 970 776 pastoris
1006 712 1077 758 est
1118 705 1251 775 quod
1294 704 1370 757 illi
1415 705 1477 759 de
1516 706 1834 759 traditoribus

255 802 471 864 dicunt;
497 816 658 870 neque
685 798 819 869 quod
864 795 1142 850 Ecclesium
1180 796 1351 848 dicunt
1406 798 1696 867 perituram.
1729 797 1833 852 Sed

255 893 331 945 illi
359 891 578 946 codices
610 888 959 952 tradiderunt,
988 897 1041 941 et
1069 887 1144 941 illi
1172 887 1293 941 thus
1327 887 1480 942 idolis
1505 896 1794 957 posuerunt
1817 929 1831 951 ,

256 981 347 1035 ille
369 989 427 1035 et
448 981 556 1034 ille.
581 979 717 1046 Quid
739 977 804 1033 ad
828 992 912 1031 me
937 976 1003 1031 de
1026 976 1115 1030 illo
1140 985 1193 1031 et
1218 976 1343 1031 illo?
1364 977 1417 1031 Si
1448 977 1700 1043 fecerunt,
1730 992 1834 1031 non

256 1081 380 1123 sunt
408 1078 691 1139 pastores:
745 1078 799 1121 tu
841 1082 1020 1122 vocem
1059 1068 1284 1136 pastoris
1328 1067 1553 1133 edicito;
1585 1069 1703 1136 quia
1739 1083 1837 1122 nec

254 1162 322 1213 de
355 1160 462 1214 illis
490 1175 674 1214 vocem
714 1159 939 1228 pastoris
982 1159 1285 1211 annuntias.
1328 1156 1408 1211 Tu
1450 1173 1688 1224 accusas,
1729 1173 1834 1212 non

258 1253 644 1322 Evangelium;
674 1260 728 1305 tu
757 1265 1003 1313 accusas,
1037 1265 1138 1303 non
1162 1240 1446 1318 Propheta,
1479 1265 1581 1304 non
1612 1251 1839 1319 Aposto-

254 1346 338 1398 lus
363 1361 377 1395 :
409 1344 477 1400 de
502 1359 609 1413 quo
632 1342 757 1396 mihi
784 1357 883 1394 vox
911 1340 1007 1394 ista
1031 1340 1281 1409 loquitur,
1308 1338 1374 1394 de
1397 1339 1488 1393 illo
1510 1339 1698 1404 credo;
1722 1338 1839 1392 aliis

256 1450 363 1489 non
388 1435 571 1489 credo.
603 1433 709 1489 Sed
738 1435 866 1487 Acta
897 1431 1101 1502 profers
1127 1449 1139 1485 :
1178 1432 1307 1486 Acta
1342 1430 1572 1501 profero.
1611 1430 1834 1485 Credam

257 1530 361 1583 tuis
388 1547 402 1582 :
435 1527 594 1582 crede
618 1536 671 1580 et
702 1536 754 1581 tu
786 1526 939 1580 meis.
970 1523 1084 1579 Non
1115 1522 1274 1578 credo
1302 1524 1401 1577 tuis
1426 1541 1439 1576 :
1486 1522 1593 1576 noli
1619 1521 1838 1577 credere

255 1621 417 1675 meis.
451 1618 773 1673 Auferantur
815 1617 1011 1671 charta:
1046 1615 1309 1679 humanae,
1347 1620 1539 1667 sonent
1574 1627 1730 1666 voces
1754 1612 1836 1665 di-

252 1714 419 1767 vime.
447 1712 561 1765 Ede
584 1710 711 1764 mihi
736 1724 893 1763 unam
915 1708 1200 1777 Scriptum
1220 1721 1405 1761 vocem
1438 1722 1532 1774 pro
1561 1713 1707 1775 parte
1732 1705 1837 1757 Do-

254 1803 404 1857 nati:
433 1802 558 1857 audi
579 1799 1007 1863 innumerabiles,
1033 1813 1127 1866 pro
1149 1796 1279 1851 orbe
1300 1805 1579 1851 terrarum.
1602 1796 1729 1862 Quis
1748 1809 1839 1849 cas

253 1896 577 1948 enumerat?
604 1892 733 1957 Quis
761 1904 853 1945 eas
880 1886 1162 1943 terminat?
1191 1887 1388 1941 Tamen
1414 1893 1469 1938 ut
1496 1900 1655 1953 pauca
1694 1899 1839 1937 com-

256 1997 643 2047 memoremus,
672 1981 867 2050 Legem
892 1976 1125 2042 attende,
1157 1976 1383 2045 primum
1417 1974 1508 2028 Dei
1532 1974 1840 2027 Testamen-

257 2084 411 2128 tum:
459 2071 526 2125 In
554 2071 741 2125 semine
784 2079 869 2122 tuo
910 2067 1256 2121 benedicentur
1285 2081 1453 2118 omnes
1490 2072 1655 2134 gentes
1685 2061 1835 2132 (Gen.

254 2178 402 2228 nu,
438 2160 546 2231 18).
591 2160 659 2215 Et
682 2160 736 2213 in
777 2159 1014 2221 Psalmo,
1055 2155 1259 2210 Postula
1300 2172 1332 2207 a
1379 2170 1485 2219 ine,
1513 2162 1559 2207 et
1585 2153 1713 2206 dabo
1752 2154 1838 2206 tibi

253 2262 431 2323 gentes
457 2251 797 2304 Izazreditatem
819 2257 957 2301 tuam
981 2256 1029 2301 et
1055 2244 1414 2316 possessionem
1441 2253 1576 2297 tuam
1604 2243 1838 2297 terminos

254 2354 407 2396 terrm
436 2341 604 2410 (Psal.
632 2356 697 2404 ιι,
731 2340 809 2409 8).
847 2336 1373 2392 Commemorabuntur
1409 2343 1455 2387 et
1497 2343 1839 2387 convertentur

254 2434 324 2485 ad
348 2433 627 2486 Dominum
653 2430 867 2483 universi
892 2429 1021 2498 ﬁnes
1045 2436 1222 2489 teme;
1248 2436 1292 2479 et
1320 2425 1597 2478 adorabunt
1623 2425 1676 2477 in
1715 2440 1835 2476 con-

253 2533 431 2592 spectu
456 2525 565 2591 ejus
609 2522 851 2574 universa:
887 2519 1062 2588 patria:
1102 2517 1362 2587 gentium:
1400 2515 1637 2585 quoniam
1679 2514 1838 2585 ipsius

256 2625 328 2668 est
370 2631 613 2684 regnum,
658 2622 705 2667 et
734 2613 839 2681 ipse
876 2610 1211 2663 dominabitur
1238 2608 1459 2678 gentium
1508 2605 1677 2679 (Psal.
1703 2622 1793 2658 XXI
1820 2646 1834 2670 ,

253 2707 346 2771 28,
373 2706 489 2776 ‘29).
518 2703 728 2759 Cantate
751 2703 969 2757 Domino
992 2703 1238 2756 canticum
1264 2717 1478 2765 novum;
1507 2708 1705 2753 cantate
1731 2698 1839 2751 Do-

255 2800 394 2852 mino
414 2840 429 2863 ,
463 2798 626 2852 omnis
656 2807 787 2850 terra
824 2794 995 2866 (Psal.
1042 2809 1164 2859 xcv,
1195 2794 1267 2861 1).
1314 2792 1382 2846 Ει
1421 2791 1699 2845 adorabunt
1728 2806 1839 2843 eum

254 2907 432 2944 omnes
476 2906 617 2959 reges
667 2897 843 2953 teme,
892 2903 1059 2940 omnes
1100 2894 1268 2957 gentes
1310 2886 1517 2939 servient
1566 2884 1641 2937 illi
1667 2882 1835 2953 (Psal.

256 2997 417 3043 uxr,
466 2978 578 3050 ll).
610 2979 737 3045 Quis
776 2992 1089 3033 enumerare
1137 2975 1401 3031 sufﬁciat?
1445 2976 1617 3044 Prope
1663 2974 1839 3027 omnis

256 3073 449 3140 pagina
479 3069 612 3125 nihil
639 3067 774 3122 aliud
796 3076 949 3123 sonat
976 3082 1134 3138 quam
1161 3065 1449 3131 Christum,
1473 3074 1525 3119 et
1548 3064 1836 3118 Ecclesiam

257 3171 370 3213 toto
400 3160 534 3213 orbe
557 3157 822 3213 diﬂ‘usam.
848 3157 1016 3211 Exeat
1041 3155 1169 3209 mihi
1197 3170 1298 3209 una
1324 3170 1423 3208 vox
1452 3170 1546 3223 pro
1568 3162 1714 3222 parte
1739 3153 1838 3206 Ds-

256 3253 386 3307 nati.
422 3252 559 3319 Quid
596 3266 839 3320 magnum
880 3259 959 3305 est
990 3248 1130 3318 quod
1158 3248 1374 3317 quaero?
1407 3246 1694 3301 Ecclesium
1728 3254 1836 3299 toto

255 3343 390 3397 orbe
437 3341 715 3407 diffusam,
766 3341 1048 3410 perituram
1093 3338 1254 3393 fuisse
1287 3339 1303 3369 ¹
1356 3337 1555 3391 dicunt.
1600 3336 1836 3391 Peritura

255 3433 512 3503 praedicta
542 3441 624 3487 est
657 3440 731 3486 tot
775 3431 1086 3486 testimoniis
1130 3429 1411 3484 mansura?
1451 3428 1561 3483 Nec
1604 3442 1706 3481 una
1735 3443 1837 3481 vox

255 3524 353 3578 ista
383 3539 478 3593 per
500 3522 723 3593 Legem,
758 3536 849 3590 per
889 3520 1200 3590 Prophetas,
1231 3534 1325 3588 per
1367 3519 1580 3573 Cantica
1612 3518 1838 3587 pastoris

254 3622 355 3668 est.
402 3612 587 3681 Neque
630 3613 771 3667 enim
813 3610 888 3665 illi
934 3626 1115 3665 verum
1163 3610 1340 3665 dicere
1382 3610 1496 3664 sine
1541 3608 1717 3665 Verbo
1745 3609 1835 3664 Dei

256 3712 568 3774 potuerunt,
595 3702 734 3772 quod
760 3711 843 3757 est
871 3700 1131 3755 Christus.

326 3798 419 3851 54.
473 3795 580 3849 Voa.
609 3794 823 3864 pastoris
868 3803 913 3849 et
959 3795 1066 3863 ejus
1113 3809 1235 3863 gres:
1281 3809 1379 3846 non
1403 3793 1539 3846 latet.
1585 3793 1723 3848 Audi
1749 3810 1839 3850 vo-

257 3902 374 3941 cem
410 3885 603 3951 Verbi,
631 3895 683 3939 et
706 3902 768 3939 ex
797 3900 890 3939 ore
922 3884 1099 3939 Verbi.
1127 3884 1345 3939 Miratus
1371 3884 1530 3940 fidem
1553 3884 1837 3941 Centurio-

260 3980 341 4032 nis
366 3997 381 4031 :
412 3978 591 4041 Amen,
618 3977 816 4046 inquit,
847 3978 959 4030 dico
984 3977 1137 4042 vobis,
1161 3993 1261 4030 non
1285 3976 1450 4031 inveni
1472 3987 1661 4031 tantam
1685 3979 1835 4047 ﬁdem

258 4070 310 4123 in
336 4069 527 4122 Israel.
551 4067 827 4136 Propterea
851 4067 962 4121 dico
982 4067 1137 4131 vobis,
1168 4067 1286 4136 quia
1314 4067 1457 4121 multi
1481 4068 1543 4121 ab
1568 4066 1770 4123 Oriente
1794 4080 1840 4124 et

261 4159 536 4214 Occidente
561 4158 771 4220 venient,
806 4166 849 4211 et
876 4156 1158 4210 recumbent
1188 4173 1300 4208 cum
1330 4157 1584 4210 Abraham
1613 4167 1659 4211 et
1688 4157 1838 4212 Isaac

258 4260 304 4303 et
339 4248 503 4302 Jacob
544 4249 597 4301 in
634 4263 786 4317 regno
819 4247 1057 4300 caelorum
1098 4245 1306 4315 (Matth.
1337 4262 1423 4300 vm
1447 4288 1461 4310 ,
1496 4247 1595 4312 10,
1626 4247 1735 4319 ll).
1762 4250 1839 4303 Ab

264 4341 467 4395 Oriente
490 4349 538 4393 et
565 4338 832 4392 Occidente
856 4338 999 4391 multi
1024 4338 1213 4391 venient
1236 4353 1254 4391 :
1285 4352 1408 4393 ecce
1430 4339 1664 4394 Ecclesia
1686 4342 1837 4394 Chri-

260 4430 323 4484 sti
343 4472 361 4495 ,
392 4444 522 4484 ecce
545 4443 674 4498 grex
701 4426 931 4491 Christi;
974 4434 1027 4480 tu
1053 4425 1191 4492 vide,
1230 4426 1274 4480 si
1299 4427 1412 4481 ovis
1436 4443 1513 4482 es.
1541 4428 1658 4482 Non
1696 4429 1836 4483 enim

260 4530 314 4573 te
338 4519 468 4573 latet
486 4533 614 4587 grex
636 4516 725 4587 qui
751 4516 943 4586 ubique
964 4524 1061 4570 est.
1086 4516 1200 4570 Non
1225 4516 1441 4571 habebis
1466 4517 1590 4586 quid
1616 4533 1837 4587 respou-

261 4611 387 4666 deas
413 4609 575 4680 judici
606 4617 696 4663 tuo
720 4648 735 4672 ,
767 4622 921 4678 quem
950 4621 1052 4661 non
1081 4607 1160 4661 vis
1189 4621 1308 4661 esse
1348 4617 1609 4676 pastorem
1642 4617 1785 4663 tuum
1820 4628 1832 4663 :

262 4715 369 4754 non
396 4698 615 4754 habebis
635 4739 650 4764 ,
695 4698 906 4767 inquam
927 4737 941 4760 ,
968 4696 1109 4766 quod
1144 4696 1466 4765 respondeas
1498 4697 1662 4766 judici
1709 4706 1801 4753 tuo
1821 4740 1836 4763 ,

261 4789 471 4844 Nescivi
491 4829 507 4853 ,
535 4803 638 4843 non
660 4787 787 4854 vidi,
811 4802 916 4840 non
942 4786 1138 4840 audivi.
1166 4786 1298 4853 Quid
1321 4796 1403 4841 est
1424 4788 1563 4856 quod
1587 4790 1837 4844 nescisti?

264 4879 374 4935 Nec
400 4890 471 4934 est
495 4880 581 4948 qui
603 4896 655 4932 se
687 4878 957 4932 abscondat
983 4895 1015 4930 a
1037 4879 1202 4931 calore
1228 4880 1335 4950 ejus
1364 4878 1534 4947 (Psal.
1567 4897 1693 4934 xvm
1713 4922 1727 4946 ,
1761 4883 1835 4950 7).

262 4969 395 5037 Quid
423 4978 507 5023 est
532 4968 672 5037 quod
710 4984 815 5022 non
836 4968 1049 5022 vidisti?
1088 4968 1326 5022 Viderunt
1353 4986 1520 5024 omnes
1546 4972 1670 5039 ﬁnes
1696 4981 1840 5027 terra:

263 5062 485 5113 salutare
516 5058 609 5111 Dei
629 5059 786 5111 nostri
817 5056 984 5129 (Psal.
1013 5074 1175 5124 xcvu,
1208 5058 1286 5129 '5).
1309 5059 1442 5125 Quid
1467 5070 1548 5114 est
1574 5062 1711 5130 quod
1735 5080 1837 5118 non

262 5152 495 5207 audisti?
533 5150 600 5203 In
642 5167 837 5204 onmem
875 5160 1057 5203 terram
1086 5152 1233 5204 exivit
1275 5169 1426 5205 sonus
1467 5170 1664 5219 eorum,
1699 5163 1745 5209 et
1787 5158 1840 5210 in

268 5244 385 5297 ﬁnes
416 5244 548 5297 orbis
574 5252 721 5296 terra:
746 5242 891 5296 verba
917 5258 1104 5295 eorum.
1135 5240 1306 5311 (Psal.
1338 5261 1463 5298 xvut
1486 5286 1499 5310 ,
1532 5246 1611 5314 5).

332 5335 423 5390 35.
462 5333 626 5388 Locus
645 5351 707 5389 ea:
733 5334 951 5387 Canticis
973 5336 1277 5388 canticorum
1302 5352 1333 5388 a
1353 5335 1629 5391 Donatistis
1650 5341 1840 5409 frustra

264 5428 510 5495 prolatus.
564 5424 773 5480 Cantica
834 5426 1143 5497 canticorum
1206 5427 1494 5497 aenigmata.
1549 5428 1653 5485 Sed
1698 5441 1841 5488 recte

264 5532 293 5570 a
320 5517 468 5571 vobis
490 5516 742 5585 quazritur
762 5530 861 5569 vox
889 5488 1108 5582 Christi,
1132 5532 1231 5569 vox
1256 5519 1500 5586 pastoris,
1525 5534 1684 5588 quam
1714 5536 1840 5578 oves

265 5605 479 5660 audiant
503 5614 557 5660 et
583 5615 892 5675 sequantur.
921 5605 1036 5661 Non
1074 5607 1321 5663 invenitis
1346 5608 1469 5678 quid
1505 5609 1710 5666 dicatis.
1743 5629 1840 5668 vo-

335 5742 440 5790 ιειο
468 5748 571 5793 tuo.
596 5748 648 5793 et
670 5749 775 5790 Mss.
803 5746 858 5790 At
879 5745 949 5789 Er.
976 5738 1112 5789 Ullm.
1139 5746 1189 5791 et
1211 5746 1339 5803 t.ov.,
1363 5741 1629 5805 perituram
1656 5758 1774 5797 esse.

1669 319 1892 373 δΕιιιιι)
1934 316 2105 374 XLVI.

3416 333 3520 391 890

1941 446 2057 484 cem
2102 431 2328 500 pastoris
2367 447 2469 487 non
2497 434 2718 490 habetis.
2754 436 2962 505 Audite,
2993 446 3048 493 et
3072 441 3389 510 sequimini:
3434 446 3517 498 di-

1941 521 2128 575 mittite
2152 536 2333 575 vocem
2357 522 2486 593 lupi,
2504 526 2781 595 sequimini
2804 544 2987 584 vocem
3009 533 3265 600 pastoris;
3287 544 3377 589 aut
3397 535 3521 593 date

1941 626 2121 665 vocem
2153 613 2400 679 pastoris.

2008 702 2233 757 CAPUT
2272 704 2387 758 XV.
2410 736 2479 744 —
2503 706 2729 773 Damus,
2765 710 3024 781 inquiunt.
3063 714 3372 772 Audiamus.
3416 718 3519 771 Da-

1940 808 2057 848 mus
2095 803 2149 848 et
2184 810 2279 849 nos
2307 812 2491 851 vocem
2522 802 2767 867 pastoris.
2798 804 3104 859 Audiamus.
3148 807 3204 861 In
3248 808 3519 874 Canticis,

1939 884 2215 954 inquiunt,
2248 889 2573 943 canticorum
2614 882 2844 960 loquitur
2886 909 3077 963 sponsa
3118 898 3184 951 ad
3224 913 3476 967 sponsqu
3503 939 3518 961 ,

1942 976 2174 1032 Ecclesia
2202 978 2266 1031 ad
2305 977 2593 1034 Christum.
2625 981 2875 1038 Novimus
2917 985 3131 1041 Cantica
3158 992 3518 1054 canticorum,

1939 1077 2117 1120 sancta
2134 1068 2357 1133 cantica,
2385 1071 2638 1124 amatoria
2662 1073 2884 1137 cantica,
2904 1076 3069 1129 sancti
3088 1080 3303 1143 amoris,
3324 1090 3521 1135 saneta:

1938 1154 2239 1222 charitatis,
2267 1168 2463 1213 sanctae
2492 1159 2803 1217 dulcedinis.
2835 1163 2995 1219 Plane
3025 1166 3143 1221 volo
3190 1168 3314 1223 inde
3340 1162 3522 1224 audire

1938 1261 2123 1299 vocem
2149 1249 2393 1316 pastoris,
2419 1265 2602 1305 vocem
2626 1252 2917 1308 dulcissimi
2947 1258 3146 1325 sponsi.
3170 1252 3300 1323 Ede,
3323 1260 3367 1314 si
3396 1254 3521 1329 quid

1942 1335 2138 1391 habes:
2176 1338 2472 1394 audiamus.
2508 1341 2746 1411 Sponsa,
2777 1344 3050 1414 inquiunt,
3077 1348 3206 1403 dicit
3250 1350 3314 1403 ad
3357 1365 3521 1420 spon-

1940 1441 2093 1479 sum:
2126 1428 2381 1482 Annuntia
2419 1432 2567 1496 milii,
2602 1450 2747 1501 quem
2798 1435 2972 1490 dilexit
3033 1440 3202 1492 anima
3247 1457 3390 1506 utea,
3438 1442 3522 1494 ubi

1941 1519 2221 1586 pascis,ubi
2251 1521 2441 1575 cubas?
2465 1522 2534 1577 Et
2556 1523 2660 1588 ille,
2689 1525 2950 1596 inquiunt,
2984 1531 3305 1599 respondet:
3334 1533 3396 1586 In
3419 1551 3522 1588 me-

1939 1608 2082 1661 ridie.
2115 1603 2387 1664 Manifesta
2414 1612 2502 1665 tibi
2534 1615 2830 1671 testimonia
2862 1618 3220 1687 proferebam,
3256 1638 3363 1675 non
3408 1633 3525 1679 erat

1940 1698 2379 1767 quemadmodum
2418 1697 2574 1758 aliter
2604 1706 3064 1776 interpretareris:
3100 1710 3314 1765 Postulo
3348 1730 3378 1765 a
3410 1731 3521 1776 me,

1940 1799 1983 1842 et
2009 1786 2136 1842 dabo
2176 1792 2259 1844 tibi
2302 1800 2470 1862 gentes
2497 1795 2837 1852 luereditatem
2871 1796 3045 1868 tuam,
3089 1813 3135 1856 et
3165 1807 3524 1873 possessionem

1941 1888 2078 1931 tuam
2108 1882 2340 1936 terminos
2366 1892 2529 1938 terrae.
2555 1885 3086 1945 Commemorabuntur
3106 1902 3152 1946 et
3177 1906 3525 1949 convertentur

1940 1970 2007 2022 ad
2038 1970 2311 2024 Dominum
2340 1975 2556 2029 universi
2591 1978 2715 2046 lines
2744 1989 2908 2034 terrae.
2938 1981 3072 2049 Quid
3103 1993 3184 2038 est
3220 1985 3359 2054 quod
3391 1979 3525 2042 mihi

1940 2060 2006 2115 de
2033 2062 2262 2117 Canticis
2306 2066 2634 2120 canticorum
2666 2068 2912 2137 profers?
2941 2072 3090 2138 Quod
3124 2072 3256 2129 forte
3287 2090 3390 2129 non
3437 2077 3521 2128 in-

1944 2152 2147 2221 telligis.
2194 2152 2405 2208 Etenim
2452 2156 2539 2211 illa
2564 2157 2779 2214 Cantica
2824 2162 3105 2232 :enigmata
3153 2172 3293 2230 sunt,
3346 2169 3525 2236 paucis

1926 2243 2353 2313 intelligentibus
2381 2257 2503 2302 uota
2534 2259 2685 2317 sunt,
2714 2252 2897 2322 paucis
2925 2256 3254 2323 pulsantibus
3278 2252 3526 2327 aperiun-

1943 2342 2043 2386 tur.
2083 2334 2227 2390 'l'ene
2258 2345 2308 2389 et
2347 2336 2538 2394 devote
2578 2341 2757 2410 accipe
2799 2353 2979 2412 aperta
3009 2346 3057 2411 ³,
3091 2355 3147 2400 ιιι
3198 2349 3386 2402 merito
3431 2347 3524 2401 tibi

1940 2422 2235 2491 pandantur
2263 2426 2510 2481 obscura.
2546 2428 2823 2496 Quomodo
2867 2434 2972 2487 eris
3005 2441 3309 2504 penetrator
3335 2435 3526 2492 obscu—

1941 2530 2141 2582 rerum,
2170 2527 2507 2588 contemptor
2532 2522 2973 2579 manifestorum?

2011 2605 2098 2661 56.
2145 2606 2304 2661 Locus
2331 2625 2392 2662 ex
2422 2610 2637 2665 Canticis
2675 2613 2954 2668 contrarius
2982 2625 3051 2669 est
3087 2612 3387 2672 Donatistis.
3420 2616 3520 2674 Ec.

1940 2710 2001 2750 ce
2053 2704 2227 2751 tamen
2260 2707 2316 2751 ut
2369 2714 2651 2768 possumus
2672 2744 2686 2769 ,
2719 2703 2942 2771 fratres,
2974 2705 3088 2775 haec
3145 2708 3305 2763 verba
3338 2708 3521 2763 discu-

1946 2787 2140 2842 tiamus
2165 2805 2176 2840 :
2202 2788 2371 2844 aderit
2403 2791 2654 2847 Dominus
2674 2835 2689 2860 ,
2717 2803 2775 2848 ut
2803 2794 3025 2850 videatis
3054 2797 3126 2851 ibi
3156 2812 3340 2853 sanum
3364 2800 3524 2854 intel-

1941 2878 2157 2933 lectum.
2183 2880 2380 2945 Primo,
2404 2884 2543 2952 quod
2565 2885 2630 2939 ab
2652 2887 2898 2942 omnibus
2922 2898 2975 2943 et
2997 2889 3255 2960 imperitis
3278 2892 3524 2950 facillime

1939 2968 2226 3037 judicatur,
2253 2972 2411 3027 verba
2437 2973 2549 3043 ipsa
2570 2975 2705 3030 male
2726 2972 3050 3049 distinguunt
3073 2998 3087 3034 :
3112 2997 3251 3037 nunc
3276 2982 3522 3051 audietis,

1945 3075 2085 3114 nunc
2113 3062 2421 3131 probabitis.
2469 3065 2677 3120 Etenim
2706 3070 2783 3123 sic
2822 3085 2880 3124 se
2908 3070 3068 3126 habet
3110 3082 3281 3128 textus
3312 3073 3422 3146 ipse
3445 3078 3523 3132 le-

1940 3151 2147 3205 Ctionis.
2178 3151 2381 3221 Sponsa
2414 3155 2645 3224 loquitur
2670 3158 2734 3211 ad
2771 3174 3060 3229 sponsum:
3084 3164 3339 3219 Anuuntia
3364 3168 3520 3231 milii,

1940 3256 2086 3308 quem
2116 3240 2288 3295 dilexit
2313 3244 2482 3297 anima
2518 3263 2626 3300 mea
2650 3289 2663 3312 ,
2702 3248 2784 3302 ubi
2824 3254 3018 3320 pascis,
3051 3253 3136 3308 ubi
3162 3256 3331 3311 cubas.
3364 3259 3519 3324 Quod

1941 3344 2132 3399 sponsa
2164 3345 2359 3400 sponso
2379 3333 2544 3401 dicat,
2576 3337 2712 3405 quod
2738 3339 2973 3394 Ecclesia
2994 3340 3205 3399 Christo
3225 3345 3391 3411 dicat,
3425 3364 3525 3403 nec

1942 3432 2038 3472 nos
2092 3418 2427 3486 dubitamus,
2456 3439 2554 3478 nec
2597 3425 2691 3479 illi.
2738 3427 2841 3482 Sed
2890 3432 3064 3484 omnia
3111 3434 3270 3489 verba
3316 3449 3524 3505 sponsa:

1941 3508 2079 3563 audi.
2111 3510 2284 3575 Quare
2306 3514 2525 3568 verbum
2557 3514 2694 3584 quod
2729 3513 2902 3573 adhuc
2946 3536 3153 3591 sponsae
3179 3534 3291 3591 cst,
3323 3528 3401 3582 vis
3427 3529 3525 3582 tri-

1941 3598 2102 3654 buere
2152 3600 2261 3670 jam
2312 3604 2761 3671 sponso?0muia
2815 3625 2930 3677 qua:
2976 3611 3102 3666 dicit
3145 3629 3366 3683 sponsa,
3395 3612 3521 3672 dic:

1943 3698 2065 3743 tunc
2104 3691 2446 3759 respondebit
2486 3708 2731 3762 Sponsus.
2774 3697 2908 3752 Audi
2936 3698 3226 3756 evidentius
3256 3706 3390 3758 hanc
3416 3702 3525 3760 dis-

1944 3779 2250 3833 tinctionem
2278 3796 2433 3849 quam
2462 3780 2699 3838 dicturus
2738 3800 2853 3839 sum
2875 3828 2890 3852 ,
2921 3804 3024 3843 non
3063 3790 3299 3845 invenies
3327 3792 3522 3863 aliquid

1946 3867 2081 3937 plus.
2116 3864 2373 3922 Annuntia
2400 3869 2539 3936 ini/ti,
2571 3889 2713 3942 quem
2741 3872 2915 3929 dilexit
2945 3879 3114 3931 anima
3145 3898 3272 3947 mea,
3301 3881 3385 3935 ubi
3433 3901 3525 3953 pa-

1951 3958 2075 4023 scis,
2102 3957 2186 4011 ubi
2206 3956 2358 4012 cubas
2380 3960 2431 4013 in
2460 3962 2685 4017 meridie.
2716 3964 2829 4032 Ipsa
2863 3965 3035 4020 adhuc
3064 3968 3210 4032 dicit,
3232 3972 3315 4023 ubi
3336 3974 3519 4041 pascis,

1941 4045 2025 4101 ubi
2047 4047 2198 4101 cubas
2218 4047 2270 4102 in
2294 4050 2521 4104 meridie.
2547 4048 2615 4106 Et
2641 4052 2755 4108 vide
2779 4055 2899 4124 quia
2921 4056 3091 4112 adhuc
3117 4058 3229 4127 ipsa
3258 4061 3405 4115 dicit.
3428 4062 3524 4118 Se-

1943 4138 2119 4208 quitur
2162 4139 2303 4193 enim
2336 4156 2346 4191 :
2374 4138 2457 4193 Ne
2493 4143 2622 4211 forte
2661 4143 2783 4211 ﬁant
2811 4145 2939 4198 sicut
2966 4158 3139 4216 operta
3176 4166 3326 4219 super
3352 4168 3524 4223 greges

1941 4231 2188 4285 sodalium
2235 4240 2453 4285 tuorum.
2498 4230 2631 4288 Puto
2675 4252 2861 4290 omnes
2908 4240 3106 4307 peritos
3149 4240 3523 4314 imperitosque

1940 4321 2239 4375 discernere
2259 4334 2424 4389 genus
2454 4323 2806 4378 masculinum
2827 4335 2881 4380 et
2918 4325 3252 4384 femininum.
3291 4332 3480 4402 Operm
3503 4377 3518 4401 ,

1940 4426 2121 4479 quaero
2166 4412 2316 4479 cujus
2359 4407 2567 4479 generis
2616 4413 2812 4468 sit:ab
2850 4417 2995 4470 omni
3040 4416 3255 4475 homine
3298 4438 3515 4491 quaero,

1942 4499 2212 4553 Masculini
2243 4507 2323 4553 est
2347 4540 2360 4564 ,
2387 4516 2453 4553 an
2495 4500 2774 4556 feminini?
2802 4505 3090 4574 Annuntia,
3124 4510 3326 4580 inquit,
3357 4516 3477 4566 miln
3498 4557 3514 4579 ,

1942 4606 2085 4654 quem
2117 4588 2291 4643 dilexit
2320 4590 2488 4644 anima
2516 4608 2644 4647 mea.
2676 4593 2865 4661 Quem,
2894 4612 3013 4652 cum
3043 4599 3197 4668 dicit,
3229 4606 3521 4660 masculum

1943 4681 2247 4750 alloquitur,
2278 4696 2529 4751 sponsum
2556 4684 2857 4755 alloquitur.
2896 4688 3025 4754 Quia
3061 4707 3187 4748 vero
3219 4693 3413 4750 femina
3438 4698 3517 4751 vi-

1942 4787 2061 4825 rum
2088 4771 2390 4840 alloquitur,
2418 4777 2795 4844 consequentia
2826 4778 2985 4833 verba
3012 4779 3271 4848 indicant,
3304 4786 3520 4841 Annuu-

1946 4861 2015 4912 tia
2035 4862 2176 4928 mihi,
2201 4861 2281 4914 ubi
2304 4862 2465 4932 pascis
2482 4905 2495 4929 ,
2523 4864 2605 4917 ubi
2629 4866 2779 4919 cubas
2805 4869 2855 4922 in
2885 4870 3131 4934 meridie;
3158 4891 3217 4927 ne
3248 4877 3377 4945 forte
3402 4880 3523 4945 ﬁam

1945 4952 2071 5004 sicut
2105 4963 2298 5021 Operta.
2325 4953 2459 5008 Audi
2491 4964 2542 5009 tu
2585 4968 2756 5026 operta
2775 5000 2788 5023 ,
2821 4970 2876 5014 ut
2906 4962 3029 5016 fiant
3062 4965 3154 5018 tibi
3183 4966 3292 5021 hzcc
3319 4982 3520 5038 aperta.

1944 5041 2203 5097 Annuntia
2232 5044 2355 5098 milii
2373 5086 2388 5111 ,
2415 5064 2561 5117 quem
2583 5050 2755 5103 dilexit
2772 5051 2941 5104 anima
2967 5071 3093 5119 mea,
3128 5056 3210 5109 ubi
3232 5063 3415 5128 pascis,
3442 5064 3527 5118 ubi

1944 5133 2094 5187 cubas
2118 5135 2170 5188 in
2202 5137 2435 5201 meridie;
2458 5155 2519 5191 ne
2544 5138 2671 5207 forte
2697 5141 2817 5209 ﬁam
2836 5141 2964 5195 sicut
2984 5155 3156 5210 operta
3177 5163 3327 5217 super
3352 5168 3525 5223 greges

1944 5226 2194 5279 sodalium
2234 5234 2433 5279 tuorum
2472 5229 2753 5299 Hucusque
2779 5232 2938 5286 verba
2977 5248 3184 5302 sponsa:
3213 5255 3225 5290 :
3250 5237 3359 5308 jam
3390 5243 3523 5298 inci-

1949 5318 2101 5387 piunt
2137 5319 2297 5373 verba
2323 5320 2501 5388 sponsi
2530 5321 2595 5375 de
2628 5321 2939 5390 manifesto,
2970 5324 3087 5379 Nisi
3122 5335 3409 5400 cognoveris
3446 5347 3521 5391 te-

1945 5408 2229 5477 metipsam.
2260 5408 2504 5479 Agnosce
2539 5412 2819 5466 evidenter
2848 5412 3118 5470 feminam.
3151 5418 3485 5494 Temetipsam
3504 5468 3520 5493 ,

1947 5513 1977 5550 ο
2007 5497 2216 5566 pulchra
2254 5498 2382 5552 inter
2427 5499 2660 5554 mulieres
2683 5517 2701 5553 :
2726 5502 2824 5555 nisi
2867 5509 3153 5575 cognoveris
3180 5515 3487 5583 temetipsum
3506 5560 3523 5583 ,

1948 5605 1976 5641 ο
1998 5587 2210 5658 pulchra
2229 5589 2357 5643 inter
2385 5592 2614 5646 mulieres
2633 5607 2655 5656 ;
2674 5594 2756 5651 exi
2789 5604 2841 5648 tu
2862 5596 2914 5650 in
2940 5601 3154 5671 vestigiis
3182 5622 3385 5677 gregum
3412 5611 3452 5675 ’,
3476 5622 3522 5664 et

2013 5691 3075 5777 .QEPPE?P§EEPE?§:=.I€!€?9F€2
3102 5702 3266 5777 αρσὲρε
3278 5714 3462 5777 aperta-

2014 5753 2033 5781 !
2048 5757 2212 5801 mures
2229 5763 2566 5818 \tss.:_,4gnosce
2578 5756 2774 5807 viriliter
2790 5759 3029 5821 fmainmn.
3044 5753 3359 5829 tiorhei'ensis,
3373 5753 3508 5831 riguo
