  <div class='ocr_page' id='page_1' title='image "/cluster/home/n/w/nwhite01/storage/ocr_20150623/38/hvd.32044015706294/151.png"; bbox 0 0 3994 6438; ppageno 0'>
   <div class='ocr_carea' id='block_1_1' title="bbox 519 362 617 420">
    <p class='ocr_par' dir='ltr' id='par_1_1' title="bbox 519 362 617 420">
     <span class='ocr_line' id='line_1_1' title="bbox 519 362 617 420; baseline -0.031 0"><span class='ocrx_word' id='word_1_1' title='bbox 519 362 617 420; x_wconf 68' lang='grc' dir='ltr'><strong>2³η</strong></span> 
     </span>
    </p>
   </div>
   <div class='ocr_carea' id='block_1_2' title="bbox 519 468 2083 554">
    <p class='ocr_par' dir='ltr' id='par_1_2' title="bbox 519 468 2083 554">
     <span class='ocr_line' id='line_1_2' title="bbox 519 468 2083 554; baseline 0.004 -23"><span class='ocrx_word' id='word_1_2' title='bbox 519 496 668 549; x_wconf 82' lang='lat' dir='ltr'><strong>pasce</strong></span> <span class='ocrx_word' id='word_1_3' title='bbox 684 477 857 532; x_wconf 74' lang='lat' dir='ltr'><strong>Ita&#39;dos</strong></span> <span class='ocrx_word' id='word_1_4' title='bbox 874 485 983 531; x_wconf 85' lang='lat' dir='ltr'><strong>tuos</strong></span> <span class='ocrx_word' id='word_1_5' title='bbox 1000 472 1048 529; x_wconf 85' lang='lat' dir='ltr'><strong>in</strong></span> <span class='ocrx_word' id='word_1_6' title='bbox 1070 468 1403 530; x_wconf 78' lang='lat' dir='ltr'><strong>tabernaculis</strong></span> <span class='ocrx_word' id='word_1_7' title='bbox 1422 484 1677 543; x_wconf 73' lang='lat' dir='ltr'><strong>pastorum</strong></span> <span class='ocrx_word' id='word_1_8' title='bbox 1698 476 1865 547; x_wconf 85' lang='lat' dir='ltr'><strong>(Cant.</strong></span> <span class='ocrx_word' id='word_1_9' title='bbox 1886 482 1981 547; x_wconf 70' lang='lat'><strong>1,6,</strong></span> <span class='ocrx_word' id='word_1_10' title='bbox 2000 484 2052 554; x_wconf 87' lang='lat'><strong>7)</strong></span> <span class='ocrx_word' id='word_1_11' title='bbox 2073 503 2083 536; x_wconf 90' lang='lat'>:</span> 
     </span>
    </p>
   </div>
   <div class='ocr_carea' id='block_1_3' title="bbox 516 567 2084 639">
    <p class='ocr_par' dir='ltr' id='par_1_3' title="bbox 516 567 2084 639">
     <span class='ocr_line' id='line_1_3' title="bbox 516 567 2084 639; baseline 0.002 -14"><span class='ocrx_word' id='word_1_12' title='bbox 516 585 622 625; x_wconf 91' lang='lat' dir='ltr'><strong>non</strong></span> <span class='ocrx_word' id='word_1_13' title='bbox 663 570 715 624; x_wconf 92' lang='lat' dir='ltr'><strong>in</strong></span> <span class='ocrx_word' id='word_1_14' title='bbox 744 569 1083 623; x_wconf 89' lang='lat' dir='ltr'><strong>tabernaculo</strong></span> <span class='ocrx_word' id='word_1_15' title='bbox 1114 567 1357 638; x_wconf 78' lang='lat' dir='ltr'><strong>pastoris.</strong></span> <span class='ocrx_word' id='word_1_16' title='bbox 1393 567 1523 623; x_wconf 84' lang='lat' dir='ltr'><strong>Vide</strong></span> <span class='ocrx_word' id='word_1_17' title='bbox 1552 571 1818 639; x_wconf 90' lang='lat' dir='ltr'><strong>quomodo</strong></span> <span class='ocrx_word' id='word_1_18' title='bbox 1859 576 2084 629; x_wconf 79' lang='lat' dir='ltr'><strong>commi-</strong></span> 
     </span>
    </p>
   </div>
   <div class='ocr_carea' id='block_1_4' title="bbox 516 658 2087 735">
    <p class='ocr_par' dir='ltr' id='par_1_4' title="bbox 516 658 2087 735">
     <span class='ocr_line' id='line_1_4' title="bbox 516 658 2087 735; baseline 0.003 -21"><span class='ocrx_word' id='word_1_19' title='bbox 516 672 673 716; x_wconf 89' lang='lat' dir='ltr'><strong>netur</strong></span> <span class='ocrx_word' id='word_1_20' title='bbox 688 674 911 731; x_wconf 87' lang='lat' dir='ltr'><strong>sponsus</strong></span> <span class='ocrx_word' id='word_1_21' title='bbox 930 676 941 711; x_wconf 93' lang='lat'><strong>:</strong></span> <span class='ocrx_word' id='word_1_22' title='bbox 965 658 1084 713; x_wconf 90' lang='lat' dir='ltr'><strong>vide</strong></span> <span class='ocrx_word' id='word_1_23' title='bbox 1100 658 1543 728; x_wconf 82' lang='lat' dir='ltr'><strong>quemadmodum</strong></span> <span class='ocrx_word' id='word_1_24' title='bbox 1562 660 1611 713; x_wconf 92' lang='lat' dir='ltr'><strong>in</strong></span> <span class='ocrx_word' id='word_1_25' title='bbox 1631 662 1881 730; x_wconf 89' lang='lat' dir='ltr'><strong>periculo,</strong></span> <span class='ocrx_word' id='word_1_26' title='bbox 1904 681 2087 735; x_wconf 84' lang='lat' dir='ltr'><strong>quam-</strong></span> 
     </span>
    </p>
   </div>
   <div class='ocr_carea' id='block_1_5' title="bbox 515 749 2082 821">
    <p class='ocr_par' dir='ltr' id='par_1_5' title="bbox 515 749 2082 821">
     <span class='ocr_line' id='line_1_5' title="bbox 515 749 2082 821; baseline 0.003 -16"><span class='ocrx_word' id='word_1_27' title='bbox 515 756 595 807; x_wconf 85' lang='lat' dir='ltr'><strong>vis</strong></span> <span class='ocrx_word' id='word_1_28' title='bbox 621 752 711 807; x_wconf 90' lang='lat' dir='ltr'><strong>ille</strong></span> <span class='ocrx_word' id='word_1_29' title='bbox 732 750 929 813; x_wconf 89' lang='lat' dir='ltr'><strong>dulcis,</strong></span> <span class='ocrx_word' id='word_1_30' title='bbox 958 750 1174 804; x_wconf 77' lang='lat' dir='ltr'><strong>abstulit</strong></span> <span class='ocrx_word' id='word_1_31' title='bbox 1198 749 1264 803; x_wconf 91' lang='lat' dir='ltr'><strong>de</strong></span> <span class='ocrx_word' id='word_1_32' title='bbox 1304 750 1477 804; x_wconf 87' lang='lat' dir='ltr'><strong>medio</strong></span> <span class='ocrx_word' id='word_1_33' title='bbox 1517 750 1887 808; x_wconf 87' lang='lat' dir='ltr'><strong>blandimenta.</strong></span> <span class='ocrx_word' id='word_1_34' title='bbox 1917 754 2082 821; x_wconf 87' lang='lat' dir='ltr'><strong>Quam</strong></span> 
     </span>
    </p>
   </div>
   <div class='ocr_carea' id='block_1_6' title="bbox 516 841 2081 910">
    <p class='ocr_par' dir='ltr' id='par_1_6' title="bbox 516 841 2081 910">
     <span class='ocr_line' id='line_1_6' title="bbox 516 841 2081 910; baseline 0.001 -11"><span class='ocrx_word' id='word_1_35' title='bbox 516 844 708 899; x_wconf 81' lang='lat' dir='ltr'><strong>blande</strong></span> <span class='ocrx_word' id='word_1_36' title='bbox 735 841 859 897; x_wconf 81' lang='lat' dir='ltr'><strong>illa?</strong></span> <span class='ocrx_word' id='word_1_37' title='bbox 884 842 1139 895; x_wconf 85' lang='lat' dir='ltr'><strong>Annuntia</strong></span> <span class='ocrx_word' id='word_1_38' title='bbox 1178 841 1300 894; x_wconf 84' lang='lat' dir='ltr'><strong>mihi</strong></span> <span class='ocrx_word' id='word_1_39' title='bbox 1317 883 1331 908; x_wconf 92' lang='lat'><strong>,</strong></span> <span class='ocrx_word' id='word_1_40' title='bbox 1372 858 1513 910; x_wconf 84' lang='lat' dir='ltr'><strong><em>quem</em></strong></span> <span class='ocrx_word' id='word_1_41' title='bbox 1553 843 1727 896; x_wconf 67' lang='lat' dir='ltr'><strong>dilexit</strong></span> <span class='ocrx_word' id='word_1_42' title='bbox 1755 845 1922 898; x_wconf 89' lang='lat' dir='ltr'><strong>anima</strong></span> <span class='ocrx_word' id='word_1_43' title='bbox 1940 863 2047 899; x_wconf 86' lang='lat' dir='ltr'><strong>mea</strong></span> <span class='ocrx_word' id='word_1_44' title='bbox 2067 887 2081 909; x_wconf 91' lang='lat'><strong>,</strong></span> 
     </span>
    </p>
   </div>
   <div class='ocr_carea' id='block_1_7' title="bbox 515 931 2083 1005">
    <p class='ocr_par' dir='ltr' id='par_1_7' title="bbox 515 931 2083 1005">
     <span class='ocr_line' id='line_1_7' title="bbox 515 931 2083 1005; baseline 0.001 -17"><span class='ocrx_word' id='word_1_45' title='bbox 515 935 602 988; x_wconf 85' lang='lat' dir='ltr'><strong>ubi</strong></span> <span class='ocrx_word' id='word_1_46' title='bbox 638 935 831 1005; x_wconf 85' lang='lat' dir='ltr'><strong>pascis,</strong></span> <span class='ocrx_word' id='word_1_47' title='bbox 863 931 946 985; x_wconf 89' lang='lat' dir='ltr'><strong>ubi</strong></span> <span class='ocrx_word' id='word_1_48' title='bbox 983 932 1134 985; x_wconf 87' lang='lat' dir='ltr'><strong>cubas</strong></span> <span class='ocrx_word' id='word_1_49' title='bbox 1159 932 1210 984; x_wconf 90' lang='lat' dir='ltr'><strong>in</strong></span> <span class='ocrx_word' id='word_1_50' title='bbox 1239 932 1459 985; x_wconf 81' lang='lat' dir='ltr'><strong>meridie.</strong></span> <span class='ocrx_word' id='word_1_51' title='bbox 1489 931 1676 986; x_wconf 79' lang='lat' dir='ltr'><strong>Veniet</strong></span> <span class='ocrx_word' id='word_1_52' title='bbox 1704 935 1844 988; x_wconf 89' lang='lat' dir='ltr'><strong>enim</strong></span> <span class='ocrx_word' id='word_1_53' title='bbox 1881 936 2083 991; x_wconf 86' lang='lat' dir='ltr'><strong>medius</strong></span> 
     </span>
    </p>
   </div>
   <div class='ocr_carea' id='block_1_8' title="bbox 513 1021 2083 1093">
    <p class='ocr_par' dir='ltr' id='par_1_8' title="bbox 513 1021 2083 1093">
     <span class='ocr_line' id='line_1_8' title="bbox 513 1021 2083 1093; baseline 0.003 -16"><span class='ocrx_word' id='word_1_54' title='bbox 513 1025 628 1079; x_wconf 90' lang='lat' dir='ltr'><strong>dies</strong></span> <span class='ocrx_word' id='word_1_55' title='bbox 646 1066 660 1089; x_wconf 96' lang='lat'><strong>,</strong></span> <span class='ocrx_word' id='word_1_56' title='bbox 691 1024 901 1093; x_wconf 78' lang='lat' dir='ltr'><strong>quando</strong></span> <span class='ocrx_word' id='word_1_57' title='bbox 927 1022 991 1076; x_wconf 91' lang='lat' dir='ltr'><strong>ad</strong></span> <span class='ocrx_word' id='word_1_58' title='bbox 1014 1021 1374 1075; x_wconf 79' lang='lat' dir='ltr'><strong>utnbraculum</strong></span> <span class='ocrx_word' id='word_1_59' title='bbox 1396 1032 1713 1076; x_wconf 81' lang='lat' dir='ltr'><strong>concurrant</strong></span> <span class='ocrx_word' id='word_1_60' title='bbox 1734 1035 2005 1092; x_wconf 84' lang='lat' dir='ltr'><strong>pastores;</strong></span> <span class='ocrx_word' id='word_1_61' title='bbox 2031 1037 2083 1081; x_wconf 90' lang='lat' dir='ltr'><strong>et</strong></span> 
     </span>
    </p>
   </div>
   <div class='ocr_carea' id='block_1_9' title="bbox 512 1114 2082 1185">
    <p class='ocr_par' dir='ltr' id='par_1_9' title="bbox 512 1114 2082 1185">
     <span class='ocr_line' id='line_1_9' title="bbox 512 1114 2082 1185; baseline 0 -13"><span class='ocrx_word' id='word_1_62' title='bbox 512 1118 649 1173; x_wconf 89' lang='lat' dir='ltr'><strong>forte</strong></span> <span class='ocrx_word' id='word_1_63' title='bbox 672 1117 853 1172; x_wconf 90' lang='lat' dir='ltr'><strong>latebit</strong></span> <span class='ocrx_word' id='word_1_64' title='bbox 879 1132 962 1171; x_wconf 89' lang='lat' dir='ltr'><strong>me</strong></span> <span class='ocrx_word' id='word_1_65' title='bbox 991 1114 1079 1170; x_wconf 86' lang='lat' dir='ltr'><strong>ubi</strong></span> <span class='ocrx_word' id='word_1_66' title='bbox 1119 1124 1170 1169; x_wconf 83' lang='grc' dir='ltr'><strong>ιιι</strong></span> <span class='ocrx_word' id='word_1_67' title='bbox 1217 1115 1390 1185; x_wconf 87' lang='lat' dir='ltr'><strong>pascis</strong></span> <span class='ocrx_word' id='word_1_68' title='bbox 1431 1123 1483 1168; x_wconf 90' lang='lat' dir='ltr'><strong>et</strong></span> <span class='ocrx_word' id='word_1_69' title='bbox 1524 1115 1607 1169; x_wconf 92' lang='lat' dir='ltr'><strong>ubi</strong></span> <span class='ocrx_word' id='word_1_70' title='bbox 1650 1117 1811 1170; x_wconf 85' lang='lat' dir='ltr'><strong>cubas</strong></span> <span class='ocrx_word' id='word_1_71' title='bbox 1840 1134 1852 1170; x_wconf 90' lang='lat'><strong>:</strong></span> <span class='ocrx_word' id='word_1_72' title='bbox 1882 1127 1935 1173; x_wconf 91' lang='lat' dir='ltr'><strong>et</strong></span> <span class='ocrx_word' id='word_1_73' title='bbox 1963 1118 2082 1173; x_wconf 91' lang='lat' dir='ltr'><strong>volo</strong></span> 
     </span>
    </p>
   </div>
   <div class='ocr_carea' id='block_1_10' title="bbox 514 1205 2077 1277">
    <p class='ocr_par' dir='ltr' id='par_1_10' title="bbox 514 1205 2077 1277">
     <span class='ocr_line' id='line_1_10' title="bbox 514 1205 2077 1277; baseline 0.001 -14"><span class='ocrx_word' id='word_1_74' title='bbox 514 1209 645 1264; x_wconf 88' lang='lat' dir='ltr'><strong>mihi</strong></span> <span class='ocrx_word' id='word_1_75' title='bbox 693 1208 1002 1270; x_wconf 88' lang='lat' dir='ltr'><strong>annunties,</strong></span> <span class='ocrx_word' id='word_1_76' title='bbox 1032 1223 1098 1261; x_wconf 86' lang='lat' dir='ltr'><strong>ne</strong></span> <span class='ocrx_word' id='word_1_77' title='bbox 1146 1205 1278 1261; x_wconf 87' lang='lat' dir='ltr'><strong>forte</strong></span> <span class='ocrx_word' id='word_1_78' title='bbox 1323 1205 1442 1259; x_wconf 78' lang='lat' dir='ltr'><strong>[iam</strong></span> <span class='ocrx_word' id='word_1_79' title='bbox 1474 1206 1610 1261; x_wconf 84' lang='lat' dir='ltr'><strong>sicut</strong></span> <span class='ocrx_word' id='word_1_80' title='bbox 1637 1217 1818 1277; x_wconf 89' lang='lat' dir='ltr'><strong>operta</strong></span> <span class='ocrx_word' id='word_1_81' title='bbox 1840 1251 1855 1276; x_wconf 91' lang='lat'><strong>,</strong></span> <span class='ocrx_word' id='word_1_82' title='bbox 1884 1209 1933 1263; x_wconf 89' lang='lat' dir='ltr'><strong>id</strong></span> <span class='ocrx_word' id='word_1_83' title='bbox 1963 1220 2040 1264; x_wconf 91' lang='lat' dir='ltr'><strong>est</strong></span> <span class='ocrx_word' id='word_1_84' title='bbox 2061 1253 2077 1277; x_wconf 91' lang='lat'><strong>,</strong></span> 
     </span>
    </p>
   </div>
   <div class='ocr_carea' id='block_1_11' title="bbox 512 1296 2079 1366">
    <p class='ocr_par' dir='ltr' id='par_1_11' title="bbox 512 1296 2079 1366">
     <span class='ocr_line' id='line_1_11' title="bbox 512 1296 2079 1366; baseline 0 -13"><span class='ocrx_word' id='word_1_85' title='bbox 512 1300 647 1354; x_wconf 87' lang='lat' dir='ltr'><strong>sicut</strong></span> <span class='ocrx_word' id='word_1_86' title='bbox 690 1298 932 1364; x_wconf 83' lang='lat' dir='ltr'><strong>occulta,</strong></span> <span class='ocrx_word' id='word_1_87' title='bbox 961 1305 1014 1352; x_wconf 91' lang='lat' dir='ltr'><strong>et</strong></span> <span class='ocrx_word' id='word_1_88' title='bbox 1058 1312 1160 1351; x_wconf 91' lang='lat' dir='ltr'><strong>non</strong></span> <span class='ocrx_word' id='word_1_89' title='bbox 1205 1297 1434 1366; x_wconf 84' lang='lat' dir='ltr'><strong>cognita.</strong></span> <span class='ocrx_word' id='word_1_90' title='bbox 1474 1296 1584 1365; x_wconf 82' lang='lat' dir='ltr'><strong>Ego</strong></span> <span class='ocrx_word' id='word_1_91' title='bbox 1633 1299 1774 1351; x_wconf 90' lang='lat' dir='ltr'><strong>enim</strong></span> <span class='ocrx_word' id='word_1_92' title='bbox 1801 1298 2079 1353; x_wconf 83' lang='lat' dir='ltr'><strong>manifesta</strong></span> 
     </span>
    </p>
   </div>
   <div class='ocr_carea' id='block_1_12' title="bbox 511 1386 2080 1459">
    <p class='ocr_par' dir='ltr' id='par_1_12' title="bbox 511 1386 2080 1459">
     <span class='ocr_line' id='line_1_12' title="bbox 511 1386 2080 1459; baseline 0.001 -16"><span class='ocrx_word' id='word_1_93' title='bbox 511 1405 625 1444; x_wconf 87' lang='lat' dir='ltr'><strong>sum</strong></span> <span class='ocrx_word' id='word_1_94' title='bbox 651 1387 777 1443; x_wconf 86' lang='lat' dir='ltr'><strong>:sed</strong></span> <span class='ocrx_word' id='word_1_95' title='bbox 806 1404 873 1442; x_wconf 83' lang='lat' dir='ltr'><strong>ne</strong></span> <span class='ocrx_word' id='word_1_96' title='bbox 909 1387 1042 1441; x_wconf 91' lang='lat' dir='ltr'><strong>sicut</strong></span> <span class='ocrx_word' id='word_1_97' title='bbox 1078 1396 1291 1456; x_wconf 88' lang='lat' dir='ltr'><strong>operta,</strong></span> <span class='ocrx_word' id='word_1_98' title='bbox 1318 1386 1454 1440; x_wconf 85' lang='lat' dir='ltr'><strong>sicut</strong></span> <span class='ocrx_word' id='word_1_99' title='bbox 1477 1388 1643 1441; x_wconf 86' lang='lat' dir='ltr'><strong>celata</strong></span> <span class='ocrx_word' id='word_1_100' title='bbox 1670 1388 1894 1443; x_wconf 87' lang='lat' dir='ltr'><strong>incidam</strong></span> <span class='ocrx_word' id='word_1_101' title='bbox 1922 1405 2080 1459; x_wconf 91' lang='lat' dir='ltr'><strong>super</strong></span> 
     </span>
    </p>
   </div>
   <div class='ocr_carea' id='block_1_13' title="bbox 508 1477 2076 1550">
    <p class='ocr_par' dir='ltr' id='par_1_13' title="bbox 508 1477 2076 1550">
     <span class='ocr_line' id='line_1_13' title="bbox 508 1477 2076 1550; baseline 0.002 -18"><span class='ocrx_word' id='word_1_102' title='bbox 508 1495 698 1550; x_wconf 86' lang='lat' dir='ltr'><strong>greges</strong></span> <span class='ocrx_word' id='word_1_103' title='bbox 740 1478 997 1532; x_wconf 87' lang='lat' dir='ltr'><strong>sodalium</strong></span> <span class='ocrx_word' id='word_1_104' title='bbox 1047 1487 1275 1531; x_wconf 90' lang='lat' dir='ltr'><strong>tuorum.</strong></span> <span class='ocrx_word' id='word_1_105' title='bbox 1327 1477 1523 1531; x_wconf 90' lang='lat' dir='ltr'><strong>Omnes</strong></span> <span class='ocrx_word' id='word_1_106' title='bbox 1572 1478 1713 1532; x_wconf 91' lang='lat' dir='ltr'><strong>enim</strong></span> <span class='ocrx_word' id='word_1_107' title='bbox 1767 1478 1996 1533; x_wconf 63' lang='lat' dir='ltr'><strong>haeretici</strong></span> <span class='ocrx_word' id='word_1_108' title='bbox 2047 1496 2076 1535; x_wconf 93' lang='lat' dir='ltr'><strong>a</strong></span> 
     </span>
    </p>
   </div>
   <div class='ocr_carea' id='block_1_14' title="bbox 508 1567 2074 1637">
    <p class='ocr_par' dir='ltr' id='par_1_14' title="bbox 508 1567 2074 1637">
     <span class='ocr_line' id='line_1_14' title="bbox 508 1567 2074 1637; baseline 0.001 -15"><span class='ocrx_word' id='word_1_109' title='bbox 508 1570 719 1623; x_wconf 87' lang='lat' dir='ltr'><strong>Christo</strong></span> <span class='ocrx_word' id='word_1_110' title='bbox 740 1568 1011 1633; x_wconf 79' lang='lat' dir='ltr'><strong>exierunt;</strong></span> <span class='ocrx_word' id='word_1_111' title='bbox 1040 1583 1223 1622; x_wconf 89' lang='lat' dir='ltr'><strong>omnes</strong></span> <span class='ocrx_word' id='word_1_112' title='bbox 1245 1567 1331 1637; x_wconf 91' lang='lat' dir='ltr'><strong>qui</strong></span> <span class='ocrx_word' id='word_1_113' title='bbox 1358 1567 1477 1622; x_wconf 89' lang='lat' dir='ltr'><strong>facti</strong></span> <span class='ocrx_word' id='word_1_114' title='bbox 1500 1576 1622 1621; x_wconf 88' lang='lat' dir='ltr'><strong>sunt</strong></span> <span class='ocrx_word' id='word_1_115' title='bbox 1650 1578 1887 1637; x_wconf 82' lang='lat' dir='ltr'><strong>pastores</strong></span> <span class='ocrx_word' id='word_1_116' title='bbox 1916 1570 2074 1635; x_wconf 90' lang='lat' dir='ltr'><strong>mali,</strong></span> 
     </span>
    </p>
   </div>
   <div class='ocr_carea' id='block_1_15' title="bbox 509 1657 2077 1730">
    <p class='ocr_par' dir='ltr' id='par_1_15' title="bbox 509 1657 2077 1730">
     <span class='ocr_line' id='line_1_15' title="bbox 509 1657 2077 1730; baseline 0.002 -18"><span class='ocrx_word' id='word_1_117' title='bbox 509 1661 763 1715; x_wconf 85' lang='lat' dir='ltr'><strong>habentes</strong></span> <span class='ocrx_word' id='word_1_118' title='bbox 790 1674 975 1730; x_wconf 79' lang='lat' dir='ltr'><strong>greges</strong></span> <span class='ocrx_word' id='word_1_119' title='bbox 998 1673 1121 1713; x_wconf 89' lang='lat' dir='ltr'><strong>suos</strong></span> <span class='ocrx_word' id='word_1_120' title='bbox 1147 1657 1244 1711; x_wconf 87' lang='lat' dir='ltr'><strong>sub</strong></span> <span class='ocrx_word' id='word_1_121' title='bbox 1275 1658 1485 1713; x_wconf 86' lang='lat' dir='ltr'><strong>nomine</strong></span> <span class='ocrx_word' id='word_1_122' title='bbox 1505 1657 1732 1724; x_wconf 81' lang='lat' dir='ltr'><strong>Christi,</strong></span> <span class='ocrx_word' id='word_1_123' title='bbox 1766 1660 1904 1714; x_wconf 90' lang='lat' dir='ltr'><strong>illius</strong></span> <span class='ocrx_word' id='word_1_124' title='bbox 1924 1660 2077 1715; x_wconf 86' lang='lat' dir='ltr'><strong>soda—</strong></span> 
     </span>
    </p>
   </div>
   <div class='ocr_carea' id='block_1_16' title="bbox 507 1748 2076 1818">
    <p class='ocr_par' dir='ltr' id='par_1_16' title="bbox 507 1748 2076 1818">
     <span class='ocr_line' id='line_1_16' title="bbox 507 1748 2076 1818; baseline 0.003 -15"><span class='ocrx_word' id='word_1_125' title='bbox 507 1749 584 1805; x_wconf 89' lang='lat' dir='ltr'><strong>les</strong></span> <span class='ocrx_word' id='word_1_126' title='bbox 634 1750 879 1815; x_wconf 86' lang='lat' dir='ltr'><strong>fuerunt,</strong></span> <span class='ocrx_word' id='word_1_127' title='bbox 927 1748 1063 1803; x_wconf 90' lang='lat' dir='ltr'><strong>illius</strong></span> <span class='ocrx_word' id='word_1_128' title='bbox 1114 1748 1411 1803; x_wconf 80' lang='lat' dir='ltr'><strong>convivium</strong></span> <span class='ocrx_word' id='word_1_129' title='bbox 1463 1759 1802 1818; x_wconf 88' lang='lat' dir='ltr'><strong>acceperunt.</strong></span> <span class='ocrx_word' id='word_1_130' title='bbox 1859 1750 2076 1807; x_wconf 84' lang='lat' dir='ltr'><strong>Sodales</strong></span> 
     </span>
    </p>
   </div>
   <div class='ocr_carea' id='block_1_17' title="bbox 506 1839 2072 1911">
    <p class='ocr_par' dir='ltr' id='par_1_17' title="bbox 506 1839 2072 1911">
     <span class='ocr_line' id='line_1_17' title="bbox 506 1839 2072 1911; baseline 0.001 -17"><span class='ocrx_word' id='word_1_131' title='bbox 506 1841 646 1895; x_wconf 91' lang='lat' dir='ltr'><strong>enim</strong></span> <span class='ocrx_word' id='word_1_132' title='bbox 669 1840 932 1906; x_wconf 91' lang='lat' dir='ltr'><strong>dicuntur,</strong></span> <span class='ocrx_word' id='word_1_133' title='bbox 966 1849 1212 1909; x_wconf 89' lang='lat' dir='ltr'><strong>tanquam</strong></span> <span class='ocrx_word' id='word_1_134' title='bbox 1243 1839 1396 1894; x_wconf 91' lang='lat' dir='ltr'><strong>unius</strong></span> <span class='ocrx_word' id='word_1_135' title='bbox 1420 1840 1667 1894; x_wconf 80' lang='lat' dir='ltr'><strong>convivii.</strong></span> <span class='ocrx_word' id='word_1_136' title='bbox 1694 1839 1875 1895; x_wconf 81' lang='lat' dir='ltr'><strong>Latina</strong></span> <span class='ocrx_word' id='word_1_137' title='bbox 1899 1841 2072 1911; x_wconf 83' lang='lat' dir='ltr'><strong>lingua</strong></span> 
     </span>
    </p>
   </div>
   <div class='ocr_carea' id='block_1_18' title="bbox 505 1931 2073 2003">
    <p class='ocr_par' dir='ltr' id='par_1_18' title="bbox 505 1931 2073 2003">
     <span class='ocr_line' id='line_1_18' title="bbox 505 1931 2073 2003; baseline 0 -15"><span class='ocrx_word' id='word_1_138' title='bbox 505 1934 583 1989; x_wconf 90' lang='lat' dir='ltr'><strong>sic</strong></span> <span class='ocrx_word' id='word_1_139' title='bbox 624 1933 748 1989; x_wconf 88' lang='lat' dir='ltr'><strong>dicti</strong></span> <span class='ocrx_word' id='word_1_140' title='bbox 788 1940 911 1987; x_wconf 88' lang='lat' dir='ltr'><strong>sunt</strong></span> <span class='ocrx_word' id='word_1_141' title='bbox 943 1931 1179 1995; x_wconf 87' lang='lat' dir='ltr'><strong>sodales,</strong></span> <span class='ocrx_word' id='word_1_142' title='bbox 1208 1932 1357 2001; x_wconf 89' lang='lat' dir='ltr'><strong>quasi</strong></span> <span class='ocrx_word' id='word_1_143' title='bbox 1398 1931 1557 1986; x_wconf 91' lang='lat' dir='ltr'><strong>simul</strong></span> <span class='ocrx_word' id='word_1_144' title='bbox 1599 1931 1810 1998; x_wconf 88' lang='lat' dir='ltr'><strong>edales,</strong></span> <span class='ocrx_word' id='word_1_145' title='bbox 1843 1948 1906 1986; x_wconf 92' lang='lat' dir='ltr'><strong>eo</strong></span> <span class='ocrx_word' id='word_1_146' title='bbox 1935 1935 2073 2003; x_wconf 91' lang='lat' dir='ltr'><strong>quod</strong></span> 
     </span>
    </p>
   </div>
   <div class='ocr_carea' id='block_1_19' title="bbox 504 2020 2075 2090">
    <p class='ocr_par' dir='ltr' id='par_1_19' title="bbox 504 2020 2075 2090">
     <span class='ocr_line' id='line_1_19' title="bbox 504 2020 2075 2090; baseline 0.001 -13"><span class='ocrx_word' id='word_1_147' title='bbox 504 2024 659 2078; x_wconf 88' lang='lat' dir='ltr'><strong>simul</strong></span> <span class='ocrx_word' id='word_1_148' title='bbox 691 2022 868 2078; x_wconf 89' lang='lat' dir='ltr'><strong>edant.</strong></span> <span class='ocrx_word' id='word_1_149' title='bbox 896 2021 1029 2075; x_wconf 85' lang='lat' dir='ltr'><strong>Audi</strong></span> <span class='ocrx_word' id='word_1_150' title='bbox 1054 2021 1197 2075; x_wconf 90' lang='lat' dir='ltr'><strong>illum</strong></span> <span class='ocrx_word' id='word_1_151' title='bbox 1222 2021 1274 2074; x_wconf 93' lang='lat' dir='ltr'><strong>in</strong></span> <span class='ocrx_word' id='word_1_152' title='bbox 1302 2020 1511 2075; x_wconf 85' lang='lat' dir='ltr'><strong>Psalmo</strong></span> <span class='ocrx_word' id='word_1_153' title='bbox 1531 2029 1836 2090; x_wconf 83' lang='lat' dir='ltr'><strong>arguentem</strong></span> <span class='ocrx_word' id='word_1_154' title='bbox 1865 2023 2075 2078; x_wconf 87' lang='lat' dir='ltr'><strong>sodales</strong></span> 
     </span>
    </p>
   </div>
   <div class='ocr_carea' id='block_1_20' title="bbox 504 2111 2070 2184">
    <p class='ocr_par' dir='ltr' id='par_1_20' title="bbox 504 2111 2070 2184">
     <span class='ocr_line' id='line_1_20' title="bbox 504 2111 2070 2184; baseline -0.001 -15"><span class='ocrx_word' id='word_1_155' title='bbox 504 2115 700 2181; x_wconf 90' lang='lat' dir='ltr'><strong>malos,</strong></span> <span class='ocrx_word' id='word_1_156' title='bbox 731 2113 783 2169; x_wconf 91' lang='lat' dir='ltr'><strong>id</strong></span> <span class='ocrx_word' id='word_1_157' title='bbox 826 2122 941 2179; x_wconf 90' lang='lat' dir='ltr'><strong>est,</strong></span> <span class='ocrx_word' id='word_1_158' title='bbox 974 2112 1128 2166; x_wconf 90' lang='lat' dir='ltr'><strong>unius</strong></span> <span class='ocrx_word' id='word_1_159' title='bbox 1169 2111 1395 2167; x_wconf 83' lang='lat' dir='ltr'><strong>convivii</strong></span> <span class='ocrx_word' id='word_1_160' title='bbox 1425 2129 1437 2164; x_wconf 90' lang='lat'><strong>:</strong></span> <span class='ocrx_word' id='word_1_161' title='bbox 1467 2111 1528 2166; x_wconf 86' lang='lat' dir='ltr'><strong>Si</strong></span> <span class='ocrx_word' id='word_1_162' title='bbox 1567 2112 1832 2177; x_wconf 86' lang='lat' dir='ltr'><strong>inimicus,</strong></span> <span class='ocrx_word' id='word_1_163' title='bbox 1873 2112 2070 2184; x_wconf 89' lang='lat' dir='ltr'><strong>inquit,</strong></span> 
     </span>
    </p>
   </div>
   <div class='ocr_carea' id='block_1_21' title="bbox 502 2204 2075 2276">
    <p class='ocr_par' dir='ltr' id='par_1_21' title="bbox 502 2204 2075 2276">
     <span class='ocr_line' id='line_1_21' title="bbox 502 2204 2075 2276; baseline 0 -17"><span class='ocrx_word' id='word_1_164' title='bbox 502 2221 639 2260; x_wconf 89' lang='lat' dir='ltr'><strong>meus</strong></span> <span class='ocrx_word' id='word_1_165' title='bbox 665 2205 1008 2276; x_wconf 78' lang='lat' dir='ltr'><strong>exprobrasset</strong></span> <span class='ocrx_word' id='word_1_166' title='bbox 1031 2204 1187 2270; x_wconf 82' lang='lat' dir='ltr'><strong>mihi,</strong></span> <span class='ocrx_word' id='word_1_167' title='bbox 1216 2204 1556 2257; x_wconf 81' lang='lat' dir='ltr'><strong>sustinuissent</strong></span> <span class='ocrx_word' id='word_1_168' title='bbox 1577 2204 1780 2273; x_wconf 87' lang='lat' dir='ltr'><strong>utique;</strong></span> <span class='ocrx_word' id='word_1_169' title='bbox 1806 2214 1850 2257; x_wconf 92' lang='lat' dir='ltr'><strong>et</strong></span> <span class='ocrx_word' id='word_1_170' title='bbox 1870 2204 1914 2258; x_wconf 89' lang='lat' dir='ltr'><strong>si</strong></span> <span class='ocrx_word' id='word_1_171' title='bbox 1927 2222 2075 2276; x_wconf 84' lang='lat' dir='ltr'><strong>super</strong></span> 
     </span>
    </p>
   </div>
   <div class='ocr_carea' id='block_1_22' title="bbox 501 2295 2073 2370">
    <p class='ocr_par' dir='ltr' id='par_1_22' title="bbox 501 2295 2073 2370">
     <span class='ocr_line' id='line_1_22' title="bbox 501 2295 2073 2370; baseline -0.001 -18"><span class='ocrx_word' id='word_1_172' title='bbox 501 2317 580 2353; x_wconf 87' lang='lat' dir='ltr'><strong>me</strong></span> <span class='ocrx_word' id='word_1_173' title='bbox 622 2316 807 2370; x_wconf 87' lang='lat' dir='ltr'><strong>magna</strong></span> <span class='ocrx_word' id='word_1_174' title='bbox 835 2298 1027 2351; x_wconf 86' lang='lat' dir='ltr'><strong>locutus</strong></span> <span class='ocrx_word' id='word_1_175' title='bbox 1073 2297 1277 2367; x_wconf 78' lang='lat' dir='ltr'><strong>fuisset,</strong></span> <span class='ocrx_word' id='word_1_176' title='bbox 1302 2295 1666 2349; x_wconf 86' lang='lat' dir='ltr'><strong>abscondisscm</strong></span> <span class='ocrx_word' id='word_1_177' title='bbox 1691 2312 1769 2348; x_wconf 88' lang='lat' dir='ltr'><strong>me</strong></span> <span class='ocrx_word' id='word_1_178' title='bbox 1808 2297 1976 2366; x_wconf 82' lang='lat' dir='ltr'><strong>utique</strong></span> <span class='ocrx_word' id='word_1_179' title='bbox 2012 2298 2073 2350; x_wconf 91' lang='lat' dir='ltr'><strong>ab</strong></span> 
     </span>
    </p>
   </div>
   <div class='ocr_carea' id='block_1_23' title="bbox 501 2385 2067 2453">
    <p class='ocr_par' dir='ltr' id='par_1_23' title="bbox 501 2385 2067 2453">
     <span class='ocr_line' id='line_1_23' title="bbox 501 2385 2067 2453; baseline -0.003 -10"><span class='ocrx_word' id='word_1_180' title='bbox 501 2408 597 2445; x_wconf 88' lang='lat' dir='ltr'><strong>eo:</strong></span> <span class='ocrx_word' id='word_1_181' title='bbox 626 2400 679 2443; x_wconf 91' lang='lat' dir='ltr'><strong>tu</strong></span> <span class='ocrx_word' id='word_1_182' title='bbox 707 2406 817 2442; x_wconf 86' lang='lat' dir='ltr'><strong>vero</strong></span> <span class='ocrx_word' id='word_1_183' title='bbox 844 2387 1094 2441; x_wconf 84' lang='lat' dir='ltr'><strong>unanimis</strong></span> <span class='ocrx_word' id='word_1_184' title='bbox 1115 2396 1158 2439; x_wconf 90' lang='lat' dir='ltr'><strong>et</strong></span> <span class='ocrx_word' id='word_1_185' title='bbox 1186 2395 1331 2439; x_wconf 90' lang='lat' dir='ltr'><strong>notus</strong></span> <span class='ocrx_word' id='word_1_186' title='bbox 1359 2402 1495 2438; x_wconf 89' lang='lat' dir='ltr'><strong>meus</strong></span> <span class='ocrx_word' id='word_1_187' title='bbox 1515 2427 1530 2450; x_wconf 93' lang='lat'><strong>,</strong></span> <span class='ocrx_word' id='word_1_188' title='bbox 1553 2385 1660 2439; x_wconf 79' lang='lat' dir='ltr'><strong>dua:</strong></span> <span class='ocrx_word' id='word_1_189' title='bbox 1687 2402 1849 2450; x_wconf 85' lang='lat' dir='ltr'><strong>meus,</strong></span> <span class='ocrx_word' id='word_1_190' title='bbox 1881 2386 1966 2453; x_wconf 86' lang='lat' dir='ltr'><strong>qui</strong></span> <span class='ocrx_word' id='word_1_191' title='bbox 1998 2387 2067 2439; x_wconf 85' lang='lat' dir='ltr'><strong>si-</strong></span> 
     </span>
    </p>
   </div>
   <div class='ocr_carea' id='block_1_24' title="bbox 501 2473 2068 2546">
    <p class='ocr_par' dir='ltr' id='par_1_24' title="bbox 501 2473 2068 2546">
     <span class='ocr_line' id='line_1_24' title="bbox 501 2473 2068 2546; baseline -0.003 -14"><span class='ocrx_word' id='word_1_192' title='bbox 501 2479 609 2533; x_wconf 89' lang='lat' dir='ltr'><strong>mul</strong></span> <span class='ocrx_word' id='word_1_193' title='bbox 650 2494 840 2533; x_wconf 88' lang='lat' dir='ltr'><strong>mecum</strong></span> <span class='ocrx_word' id='word_1_194' title='bbox 880 2477 1050 2530; x_wconf 68' lang='lat' dir='ltr'><strong>dulces</strong></span> <span class='ocrx_word' id='word_1_195' title='bbox 1090 2475 1321 2546; x_wconf 87' lang='lat' dir='ltr'><strong>cupiebas</strong></span> <span class='ocrx_word' id='word_1_196' title='bbox 1368 2476 1501 2528; x_wconf 86' lang='lat' dir='ltr'><strong>cibos</strong></span> <span class='ocrx_word' id='word_1_197' title='bbox 1529 2473 1695 2545; x_wconf 86' lang='lat' dir='ltr'><strong>(Psal.</strong></span> <span class='ocrx_word' id='word_1_198' title='bbox 1728 2491 1828 2539; x_wconf 82' lang='lat' dir='ltr'><strong>Ltv,</strong></span> <span class='ocrx_word' id='word_1_199' title='bbox 1865 2476 2068 2545; x_wconf 73' lang='lat'><strong>15-15).</strong></span> 
     </span>
    </p>
   </div>
   <div class='ocr_carea' id='block_1_25' title="bbox 500 2564 2072 2639">
    <p class='ocr_par' dir='ltr' id='par_1_25' title="bbox 500 2564 2072 2639">
     <span class='ocr_line' id='line_1_25' title="bbox 500 2564 2072 2639; baseline -0.003 -16"><span class='ocrx_word' id='word_1_200' title='bbox 500 2568 642 2639; x_wconf 79' lang='lat' dir='ltr'><strong>Ergo</strong></span> <span class='ocrx_word' id='word_1_201' title='bbox 668 2568 814 2622; x_wconf 90' lang='lat' dir='ltr'><strong>multi</strong></span> <span class='ocrx_word' id='word_1_202' title='bbox 840 2566 1049 2621; x_wconf 90' lang='lat' dir='ltr'><strong>sodales</strong></span> <span class='ocrx_word' id='word_1_203' title='bbox 1085 2565 1270 2634; x_wconf 92' lang='lat' dir='ltr'><strong>ingrati</strong></span> <span class='ocrx_word' id='word_1_204' title='bbox 1302 2580 1500 2619; x_wconf 72' lang='lat' dir='ltr'><strong>mensa:</strong></span> <span class='ocrx_word' id='word_1_205' title='bbox 1525 2564 1803 2620; x_wconf 59' lang='lat' dir='ltr'><strong>dominicae</strong></span> <span class='ocrx_word' id='word_1_206' title='bbox 1831 2567 2072 2621; x_wconf 79' lang='lat' dir='ltr'><strong>exierunt</strong></span> 
     </span>
    </p>
   </div>
   <div class='ocr_carea' id='block_1_26' title="bbox 506 2654 2068 2722">
    <p class='ocr_par' dir='ltr' id='par_1_26' title="bbox 506 2654 2068 2722">
     <span class='ocr_line' id='line_1_26' title="bbox 506 2654 2068 2722; baseline 0.001 -10"><span class='ocrx_word' id='word_1_207' title='bbox 506 2658 649 2713; x_wconf 86' lang='lat' dir='ltr'><strong>foras</strong></span> <span class='ocrx_word' id='word_1_208' title='bbox 673 2677 685 2712; x_wconf 93' lang='lat'><strong>:</strong></span> <span class='ocrx_word' id='word_1_209' title='bbox 712 2658 832 2712; x_wconf 91' lang='lat' dir='ltr'><strong>mali</strong></span> <span class='ocrx_word' id='word_1_210' title='bbox 861 2658 1069 2712; x_wconf 88' lang='lat' dir='ltr'><strong>sodales</strong></span> <span class='ocrx_word' id='word_1_211' title='bbox 1093 2654 1334 2710; x_wconf 87' lang='lat' dir='ltr'><strong>fecerunt</strong></span> <span class='ocrx_word' id='word_1_212' title='bbox 1357 2656 1456 2711; x_wconf 92' lang='lat' dir='ltr'><strong>sibi</strong></span> <span class='ocrx_word' id='word_1_213' title='bbox 1483 2670 1606 2709; x_wconf 86' lang='lat' dir='ltr'><strong>suas</strong></span> <span class='ocrx_word' id='word_1_214' title='bbox 1631 2671 1861 2722; x_wconf 77' lang='lat' dir='ltr'><strong>menSas,</strong></span> <span class='ocrx_word' id='word_1_215' title='bbox 1888 2673 2068 2713; x_wconf 78' lang='lat' dir='ltr'><strong>erexe-</strong></span> 
     </span>
    </p>
   </div>
   <div class='ocr_carea' id='block_1_27' title="bbox 499 2744 1971 2803">
    <p class='ocr_par' dir='ltr' id='par_1_27' title="bbox 499 2744 1971 2803">
     <span class='ocr_line' id='line_1_27' title="bbox 499 2744 1971 2803; baseline -0.003 0"><span class='ocrx_word' id='word_1_216' title='bbox 499 2756 625 2803; x_wconf 85' lang='lat' dir='ltr'><strong>runt</strong></span> <span class='ocrx_word' id='word_1_217' title='bbox 651 2748 837 2801; x_wconf 88' lang='lat' dir='ltr'><strong>altaria</strong></span> <span class='ocrx_word' id='word_1_218' title='bbox 866 2757 1045 2802; x_wconf 89' lang='lat' dir='ltr'><strong>contra</strong></span> <span class='ocrx_word' id='word_1_219' title='bbox 1072 2745 1259 2799; x_wconf 84' lang='lat' dir='ltr'><strong>altare.</strong></span> <span class='ocrx_word' id='word_1_220' title='bbox 1291 2744 1346 2799; x_wconf 90' lang='lat' dir='ltr'><strong>ln</strong></span> <span class='ocrx_word' id='word_1_221' title='bbox 1375 2744 1452 2799; x_wconf 89' lang='lat' dir='ltr'><strong>eis</strong></span> <span class='ocrx_word' id='word_1_222' title='bbox 1479 2745 1573 2799; x_wconf 88' lang='lat' dir='ltr'><strong>ista</strong></span> <span class='ocrx_word' id='word_1_223' title='bbox 1599 2746 1745 2801; x_wconf 85' lang='lat' dir='ltr'><strong>timet</strong></span> <span class='ocrx_word' id='word_1_224' title='bbox 1772 2762 1971 2801; x_wconf 89' lang='lat' dir='ltr'><strong>errare.</strong></span> 
     </span>
    </p>
   </div>
   <div class='ocr_carea' id='block_1_28' title="bbox 569 2837 2068 2910">
    <p class='ocr_par' dir='ltr' id='par_1_28' title="bbox 569 2837 2068 2910">
     <span class='ocr_line' id='line_1_28' title="bbox 569 2837 2068 2910; baseline -0.001 -15"><span class='ocrx_word' id='word_1_225' title='bbox 569 2841 657 2895; x_wconf 71' lang='lat'><strong>&#39;57.</strong></span> <span class='ocrx_word' id='word_1_226' title='bbox 682 2839 915 2893; x_wconf 81' lang='lat' dir='ltr'><strong>Meridies</strong></span> <span class='ocrx_word' id='word_1_227' title='bbox 931 2840 972 2891; x_wconf 89' lang='lat' dir='ltr'><strong>si</strong></span> <span class='ocrx_word' id='word_1_228' title='bbox 989 2838 1159 2906; x_wconf 77' lang='lat' dir='ltr'><strong>Africa</strong></span> <span class='ocrx_word' id='word_1_229' title='bbox 1173 2838 1480 2908; x_wconf 80' lang='lat' dir='ltr'><strong>intelligatur</strong></span> <span class='ocrx_word' id='word_1_230' title='bbox 1495 2837 1602 2891; x_wconf 89' lang='lat' dir='ltr'><strong>loco</strong></span> <span class='ocrx_word' id='word_1_231' title='bbox 1617 2839 1786 2904; x_wconf 89' lang='lat' dir='ltr'><strong>citato,</strong></span> <span class='ocrx_word' id='word_1_232' title='bbox 1807 2839 1926 2910; x_wconf 79' lang='lat' dir='ltr'><strong>facit</strong></span> <span class='ocrx_word' id='word_1_233' title='bbox 1944 2854 2068 2895; x_wconf 81' lang='lat' dir='ltr'><strong>con-</strong></span> 
     </span>
    </p>
   </div>
   <div class='ocr_carea' id='block_1_29' title="bbox 496 2928 2070 2999">
    <p class='ocr_par' dir='ltr' id='par_1_29' title="bbox 496 2928 2070 2999">
     <span class='ocr_line' id='line_1_29' title="bbox 496 2928 2070 2999; baseline 0.003 -18"><span class='ocrx_word' id='word_1_234' title='bbox 496 2938 575 2983; x_wconf 87' lang='lat' dir='ltr'><strong>tra</strong></span> <span class='ocrx_word' id='word_1_235' title='bbox 590 2930 893 2983; x_wconf 88' lang='lat' dir='ltr'><strong>Donatistas.</strong></span> <span class='ocrx_word' id='word_1_236' title='bbox 912 2928 1065 2982; x_wconf 79' lang='lat' dir='ltr'><strong>Exire</strong></span> <span class='ocrx_word' id='word_1_237' title='bbox 1076 2929 1416 2981; x_wconf 68' lang='lat' dir='ltr'><strong>haereticorum</strong></span> <span class='ocrx_word' id='word_1_238' title='bbox 1426 2938 1518 2981; x_wconf 88' lang='lat' dir='ltr'><strong>est.</strong></span> <span class='ocrx_word' id='word_1_239' title='bbox 1536 2929 1594 2981; x_wconf 86' lang='lat' dir='ltr'><strong>Et</strong></span> <span class='ocrx_word' id='word_1_240' title='bbox 1608 2930 1651 2983; x_wconf 89' lang='lat' dir='ltr'><strong>si</strong></span> <span class='ocrx_word' id='word_1_241' title='bbox 1668 2938 1819 2998; x_wconf 86' lang='lat' dir='ltr'><strong>putas</strong></span> <span class='ocrx_word' id='word_1_242' title='bbox 1834 2930 1953 2999; x_wconf 88' lang='lat' dir='ltr'><strong>quia</strong></span> <span class='ocrx_word' id='word_1_243' title='bbox 1966 2946 2070 2985; x_wconf 84' lang='lat' dir='ltr'><strong>tne-</strong></span> 
     </span>
    </p>
   </div>
   <div class='ocr_carea' id='block_1_30' title="bbox 496 3017 2067 3088">
    <p class='ocr_par' dir='ltr' id='par_1_30' title="bbox 496 3017 2067 3088">
     <span class='ocr_line' id='line_1_30' title="bbox 496 3017 2067 3088; baseline -0.001 -14"><span class='ocrx_word' id='word_1_244' title='bbox 496 3020 658 3074; x_wconf 88' lang='lat' dir='ltr'><strong>ridies</strong></span> <span class='ocrx_word' id='word_1_245' title='bbox 676 3019 849 3073; x_wconf 80' lang='lat' dir='ltr'><strong>Africa</strong></span> <span class='ocrx_word' id='word_1_246' title='bbox 862 3026 962 3083; x_wconf 92' lang='lat' dir='ltr'><strong>est;</strong></span> <span class='ocrx_word' id='word_1_247' title='bbox 986 3033 1281 3088; x_wconf 88' lang='lat' dir='ltr'><strong>quanquam</strong></span> <span class='ocrx_word' id='word_1_248' title='bbox 1298 3032 1503 3088; x_wconf 89' lang='lat' dir='ltr'><strong>possem</strong></span> <span class='ocrx_word' id='word_1_249' title='bbox 1516 3017 1755 3072; x_wconf 85' lang='lat' dir='ltr'><strong>obtinere</strong></span> <span class='ocrx_word' id='word_1_250' title='bbox 1774 3019 1938 3088; x_wconf 87' lang='lat' dir='ltr'><strong>magis</strong></span> <span class='ocrx_word' id='word_1_251' title='bbox 1950 3034 2067 3073; x_wconf 87' lang='lat' dir='ltr'><strong>esse</strong></span> 
     </span>
    </p>
   </div>
   <div class='ocr_carea' id='block_1_31' title="bbox 496 3104 2066 3178">
    <p class='ocr_par' dir='ltr' id='par_1_31' title="bbox 496 3104 2066 3178">
     <span class='ocr_line' id='line_1_31' title="bbox 496 3104 2066 3178; baseline -0.001 -13"><span class='ocrx_word' id='word_1_252' title='bbox 496 3109 681 3165; x_wconf 90' lang='lat' dir='ltr'><strong>mundi</strong></span> <span class='ocrx_word' id='word_1_253' title='bbox 712 3108 984 3165; x_wconf 83' lang='lat' dir='ltr'><strong>meridiem</strong></span> <span class='ocrx_word' id='word_1_254' title='bbox 1019 3117 1193 3178; x_wconf 90' lang='lat' dir='ltr'><strong>partes</strong></span> <span class='ocrx_word' id='word_1_255' title='bbox 1218 3107 1431 3178; x_wconf 68' lang='lat' dir='ltr'><strong>Egypti</strong></span> <span class='ocrx_word' id='word_1_256' title='bbox 1452 3150 1466 3173; x_wconf 94' lang='lat'><strong>,</strong></span> <span class='ocrx_word' id='word_1_257' title='bbox 1490 3118 1545 3163; x_wconf 91' lang='lat' dir='ltr'><strong>et</strong></span> <span class='ocrx_word' id='word_1_258' title='bbox 1580 3104 1694 3161; x_wconf 91' lang='lat' dir='ltr'><strong>illas</strong></span> <span class='ocrx_word' id='word_1_259' title='bbox 1716 3118 1925 3162; x_wconf 85' lang='lat' dir='ltr'><strong>exustas</strong></span> <span class='ocrx_word' id='word_1_260' title='bbox 1954 3110 2066 3163; x_wconf 87' lang='lat' dir='ltr'><strong>sole</strong></span> 
     </span>
    </p>
   </div>
   <div class='ocr_carea' id='block_1_32' title="bbox 495 3199 2064 3273">
    <p class='ocr_par' dir='ltr' id='par_1_32' title="bbox 495 3199 2064 3273">
     <span class='ocr_line' id='line_1_32' title="bbox 495 3199 2064 3273; baseline -0.001 -17"><span class='ocrx_word' id='word_1_261' title='bbox 495 3203 736 3273; x_wconf 81' lang='lat' dir='ltr'><strong>regiones</strong></span> <span class='ocrx_word' id='word_1_262' title='bbox 756 3243 771 3267; x_wconf 94' lang='lat'><strong>,</strong></span> <span class='ocrx_word' id='word_1_263' title='bbox 804 3200 889 3255; x_wconf 92' lang='lat' dir='ltr'><strong>ubi</strong></span> <span class='ocrx_word' id='word_1_264' title='bbox 915 3200 1085 3270; x_wconf 93' lang='lat' dir='ltr'><strong>pluvia</strong></span> <span class='ocrx_word' id='word_1_265' title='bbox 1116 3215 1220 3253; x_wconf 92' lang='lat' dir='ltr'><strong>non</strong></span> <span class='ocrx_word' id='word_1_266' title='bbox 1242 3208 1497 3269; x_wconf 86' lang='lat' dir='ltr'><strong>apparet:</strong></span> <span class='ocrx_word' id='word_1_267' title='bbox 1528 3200 1649 3269; x_wconf 84' lang='lat' dir='ltr'><strong>quia</strong></span> <span class='ocrx_word' id='word_1_268' title='bbox 1672 3199 1783 3270; x_wconf 90' lang='lat' dir='ltr'><strong>ipse</strong></span> <span class='ocrx_word' id='word_1_269' title='bbox 1802 3210 1883 3255; x_wconf 91' lang='lat' dir='ltr'><strong>est</strong></span> <span class='ocrx_word' id='word_1_270' title='bbox 1904 3202 2064 3254; x_wconf 87' lang='lat' dir='ltr'><strong>meri-</strong></span> 
     </span>
    </p>
   </div>
   <div class='ocr_carea' id='block_1_33' title="bbox 493 3290 2063 3360">
    <p class='ocr_par' dir='ltr' id='par_1_33' title="bbox 493 3290 2063 3360">
     <span class='ocr_line' id='line_1_33' title="bbox 493 3290 2063 3360; baseline -0.003 -11"><span class='ocrx_word' id='word_1_271' title='bbox 493 3294 636 3357; x_wconf 87' lang='lat' dir='ltr'><strong>dies,</strong></span> <span class='ocrx_word' id='word_1_272' title='bbox 667 3293 756 3348; x_wconf 89' lang='lat' dir='ltr'><strong>ubi</strong></span> <span class='ocrx_word' id='word_1_273' title='bbox 787 3294 952 3347; x_wconf 88' lang='lat' dir='ltr'><strong>fervet</strong></span> <span class='ocrx_word' id='word_1_274' title='bbox 977 3291 1185 3346; x_wconf 87' lang='lat' dir='ltr'><strong>medius</strong></span> <span class='ocrx_word' id='word_1_275' title='bbox 1207 3290 1340 3346; x_wconf 90' lang='lat' dir='ltr'><strong>dies.</strong></span> <span class='ocrx_word' id='word_1_276' title='bbox 1374 3291 1449 3345; x_wconf 91' lang='lat' dir='ltr'><strong>lbi</strong></span> <span class='ocrx_word' id='word_1_277' title='bbox 1475 3300 1650 3345; x_wconf 90' lang='lat' dir='ltr'><strong>autem</strong></span> <span class='ocrx_word' id='word_1_278' title='bbox 1674 3306 1884 3346; x_wconf 92' lang='lat' dir='ltr'><strong>eremus</strong></span> <span class='ocrx_word' id='word_1_279' title='bbox 1910 3291 2063 3360; x_wconf 89' lang='lat' dir='ltr'><strong>plena</strong></span> 
     </span>
    </p>
   </div>
   <div class='ocr_carea' id='block_1_34' title="bbox 493 3380 2061 3438">
    <p class='ocr_par' dir='ltr' id='par_1_34' title="bbox 493 3380 2061 3438">
     <span class='ocr_line' id='line_1_34' title="bbox 493 3380 2061 3438; baseline -0.001 -1"><span class='ocrx_word' id='word_1_280' title='bbox 493 3384 723 3438; x_wconf 87' lang='lat' dir='ltr'><strong>millibus</strong></span> <span class='ocrx_word' id='word_1_281' title='bbox 751 3397 1021 3438; x_wconf 83' lang='lat' dir='ltr'><strong>servorum</strong></span> <span class='ocrx_word' id='word_1_282' title='bbox 1045 3382 1159 3435; x_wconf 86' lang='lat' dir='ltr'><strong>Dei.</strong></span> <span class='ocrx_word' id='word_1_283' title='bbox 1186 3380 1335 3437; x_wconf 90' lang='lat' dir='ltr'><strong>Unde</strong></span> <span class='ocrx_word' id='word_1_284' title='bbox 1362 3381 1405 3436; x_wconf 89' lang='lat' dir='ltr'><strong>si</strong></span> <span class='ocrx_word' id='word_1_285' title='bbox 1430 3380 1494 3435; x_wconf 90' lang='lat' dir='ltr'><strong>ad</strong></span> <span class='ocrx_word' id='word_1_286' title='bbox 1520 3380 1791 3435; x_wconf 89' lang='lat' dir='ltr'><strong>meridiem</strong></span> <span class='ocrx_word' id='word_1_287' title='bbox 1824 3381 2061 3436; x_wconf 82' lang='lat' dir='ltr'><strong>locorum</strong></span> 
     </span>
    </p>
   </div>
   <div class='ocr_carea' id='block_1_35' title="bbox 490 3471 2060 3543">
    <p class='ocr_par' dir='ltr' id='par_1_35' title="bbox 490 3471 2060 3543">
     <span class='ocr_line' id='line_1_35' title="bbox 490 3471 2060 3543; baseline 0.001 -18"><span class='ocrx_word' id='word_1_288' title='bbox 490 3474 715 3529; x_wconf 81' lang='lat' dir='ltr'><strong>velimus</strong></span> <span class='ocrx_word' id='word_1_289' title='bbox 741 3473 1015 3529; x_wconf 88' lang='lat' dir='ltr'><strong>advertere</strong></span> <span class='ocrx_word' id='word_1_290' title='bbox 1035 3514 1048 3537; x_wconf 91' lang='lat'><strong>,</strong></span> <span class='ocrx_word' id='word_1_291' title='bbox 1080 3486 1243 3542; x_wconf 90' lang='lat' dir='ltr'><strong>quare</strong></span> <span class='ocrx_word' id='word_1_292' title='bbox 1283 3487 1386 3526; x_wconf 89' lang='lat' dir='ltr'><strong>non</strong></span> <span class='ocrx_word' id='word_1_293' title='bbox 1431 3472 1497 3526; x_wconf 92' lang='lat' dir='ltr'><strong>ibi</strong></span> <span class='ocrx_word' id='word_1_294' title='bbox 1530 3479 1709 3541; x_wconf 89' lang='lat' dir='ltr'><strong>pascat</strong></span> <span class='ocrx_word' id='word_1_295' title='bbox 1752 3471 1837 3525; x_wconf 92' lang='lat' dir='ltr'><strong>ille</strong></span> <span class='ocrx_word' id='word_1_296' title='bbox 1865 3473 2060 3543; x_wconf 89' lang='lat' dir='ltr'><strong>magis,</strong></span> 
     </span>
    </p>
   </div>
   <div class='ocr_carea' id='block_1_36' title="bbox 489 3562 2064 3637">
    <p class='ocr_par' dir='ltr' id='par_1_36' title="bbox 489 3562 2064 3637">
     <span class='ocr_line' id='line_1_36' title="bbox 489 3562 2064 3637; baseline -0.003 -17"><span class='ocrx_word' id='word_1_297' title='bbox 489 3574 543 3620; x_wconf 90' lang='lat' dir='ltr'><strong>et</strong></span> <span class='ocrx_word' id='word_1_298' title='bbox 573 3566 641 3620; x_wconf 91' lang='lat' dir='ltr'><strong>ibi</strong></span> <span class='ocrx_word' id='word_1_299' title='bbox 669 3566 995 3635; x_wconf 87' lang='lat' dir='ltr'><strong>requiescat,</strong></span> <span class='ocrx_word' id='word_1_300' title='bbox 1028 3563 1237 3634; x_wconf 89' lang='lat' dir='ltr'><strong>quando</strong></span> <span class='ocrx_word' id='word_1_301' title='bbox 1258 3572 1380 3617; x_wconf 87' lang='lat' dir='ltr'><strong>ante</strong></span> <span class='ocrx_word' id='word_1_302' title='bbox 1407 3563 1715 3634; x_wconf 72' lang='lat' dir='ltr'><strong>prmdictum</strong></span> <span class='ocrx_word' id='word_1_303' title='bbox 1743 3571 1856 3629; x_wconf 91' lang='lat' dir='ltr'><strong>est,</strong></span> <span class='ocrx_word' id='word_1_304' title='bbox 1900 3562 2064 3637; x_wconf 80' lang='lat' dir='ltr'><strong>Ubera</strong></span> 
     </span>
    </p>
   </div>
   <div class='ocr_carea' id='block_1_37' title="bbox 489 3652 2061 3725">
    <p class='ocr_par' dir='ltr' id='par_1_37' title="bbox 489 3652 2061 3725">
     <span class='ocr_line' id='line_1_37' title="bbox 489 3652 2061 3725; baseline -0.003 -13"><span class='ocrx_word' id='word_1_305' title='bbox 489 3667 633 3712; x_wconf 88' lang='lat' dir='ltr'><strong>erunt</strong></span> <span class='ocrx_word' id='word_1_306' title='bbox 660 3659 675 3690; x_wconf 85' lang='grc'><strong>¹</strong></span> <span class='ocrx_word' id='word_1_307' title='bbox 706 3657 899 3712; x_wconf 83' lang='lat' dir='ltr'><strong>deserta</strong></span> <span class='ocrx_word' id='word_1_308' title='bbox 936 3657 1085 3711; x_wconf 83' lang='lat' dir='ltr'><strong>eremi</strong></span> <span class='ocrx_word' id='word_1_309' title='bbox 1109 3653 1267 3725; x_wconf 78' lang='lat' dir='ltr'><strong>(Joel.</strong></span> <span class='ocrx_word' id='word_1_310' title='bbox 1305 3671 1339 3708; x_wconf 88' lang='lat' dir='ltr'><strong>ll</strong></span> <span class='ocrx_word' id='word_1_311' title='bbox 1357 3696 1369 3719; x_wconf 94' lang='lat'><strong>,</strong></span> <span class='ocrx_word' id='word_1_312' title='bbox 1398 3654 1529 3725; x_wconf 67' lang='lat'><strong>22)?</strong></span> <span class='ocrx_word' id='word_1_313' title='bbox 1557 3652 1659 3709; x_wconf 81' lang='lat' dir='ltr'><strong>Sed</strong></span> <span class='ocrx_word' id='word_1_314' title='bbox 1686 3669 1811 3709; x_wconf 87' lang='lat' dir='ltr'><strong>ecce</strong></span> <span class='ocrx_word' id='word_1_315' title='bbox 1835 3669 2061 3709; x_wconf 87' lang='lat' dir='ltr'><strong>consen-</strong></span> 
     </span>
    </p>
   </div>
   <div class='ocr_carea' id='block_1_38' title="bbox 491 3744 2062 3816">
    <p class='ocr_par' dir='ltr' id='par_1_38' title="bbox 491 3744 2062 3816">
     <span class='ocr_line' id='line_1_38' title="bbox 491 3744 2062 3816; baseline -0.004 -11"><span class='ocrx_word' id='word_1_316' title='bbox 491 3751 594 3816; x_wconf 91' lang='lat' dir='ltr'><strong>tio,</strong></span> <span class='ocrx_word' id='word_1_317' title='bbox 624 3748 874 3805; x_wconf 88' lang='lat' dir='ltr'><strong>meridies</strong></span> <span class='ocrx_word' id='word_1_318' title='bbox 903 3746 1079 3802; x_wconf 86' lang='lat' dir='ltr'><strong>Africa</strong></span> <span class='ocrx_word' id='word_1_319' title='bbox 1104 3747 1191 3800; x_wconf 91' lang='lat' dir='ltr'><strong>sit.</strong></span> <span class='ocrx_word' id='word_1_320' title='bbox 1235 3745 1407 3800; x_wconf 90' lang='lat' dir='ltr'><strong>Africa</strong></span> <span class='ocrx_word' id='word_1_321' title='bbox 1452 3746 1519 3799; x_wconf 88' lang='lat' dir='ltr'><strong>sit</strong></span> <span class='ocrx_word' id='word_1_322' title='bbox 1546 3744 1828 3799; x_wconf 89' lang='lat' dir='ltr'><strong>meridies:</strong></span> <span class='ocrx_word' id='word_1_323' title='bbox 1858 3745 1909 3798; x_wconf 86' lang='lat' dir='ltr'><strong>hi</strong></span> <span class='ocrx_word' id='word_1_324' title='bbox 1939 3754 2062 3800; x_wconf 91' lang='lat' dir='ltr'><strong>sunt</strong></span> 
     </span>
    </p>
   </div>
   <div class='ocr_carea' id='block_1_39' title="bbox 487 3837 2058 3908">
    <p class='ocr_par' dir='ltr' id='par_1_39' title="bbox 487 3837 2058 3908">
     <span class='ocr_line' id='line_1_39' title="bbox 487 3837 2058 3908; baseline -0.005 -11"><span class='ocrx_word' id='word_1_325' title='bbox 487 3843 696 3897; x_wconf 85' lang='lat' dir='ltr'><strong>sodales</strong></span> <span class='ocrx_word' id='word_1_326' title='bbox 720 3842 863 3896; x_wconf 89' lang='lat' dir='ltr'><strong>mali.</strong></span> <span class='ocrx_word' id='word_1_327' title='bbox 894 3840 1129 3895; x_wconf 86' lang='lat' dir='ltr'><strong>Ecclesia</strong></span> <span class='ocrx_word' id='word_1_328' title='bbox 1176 3837 1523 3892; x_wconf 87' lang='lat' dir='ltr'><strong>transmarina</strong></span> <span class='ocrx_word' id='word_1_329' title='bbox 1550 3837 1601 3891; x_wconf 88' lang='lat' dir='ltr'><strong>in</strong></span> <span class='ocrx_word' id='word_1_330' title='bbox 1642 3838 1818 3908; x_wconf 89' lang='lat' dir='ltr'><strong>aliquo</strong></span> <span class='ocrx_word' id='word_1_331' title='bbox 1845 3851 2058 3891; x_wconf 88' lang='lat' dir='ltr'><strong>suorum</strong></span> 
     </span>
    </p>
   </div>
   <div class='ocr_carea' id='block_1_40' title="bbox 490 3927 2063 4003">
    <p class='ocr_par' dir='ltr' id='par_1_40' title="bbox 490 3927 2063 4003">
     <span class='ocr_line' id='line_1_40' title="bbox 490 3927 2063 4003; baseline -0.004 -16"><span class='ocrx_word' id='word_1_332' title='bbox 490 3936 770 4003; x_wconf 77' lang='lat' dir='ltr'><strong>navigante</strong></span> <span class='ocrx_word' id='word_1_333' title='bbox 818 3933 869 3985; x_wconf 90' lang='lat' dir='ltr'><strong>in</strong></span> <span class='ocrx_word' id='word_1_334' title='bbox 920 3930 1189 3994; x_wconf 81' lang='lat' dir='ltr'><strong>Africam,</strong></span> <span class='ocrx_word' id='word_1_335' title='bbox 1237 3928 1456 3983; x_wconf 87' lang='lat' dir='ltr'><strong>sollicita</strong></span> <span class='ocrx_word' id='word_1_336' title='bbox 1513 3943 1580 3982; x_wconf 91' lang='lat' dir='ltr'><strong>ne</strong></span> <span class='ocrx_word' id='word_1_337' title='bbox 1636 3938 1807 4003; x_wconf 86' lang='lat' dir='ltr'><strong>erret,</strong></span> <span class='ocrx_word' id='word_1_338' title='bbox 1854 3927 2063 3981; x_wconf 85' lang='lat' dir='ltr'><strong>invocat</strong></span> 
     </span>
    </p>
   </div>
   <div class='ocr_carea' id='block_1_41' title="bbox 490 4002 2057 4094">
    <p class='ocr_par' dir='ltr' id='par_1_41' title="bbox 490 4002 2057 4094">
     <span class='ocr_line' id='line_1_41' title="bbox 490 4002 2057 4094; baseline -0.005 -16"><span class='ocrx_word' id='word_1_339' title='bbox 490 4002 744 4094; x_wconf 83' lang='lat' dir='ltr'><strong>sponsum</strong></span> <span class='ocrx_word' id='word_1_340' title='bbox 771 4037 922 4076; x_wconf 90' lang='lat' dir='ltr'><strong>suum</strong></span> <span class='ocrx_word' id='word_1_341' title='bbox 946 4062 960 4085; x_wconf 94' lang='lat'><strong>,</strong></span> <span class='ocrx_word' id='word_1_342' title='bbox 992 4029 1045 4074; x_wconf 91' lang='lat' dir='ltr'><strong>et</strong></span> <span class='ocrx_word' id='word_1_343' title='bbox 1074 4020 1200 4073; x_wconf 90' lang='lat' dir='ltr'><strong>dicit</strong></span> <span class='ocrx_word' id='word_1_344' title='bbox 1227 4019 1275 4073; x_wconf 92' lang='lat' dir='ltr'><strong>ei</strong></span> <span class='ocrx_word' id='word_1_345' title='bbox 1308 4036 1320 4071; x_wconf 88' lang='lat'><strong>:</strong></span> <span class='ocrx_word' id='word_1_346' title='bbox 1349 4016 1631 4072; x_wconf 83' lang='lat' dir='ltr'><strong>Abundare</strong></span> <span class='ocrx_word' id='word_1_347' title='bbox 1659 4002 1813 4072; x_wconf 80' lang='lat' dir='ltr'><strong>audio</strong></span> <span class='ocrx_word' id='word_1_348' title='bbox 1844 4018 2057 4088; x_wconf 61' lang='lat' dir='ltr'><strong>horreti-</strong></span> 
     </span>
    </p>
   </div>
   <div class='ocr_carea' id='block_1_42' title="bbox 490 4106 2055 4177">
    <p class='ocr_par' dir='ltr' id='par_1_42' title="bbox 490 4106 2055 4177">
     <span class='ocr_line' id='line_1_42' title="bbox 490 4106 2055 4177; baseline -0.006 -9"><span class='ocrx_word' id='word_1_349' title='bbox 490 4129 584 4168; x_wconf 90' lang='lat' dir='ltr'><strong>cos</strong></span> <span class='ocrx_word' id='word_1_350' title='bbox 600 4113 651 4166; x_wconf 93' lang='lat' dir='ltr'><strong>in</strong></span> <span class='ocrx_word' id='word_1_351' title='bbox 675 4113 867 4176; x_wconf 79' lang='lat' dir='ltr'><strong>Africa,</strong></span> <span class='ocrx_word' id='word_1_352' title='bbox 888 4110 1159 4164; x_wconf 86' lang='lat' dir='ltr'><strong>abundare</strong></span> <span class='ocrx_word' id='word_1_353' title='bbox 1176 4107 1333 4162; x_wconf 88' lang='lat' dir='ltr'><strong>audio</strong></span> <span class='ocrx_word' id='word_1_354' title='bbox 1354 4108 1763 4177; x_wconf 85' lang='lat' dir='ltr'><strong>rebaptizatores</strong></span> <span class='ocrx_word' id='word_1_355' title='bbox 1781 4108 1833 4159; x_wconf 92' lang='lat' dir='ltr'><strong>in</strong></span> <span class='ocrx_word' id='word_1_356' title='bbox 1854 4106 2055 4173; x_wconf 82' lang='lat' dir='ltr'><strong>Africa;</strong></span> 
     </span>
    </p>
   </div>
   <div class='ocr_carea' id='block_1_43' title="bbox 491 4195 2052 4260">
    <p class='ocr_par' dir='ltr' id='par_1_43' title="bbox 491 4195 2052 4260">
     <span class='ocr_line' id='line_1_43' title="bbox 491 4195 2052 4260; baseline -0.006 -2"><span class='ocrx_word' id='word_1_357' title='bbox 491 4218 610 4258; x_wconf 89' lang='lat' dir='ltr'><strong>esse</strong></span> <span class='ocrx_word' id='word_1_358' title='bbox 634 4210 808 4257; x_wconf 86' lang='lat' dir='ltr'><strong>autem</strong></span> <span class='ocrx_word' id='word_1_359' title='bbox 834 4200 905 4255; x_wconf 89' lang='lat' dir='ltr'><strong>ibi</strong></span> <span class='ocrx_word' id='word_1_360' title='bbox 934 4206 1052 4253; x_wconf 93' lang='lat' dir='ltr'><strong>tuos</strong></span> <span class='ocrx_word' id='word_1_361' title='bbox 1080 4214 1182 4252; x_wconf 92' lang='lat' dir='ltr'><strong>non</strong></span> <span class='ocrx_word' id='word_1_362' title='bbox 1212 4197 1386 4250; x_wconf 89' lang='lat' dir='ltr'><strong>minus</strong></span> <span class='ocrx_word' id='word_1_363' title='bbox 1414 4196 1605 4250; x_wconf 90' lang='lat' dir='ltr'><strong>audio:</strong></span> <span class='ocrx_word' id='word_1_364' title='bbox 1631 4205 1684 4249; x_wconf 90' lang='lat' dir='ltr'><strong>et</strong></span> <span class='ocrx_word' id='word_1_365' title='bbox 1715 4195 1840 4248; x_wconf 92' lang='lat' dir='ltr'><strong>illud</strong></span> <span class='ocrx_word' id='word_1_366' title='bbox 1867 4196 2052 4260; x_wconf 89' lang='lat' dir='ltr'><strong>audio,</strong></span> 
     </span>
    </p>
   </div>
   <div class='ocr_carea' id='block_1_44' title="bbox 492 4285 2059 4359">
    <p class='ocr_par' dir='ltr' id='par_1_44' title="bbox 492 4285 2059 4359">
     <span class='ocr_line' id='line_1_44' title="bbox 492 4285 2059 4359; baseline -0.007 -11"><span class='ocrx_word' id='word_1_367' title='bbox 492 4304 546 4348; x_wconf 91' lang='lat' dir='ltr'><strong>et</strong></span> <span class='ocrx_word' id='word_1_368' title='bbox 573 4292 674 4349; x_wconf 86' lang='lat' dir='ltr'><strong>hoc</strong></span> <span class='ocrx_word' id='word_1_369' title='bbox 702 4292 892 4357; x_wconf 88' lang='lat' dir='ltr'><strong>audio;</strong></span> <span class='ocrx_word' id='word_1_370' title='bbox 921 4289 1013 4344; x_wconf 87' lang='lat' dir='ltr'><strong>sed</strong></span> <span class='ocrx_word' id='word_1_371' title='bbox 1043 4288 1131 4359; x_wconf 92' lang='lat' dir='ltr'><strong>qui</strong></span> <span class='ocrx_word' id='word_1_372' title='bbox 1171 4288 1277 4342; x_wconf 89' lang='lat' dir='ltr'><strong>sint</strong></span> <span class='ocrx_word' id='word_1_373' title='bbox 1303 4287 1405 4349; x_wconf 89' lang='lat' dir='ltr'><strong>tui,</strong></span> <span class='ocrx_word' id='word_1_374' title='bbox 1438 4302 1465 4339; x_wconf 94' lang='lat' dir='ltr'><strong>a</strong></span> <span class='ocrx_word' id='word_1_375' title='bbox 1496 4295 1546 4341; x_wconf 91' lang='lat' dir='ltr'><strong>te</strong></span> <span class='ocrx_word' id='word_1_376' title='bbox 1576 4285 1694 4341; x_wconf 90' lang='lat' dir='ltr'><strong>volo</strong></span> <span class='ocrx_word' id='word_1_377' title='bbox 1719 4286 1919 4341; x_wconf 88' lang='lat' dir='ltr'><strong>audire.</strong></span> <span class='ocrx_word' id='word_1_378' title='bbox 1949 4286 2059 4338; x_wconf 78' lang='lat' dir='ltr'><strong>An-</strong></span> 
     </span>
    </p>
   </div>
   <div class='ocr_carea' id='block_1_45' title="bbox 494 4377 2060 4453">
    <p class='ocr_par' dir='ltr' id='par_1_45' title="bbox 494 4377 2060 4453">
     <span class='ocr_line' id='line_1_45' title="bbox 494 4377 2060 4453; baseline -0.007 -13"><span class='ocrx_word' id='word_1_379' title='bbox 494 4387 670 4440; x_wconf 89' lang='lat' dir='ltr'><strong>nuntia</strong></span> <span class='ocrx_word' id='word_1_380' title='bbox 690 4383 846 4449; x_wconf 85' lang='lat' dir='ltr'><strong>mihi,</strong></span> <span class='ocrx_word' id='word_1_381' title='bbox 874 4399 1018 4453; x_wconf 85' lang='lat' dir='ltr'><strong>quem</strong></span> <span class='ocrx_word' id='word_1_382' title='bbox 1044 4380 1219 4434; x_wconf 75' lang='lat' dir='ltr'><strong>dilexit</strong></span> <span class='ocrx_word' id='word_1_383' title='bbox 1256 4380 1425 4432; x_wconf 86' lang='lat' dir='ltr'><strong>anima</strong></span> <span class='ocrx_word' id='word_1_384' title='bbox 1468 4394 1576 4431; x_wconf 87' lang='lat' dir='ltr'><strong>mea</strong></span> <span class='ocrx_word' id='word_1_385' title='bbox 1593 4419 1605 4441; x_wconf 94' lang='lat'><strong>,</strong></span> <span class='ocrx_word' id='word_1_386' title='bbox 1630 4377 1713 4430; x_wconf 91' lang='lat' dir='ltr'><strong>ubi</strong></span> <span class='ocrx_word' id='word_1_387' title='bbox 1743 4378 1908 4447; x_wconf 88' lang='lat' dir='ltr'><strong>pascis</strong></span> <span class='ocrx_word' id='word_1_388' title='bbox 1932 4418 1947 4444; x_wconf 88' lang='lat'><strong>,</strong></span> <span class='ocrx_word' id='word_1_389' title='bbox 1975 4378 2060 4430; x_wconf 90' lang='lat' dir='ltr'><strong>ubi</strong></span> 
     </span>
    </p>
   </div>
   <div class='ocr_carea' id='block_1_46' title="bbox 489 4466 2058 4537">
    <p class='ocr_par' dir='ltr' id='par_1_46' title="bbox 489 4466 2058 4537">
     <span class='ocr_line' id='line_1_46' title="bbox 489 4466 2058 4537; baseline -0.005 -6"><span class='ocrx_word' id='word_1_390' title='bbox 489 4476 638 4531; x_wconf 85' lang='lat' dir='ltr'><strong>cubas</strong></span> <span class='ocrx_word' id='word_1_391' title='bbox 658 4476 709 4528; x_wconf 90' lang='lat' dir='ltr'><strong>in</strong></span> <span class='ocrx_word' id='word_1_392' title='bbox 732 4474 952 4526; x_wconf 83' lang='lat' dir='ltr'><strong>meridie.</strong></span> <span class='ocrx_word' id='word_1_393' title='bbox 980 4471 1033 4525; x_wconf 92' lang='lat' dir='ltr'><strong>In</strong></span> <span class='ocrx_word' id='word_1_394' title='bbox 1058 4470 1147 4523; x_wconf 93' lang='lat' dir='ltr'><strong>illo</strong></span> <span class='ocrx_word' id='word_1_395' title='bbox 1167 4468 1409 4533; x_wconf 89' lang='lat' dir='ltr'><strong>meridie,</strong></span> <span class='ocrx_word' id='word_1_396' title='bbox 1434 4466 1520 4522; x_wconf 88' lang='lat' dir='ltr'><strong>ubi</strong></span> <span class='ocrx_word' id='word_1_397' title='bbox 1551 4466 1705 4523; x_wconf 90' lang='lat' dir='ltr'><strong>audio</strong></span> <span class='ocrx_word' id='word_1_398' title='bbox 1726 4468 1856 4521; x_wconf 87' lang='lat' dir='ltr'><strong>duas</strong></span> <span class='ocrx_word' id='word_1_399' title='bbox 1884 4476 2058 4537; x_wconf 91' lang='lat' dir='ltr'><strong>partes</strong></span> 
     </span>
    </p>
   </div>
   <div class='ocr_carea' id='block_1_47' title="bbox 488 4558 2056 4629">
    <p class='ocr_par' dir='ltr' id='par_1_47' title="bbox 488 4558 2056 4629">
     <span class='ocr_line' id='line_1_47' title="bbox 488 4558 2056 4629; baseline -0.006 -9"><span class='ocrx_word' id='word_1_400' title='bbox 488 4581 634 4629; x_wconf 88' lang='lat' dir='ltr'><strong>esse,</strong></span> <span class='ocrx_word' id='word_1_401' title='bbox 664 4579 824 4619; x_wconf 88' lang='lat' dir='ltr'><strong>unam</strong></span> <span class='ocrx_word' id='word_1_402' title='bbox 872 4561 1090 4625; x_wconf 88' lang='lat' dir='ltr'><strong>Donati,</strong></span> <span class='ocrx_word' id='word_1_403' title='bbox 1121 4560 1339 4613; x_wconf 88' lang='lat' dir='ltr'><strong>alteram</strong></span> <span class='ocrx_word' id='word_1_404' title='bbox 1376 4559 1619 4612; x_wconf 87' lang='lat' dir='ltr'><strong>universo</strong></span> <span class='ocrx_word' id='word_1_405' title='bbox 1651 4566 1741 4612; x_wconf 92' lang='lat' dir='ltr'><strong>tuo</strong></span> <span class='ocrx_word' id='word_1_406' title='bbox 1781 4558 2056 4612; x_wconf 48' lang='lat' dir='ltr'><strong>columen;</strong></span> 
     </span>
    </p>
   </div>
   <div class='ocr_carea' id='block_1_48' title="bbox 488 4646 2058 4724">
    <p class='ocr_par' dir='ltr' id='par_1_48' title="bbox 488 4646 2058 4724">
     <span class='ocr_line' id='line_1_48' title="bbox 488 4646 2058 4724; baseline -0.006 -13"><span class='ocrx_word' id='word_1_407' title='bbox 488 4666 632 4722; x_wconf 88' lang='lat' dir='ltr'><strong>tem;</strong></span> <span class='ocrx_word' id='word_1_408' title='bbox 661 4666 715 4709; x_wconf 91' lang='lat' dir='ltr'><strong>tu</strong></span> <span class='ocrx_word' id='word_1_409' title='bbox 743 4652 872 4724; x_wconf 85' lang='lat' dir='ltr'><strong>mihi</strong></span> <span class='ocrx_word' id='word_1_410' title='bbox 913 4652 997 4706; x_wconf 92' lang='lat' dir='ltr'><strong>dic</strong></span> <span class='ocrx_word' id='word_1_411' title='bbox 1024 4667 1129 4721; x_wconf 92' lang='lat' dir='ltr'><strong>quo</strong></span> <span class='ocrx_word' id='word_1_412' title='bbox 1153 4665 1268 4704; x_wconf 90' lang='lat' dir='ltr'><strong>eam</strong></span> <span class='ocrx_word' id='word_1_413' title='bbox 1291 4691 1306 4715; x_wconf 93' lang='lat'><strong>,</strong></span> <span class='ocrx_word' id='word_1_414' title='bbox 1336 4665 1397 4701; x_wconf 89' lang='lat' dir='ltr'><strong>ne</strong></span> <span class='ocrx_word' id='word_1_415' title='bbox 1434 4653 1563 4719; x_wconf 80' lang='lat' dir='ltr'><strong>forte</strong></span> <span class='ocrx_word' id='word_1_416' title='bbox 1599 4646 1731 4701; x_wconf 83' lang='lat' dir='ltr'><strong>velut</strong></span> <span class='ocrx_word' id='word_1_417' title='bbox 1773 4658 1975 4717; x_wconf 86' lang='lat' dir='ltr'><strong>operta,</strong></span> <span class='ocrx_word' id='word_1_418' title='bbox 2006 4648 2058 4702; x_wconf 91' lang='lat' dir='ltr'><strong>id</strong></span> 
     </span>
    </p>
   </div>
   <div class='ocr_carea' id='block_1_49' title="bbox 486 4736 2057 4816">
    <p class='ocr_par' dir='ltr' id='par_1_49' title="bbox 486 4736 2057 4816">
     <span class='ocr_line' id='line_1_49' title="bbox 486 4736 2057 4816; baseline -0.007 -15"><span class='ocrx_word' id='word_1_419' title='bbox 486 4755 599 4813; x_wconf 90' lang='lat' dir='ltr'><strong>est,</strong></span> <span class='ocrx_word' id='word_1_420' title='bbox 624 4745 798 4816; x_wconf 88' lang='lat' dir='ltr'><strong>ignota</strong></span> <span class='ocrx_word' id='word_1_421' title='bbox 830 4744 948 4795; x_wconf 85' lang='lat' dir='ltr'><strong>liam</strong></span> <span class='ocrx_word' id='word_1_422' title='bbox 978 4755 1128 4810; x_wconf 84' lang='lat' dir='ltr'><strong>super</strong></span> <span class='ocrx_word' id='word_1_423' title='bbox 1152 4754 1322 4809; x_wconf 86' lang='lat' dir='ltr'><strong>greges</strong></span> <span class='ocrx_word' id='word_1_424' title='bbox 1345 4736 1592 4791; x_wconf 88' lang='lat' dir='ltr'><strong>sodalium</strong></span> <span class='ocrx_word' id='word_1_425' title='bbox 1619 4745 1847 4802; x_wconf 90' lang='lat' dir='ltr'><strong>tuorum,</strong></span> <span class='ocrx_word' id='word_1_426' title='bbox 1879 4737 2057 4791; x_wconf 89' lang='lat' dir='ltr'><strong>incur-</strong></span> 
     </span>
    </p>
   </div>
   <div class='ocr_carea' id='block_1_50' title="bbox 489 4828 2056 4906">
    <p class='ocr_par' dir='ltr' id='par_1_50' title="bbox 489 4828 2056 4906">
     <span class='ocr_line' id='line_1_50' title="bbox 489 4828 2056 4906; baseline -0.007 -13"><span class='ocrx_word' id='word_1_427' title='bbox 489 4854 604 4892; x_wconf 92' lang='lat' dir='ltr'><strong>ram</strong></span> <span class='ocrx_word' id='word_1_428' title='bbox 632 4838 683 4892; x_wconf 92' lang='lat' dir='ltr'><strong>in</strong></span> <span class='ocrx_word' id='word_1_429' title='bbox 707 4848 893 4906; x_wconf 85' lang='lat' dir='ltr'><strong>greges</strong></span> <span class='ocrx_word' id='word_1_430' title='bbox 915 4832 1308 4892; x_wconf 78' lang='lat' dir='ltr'><strong>lnereticorum,</strong></span> <span class='ocrx_word' id='word_1_431' title='bbox 1336 4836 1588 4883; x_wconf 90' lang='lat' dir='ltr'><strong>conantes</strong></span> <span class='ocrx_word' id='word_1_432' title='bbox 1613 4842 1809 4896; x_wconf 89' lang='lat' dir='ltr'><strong>ponere</strong></span> <span class='ocrx_word' id='word_1_433' title='bbox 1834 4828 2056 4896; x_wconf 90' lang='lat' dir='ltr'><strong>lapidem</strong></span> 
     </span>
    </p>
   </div>
   <div class='ocr_carea' id='block_1_51' title="bbox 489 4917 2059 4995">
    <p class='ocr_par' dir='ltr' id='par_1_51' title="bbox 489 4917 2059 4995">
     <span class='ocr_line' id='line_1_51' title="bbox 489 4917 2059 4995; baseline -0.005 -14"><span class='ocrx_word' id='word_1_434' title='bbox 489 4943 649 4995; x_wconf 84' lang='lat' dir='ltr'><strong>super</strong></span> <span class='ocrx_word' id='word_1_435' title='bbox 678 4926 907 4995; x_wconf 86' lang='lat' dir='ltr'><strong>lapidem</strong></span> <span class='ocrx_word' id='word_1_436' title='bbox 936 4922 1025 4991; x_wconf 87' lang='lat' dir='ltr'><strong>qui</strong></span> <span class='ocrx_word' id='word_1_437' title='bbox 1064 4920 1380 4982; x_wconf 86' lang='lat' dir='ltr'><strong>destruatur,</strong></span> <span class='ocrx_word' id='word_1_438' title='bbox 1408 4934 1475 4972; x_wconf 90' lang='lat' dir='ltr'><strong>ne</strong></span> <span class='ocrx_word' id='word_1_439' title='bbox 1515 4917 1709 4971; x_wconf 89' lang='lat' dir='ltr'><strong>irruam</strong></span> <span class='ocrx_word' id='word_1_440' title='bbox 1751 4917 1801 4971; x_wconf 92' lang='lat' dir='ltr'><strong>in</strong></span> <span class='ocrx_word' id='word_1_441' title='bbox 1832 4919 2059 4988; x_wconf 82' lang='lat' dir='ltr'><strong>rebapti-</strong></span> 
     </span>
    </p>
   </div>
   <div class='ocr_carea' id='block_1_52' title="bbox 490 5009 2059 5080">
    <p class='ocr_par' dir='ltr' id='par_1_52' title="bbox 490 5009 2059 5080">
     <span class='ocr_line' id='line_1_52' title="bbox 490 5009 2059 5080; baseline -0.004 -8"><span class='ocrx_word' id='word_1_442' title='bbox 490 5028 699 5074; x_wconf 62' lang='lat' dir='ltr'><strong>latores</strong></span> <span class='ocrx_word' id='word_1_443' title='bbox 719 5058 732 5079; x_wconf 90' lang='lat'><strong>,</strong></span> <span class='ocrx_word' id='word_1_444' title='bbox 761 5013 1019 5070; x_wconf 89' lang='lat' dir='ltr'><strong>annuntia</strong></span> <span class='ocrx_word' id='word_1_445' title='bbox 1042 5012 1190 5066; x_wconf 88' lang='lat' dir='ltr'><strong>mihi.</strong></span> <span class='ocrx_word' id='word_1_446' title='bbox 1216 5011 1280 5065; x_wconf 88' lang='lat' dir='ltr'><strong>Et</strong></span> <span class='ocrx_word' id='word_1_447' title='bbox 1302 5011 1390 5065; x_wconf 90' lang='lat' dir='ltr'><strong>ille</strong></span> <span class='ocrx_word' id='word_1_448' title='bbox 1416 5009 1505 5080; x_wconf 91' lang='lat' dir='ltr'><strong>qui</strong></span> <span class='ocrx_word' id='word_1_449' title='bbox 1530 5011 1863 5065; x_wconf 86' lang='lat' dir='ltr'><strong>commendat</strong></span> <span class='ocrx_word' id='word_1_450' title='bbox 1887 5013 2059 5066; x_wconf 87' lang='lat' dir='ltr'><strong>unita-</strong></span> 
     </span>
    </p>
   </div>
   <div class='ocr_carea' id='block_1_53' title="bbox 491 5103 2058 5181">
    <p class='ocr_par' dir='ltr' id='par_1_53' title="bbox 491 5103 2058 5181">
     <span class='ocr_line' id='line_1_53' title="bbox 491 5103 2058 5181; baseline -0.004 -17"><span class='ocrx_word' id='word_1_451' title='bbox 491 5120 596 5166; x_wconf 87' lang='lat' dir='ltr'><strong>tem</strong></span> <span class='ocrx_word' id='word_1_452' title='bbox 625 5109 882 5181; x_wconf 87' lang='lat' dir='ltr'><strong>pastoris,</strong></span> <span class='ocrx_word' id='word_1_453' title='bbox 913 5106 1003 5178; x_wconf 91' lang='lat' dir='ltr'><strong>qui</strong></span> <span class='ocrx_word' id='word_1_454' title='bbox 1043 5106 1093 5160; x_wconf 90' lang='lat' dir='ltr'><strong>in</strong></span> <span class='ocrx_word' id='word_1_455' title='bbox 1117 5104 1216 5159; x_wconf 89' lang='lat' dir='ltr'><strong>hac</strong></span> <span class='ocrx_word' id='word_1_456' title='bbox 1242 5104 1468 5159; x_wconf 88' lang='lat' dir='ltr'><strong>lectione</strong></span> <span class='ocrx_word' id='word_1_457' title='bbox 1493 5103 1653 5170; x_wconf 80' lang='lat' dir='ltr'><strong>dixit,</strong></span> <span class='ocrx_word' id='word_1_458' title='bbox 1685 5103 1791 5174; x_wconf 87' lang='lat' dir='ltr'><strong>Ego</strong></span> <span class='ocrx_word' id='word_1_459' title='bbox 1821 5120 2058 5173; x_wconf 89' lang='lat' dir='ltr'><strong>pascam;</strong></span> 
     </span>
    </p>
   </div>
   <div class='ocr_carea' id='block_1_54' title="bbox 488 5301 2061 5374">
    <p class='ocr_par' dir='ltr' id='par_1_54' title="bbox 488 5301 2061 5374">
     <span class='ocr_line' id='line_1_54' title="bbox 488 5301 2061 5374; baseline -0.005 -15"><span class='ocrx_word' id='word_1_460' title='bbox 488 5320 567 5359; x_wconf 84' lang='lat' dir='ltr'><strong>sre</strong></span> <span class='ocrx_word' id='word_1_461' title='bbox 589 5304 807 5374; x_wconf 74' lang='lat' dir='ltr'><strong>viriliter,</strong></span> <span class='ocrx_word' id='word_1_462' title='bbox 839 5304 1039 5374; x_wconf 75' lang='lat' dir='ltr'><strong>femina,</strong></span> <span class='ocrx_word' id='word_1_463' title='bbox 1077 5301 1741 5374; x_wconf 49' lang='lat' dir='ltr'><strong>temetipsmn..1.cmettpsam,</strong></span> <span class='ocrx_word' id='word_1_464' title='bbox 1772 5309 1944 5374; x_wconf 60' lang='lat' dir='ltr'><strong>piguit,</strong></span> <span class='ocrx_word' id='word_1_465' title='bbox 1966 5303 2061 5374; x_wconf 69' lang='lat' dir='ltr'><strong>nisi</strong></span> 
     </span>
    </p>
   </div>
   <div class='ocr_carea' id='block_1_55' title="bbox 489 5362 2057 5433">
    <p class='ocr_par' dir='ltr' id='par_1_55' title="bbox 489 5362 2057 5433">
     <span class='ocr_line' id='line_1_55' title="bbox 489 5362 2057 5433; baseline -0.003 -15"><span class='ocrx_word' id='word_1_466' title='bbox 489 5367 759 5433; x_wconf 79' lang='lat' dir='ltr'><strong>cognoveris</strong></span> <span class='ocrx_word' id='word_1_467' title='bbox 777 5362 802 5426; x_wconf 52' lang='lat'><strong>,&#39;</strong></span> <span class='ocrx_word' id='word_1_468' title='bbox 833 5362 1248 5433; x_wconf 48' lang='lat' dir='ltr'><strong>(audite&#39;retiqua)</strong></span> <span class='ocrx_word' id='word_1_469' title='bbox 1265 5376 1294 5433; x_wconf 71' lang='grc' dir='ltr'>ρ</span> <span class='ocrx_word' id='word_1_470' title='bbox 1316 5362 1519 5433; x_wconf 76' lang='lat' dir='ltr'><strong>pulchra</strong></span> <span class='ocrx_word' id='word_1_471' title='bbox 1542 5362 1663 5433; x_wconf 68' lang='lat' dir='ltr'><strong>inter</strong></span> <span class='ocrx_word' id='word_1_472' title='bbox 1682 5362 1904 5433; x_wconf 77' lang='lat' dir='ltr'><strong>mulieres</strong></span> <span class='ocrx_word' id='word_1_473' title='bbox 1927 5377 1944 5433; x_wconf 65' lang='grc' dir='ltr'><em>ξ</em></span> <span class='ocrx_word' id='word_1_474' title='bbox 1966 5365 2057 5433; x_wconf 51' lang='lat' dir='ltr'><strong>nisi</strong></span> 
     </span>
    </p>
   </div>
   <div class='ocr_carea' id='block_1_56' title="bbox 488 5421 2058 5493">
    <p class='ocr_par' dir='ltr' id='par_1_56' title="bbox 488 5421 2058 5493">
     <span class='ocr_line' id='line_1_56' title="bbox 488 5421 2058 5493; baseline -0.003 -14"><span class='ocrx_word' id='word_1_475' title='bbox 779 5421 1087 5493; x_wconf 76' lang='lat' dir='ltr'><strong>temetipsum,</strong></span> <span class='ocrx_word' id='word_1_476' title='bbox 1109 5421 1151 5493; x_wconf 75' lang='grc' dir='ltr'><em>ρ’</em></span> <span class='ocrx_word' id='word_1_477' title='bbox 1160 5421 1360 5488; x_wconf 79' lang='lat' dir='ltr'><strong>pulchra</strong></span> <span class='ocrx_word' id='word_1_478' title='bbox 1380 5424 1504 5475; x_wconf 87' lang='lat' dir='ltr'><strong>inter</strong></span> <span class='ocrx_word' id='word_1_479' title='bbox 1521 5421 1774 5486; x_wconf 87' lang='lat' dir='ltr'><strong>mulieres;</strong></span> <span class='ocrx_word' id='word_1_480' title='bbox 1796 5423 1881 5475; x_wconf 66' lang='lat' dir='ltr'><strong>exi</strong></span> <span class='ocrx_word' id='word_1_481' title='bbox 1917 5432 1971 5474; x_wconf 93' lang='lat' dir='ltr'><strong>tu</strong></span> <span class='ocrx_word' id='word_1_482' title='bbox 2008 5425 2058 5475; x_wconf 87' lang='lat' dir='ltr'><strong>in</strong></span> 
     </span>
    </p>
   </div>
   <div class='ocr_carea' id='block_1_57' title="bbox 490 5486 1336 5554">
    <p class='ocr_par' dir='ltr' id='par_1_57' title="bbox 490 5486 1336 5554">
     <span class='ocr_line' id='line_1_57' title="bbox 490 5486 1336 5554; baseline -0.007 -13"><span class='ocrx_word' id='word_1_483' title='bbox 490 5486 692 5554; x_wconf 72' lang='lat' dir='ltr'><strong>vestigiis</strong></span> <span class='ocrx_word' id='word_1_484' title='bbox 712 5501 911 5553; x_wconf 88' lang='lat' dir='ltr'><strong>gregum</strong></span> <span class='ocrx_word' id='word_1_485' title='bbox 937 5486 1004 5538; x_wconf 71' lang='lat' dir='ltr'><strong>&#39;Et</strong></span> <span class='ocrx_word' id='word_1_486' title='bbox 1023 5490 1091 5537; x_wconf 87' lang='lat' dir='ltr'><strong>sic</strong></span> <span class='ocrx_word' id='word_1_487' title='bbox 1113 5486 1218 5536; x_wconf 82' lang='lat' dir='ltr'><strong>fere</strong></span> <span class='ocrx_word' id='word_1_488' title='bbox 1238 5496 1336 5535; x_wconf 80' lang='lat' dir='ltr'><strong>Am.</strong></span> 
     </span>
    </p>
   </div>
   <div class='ocr_carea' id='block_1_58' title="bbox 554 5581 2057 5645">
    <p class='ocr_par' dir='ltr' id='par_1_58' title="bbox 554 5581 2057 5645">
     <span class='ocr_line' id='line_1_58' title="bbox 554 5581 2057 5645; baseline -0.003 -9"><span class='ocrx_word' id='word_1_489' title='bbox 554 5588 571 5619; x_wconf 77' lang='grc' dir='ltr'>ί</span> <span class='ocrx_word' id='word_1_490' title='bbox 593 5589 664 5636; x_wconf 90' lang='lat' dir='ltr'><strong>sic</strong></span> <span class='ocrx_word' id='word_1_491' title='bbox 685 5592 792 5635; x_wconf 71' lang='grc' dir='ltr'><strong>ιον.</strong></span> <span class='ocrx_word' id='word_1_492' title='bbox 813 5592 865 5632; x_wconf 90' lang='lat' dir='ltr'><strong>et</strong></span> <span class='ocrx_word' id='word_1_493' title='bbox 888 5582 1105 5645; x_wconf 83' lang='lat' dir='ltr'><strong>plerique</strong></span> <span class='ocrx_word' id='word_1_494' title='bbox 1128 5588 1309 5645; x_wconf 73' lang='lat' dir='ltr'><strong>Mss.At</strong></span> <span class='ocrx_word' id='word_1_495' title='bbox 1338 5590 1456 5641; x_wconf 79' lang='lat' dir='ltr'><strong>Am.,</strong></span> <span class='ocrx_word' id='word_1_496' title='bbox 1472 5581 1837 5645; x_wconf 62' lang='lat' dir='ltr'><strong>aberraventnt.</strong></span> <span class='ocrx_word' id='word_1_497' title='bbox 1861 5583 2057 5644; x_wconf 66' lang='lat' dir='ltr'><strong>Optimae</strong></span> 
     </span>
    </p>
   </div>
   <div class='ocr_carea' id='block_1_59' title="bbox 492 5640 2057 5704">
    <p class='ocr_par' dir='ltr' id='par_1_59' title="bbox 492 5640 2057 5704">
     <span class='ocr_line' id='line_1_59' title="bbox 492 5640 2057 5704; baseline -0.005 -8"><span class='ocrx_word' id='word_1_498' title='bbox 492 5656 617 5699; x_wconf 73' lang='lat' dir='ltr'><strong>noue</strong></span> <span class='ocrx_word' id='word_1_499' title='bbox 666 5640 965 5696; x_wconf 79' lang='lat' dir='ltr'><strong>corbeietisis</strong></span> <span class='ocrx_word' id='word_1_500' title='bbox 1024 5640 1101 5693; x_wconf 74' lang='lat' dir='ltr'><strong>its.</strong></span> <span class='ocrx_word' id='word_1_501' title='bbox 1129 5679 1143 5703; x_wconf 93' lang='lat'><strong>,</strong></span> <span class='ocrx_word' id='word_1_502' title='bbox 1194 5643 1519 5694; x_wconf 81' lang='lat' dir='ltr'><strong>uberaverunt.</strong></span> <span class='ocrx_word' id='word_1_503' title='bbox 1558 5648 1694 5691; x_wconf 84' lang='lat' dir='ltr'><strong>Forte</strong></span> <span class='ocrx_word' id='word_1_504' title='bbox 1730 5640 1933 5704; x_wconf 77' lang='lat' dir='ltr'><strong>melius,</strong></span> <span class='ocrx_word' id='word_1_505' title='bbox 1972 5657 2057 5704; x_wconf 82' lang='lat' dir='ltr'><strong>pro</strong></span> 
     </span>
    </p>
   </div>
   <div class='ocr_carea' id='block_1_60' title="bbox 492 5703 2056 5769">
    <p class='ocr_par' dir='ltr' id='par_1_60' title="bbox 492 5703 2056 5769">
     <span class='ocr_line' id='line_1_60' title="bbox 492 5703 2056 5769; baseline -0.003 -11"><span class='ocrx_word' id='word_1_506' title='bbox 492 5707 865 5769; x_wconf 74' lang='lat' dir='ltr'><strong>pulhdaoerunt,</strong></span> <span class='ocrx_word' id='word_1_507' title='bbox 887 5718 977 5769; x_wconf 87' lang='lat' dir='ltr'><strong>seu</strong></span> <span class='ocrx_word' id='word_1_508' title='bbox 999 5704 1527 5769; x_wconf 27' lang='lat' dir='ltr'><strong>germinavermurtvon</strong></span> <span class='ocrx_word' id='word_1_509' title='bbox 1564 5706 1692 5755; x_wconf 89' lang='lat' dir='ltr'><strong>enim</strong></span> <span class='ocrx_word' id='word_1_510' title='bbox 1728 5703 1872 5754; x_wconf 87' lang='lat' dir='ltr'><strong>alium</strong></span> <span class='ocrx_word' id='word_1_511' title='bbox 1904 5703 2056 5755; x_wconf 76' lang='lat' dir='ltr'><strong>loctnn</strong></span> 
     </span>
    </p>
   </div>
   <div class='ocr_carea' id='block_1_61' title="bbox 493 5766 1463 5828">
    <p class='ocr_par' dir='ltr' id='par_1_61' title="bbox 493 5766 1463 5828">
     <span class='ocr_line' id='line_1_61' title="bbox 493 5766 1463 5828; baseline -0.009 -6"><span class='ocrx_word' id='word_1_512' title='bbox 493 5766 644 5821; x_wconf 58' lang='lat' dir='ltr'><strong>vetare</strong></span> <span class='ocrx_word' id='word_1_513' title='bbox 669 5769 857 5821; x_wconf 86' lang='lat' dir='ltr'><strong>videtur</strong></span> <span class='ocrx_word' id='word_1_514' title='bbox 894 5768 983 5815; x_wconf 89' lang='lat' dir='ltr'><strong>nisi</strong></span> <span class='ocrx_word' id='word_1_515' title='bbox 999 5766 1101 5816; x_wconf 74' lang='lat' dir='ltr'><strong>Joel</strong></span> <span class='ocrx_word' id='word_1_516' title='bbox 1123 5779 1226 5828; x_wconf 84' lang='lat' dir='ltr'><strong>cap.</strong></span> <span class='ocrx_word' id='word_1_517' title='bbox 1252 5766 1299 5826; x_wconf 73' lang='lat'><strong>2,</strong></span> <span class='ocrx_word' id='word_1_518' title='bbox 1322 5768 1367 5828; x_wconf 55' lang='grc' dir='ltr'><strong>ᾖ.</strong></span> <span class='ocrx_word' id='word_1_519' title='bbox 1388 5766 1463 5814; x_wconf 71' lang='lat'><strong>2-2.</strong></span> 
     </span>
    </p>
   </div>
   <div class='ocr_carea' id='block_1_62' title="bbox 1738 362 2520 426">
    <p class='ocr_par' dir='ltr' id='par_1_62' title="bbox 1738 362 2520 426">
     <span class='ocr_line' id='line_1_62' title="bbox 1738 362 2520 426; baseline 0.005 -8"><span class='ocrx_word' id='word_1_520' title='bbox 1738 363 1790 418; x_wconf 93' lang='lat' dir='ltr'><strong>S.</strong></span> <span class='ocrx_word' id='word_1_521' title='bbox 1826 362 2183 426; x_wconf 74' lang='lat' dir='ltr'><strong>AUGUSTINI</strong></span> <span class='ocrx_word' id='word_1_522' title='bbox 2221 364 2520 422; x_wconf 81' lang='lat' dir='ltr'><strong>EPISCOPI</strong></span> 
     </span>
    </p>
   </div>
   <div class='ocr_carea' id='block_1_63' title="bbox 3655 383 3763 440">
    <p class='ocr_par' dir='ltr' id='par_1_63' title="bbox 3655 383 3763 440">
     <span class='ocr_line' id='line_1_63' title="bbox 3655 383 3763 440; baseline 0.028 -3"><span class='ocrx_word' id='word_1_523' title='bbox 3655 383 3763 440; x_wconf 69' lang='lat'><strong>29?.</strong></span> 
     </span>
    </p>
   </div>
   <div class='ocr_carea' id='block_1_64' title="bbox 2197 480 3758 563">
    <p class='ocr_par' dir='ltr' id='par_1_64' title="bbox 2197 480 3758 563">
     <span class='ocr_line' id='line_1_64' title="bbox 2197 480 3758 563; baseline 0.012 -31"><span class='ocrx_word' id='word_1_524' title='bbox 2197 490 2436 550; x_wconf 87' lang='lat' dir='ltr'><strong>pastores</strong></span> <span class='ocrx_word' id='word_1_525' title='bbox 2462 490 2635 536; x_wconf 91' lang='lat' dir='ltr'><strong>autem</strong></span> <span class='ocrx_word' id='word_1_526' title='bbox 2678 480 2949 553; x_wconf 84' lang='lat' dir='ltr'><strong>reprobat,</strong></span> <span class='ocrx_word' id='word_1_527' title='bbox 2980 487 3067 558; x_wconf 92' lang='lat' dir='ltr'><strong>qui</strong></span> <span class='ocrx_word' id='word_1_528' title='bbox 3105 488 3252 544; x_wconf 90' lang='lat' dir='ltr'><strong>multi</strong></span> <span class='ocrx_word' id='word_1_529' title='bbox 3288 504 3405 547; x_wconf 91' lang='lat' dir='ltr'><strong>esse</strong></span> <span class='ocrx_word' id='word_1_530' title='bbox 3445 493 3758 563; x_wconf 90' lang='lat' dir='ltr'><strong>voluerunt,</strong></span> 
     </span>
    </p>
   </div>
   <div class='ocr_carea' id='block_1_65' title="bbox 2195 570 3759 656">
    <p class='ocr_par' dir='ltr' id='par_1_65' title="bbox 2195 570 3759 656">
     <span class='ocr_line' id='line_1_65' title="bbox 2195 570 3759 656; baseline 0.013 -34"><span class='ocrx_word' id='word_1_531' title='bbox 2195 570 2450 624; x_wconf 89' lang='lat' dir='ltr'><strong>unitatem</strong></span> <span class='ocrx_word' id='word_1_532' title='bbox 2481 571 2772 628; x_wconf 87' lang='lat' dir='ltr'><strong>amiserunt</strong></span> <span class='ocrx_word' id='word_1_533' title='bbox 2795 592 2807 626; x_wconf 96' lang='lat'>:</span> <span class='ocrx_word' id='word_1_534' title='bbox 2834 577 3164 633; x_wconf 87' lang='lat' dir='ltr'><strong>severissime</strong></span> <span class='ocrx_word' id='word_1_535' title='bbox 3186 598 3289 636; x_wconf 92' lang='lat' dir='ltr'><strong>non</strong></span> <span class='ocrx_word' id='word_1_536' title='bbox 3317 582 3505 639; x_wconf 90' lang='lat' dir='ltr'><strong>blande</strong></span> <span class='ocrx_word' id='word_1_537' title='bbox 3532 602 3759 656; x_wconf 86' lang='lat' dir='ltr'><strong>respon-</strong></span> 
     </span>
    </p>
   </div>
   <div class='ocr_carea' id='block_1_66' title="bbox 2192 661 3754 746">
    <p class='ocr_par' dir='ltr' id='par_1_66' title="bbox 2192 661 3754 746">
     <span class='ocr_line' id='line_1_66' title="bbox 2192 661 3754 746; baseline 0.011 -32"><span class='ocrx_word' id='word_1_538' title='bbox 2192 661 2352 726; x_wconf 90' lang='lat' dir='ltr'><strong>dens,</strong></span> <span class='ocrx_word' id='word_1_539' title='bbox 2383 661 2473 716; x_wconf 89' lang='lat' dir='ltr'><strong>sed</strong></span> <span class='ocrx_word' id='word_1_540' title='bbox 2506 678 2599 732; x_wconf 90' lang='lat' dir='ltr'><strong>pro</strong></span> <span class='ocrx_word' id='word_1_541' title='bbox 2624 666 2981 734; x_wconf 87' lang='lat' dir='ltr'><strong>magnitudine</strong></span> <span class='ocrx_word' id='word_1_542' title='bbox 3010 670 3259 741; x_wconf 88' lang='lat' dir='ltr'><strong>periculi,</strong></span> <span class='ocrx_word' id='word_1_543' title='bbox 3294 672 3411 728; x_wconf 83' lang='lat' dir='ltr'><strong>Nisi</strong></span> <span class='ocrx_word' id='word_1_544' title='bbox 3433 679 3719 746; x_wconf 82' lang='lat' dir='ltr'><strong>cognoveris</strong></span> <span class='ocrx_word' id='word_1_545' title='bbox 3738 720 3754 743; x_wconf 90' lang='lat'><strong>,</strong></span> 
     </span>
    </p>
   </div>
   <div class='ocr_carea' id='block_1_67' title="bbox 2192 750 3757 826">
    <p class='ocr_par' dir='ltr' id='par_1_67' title="bbox 2192 750 3757 826">
     <span class='ocr_line' id='line_1_67' title="bbox 2192 750 3757 826; baseline 0.012 -22"><span class='ocrx_word' id='word_1_546' title='bbox 2192 750 2391 821; x_wconf 88' lang='lat' dir='ltr'><strong>inquit,</strong></span> <span class='ocrx_word' id='word_1_547' title='bbox 2421 754 2757 824; x_wconf 78' lang='lat' dir='ltr'><strong>temetipsum,</strong></span> <span class='ocrx_word' id='word_1_548' title='bbox 2784 773 2812 808; x_wconf 89' lang='grc' dir='ltr'><em>ο</em></span> <span class='ocrx_word' id='word_1_549' title='bbox 2843 758 3052 826; x_wconf 85' lang='lat' dir='ltr'><strong>pulchra</strong></span> <span class='ocrx_word' id='word_1_550' title='bbox 3094 761 3223 815; x_wconf 88' lang='lat' dir='ltr'><strong>inter</strong></span> <span class='ocrx_word' id='word_1_551' title='bbox 3247 764 3493 818; x_wconf 86' lang='lat' dir='ltr'><strong>mulieres.</strong></span> <span class='ocrx_word' id='word_1_552' title='bbox 3528 766 3757 822; x_wconf 84' lang='lat' dir='ltr'><strong>Pulchra</strong></span> 
     </span>
    </p>
   </div>
   <div class='ocr_carea' id='block_1_68' title="bbox 2191 843 3757 925">
    <p class='ocr_par' dir='ltr' id='par_1_68' title="bbox 2191 843 3757 925">
     <span class='ocr_line' id='line_1_68' title="bbox 2191 843 3757 925; baseline 0.01 -29"><span class='ocrx_word' id='word_1_553' title='bbox 2191 858 2248 897; x_wconf 91' lang='lat' dir='ltr'><strong>es</strong></span> <span class='ocrx_word' id='word_1_554' title='bbox 2273 843 2410 898; x_wconf 88' lang='lat' dir='ltr'><strong>inter</strong></span> <span class='ocrx_word' id='word_1_555' title='bbox 2439 846 2688 901; x_wconf 90' lang='lat' dir='ltr'><strong>mulieres</strong></span> <span class='ocrx_word' id='word_1_556' title='bbox 2717 864 2729 899; x_wconf 92' lang='lat'><strong>:</strong></span> <span class='ocrx_word' id='word_1_557' title='bbox 2759 847 2851 902; x_wconf 89' lang='lat' dir='ltr'><strong>sed</strong></span> <span class='ocrx_word' id='word_1_558' title='bbox 2890 864 3113 919; x_wconf 84' lang='lat' dir='ltr'><strong>agnosce</strong></span> <span class='ocrx_word' id='word_1_559' title='bbox 3141 861 3209 907; x_wconf 91' lang='lat' dir='ltr'><strong>te.</strong></span> <span class='ocrx_word' id='word_1_560' title='bbox 3245 853 3341 909; x_wconf 88' lang='lat' dir='ltr'><strong>Ubi</strong></span> <span class='ocrx_word' id='word_1_561' title='bbox 3370 864 3420 909; x_wconf 89' lang='lat' dir='ltr'><strong>te</strong></span> <span class='ocrx_word' id='word_1_562' title='bbox 3461 860 3757 925; x_wconf 80' lang='lat' dir='ltr'><strong>agnosces?</strong></span> 
     </span>
    </p>
   </div>
   <div class='ocr_carea' id='block_1_69' title="bbox 2191 931 3755 1009">
    <p class='ocr_par' dir='ltr' id='par_1_69' title="bbox 2191 931 3755 1009">
     <span class='ocr_line' id='line_1_69' title="bbox 2191 931 3755 1009; baseline 0.01 -24"><span class='ocrx_word' id='word_1_563' title='bbox 2191 931 2244 985; x_wconf 84' lang='lat' dir='ltr'><strong>In</strong></span> <span class='ocrx_word' id='word_1_564' title='bbox 2277 940 2386 988; x_wconf 93' lang='lat' dir='ltr'><strong>toto</strong></span> <span class='ocrx_word' id='word_1_565' title='bbox 2410 933 2538 989; x_wconf 87' lang='lat' dir='ltr'><strong>orbe</strong></span> <span class='ocrx_word' id='word_1_566' title='bbox 2567 941 2844 990; x_wconf 90' lang='lat' dir='ltr'><strong>terrarum.</strong></span> <span class='ocrx_word' id='word_1_567' title='bbox 2874 937 2928 993; x_wconf 91' lang='lat' dir='ltr'><strong>Si</strong></span> <span class='ocrx_word' id='word_1_568' title='bbox 2951 940 3091 993; x_wconf 87' lang='lat' dir='ltr'><strong>enim</strong></span> <span class='ocrx_word' id='word_1_569' title='bbox 3121 941 3335 1009; x_wconf 89' lang='lat' dir='ltr'><strong>pulchra</strong></span> <span class='ocrx_word' id='word_1_570' title='bbox 3357 984 3370 1005; x_wconf 95' lang='lat'><strong>,</strong></span> <span class='ocrx_word' id='word_1_571' title='bbox 3399 945 3569 999; x_wconf 90' lang='lat' dir='ltr'><strong>unitas</strong></span> <span class='ocrx_word' id='word_1_572' title='bbox 3597 956 3679 1000; x_wconf 89' lang='lat' dir='ltr'><strong>est</strong></span> <span class='ocrx_word' id='word_1_573' title='bbox 3702 947 3755 1001; x_wconf 91' lang='lat' dir='ltr'><strong>in</strong></span> 
     </span>
    </p>
   </div>
   <div class='ocr_carea' id='block_1_70' title="bbox 2189 1020 3757 1100">
    <p class='ocr_par' dir='ltr' id='par_1_70' title="bbox 2189 1020 3757 1100">
     <span class='ocr_line' id='line_1_70' title="bbox 2189 1020 3757 1100; baseline 0.01 -23"><span class='ocrx_word' id='word_1_574' title='bbox 2189 1032 2240 1078; x_wconf 93' lang='lat' dir='ltr'><strong>te</strong></span> <span class='ocrx_word' id='word_1_575' title='bbox 2272 1041 2284 1077; x_wconf 90' lang='lat'><strong>:</strong></span> <span class='ocrx_word' id='word_1_576' title='bbox 2315 1024 2402 1079; x_wconf 92' lang='lat' dir='ltr'><strong>ubi</strong></span> <span class='ocrx_word' id='word_1_577' title='bbox 2444 1024 2664 1090; x_wconf 88' lang='lat' dir='ltr'><strong>divisio,</strong></span> <span class='ocrx_word' id='word_1_578' title='bbox 2698 1020 2902 1083; x_wconf 64' lang='lat' dir='ltr'><strong>foeditas</strong></span> <span class='ocrx_word' id='word_1_579' title='bbox 2940 1040 3053 1093; x_wconf 89' lang='lat' dir='ltr'><strong>est,</strong></span> <span class='ocrx_word' id='word_1_580' title='bbox 3084 1048 3186 1085; x_wconf 90' lang='lat' dir='ltr'><strong>non</strong></span> <span class='ocrx_word' id='word_1_581' title='bbox 3239 1035 3589 1100; x_wconf 80' lang='lat' dir='ltr'><strong>pulchritudo.</strong></span> <span class='ocrx_word' id='word_1_582' title='bbox 3634 1037 3757 1092; x_wconf 83' lang='lat' dir='ltr'><strong>Nisi</strong></span> 
     </span>
    </p>
   </div>
   <div class='ocr_carea' id='block_1_71' title="bbox 2186 1118 3752 1196">
    <p class='ocr_par' dir='ltr' id='par_1_71' title="bbox 2186 1118 3752 1196">
     <span class='ocr_line' id='line_1_71' title="bbox 2186 1118 3752 1196; baseline 0.011 -29"><span class='ocrx_word' id='word_1_583' title='bbox 2186 1118 2472 1186; x_wconf 82' lang='lat' dir='ltr'><strong>cognoveris</strong></span> <span class='ocrx_word' id='word_1_584' title='bbox 2510 1120 2835 1189; x_wconf 87' lang='lat' dir='ltr'><strong>temetipsum.</strong></span> <span class='ocrx_word' id='word_1_585' title='bbox 2873 1121 2927 1175; x_wconf 91' lang='lat' dir='ltr'><strong>ln</strong></span> <span class='ocrx_word' id='word_1_586' title='bbox 2970 1138 3055 1177; x_wconf 91' lang='lat' dir='ltr'><strong>me</strong></span> <span class='ocrx_word' id='word_1_587' title='bbox 3093 1125 3393 1190; x_wconf 88' lang='lat' dir='ltr'><strong>credidisti,</strong></span> <span class='ocrx_word' id='word_1_588' title='bbox 3427 1143 3652 1196; x_wconf 84' lang='lat' dir='ltr'><strong>agnosce</strong></span> <span class='ocrx_word' id='word_1_589' title='bbox 3680 1140 3752 1184; x_wconf 90' lang='lat' dir='ltr'><strong>te.</strong></span> 
     </span>
    </p>
   </div>
   <div class='ocr_carea' id='block_1_72' title="bbox 2189 1207 3755 1281">
    <p class='ocr_par' dir='ltr' id='par_1_72' title="bbox 2189 1207 3755 1281">
     <span class='ocr_line' id='line_1_72' title="bbox 2189 1207 3755 1281; baseline 0.009 -21"><span class='ocrx_word' id='word_1_590' title='bbox 2189 1207 2239 1260; x_wconf 90' lang='lat' dir='ltr'><strong>In</strong></span> <span class='ocrx_word' id='word_1_591' title='bbox 2262 1223 2347 1263; x_wconf 90' lang='lat' dir='ltr'><strong>me</strong></span> <span class='ocrx_word' id='word_1_592' title='bbox 2371 1209 2636 1278; x_wconf 91' lang='lat' dir='ltr'><strong>quomodo</strong></span> <span class='ocrx_word' id='word_1_593' title='bbox 2656 1211 2956 1273; x_wconf 63' lang='lat' dir='ltr'><strong>condidisti?</strong></span> <span class='ocrx_word' id='word_1_594' title='bbox 2982 1214 3255 1281; x_wconf 83' lang='lat' dir='ltr'><strong>Quomodo</strong></span> <span class='ocrx_word' id='word_1_595' title='bbox 3276 1227 3327 1272; x_wconf 91' lang='lat' dir='ltr'><strong>et</strong></span> <span class='ocrx_word' id='word_1_596' title='bbox 3348 1220 3418 1273; x_wconf 92' lang='lat' dir='ltr'><strong>illi</strong></span> <span class='ocrx_word' id='word_1_597' title='bbox 3447 1223 3568 1274; x_wconf 89' lang='lat' dir='ltr'><strong>mali</strong></span> <span class='ocrx_word' id='word_1_598' title='bbox 3596 1224 3755 1276; x_wconf 83' lang='lat' dir='ltr'><strong>soda-</strong></span> 
     </span>
    </p>
   </div>
   <div class='ocr_carea' id='block_1_73' title="bbox 2184 1295 3750 1374">
    <p class='ocr_par' dir='ltr' id='par_1_73' title="bbox 2184 1295 3750 1374">
     <span class='ocr_line' id='line_1_73' title="bbox 2184 1295 3750 1374; baseline 0.011 -25"><span class='ocrx_word' id='word_1_599' title='bbox 2184 1295 2292 1359; x_wconf 90' lang='lat' dir='ltr'><strong>les,</strong></span> <span class='ocrx_word' id='word_1_600' title='bbox 2325 1300 2659 1353; x_wconf 90' lang='lat' dir='ltr'><strong>consentiunt</strong></span> <span class='ocrx_word' id='word_1_601' title='bbox 2700 1301 2925 1356; x_wconf 84' lang='lat' dir='ltr'><strong>Verbum</strong></span> <span class='ocrx_word' id='word_1_602' title='bbox 2954 1318 3165 1358; x_wconf 87' lang='lat' dir='ltr'><strong>carnem</strong></span> <span class='ocrx_word' id='word_1_603' title='bbox 3207 1308 3431 1374; x_wconf 85' lang='lat' dir='ltr'><strong>factum,</strong></span> <span class='ocrx_word' id='word_1_604' title='bbox 3465 1320 3643 1366; x_wconf 88' lang='lat' dir='ltr'><strong>natum</strong></span> <span class='ocrx_word' id='word_1_605' title='bbox 3685 1329 3750 1367; x_wconf 83' lang='lat' dir='ltr'><strong>ex</strong></span> 
     </span>
    </p>
   </div>
   <div class='ocr_carea' id='block_1_74' title="bbox 2184 1387 3749 1461">
    <p class='ocr_par' dir='ltr' id='par_1_74' title="bbox 2184 1387 3749 1461">
     <span class='ocr_line' id='line_1_74' title="bbox 2184 1387 3749 1461; baseline 0.013 -23"><span class='ocrx_word' id='word_1_606' title='bbox 2184 1387 2384 1456; x_wconf 88' lang='lat' dir='ltr'><strong>virgine</strong></span> <span class='ocrx_word' id='word_1_607' title='bbox 2403 1430 2417 1453; x_wconf 94' lang='lat'><strong>,</strong></span> <span class='ocrx_word' id='word_1_608' title='bbox 2449 1388 2758 1443; x_wconf 78' lang='lat' dir='ltr'><strong>crucifixum</strong></span> <span class='ocrx_word' id='word_1_609' title='bbox 2780 1432 2794 1454; x_wconf 95' lang='lat'><strong>,</strong></span> <span class='ocrx_word' id='word_1_610' title='bbox 2826 1394 3207 1461; x_wconf 74' lang='lat' dir='ltr'><strong>resurrexisse,</strong></span> <span class='ocrx_word' id='word_1_611' title='bbox 3234 1398 3534 1453; x_wconf 83' lang='lat' dir='ltr'><strong>ascendisse</strong></span> <span class='ocrx_word' id='word_1_612' title='bbox 3560 1400 3612 1454; x_wconf 88' lang='lat' dir='ltr'><strong>in</strong></span> <span class='ocrx_word' id='word_1_613' title='bbox 3640 1417 3749 1457; x_wconf 76' lang='lat' dir='ltr'><strong>oce-</strong></span> 
     </span>
    </p>
   </div>
   <div class='ocr_carea' id='block_1_75' title="bbox 2182 1476 3751 1549">
    <p class='ocr_par' dir='ltr' id='par_1_75' title="bbox 2182 1476 3751 1549">
     <span class='ocr_line' id='line_1_75' title="bbox 2182 1476 3751 1549; baseline 0.009 -19"><span class='ocrx_word' id='word_1_614' title='bbox 2182 1476 2261 1530; x_wconf 91' lang='lat' dir='ltr'><strong>los</strong></span> <span class='ocrx_word' id='word_1_615' title='bbox 2286 1494 2298 1529; x_wconf 92' lang='lat'>:</span> <span class='ocrx_word' id='word_1_616' title='bbox 2326 1477 2375 1530; x_wconf 93' lang='lat' dir='ltr'><strong>in</strong></span> <span class='ocrx_word' id='word_1_617' title='bbox 2405 1478 2559 1532; x_wconf 86' lang='lat' dir='ltr'><strong>talem</strong></span> <span class='ocrx_word' id='word_1_618' title='bbox 2590 1494 2674 1533; x_wconf 90' lang='lat' dir='ltr'><strong>me</strong></span> <span class='ocrx_word' id='word_1_619' title='bbox 2698 1480 2969 1535; x_wconf 76' lang='lat' dir='ltr'><strong>credidisti</strong></span> <span class='ocrx_word' id='word_1_620' title='bbox 2994 1483 3031 1549; x_wconf 74' lang='grc'>⁵,</span> <span class='ocrx_word' id='word_1_621' title='bbox 3065 1484 3220 1539; x_wconf 88' lang='lat' dir='ltr'><strong>talem</strong></span> <span class='ocrx_word' id='word_1_622' title='bbox 3247 1495 3299 1539; x_wconf 91' lang='lat' dir='ltr'><strong>et</strong></span> <span class='ocrx_word' id='word_1_623' title='bbox 3320 1486 3392 1540; x_wconf 92' lang='lat' dir='ltr'><strong>illi</strong></span> <span class='ocrx_word' id='word_1_624' title='bbox 3418 1498 3625 1543; x_wconf 90' lang='lat' dir='ltr'><strong>sonant.</strong></span> <span class='ocrx_word' id='word_1_625' title='bbox 3656 1489 3751 1545; x_wconf 87' lang='lat' dir='ltr'><strong>Co-</strong></span> 
     </span>
    </p>
   </div>
   <div class='ocr_carea' id='block_1_76' title="bbox 2180 1570 3747 1636">
    <p class='ocr_par' dir='ltr' id='par_1_76' title="bbox 2180 1570 3747 1636">
     <span class='ocr_line' id='line_1_76' title="bbox 2180 1570 3747 1636; baseline 0.009 -17"><span class='ocrx_word' id='word_1_626' title='bbox 2180 1580 2377 1634; x_wconf 89' lang='lat' dir='ltr'><strong>gnosce</strong></span> <span class='ocrx_word' id='word_1_627' title='bbox 2396 1575 2446 1621; x_wconf 90' lang='lat' dir='ltr'><strong>te</strong></span> <span class='ocrx_word' id='word_1_628' title='bbox 2466 1576 2519 1621; x_wconf 93' lang='lat' dir='ltr'><strong>et</strong></span> <span class='ocrx_word' id='word_1_629' title='bbox 2541 1583 2655 1633; x_wconf 87' lang='lat' dir='ltr'><strong>tne;</strong></span> <span class='ocrx_word' id='word_1_630' title='bbox 2685 1584 2770 1623; x_wconf 90' lang='lat' dir='ltr'><strong>me</strong></span> <span class='ocrx_word' id='word_1_631' title='bbox 2795 1570 2845 1623; x_wconf 91' lang='lat' dir='ltr'><strong>in</strong></span> <span class='ocrx_word' id='word_1_632' title='bbox 2864 1571 3016 1636; x_wconf 65' lang='lat' dir='ltr'><strong>cosio,</strong></span> <span class='ocrx_word' id='word_1_633' title='bbox 3038 1582 3089 1627; x_wconf 88' lang='lat' dir='ltr'><strong>te</strong></span> <span class='ocrx_word' id='word_1_634' title='bbox 3111 1574 3162 1627; x_wconf 92' lang='lat' dir='ltr'><strong>in</strong></span> <span class='ocrx_word' id='word_1_635' title='bbox 3190 1583 3298 1630; x_wconf 88' lang='lat' dir='ltr'><strong>toto</strong></span> <span class='ocrx_word' id='word_1_636' title='bbox 3318 1577 3445 1631; x_wconf 88' lang='lat' dir='ltr'><strong>orbe</strong></span> <span class='ocrx_word' id='word_1_637' title='bbox 3465 1586 3747 1633; x_wconf 84' lang='lat' dir='ltr'><strong>terrarum.</strong></span> 
     </span>
    </p>
   </div>
   <div class='ocr_carea' id='block_1_77' title="bbox 2181 1654 3747 1733">
    <p class='ocr_par' dir='ltr' id='par_1_77' title="bbox 2181 1654 3747 1733">
     <span class='ocr_line' id='line_1_77' title="bbox 2181 1654 3747 1733; baseline 0.006 -21"><span class='ocrx_word' id='word_1_638' title='bbox 2181 1654 2354 1712; x_wconf 86' lang='lat' dir='ltr'><strong>Unum</strong></span> <span class='ocrx_word' id='word_1_639' title='bbox 2411 1658 2698 1727; x_wconf 90' lang='lat' dir='ltr'><strong>quemlibet</strong></span> <span class='ocrx_word' id='word_1_640' title='bbox 2749 1674 2813 1714; x_wconf 82' lang='lat' dir='ltr'><strong>ex</strong></span> <span class='ocrx_word' id='word_1_641' title='bbox 2867 1662 3098 1716; x_wconf 83' lang='lat' dir='ltr'><strong>Ecclesia</strong></span> <span class='ocrx_word' id='word_1_642' title='bbox 3156 1673 3401 1733; x_wconf 88' lang='lat' dir='ltr'><strong>tanquam</strong></span> <span class='ocrx_word' id='word_1_643' title='bbox 3454 1666 3747 1722; x_wconf 87' lang='lat' dir='ltr'><strong>Ecclesiam</strong></span> 
     </span>
    </p>
   </div>
   <div class='ocr_carea' id='block_1_78' title="bbox 2179 1746 3750 1826">
    <p class='ocr_par' dir='ltr' id='par_1_78' title="bbox 2179 1746 3750 1826">
     <span class='ocr_line' id='line_1_78' title="bbox 2179 1746 3750 1826; baseline 0.007 -25"><span class='ocrx_word' id='word_1_644' title='bbox 2179 1746 2420 1801; x_wconf 87' lang='lat' dir='ltr'><strong>Christus</strong></span> <span class='ocrx_word' id='word_1_645' title='bbox 2462 1748 2769 1816; x_wconf 89' lang='lat' dir='ltr'><strong>alloquitur.</strong></span> <span class='ocrx_word' id='word_1_646' title='bbox 2802 1750 2929 1803; x_wconf 89' lang='lat' dir='ltr'><strong>Nam</strong></span> <span class='ocrx_word' id='word_1_647' title='bbox 2980 1753 3246 1820; x_wconf 87' lang='lat' dir='ltr'><strong>quomodo</strong></span> <span class='ocrx_word' id='word_1_648' title='bbox 3291 1754 3523 1809; x_wconf 86' lang='lat' dir='ltr'><strong>Ecclesia</strong></span> <span class='ocrx_word' id='word_1_649' title='bbox 3554 1759 3750 1826; x_wconf 78' lang='lat' dir='ltr'><strong>quzerit</strong></span> 
     </span>
    </p>
   </div>
   <div class='ocr_carea' id='block_1_79' title="bbox 2180 1836 3745 1915">
    <p class='ocr_par' dir='ltr' id='par_1_79' title="bbox 2180 1836 3745 1915">
     <span class='ocr_line' id='line_1_79' title="bbox 2180 1836 3745 1915; baseline 0.006 -23"><span class='ocrx_word' id='word_1_650' title='bbox 2180 1836 2510 1893; x_wconf 85' lang='lat' dir='ltr'><strong>Ecclesiam?</strong></span> <span class='ocrx_word' id='word_1_651' title='bbox 2541 1838 2842 1894; x_wconf 92' lang='lat' dir='ltr'><strong>Secundum</strong></span> <span class='ocrx_word' id='word_1_652' title='bbox 2889 1842 3030 1911; x_wconf 91' lang='lat' dir='ltr'><strong>ipsos</strong></span> <span class='ocrx_word' id='word_1_653' title='bbox 3056 1843 3263 1913; x_wconf 89' lang='lat' dir='ltr'><strong>loquor.</strong></span> <span class='ocrx_word' id='word_1_654' title='bbox 3304 1845 3559 1900; x_wconf 80' lang='lat' dir='ltr'><strong>Annuntia</strong></span> <span class='ocrx_word' id='word_1_655' title='bbox 3580 1849 3745 1915; x_wconf 84' lang='lat' dir='ltr'><strong>mihi,</strong></span> 
     </span>
    </p>
   </div>
   <div class='ocr_carea' id='block_1_80' title="bbox 2177 1928 3748 2005">
    <p class='ocr_par' dir='ltr' id='par_1_80' title="bbox 2177 1928 3748 2005">
     <span class='ocr_line' id='line_1_80' title="bbox 2177 1928 3748 2005; baseline 0.009 -26"><span class='ocrx_word' id='word_1_656' title='bbox 2177 1943 2323 1993; x_wconf 87' lang='lat' dir='ltr'><strong>quem</strong></span> <span class='ocrx_word' id='word_1_657' title='bbox 2352 1928 2527 1981; x_wconf 74' lang='lat' dir='ltr'><strong>dilexit</strong></span> <span class='ocrx_word' id='word_1_658' title='bbox 2567 1930 2736 1982; x_wconf 89' lang='lat' dir='ltr'><strong>anima</strong></span> <span class='ocrx_word' id='word_1_659' title='bbox 2762 1947 2870 1983; x_wconf 88' lang='lat' dir='ltr'><strong>mea</strong></span> <span class='ocrx_word' id='word_1_660' title='bbox 2888 1971 2903 1995; x_wconf 93' lang='lat'><strong>,</strong></span> <span class='ocrx_word' id='word_1_661' title='bbox 2934 1933 3017 1985; x_wconf 86' lang='lat' dir='ltr'><strong>ubi</strong></span> <span class='ocrx_word' id='word_1_662' title='bbox 3063 1934 3252 2001; x_wconf 88' lang='lat' dir='ltr'><strong>pascis,</strong></span> <span class='ocrx_word' id='word_1_663' title='bbox 3285 1934 3370 1988; x_wconf 89' lang='lat' dir='ltr'><strong>ubi</strong></span> <span class='ocrx_word' id='word_1_664' title='bbox 3405 1936 3575 1991; x_wconf 85' lang='lat' dir='ltr'><strong>cubas.</strong></span> <span class='ocrx_word' id='word_1_665' title='bbox 3605 1938 3748 2005; x_wconf 85' lang='lat' dir='ltr'><strong>Quid</strong></span> 
     </span>
    </p>
   </div>
   <div class='ocr_carea' id='block_1_81' title="bbox 2178 2017 3747 2092">
    <p class='ocr_par' dir='ltr' id='par_1_81' title="bbox 2178 2017 3747 2092">
     <span class='ocr_line' id='line_1_81' title="bbox 2178 2017 3747 2092; baseline 0.01 -23"><span class='ocrx_word' id='word_1_666' title='bbox 2178 2017 2401 2086; x_wconf 78' lang='lat' dir='ltr'><strong>quzerlt?</strong></span> <span class='ocrx_word' id='word_1_667' title='bbox 2430 2019 2738 2074; x_wconf 88' lang='lat' dir='ltr'><strong>Ecclesiam.</strong></span> <span class='ocrx_word' id='word_1_668' title='bbox 2768 2022 2831 2075; x_wconf 88' lang='lat' dir='ltr'><strong>Et</strong></span> <span class='ocrx_word' id='word_1_669' title='bbox 2862 2017 2949 2075; x_wconf 86' lang='lat' dir='ltr'><strong>ille</strong></span> <span class='ocrx_word' id='word_1_670' title='bbox 2981 2030 3224 2092; x_wconf 87' lang='lat' dir='ltr'><strong>tanquam</strong></span> <span class='ocrx_word' id='word_1_671' title='bbox 3248 2026 3529 2082; x_wconf 89' lang='lat' dir='ltr'><strong>ostendens</strong></span> <span class='ocrx_word' id='word_1_672' title='bbox 3551 2028 3747 2084; x_wconf 85' lang='lat' dir='ltr'><strong>Eccle-</strong></span> 
     </span>
    </p>
   </div>
   <div class='ocr_carea' id='block_1_82' title="bbox 2178 2106 3746 2186">
    <p class='ocr_par' dir='ltr' id='par_1_82' title="bbox 2178 2106 3746 2186">
     <span class='ocr_line' id='line_1_82' title="bbox 2178 2106 3746 2186; baseline 0.008 -25"><span class='ocrx_word' id='word_1_673' title='bbox 2178 2108 2308 2161; x_wconf 87' lang='lat' dir='ltr'><strong>siam</strong></span> <span class='ocrx_word' id='word_1_674' title='bbox 2329 2106 2483 2175; x_wconf 90' lang='lat' dir='ltr'><strong>dicit,</strong></span> <span class='ocrx_word' id='word_1_675' title='bbox 2507 2107 2574 2162; x_wconf 80' lang='lat' dir='ltr'><strong>In</strong></span> <span class='ocrx_word' id='word_1_676' title='bbox 2598 2111 2802 2164; x_wconf 87' lang='lat' dir='ltr'><strong>meridie</strong></span> <span class='ocrx_word' id='word_1_677' title='bbox 2824 2128 2843 2164; x_wconf 90' lang='lat'><strong><em>:</em></strong></span> <span class='ocrx_word' id='word_1_678' title='bbox 2864 2111 2997 2165; x_wconf 88' lang='lat' dir='ltr'><strong>sicut</strong></span> <span class='ocrx_word' id='word_1_679' title='bbox 3035 2112 3109 2166; x_wconf 90' lang='lat' dir='ltr'><strong>illi</strong></span> <span class='ocrx_word' id='word_1_680' title='bbox 3137 2114 3337 2168; x_wconf 90' lang='lat' dir='ltr'><strong>volunt.</strong></span> <span class='ocrx_word' id='word_1_681' title='bbox 3365 2116 3746 2186; x_wconf 84' lang='lat' dir='ltr'><strong>Respondcant</strong></span> 
     </span>
    </p>
   </div>
   <div class='ocr_carea' id='block_1_83' title="bbox 2176 2196 3747 2270">
    <p class='ocr_par' dir='ltr' id='par_1_83' title="bbox 2176 2196 3747 2270">
     <span class='ocr_line' id='line_1_83' title="bbox 2176 2196 3747 2270; baseline 0.008 -21"><span class='ocrx_word' id='word_1_682' title='bbox 2176 2196 2304 2250; x_wconf 88' lang='lat' dir='ltr'><strong>mihi</strong></span> <span class='ocrx_word' id='word_1_683' title='bbox 2324 2239 2339 2264; x_wconf 92' lang='lat'><strong>,</strong></span> <span class='ocrx_word' id='word_1_684' title='bbox 2368 2197 2633 2267; x_wconf 90' lang='lat' dir='ltr'><strong>quomodo</strong></span> <span class='ocrx_word' id='word_1_685' title='bbox 2662 2199 2896 2255; x_wconf 89' lang='lat' dir='ltr'><strong>Ecclesia</strong></span> <span class='ocrx_word' id='word_1_686' title='bbox 2925 2211 3124 2270; x_wconf 83' lang='lat' dir='ltr'><strong>quaerat</strong></span> <span class='ocrx_word' id='word_1_687' title='bbox 3149 2202 3460 2259; x_wconf 89' lang='lat' dir='ltr'><strong>Ecclesiam.</strong></span> <span class='ocrx_word' id='word_1_688' title='bbox 3485 2207 3747 2261; x_wconf 81' lang='lat' dir='ltr'><strong>Annuntia</strong></span> 
     </span>
    </p>
   </div>
   <div class='ocr_carea' id='block_1_84' title="bbox 2174 2287 3743 2362">
    <p class='ocr_par' dir='ltr' id='par_1_84' title="bbox 2174 2287 3743 2362">
     <span class='ocr_line' id='line_1_84' title="bbox 2174 2287 3743 2362; baseline 0.008 -22"><span class='ocrx_word' id='word_1_689' title='bbox 2174 2287 2299 2340; x_wconf 79' lang='lat' dir='ltr'><strong>milii</strong></span> <span class='ocrx_word' id='word_1_690' title='bbox 2313 2329 2326 2352; x_wconf 94' lang='lat'><strong>,</strong></span> <span class='ocrx_word' id='word_1_691' title='bbox 2349 2305 2493 2358; x_wconf 90' lang='lat' dir='ltr'><strong>quem</strong></span> <span class='ocrx_word' id='word_1_692' title='bbox 2513 2290 2685 2343; x_wconf 71' lang='lat' dir='ltr'><strong>dilexit</strong></span> <span class='ocrx_word' id='word_1_693' title='bbox 2704 2292 2873 2344; x_wconf 87' lang='lat' dir='ltr'><strong>anima</strong></span> <span class='ocrx_word' id='word_1_694' title='bbox 2892 2309 3018 2345; x_wconf 89' lang='lat' dir='ltr'><strong>mea.</strong></span> <span class='ocrx_word' id='word_1_695' title='bbox 3038 2294 3164 2360; x_wconf 72' lang='lat' dir='ltr'><strong>Qum</strong></span> <span class='ocrx_word' id='word_1_696' title='bbox 3186 2293 3450 2362; x_wconf 84' lang='lat' dir='ltr'><strong>loquitur?</strong></span> <span class='ocrx_word' id='word_1_697' title='bbox 3481 2297 3743 2353; x_wconf 81' lang='lat' dir='ltr'><strong>Ecclesia.</strong></span> 
     </span>
    </p>
   </div>
   <div class='ocr_carea' id='block_1_85' title="bbox 2175 2377 3745 2453">
    <p class='ocr_par' dir='ltr' id='par_1_85' title="bbox 2175 2377 3745 2453">
     <span class='ocr_line' id='line_1_85' title="bbox 2175 2377 3745 2453; baseline 0.008 -23"><span class='ocrx_word' id='word_1_698' title='bbox 2175 2377 2309 2444; x_wconf 85' lang='lat' dir='ltr'><strong>Quid</strong></span> <span class='ocrx_word' id='word_1_699' title='bbox 2347 2379 2446 2434; x_wconf 89' lang='lat' dir='ltr'><strong>sibi</strong></span> <span class='ocrx_word' id='word_1_700' title='bbox 2475 2380 2582 2433; x_wconf 93' lang='lat' dir='ltr'><strong>vult</strong></span> <span class='ocrx_word' id='word_1_701' title='bbox 2628 2382 2967 2437; x_wconf 85' lang='lat' dir='ltr'><strong>annuntiari?</strong></span> <span class='ocrx_word' id='word_1_702' title='bbox 2994 2382 3094 2437; x_wconf 85' lang='lat' dir='ltr'><strong>Ubi</strong></span> <span class='ocrx_word' id='word_1_703' title='bbox 3116 2385 3329 2453; x_wconf 79' lang='lat' dir='ltr'><strong>pascis,</strong></span> <span class='ocrx_word' id='word_1_704' title='bbox 3361 2387 3444 2439; x_wconf 87' lang='lat' dir='ltr'><strong>ubi</strong></span> <span class='ocrx_word' id='word_1_705' title='bbox 3476 2386 3655 2453; x_wconf 85' lang='lat' dir='ltr'><strong>cubas,</strong></span> <span class='ocrx_word' id='word_1_706' title='bbox 3688 2388 3745 2442; x_wconf 87' lang='lat' dir='ltr'><strong>id</strong></span> 
     </span>
    </p>
   </div>
   <div class='ocr_carea' id='block_1_86' title="bbox 2175 2470 3743 2548">
    <p class='ocr_par' dir='ltr' id='par_1_86' title="bbox 2175 2470 3743 2548">
     <span class='ocr_line' id='line_1_86' title="bbox 2175 2470 3743 2548; baseline 0.006 -25"><span class='ocrx_word' id='word_1_707' title='bbox 2175 2479 2254 2523; x_wconf 85' lang='lat' dir='ltr'><strong>est</strong></span> <span class='ocrx_word' id='word_1_708' title='bbox 2274 2510 2288 2533; x_wconf 93' lang='lat'><strong>,</strong></span> <span class='ocrx_word' id='word_1_709' title='bbox 2320 2470 2407 2524; x_wconf 92' lang='lat' dir='ltr'><strong>ubi</strong></span> <span class='ocrx_word' id='word_1_710' title='bbox 2448 2472 2516 2525; x_wconf 87' lang='lat' dir='ltr'><strong>sit</strong></span> <span class='ocrx_word' id='word_1_711' title='bbox 2555 2471 2809 2526; x_wconf 88' lang='lat' dir='ltr'><strong>Ecclesia.</strong></span> <span class='ocrx_word' id='word_1_712' title='bbox 2838 2473 3070 2528; x_wconf 90' lang='lat' dir='ltr'><strong>Ecclesia</strong></span> <span class='ocrx_word' id='word_1_713' title='bbox 3099 2474 3345 2545; x_wconf 91' lang='lat' dir='ltr'><strong>loquitur,</strong></span> <span class='ocrx_word' id='word_1_714' title='bbox 3375 2486 3429 2530; x_wconf 90' lang='lat' dir='ltr'><strong>et</strong></span> <span class='ocrx_word' id='word_1_715' title='bbox 3452 2478 3743 2548; x_wconf 81' lang='lat' dir='ltr'><strong>interrogat</strong></span> 
     </span>
    </p>
   </div>
   <div class='ocr_carea' id='block_1_87' title="bbox 2174 2560 3747 2634">
    <p class='ocr_par' dir='ltr' id='par_1_87' title="bbox 2174 2560 3747 2634">
     <span class='ocr_line' id='line_1_87' title="bbox 2174 2560 3747 2634; baseline 0.005 -22"><span class='ocrx_word' id='word_1_716' title='bbox 2174 2560 2263 2613; x_wconf 87' lang='lat' dir='ltr'><strong>ubi</strong></span> <span class='ocrx_word' id='word_1_717' title='bbox 2289 2561 2357 2614; x_wconf 91' lang='lat' dir='ltr'><strong>sit</strong></span> <span class='ocrx_word' id='word_1_718' title='bbox 2381 2560 2615 2616; x_wconf 86' lang='lat' dir='ltr'><strong>Ecclesia</strong></span> <span class='ocrx_word' id='word_1_719' title='bbox 2642 2579 2653 2614; x_wconf 94' lang='lat'><strong>:</strong></span> <span class='ocrx_word' id='word_1_720' title='bbox 2678 2571 2731 2616; x_wconf 90' lang='lat' dir='ltr'><strong>et</strong></span> <span class='ocrx_word' id='word_1_721' title='bbox 2756 2563 3041 2632; x_wconf 90' lang='lat' dir='ltr'><strong>respondet</strong></span> <span class='ocrx_word' id='word_1_722' title='bbox 3069 2564 3183 2630; x_wconf 90' lang='lat' dir='ltr'><strong>ille,</strong></span> <span class='ocrx_word' id='word_1_723' title='bbox 3211 2575 3268 2619; x_wconf 91' lang='lat' dir='ltr'><strong>ut</strong></span> <span class='ocrx_word' id='word_1_724' title='bbox 3297 2575 3511 2634; x_wconf 83' lang='lat' dir='ltr'><strong>putant,</strong></span> <span class='ocrx_word' id='word_1_725' title='bbox 3542 2566 3608 2619; x_wconf 86' lang='lat' dir='ltr'><strong>In</strong></span> <span class='ocrx_word' id='word_1_726' title='bbox 3637 2585 3747 2622; x_wconf 58' lang='lat' dir='ltr'><strong>me.</strong></span> 
     </span>
    </p>
   </div>
   <div class='ocr_carea' id='block_1_88' title="bbox 2174 2653 3742 2726">
    <p class='ocr_par' dir='ltr' id='par_1_88' title="bbox 2174 2653 3742 2726">
     <span class='ocr_line' id='line_1_88' title="bbox 2174 2653 3742 2726; baseline 0.004 -19"><span class='ocrx_word' id='word_1_727' title='bbox 2174 2654 2318 2709; x_wconf 87' lang='lat' dir='ltr'><strong>ridie.</strong></span> <span class='ocrx_word' id='word_1_728' title='bbox 2359 2653 2412 2709; x_wconf 89' lang='lat' dir='ltr'><strong>Si</strong></span> <span class='ocrx_word' id='word_1_729' title='bbox 2460 2656 2511 2708; x_wconf 91' lang='lat' dir='ltr'><strong>in</strong></span> <span class='ocrx_word' id='word_1_730' title='bbox 2542 2655 2665 2710; x_wconf 86' lang='lat' dir='ltr'><strong>solo</strong></span> <span class='ocrx_word' id='word_1_731' title='bbox 2700 2656 2919 2710; x_wconf 86' lang='lat' dir='ltr'><strong>meridie</strong></span> <span class='ocrx_word' id='word_1_732' title='bbox 2958 2665 3073 2723; x_wconf 91' lang='lat' dir='ltr'><strong>est,</strong></span> <span class='ocrx_word' id='word_1_733' title='bbox 3105 2666 3161 2711; x_wconf 92' lang='lat' dir='ltr'><strong>ut</strong></span> <span class='ocrx_word' id='word_1_734' title='bbox 3188 2658 3401 2724; x_wconf 89' lang='lat' dir='ltr'><strong>dicunt,</strong></span> <span class='ocrx_word' id='word_1_735' title='bbox 3431 2659 3483 2712; x_wconf 90' lang='lat' dir='ltr'><strong>in</strong></span> <span class='ocrx_word' id='word_1_736' title='bbox 3524 2659 3742 2726; x_wconf 83' lang='lat' dir='ltr'><strong>Africa;</strong></span> 
     </span>
    </p>
   </div>
   <div class='ocr_carea' id='block_1_89' title="bbox 2173 2745 3749 2819">
    <p class='ocr_par' dir='ltr' id='par_1_89' title="bbox 2173 2745 3749 2819">
     <span class='ocr_line' id='line_1_89' title="bbox 2173 2745 3749 2819; baseline 0.003 -21"><span class='ocrx_word' id='word_1_737' title='bbox 2173 2745 2440 2815; x_wconf 87' lang='lat' dir='ltr'><strong>quomodo</strong></span> <span class='ocrx_word' id='word_1_738' title='bbox 2461 2747 2572 2816; x_wconf 88' lang='lat' dir='ltr'><strong>ipsa</strong></span> <span class='ocrx_word' id='word_1_739' title='bbox 2603 2746 2890 2817; x_wconf 88' lang='lat' dir='ltr'><strong>interrogat</strong></span> <span class='ocrx_word' id='word_1_740' title='bbox 2916 2746 3007 2801; x_wconf 92' lang='lat' dir='ltr'><strong>ubi</strong></span> <span class='ocrx_word' id='word_1_741' title='bbox 3040 2748 3150 2817; x_wconf 89' lang='lat' dir='ltr'><strong>ipsa</strong></span> <span class='ocrx_word' id='word_1_742' title='bbox 3176 2748 3281 2802; x_wconf 87' lang='lat' dir='ltr'><strong>sit?</strong></span> <span class='ocrx_word' id='word_1_743' title='bbox 3311 2749 3390 2802; x_wconf 84' lang='lat' dir='ltr'><strong>An</strong></span> <span class='ocrx_word' id='word_1_744' title='bbox 3414 2764 3540 2803; x_wconf 89' lang='lat' dir='ltr'><strong>vero</strong></span> <span class='ocrx_word' id='word_1_745' title='bbox 3567 2751 3749 2819; x_wconf 86' lang='lat' dir='ltr'><strong>portio</strong></span> 
     </span>
    </p>
   </div>
   <div class='ocr_carea' id='block_1_90' title="bbox 2174 2835 3747 2908">
    <p class='ocr_par' dir='ltr' id='par_1_90' title="bbox 2174 2835 3747 2908">
     <span class='ocr_line' id='line_1_90' title="bbox 2174 2835 3747 2908; baseline 0.004 -19"><span class='ocrx_word' id='word_1_746' title='bbox 2174 2835 2423 2890; x_wconf 76' lang='lat' dir='ltr'><strong>Ecclesia:</strong></span> <span class='ocrx_word' id='word_1_747' title='bbox 2444 2837 2807 2890; x_wconf 80' lang='lat' dir='ltr'><strong>transmarina:</strong></span> <span class='ocrx_word' id='word_1_748' title='bbox 2833 2837 2967 2892; x_wconf 89' lang='lat' dir='ltr'><strong>bene</strong></span> <span class='ocrx_word' id='word_1_749' title='bbox 2992 2837 3280 2908; x_wconf 84' lang='lat' dir='ltr'><strong>interrogat</strong></span> <span class='ocrx_word' id='word_1_750' title='bbox 3305 2838 3370 2893; x_wconf 90' lang='lat' dir='ltr'><strong>de</strong></span> <span class='ocrx_word' id='word_1_751' title='bbox 3395 2839 3614 2894; x_wconf 86' lang='lat' dir='ltr'><strong>meridie</strong></span> <span class='ocrx_word' id='word_1_752' title='bbox 3630 2876 3645 2904; x_wconf 87' lang='lat'><strong>,</strong></span> <span class='ocrx_word' id='word_1_753' title='bbox 3675 2855 3747 2895; x_wconf 82' lang='lat' dir='ltr'><strong>ne</strong></span> 
     </span>
    </p>
   </div>
   <div class='ocr_carea' id='block_1_91' title="bbox 2174 2925 3748 2999">
    <p class='ocr_par' dir='ltr' id='par_1_91' title="bbox 2174 2925 3748 2999">
     <span class='ocr_line' id='line_1_91' title="bbox 2174 2925 3748 2999; baseline 0.004 -20"><span class='ocrx_word' id='word_1_754' title='bbox 2174 2925 2260 2981; x_wconf 90' lang='lat' dir='ltr'><strong>hic</strong></span> <span class='ocrx_word' id='word_1_755' title='bbox 2283 2926 2458 2981; x_wconf 87' lang='lat' dir='ltr'><strong>erret?</strong></span> <span class='ocrx_word' id='word_1_756' title='bbox 2484 2927 2782 2996; x_wconf 88' lang='lat' dir='ltr'><strong>Alloquitur</strong></span> <span class='ocrx_word' id='word_1_757' title='bbox 2817 2928 3230 2999; x_wconf 89' lang='lat' dir='ltr'><strong>unumquodque</strong></span> <span class='ocrx_word' id='word_1_758' title='bbox 3256 2931 3612 2985; x_wconf 88' lang='lat' dir='ltr'><strong>membrorum</strong></span> <span class='ocrx_word' id='word_1_759' title='bbox 3640 2931 3748 2986; x_wconf 85' lang='lat' dir='ltr'><strong>Ec-</strong></span> 
     </span>
    </p>
   </div>
   <div class='ocr_carea' id='block_1_92' title="bbox 2170 3018 3748 3088">
    <p class='ocr_par' dir='ltr' id='par_1_92' title="bbox 2170 3018 3748 3088">
     <span class='ocr_line' id='line_1_92' title="bbox 2170 3018 3748 3088; baseline 0.004 -17"><span class='ocrx_word' id='word_1_760' title='bbox 2170 3018 2346 3072; x_wconf 79' lang='lat' dir='ltr'><strong>clesia:</strong></span> <span class='ocrx_word' id='word_1_761' title='bbox 2384 3032 2493 3072; x_wconf 75' lang='lat' dir='ltr'><strong>sua:</strong></span> <span class='ocrx_word' id='word_1_762' title='bbox 2537 3018 2816 3083; x_wconf 87' lang='lat' dir='ltr'><strong>Christus,</strong></span> <span class='ocrx_word' id='word_1_763' title='bbox 2850 3028 3095 3088; x_wconf 89' lang='lat' dir='ltr'><strong>tanquam</strong></span> <span class='ocrx_word' id='word_1_764' title='bbox 3144 3035 3292 3075; x_wconf 89' lang='lat' dir='ltr'><strong>suam</strong></span> <span class='ocrx_word' id='word_1_765' title='bbox 3336 3022 3657 3088; x_wconf 78' lang='lat' dir='ltr'><strong>Ecclesiam.</strong></span> <span class='ocrx_word' id='word_1_766' title='bbox 3686 3032 3748 3078; x_wconf 79' lang='lat' dir='ltr'><strong>et</strong></span> 
     </span>
    </p>
   </div>
   <div class='ocr_carea' id='block_1_93' title="bbox 2170 3108 3745 3182">
    <p class='ocr_par' dir='ltr' id='par_1_93' title="bbox 2170 3108 3745 3182">
     <span class='ocr_line' id='line_1_93' title="bbox 2170 3108 3745 3182; baseline 0.003 -20"><span class='ocrx_word' id='word_1_767' title='bbox 2170 3108 2328 3174; x_wconf 88' lang='lat' dir='ltr'><strong>dicit,</strong></span> <span class='ocrx_word' id='word_1_768' title='bbox 2357 3108 2475 3163; x_wconf 87' lang='lat' dir='ltr'><strong>Nisi</strong></span> <span class='ocrx_word' id='word_1_769' title='bbox 2511 3109 2793 3177; x_wconf 87' lang='lat' dir='ltr'><strong>cognoveris</strong></span> <span class='ocrx_word' id='word_1_770' title='bbox 2816 3110 3125 3178; x_wconf 87' lang='lat' dir='ltr'><strong>temetipsum</strong></span> <span class='ocrx_word' id='word_1_771' title='bbox 3146 3152 3159 3176; x_wconf 94' lang='lat'><strong>,</strong></span> <span class='ocrx_word' id='word_1_772' title='bbox 3185 3130 3214 3165; x_wconf 91' lang='grc' dir='ltr'><strong>ο</strong></span> <span class='ocrx_word' id='word_1_773' title='bbox 3235 3112 3444 3182; x_wconf 82' lang='lat' dir='ltr'><strong>pulchra</strong></span> <span class='ocrx_word' id='word_1_774' title='bbox 3467 3113 3596 3167; x_wconf 87' lang='lat' dir='ltr'><strong>inter</strong></span> <span class='ocrx_word' id='word_1_775' title='bbox 3620 3130 3745 3167; x_wconf 82' lang='lat' dir='ltr'><strong>mu-</strong></span> 
     </span>
    </p>
   </div>
   <div class='ocr_carea' id='block_1_94' title="bbox 2170 3197 3739 3273">
    <p class='ocr_par' dir='ltr' id='par_1_94' title="bbox 2170 3197 3739 3273">
     <span class='ocr_line' id='line_1_94' title="bbox 2170 3197 3739 3273; baseline 0.004 -21"><span class='ocrx_word' id='word_1_776' title='bbox 2170 3197 2339 3264; x_wconf 88' lang='lat' dir='ltr'><strong>lieres,</strong></span> <span class='ocrx_word' id='word_1_777' title='bbox 2364 3201 2462 3253; x_wconf 76' lang='lat' dir='ltr'><strong>exi.</strong></span> <span class='ocrx_word' id='word_1_778' title='bbox 2491 3199 2651 3253; x_wconf 75' lang='lat' dir='ltr'><strong>Exire</strong></span> <span class='ocrx_word' id='word_1_779' title='bbox 2671 3241 2686 3265; x_wconf 96' lang='lat'><strong>,</strong></span> <span class='ocrx_word' id='word_1_780' title='bbox 2715 3199 3081 3254; x_wconf 72' lang='lat' dir='ltr'><strong>hzereticorum</strong></span> <span class='ocrx_word' id='word_1_781' title='bbox 3107 3210 3206 3256; x_wconf 88' lang='lat' dir='ltr'><strong>est.</strong></span> <span class='ocrx_word' id='word_1_782' title='bbox 3234 3202 3339 3256; x_wconf 84' lang='lat' dir='ltr'><strong>Aut</strong></span> <span class='ocrx_word' id='word_1_783' title='bbox 3361 3218 3618 3273; x_wconf 87' lang='lat' dir='ltr'><strong>cognosce</strong></span> <span class='ocrx_word' id='word_1_784' title='bbox 3650 3212 3739 3270; x_wconf 87' lang='lat' dir='ltr'><strong>te,</strong></span> 
     </span>
    </p>
   </div>
   <div class='ocr_carea' id='block_1_95' title="bbox 2168 3290 3742 3363">
    <p class='ocr_par' dir='ltr' id='par_1_95' title="bbox 2168 3290 3742 3363">
     <span class='ocr_line' id='line_1_95' title="bbox 2168 3290 3742 3363; baseline 0.003 -20"><span class='ocrx_word' id='word_1_785' title='bbox 2168 3301 2259 3344; x_wconf 89' lang='lat' dir='ltr'><strong>aut</strong></span> <span class='ocrx_word' id='word_1_786' title='bbox 2282 3290 2367 3344; x_wconf 83' lang='lat' dir='ltr'><strong>exi</strong></span> <span class='ocrx_word' id='word_1_787' title='bbox 2391 3308 2403 3344; x_wconf 90' lang='lat'>:</span> <span class='ocrx_word' id='word_1_788' title='bbox 2427 3291 2548 3360; x_wconf 91' lang='lat' dir='ltr'><strong>quia</strong></span> <span class='ocrx_word' id='word_1_789' title='bbox 2574 3292 2618 3345; x_wconf 89' lang='lat' dir='ltr'><strong>si</strong></span> <span class='ocrx_word' id='word_1_790' title='bbox 2644 3300 2694 3345; x_wconf 90' lang='lat' dir='ltr'><strong>te</strong></span> <span class='ocrx_word' id='word_1_791' title='bbox 2720 3307 2824 3346; x_wconf 90' lang='lat' dir='ltr'><strong>non</strong></span> <span class='ocrx_word' id='word_1_792' title='bbox 2845 3293 3175 3363; x_wconf 89' lang='lat' dir='ltr'><strong>cognoveris,</strong></span> <span class='ocrx_word' id='word_1_793' title='bbox 3200 3296 3398 3348; x_wconf 80' lang='lat' dir='ltr'><strong>exitura</strong></span> <span class='ocrx_word' id='word_1_794' title='bbox 3419 3310 3494 3349; x_wconf 90' lang='lat' dir='ltr'><strong>es.</strong></span> <span class='ocrx_word' id='word_1_795' title='bbox 3522 3296 3742 3349; x_wconf 78' lang='lat' dir='ltr'><strong>Exitura</strong></span> 
     </span>
    </p>
   </div>
   <div class='ocr_carea' id='block_1_96' title="bbox 2166 3378 3732 3454">
    <p class='ocr_par' dir='ltr' id='par_1_96' title="bbox 2166 3378 3732 3454">
     <span class='ocr_line' id='line_1_96' title="bbox 2166 3378 3732 3454; baseline 0.004 -21"><span class='ocrx_word' id='word_1_796' title='bbox 2166 3380 2309 3449; x_wconf 75' lang='lat' dir='ltr'><strong>quo?</strong></span> <span class='ocrx_word' id='word_1_797' title='bbox 2331 3378 2398 3433; x_wconf 80' lang='lat' dir='ltr'><strong>In</strong></span> <span class='ocrx_word' id='word_1_798' title='bbox 2418 3381 2636 3452; x_wconf 83' lang='lat' dir='ltr'><strong>vestigiis</strong></span> <span class='ocrx_word' id='word_1_799' title='bbox 2662 3398 2903 3452; x_wconf 88' lang='lat' dir='ltr'><strong>gregum:</strong></span> <span class='ocrx_word' id='word_1_800' title='bbox 2933 3383 3200 3453; x_wconf 76' lang='lat' dir='ltr'><strong>seq-uendo</strong></span> <span class='ocrx_word' id='word_1_801' title='bbox 3224 3384 3388 3439; x_wconf 90' lang='lat' dir='ltr'><strong>malos</strong></span> <span class='ocrx_word' id='word_1_802' title='bbox 3413 3400 3616 3454; x_wconf 85' lang='lat' dir='ltr'><strong>greges.</strong></span> <span class='ocrx_word' id='word_1_803' title='bbox 3647 3384 3732 3439; x_wconf 88' lang='lat' dir='ltr'><strong>Ne</strong></span> 
     </span>
    </p>
   </div>
   <div class='ocr_carea' id='block_1_97' title="bbox 2167 3470 3744 3545">
    <p class='ocr_par' dir='ltr' id='par_1_97' title="bbox 2167 3470 3744 3545">
     <span class='ocr_line' id='line_1_97' title="bbox 2167 3470 3744 3545; baseline 0.005 -21"><span class='ocrx_word' id='word_1_804' title='bbox 2167 3470 2301 3527; x_wconf 83' lang='lat' dir='ltr'><strong>forte</strong></span> <span class='ocrx_word' id='word_1_805' title='bbox 2323 3480 2473 3542; x_wconf 90' lang='lat' dir='ltr'><strong>putes</strong></span> <span class='ocrx_word' id='word_1_806' title='bbox 2505 3473 2625 3541; x_wconf 90' lang='lat' dir='ltr'><strong>quia</strong></span> <span class='ocrx_word' id='word_1_807' title='bbox 2650 3488 2777 3527; x_wconf 92' lang='lat' dir='ltr'><strong>oves</strong></span> <span class='ocrx_word' id='word_1_808' title='bbox 2803 3475 3040 3543; x_wconf 89' lang='lat' dir='ltr'><strong>sequeris</strong></span> <span class='ocrx_word' id='word_1_809' title='bbox 3059 3516 3074 3540; x_wconf 93' lang='lat'><strong>,</strong></span> <span class='ocrx_word' id='word_1_810' title='bbox 3102 3475 3146 3530; x_wconf 90' lang='lat' dir='ltr'><strong>si</strong></span> <span class='ocrx_word' id='word_1_811' title='bbox 3174 3477 3286 3530; x_wconf 78' lang='lat' dir='ltr'><strong>exis</strong></span> <span class='ocrx_word' id='word_1_812' title='bbox 3315 3493 3327 3528; x_wconf 93' lang='lat'>:</span> <span class='ocrx_word' id='word_1_813' title='bbox 3356 3476 3475 3530; x_wconf 93' lang='lat' dir='ltr'><strong>audi</strong></span> <span class='ocrx_word' id='word_1_814' title='bbox 3497 3476 3620 3545; x_wconf 90' lang='lat' dir='ltr'><strong>quid</strong></span> <span class='ocrx_word' id='word_1_815' title='bbox 3651 3492 3744 3532; x_wconf 82' lang='lat' dir='ltr'><strong>se-</strong></span> 
     </span>
    </p>
   </div>
   <div class='ocr_carea' id='block_1_98' title="bbox 2166 3561 3741 3636">
    <p class='ocr_par' dir='ltr' id='par_1_98' title="bbox 2166 3561 3741 3636">
     <span class='ocr_line' id='line_1_98' title="bbox 2166 3561 3741 3636; baseline 0.004 -20"><span class='ocrx_word' id='word_1_816' title='bbox 2166 3562 2363 3631; x_wconf 88' lang='lat' dir='ltr'><strong>quitur,</strong></span> <span class='ocrx_word' id='word_1_817' title='bbox 2394 3561 2496 3616; x_wconf 72' lang='lat' dir='ltr'><strong>Eari</strong></span> <span class='ocrx_word' id='word_1_818' title='bbox 2518 3573 2570 3617; x_wconf 90' lang='lat' dir='ltr'><strong>tu</strong></span> <span class='ocrx_word' id='word_1_819' title='bbox 2596 3565 2647 3617; x_wconf 90' lang='lat' dir='ltr'><strong>in</strong></span> <span class='ocrx_word' id='word_1_820' title='bbox 2673 3565 2889 3635; x_wconf 87' lang='lat' dir='ltr'><strong>vestigiis</strong></span> <span class='ocrx_word' id='word_1_821' title='bbox 2907 3582 3144 3636; x_wconf 84' lang='lat' dir='ltr'><strong>gregum,</strong></span> <span class='ocrx_word' id='word_1_822' title='bbox 3168 3575 3214 3619; x_wconf 87' lang='lat' dir='ltr'><strong>et</strong></span> <span class='ocrx_word' id='word_1_823' title='bbox 3236 3583 3382 3635; x_wconf 88' lang='lat' dir='ltr'><strong>pasce</strong></span> <span class='ocrx_word' id='word_1_824' title='bbox 3402 3567 3570 3620; x_wconf 66' lang='lat' dir='ltr'><strong>haedos</strong></span> <span class='ocrx_word' id='word_1_825' title='bbox 3587 3576 3741 3629; x_wconf 83' lang='lat' dir='ltr'><strong>tuos:</strong></span> 
     </span>
    </p>
   </div>
   <div class='ocr_carea' id='block_1_99' title="bbox 2161 3652 3742 3721">
    <p class='ocr_par' dir='ltr' id='par_1_99' title="bbox 2161 3652 3742 3721">
     <span class='ocr_line' id='line_1_99' title="bbox 2161 3652 3742 3721; baseline 0.004 -15"><span class='ocrx_word' id='word_1_826' title='bbox 2161 3652 2270 3721; x_wconf 90' lang='lat' dir='ltr'><strong>jam</strong></span> <span class='ocrx_word' id='word_1_827' title='bbox 2298 3668 2405 3708; x_wconf 90' lang='lat' dir='ltr'><strong>non</strong></span> <span class='ocrx_word' id='word_1_828' title='bbox 2445 3667 2594 3708; x_wconf 87' lang='lat' dir='ltr'><strong>oves.</strong></span> <span class='ocrx_word' id='word_1_829' title='bbox 2634 3653 2843 3720; x_wconf 88' lang='lat' dir='ltr'><strong>Nostis,</strong></span> <span class='ocrx_word' id='word_1_830' title='bbox 2870 3653 3093 3721; x_wconf 82' lang='lat' dir='ltr'><strong>fratres,</strong></span> <span class='ocrx_word' id='word_1_831' title='bbox 3126 3655 3212 3709; x_wconf 90' lang='lat' dir='ltr'><strong>ubi</strong></span> <span class='ocrx_word' id='word_1_832' title='bbox 3260 3666 3416 3710; x_wconf 90' lang='lat' dir='ltr'><strong>erunt</strong></span> <span class='ocrx_word' id='word_1_833' title='bbox 3458 3655 3615 3711; x_wconf 77' lang='lat' dir='ltr'><strong>hzedi.</strong></span> <span class='ocrx_word' id='word_1_834' title='bbox 3650 3658 3742 3712; x_wconf 76' lang='lat' dir='ltr'><strong>Ad</strong></span> 
     </span>
    </p>
   </div>
   <div class='ocr_carea' id='block_1_100' title="bbox 2164 3746 3747 3815">
    <p class='ocr_par' dir='ltr' id='par_1_100' title="bbox 2164 3746 3747 3815">
     <span class='ocr_line' id='line_1_100' title="bbox 2164 3746 3747 3815; baseline 0.001 -16"><span class='ocrx_word' id='word_1_835' title='bbox 2164 3746 2431 3800; x_wconf 88' lang='lat' dir='ltr'><strong>sinistram</strong></span> <span class='ocrx_word' id='word_1_836' title='bbox 2460 3754 2817 3801; x_wconf 90' lang='lat' dir='ltr'><strong>eruntomnes</strong></span> <span class='ocrx_word' id='word_1_837' title='bbox 2842 3746 2933 3815; x_wconf 91' lang='lat' dir='ltr'><strong>qui</strong></span> <span class='ocrx_word' id='word_1_838' title='bbox 2961 3747 3205 3801; x_wconf 83' lang='lat' dir='ltr'><strong>exierunt</strong></span> <span class='ocrx_word' id='word_1_839' title='bbox 3241 3746 3306 3800; x_wconf 92' lang='lat' dir='ltr'><strong>ab</strong></span> <span class='ocrx_word' id='word_1_840' title='bbox 3340 3746 3595 3800; x_wconf 88' lang='lat' dir='ltr'><strong>Ecclesia.</strong></span> <span class='ocrx_word' id='word_1_841' title='bbox 3624 3746 3747 3801; x_wconf 66' lang='lat' dir='ltr'><strong>Ma-</strong></span> 
     </span>
    </p>
   </div>
   <div class='ocr_carea' id='block_1_101' title="bbox 2165 3835 3737 3907">
    <p class='ocr_par' dir='ltr' id='par_1_101' title="bbox 2165 3835 3737 3907">
     <span class='ocr_line' id='line_1_101' title="bbox 2165 3835 3737 3907; baseline 0.002 -17"><span class='ocrx_word' id='word_1_842' title='bbox 2165 3837 2308 3891; x_wconf 84' lang='lat' dir='ltr'><strong>neuti</strong></span> <span class='ocrx_word' id='word_1_843' title='bbox 2334 3837 2491 3891; x_wconf 85' lang='lat' dir='ltr'><strong>Petro</strong></span> <span class='ocrx_word' id='word_1_844' title='bbox 2514 3836 2725 3903; x_wconf 92' lang='lat' dir='ltr'><strong>dicitur,</strong></span> <span class='ocrx_word' id='word_1_845' title='bbox 2752 3835 2914 3889; x_wconf 89' lang='lat' dir='ltr'><strong>Pasce</strong></span> <span class='ocrx_word' id='word_1_846' title='bbox 2938 3852 3051 3890; x_wconf 78' lang='lat' dir='ltr'><strong>ores</strong></span> <span class='ocrx_word' id='word_1_847' title='bbox 3077 3853 3212 3890; x_wconf 85' lang='lat' dir='ltr'><strong>meas</strong></span> <span class='ocrx_word' id='word_1_848' title='bbox 3241 3836 3415 3907; x_wconf 86' lang='lat' dir='ltr'><strong>(Joan.</strong></span> <span class='ocrx_word' id='word_1_849' title='bbox 3444 3851 3538 3891; x_wconf 74' lang='lat' dir='ltr'><strong>XXI</strong></span> <span class='ocrx_word' id='word_1_850' title='bbox 3560 3878 3574 3903; x_wconf 94' lang='lat'><strong>,</strong></span> <span class='ocrx_word' id='word_1_851' title='bbox 3602 3837 3697 3907; x_wconf 77' lang='lat' dir='ltr'><strong>l7)</strong></span> <span class='ocrx_word' id='word_1_852' title='bbox 3719 3856 3737 3893; x_wconf 87' lang='lat'><strong>:</strong></span> 
     </span>
    </p>
   </div>
   <div class='ocr_carea' id='block_1_102' title="bbox 2163 3925 3253 3990">
    <p class='ocr_par' dir='ltr' id='par_1_102' title="bbox 2163 3925 3253 3990">
     <span class='ocr_line' id='line_1_102' title="bbox 2163 3925 3253 3990; baseline -0.001 -9"><span class='ocrx_word' id='word_1_853' title='bbox 2163 3926 2375 3981; x_wconf 78' lang='lat' dir='ltr'><strong>exeunti</strong></span> <span class='ocrx_word' id='word_1_854' title='bbox 2403 3925 2655 3981; x_wconf 69' lang='lat' dir='ltr'><strong>hmretico</strong></span> <span class='ocrx_word' id='word_1_855' title='bbox 2674 3967 2689 3990; x_wconf 96' lang='lat'><strong>,</strong></span> <span class='ocrx_word' id='word_1_856' title='bbox 2718 3926 2883 3981; x_wconf 83' lang='lat' dir='ltr'><strong>Pasce</strong></span> <span class='ocrx_word' id='word_1_857' title='bbox 2911 3925 3091 3979; x_wconf 80' lang='lat' dir='ltr'><strong>haedos</strong></span> <span class='ocrx_word' id='word_1_858' title='bbox 3116 3934 3253 3980; x_wconf 87' lang='lat' dir='ltr'><strong>tuos.</strong></span> 
     </span>
    </p>
   </div>
   <div class='ocr_carea' id='block_1_103' title="bbox 2234 4015 3735 4086">
    <p class='ocr_par' dir='ltr' id='par_1_103' title="bbox 2234 4015 3735 4086">
     <span class='ocr_line' id='line_1_103' title="bbox 2234 4015 3735 4086; baseline 0 -15"><span class='ocrx_word' id='word_1_859' title='bbox 2234 4017 2320 4071; x_wconf 77' lang='lat'><strong>38.</strong></span> <span class='ocrx_word' id='word_1_860' title='bbox 2346 4015 2510 4070; x_wconf 88' lang='lat' dir='ltr'><strong>Locus</strong></span> <span class='ocrx_word' id='word_1_861' title='bbox 2539 4033 2601 4071; x_wconf 78' lang='lat' dir='ltr'><strong>ea:</strong></span> <span class='ocrx_word' id='word_1_862' title='bbox 2628 4015 2868 4070; x_wconf 84' lang='lat' dir='ltr'><strong>Habacuc</strong></span> <span class='ocrx_word' id='word_1_863' title='bbox 2888 4016 3019 4070; x_wconf 89' lang='lat' dir='ltr'><strong>male</strong></span> <span class='ocrx_word' id='word_1_864' title='bbox 3053 4026 3325 4086; x_wconf 88' lang='lat' dir='ltr'><strong>usurpatus</strong></span> <span class='ocrx_word' id='word_1_865' title='bbox 3361 4031 3394 4069; x_wconf 75' lang='grc' dir='ltr'><strong>α</strong></span> <span class='ocrx_word' id='word_1_866' title='bbox 3431 4015 3735 4071; x_wconf 78' lang='lat' dir='ltr'><strong>Donatistis.</strong></span> 
     </span>
    </p>
   </div>
   <div class='ocr_carea' id='block_1_104' title="bbox 2164 4105 3740 4175">
    <p class='ocr_par' dir='ltr' id='par_1_104' title="bbox 2164 4105 3740 4175">
     <span class='ocr_line' id='line_1_104' title="bbox 2164 4105 3740 4175; baseline 0.001 -16"><span class='ocrx_word' id='word_1_867' title='bbox 2164 4105 2293 4173; x_wconf 91' lang='lat' dir='ltr'><strong>Est,</strong></span> <span class='ocrx_word' id='word_1_868' title='bbox 2336 4106 2606 4175; x_wconf 88' lang='lat' dir='ltr'><strong>inquiunt,</strong></span> <span class='ocrx_word' id='word_1_869' title='bbox 2652 4117 2706 4161; x_wconf 90' lang='lat' dir='ltr'><strong>et</strong></span> <span class='ocrx_word' id='word_1_870' title='bbox 2757 4106 2899 4161; x_wconf 90' lang='lat' dir='ltr'><strong>aliud</strong></span> <span class='ocrx_word' id='word_1_871' title='bbox 2948 4107 3328 4161; x_wconf 91' lang='lat' dir='ltr'><strong>testimonium.</strong></span> <span class='ocrx_word' id='word_1_872' title='bbox 3381 4106 3740 4161; x_wconf 86' lang='lat' dir='ltr'><strong>Nihilominus</strong></span> 
     </span>
    </p>
   </div>
   <div class='ocr_carea' id='block_1_105' title="bbox 2162 4198 3739 4268">
    <p class='ocr_par' dir='ltr' id='par_1_105' title="bbox 2162 4198 3739 4268">
     <span class='ocr_line' id='line_1_105' title="bbox 2162 4198 3739 4268; baseline 0.001 -16"><span class='ocrx_word' id='word_1_873' title='bbox 2162 4205 2346 4252; x_wconf 89' lang='lat' dir='ltr'><strong>contra</strong></span> <span class='ocrx_word' id='word_1_874' title='bbox 2373 4206 2459 4252; x_wconf 88' lang='lat' dir='ltr'><strong>te:</strong></span> <span class='ocrx_word' id='word_1_875' title='bbox 2484 4198 2595 4264; x_wconf 92' lang='lat' dir='ltr'><strong>dic,</strong></span> <span class='ocrx_word' id='word_1_876' title='bbox 2617 4198 2909 4253; x_wconf 88' lang='lat' dir='ltr'><strong>audiamus.</strong></span> <span class='ocrx_word' id='word_1_877' title='bbox 2929 4199 3046 4252; x_wconf 83' lang='lat' dir='ltr'><strong>Erit</strong></span> <span class='ocrx_word' id='word_1_878' title='bbox 3064 4199 3141 4253; x_wconf 90' lang='lat' dir='ltr'><strong>sic</strong></span> <span class='ocrx_word' id='word_1_879' title='bbox 3166 4209 3347 4253; x_wconf 88' lang='lat' dir='ltr'><strong>contra</strong></span> <span class='ocrx_word' id='word_1_880' title='bbox 3369 4207 3438 4262; x_wconf 88' lang='lat' dir='ltr'><strong>te,</strong></span> <span class='ocrx_word' id='word_1_881' title='bbox 3462 4200 3739 4268; x_wconf 88' lang='lat' dir='ltr'><strong>quomodo</strong></span> 
     </span>
    </p>
   </div>
   <div class='ocr_carea' id='block_1_106' title="bbox 2164 4288 3737 4360">
    <p class='ocr_par' dir='ltr' id='par_1_106' title="bbox 2164 4288 3737 4360">
     <span class='ocr_line' id='line_1_106' title="bbox 2164 4288 3737 4360; baseline 0.004 -19"><span class='ocrx_word' id='word_1_882' title='bbox 2164 4288 2265 4344; x_wconf 87' lang='lat' dir='ltr'><strong>hoc</strong></span> <span class='ocrx_word' id='word_1_883' title='bbox 2287 4289 2427 4359; x_wconf 90' lang='lat' dir='ltr'><strong>quod</strong></span> <span class='ocrx_word' id='word_1_884' title='bbox 2456 4290 2676 4360; x_wconf 86' lang='lat' dir='ltr'><strong>putabas</strong></span> <span class='ocrx_word' id='word_1_885' title='bbox 2702 4305 2797 4360; x_wconf 90' lang='lat' dir='ltr'><strong>pro</strong></span> <span class='ocrx_word' id='word_1_886' title='bbox 2824 4299 2897 4344; x_wconf 89' lang='lat' dir='ltr'><strong>te.</strong></span> <span class='ocrx_word' id='word_1_887' title='bbox 2921 4290 2975 4345; x_wconf 93' lang='lat' dir='ltr'><strong>Si</strong></span> <span class='ocrx_word' id='word_1_888' title='bbox 3002 4290 3272 4344; x_wconf 86' lang='lat' dir='ltr'><strong>meridiem</strong></span> <span class='ocrx_word' id='word_1_889' title='bbox 3292 4332 3307 4357; x_wconf 92' lang='lat'><strong>,</strong></span> <span class='ocrx_word' id='word_1_890' title='bbox 3338 4290 3578 4360; x_wconf 91' lang='lat' dir='ltr'><strong>inquiunt</strong></span> <span class='ocrx_word' id='word_1_891' title='bbox 3600 4331 3613 4354; x_wconf 88' lang='lat'><strong>,</strong></span> <span class='ocrx_word' id='word_1_892' title='bbox 3649 4291 3737 4347; x_wconf 78' lang='lat' dir='ltr'><strong>in-</strong></span> 
     </span>
    </p>
   </div>
   <div class='ocr_carea' id='block_1_107' title="bbox 2165 4378 3732 4449">
    <p class='ocr_par' dir='ltr' id='par_1_107' title="bbox 2165 4378 3732 4449">
     <span class='ocr_line' id='line_1_107' title="bbox 2165 4378 3732 4449; baseline 0.002 -18"><span class='ocrx_word' id='word_1_893' title='bbox 2165 4378 2469 4448; x_wconf 90' lang='lat' dir='ltr'><strong>terpretaris</strong></span> <span class='ocrx_word' id='word_1_894' title='bbox 2496 4378 2802 4449; x_wconf 63' lang='lat' dir='ltr'><strong>Egyptum.</strong></span> <span class='ocrx_word' id='word_1_895' title='bbox 2823 4378 2998 4433; x_wconf 82' lang='lat' dir='ltr'><strong>Multis</strong></span> <span class='ocrx_word' id='word_1_896' title='bbox 3026 4379 3236 4448; x_wconf 88' lang='lat' dir='ltr'><strong>quidem</strong></span> <span class='ocrx_word' id='word_1_897' title='bbox 3266 4379 3435 4434; x_wconf 89' lang='lat' dir='ltr'><strong>modis</strong></span> <span class='ocrx_word' id='word_1_898' title='bbox 3461 4379 3732 4447; x_wconf 85' lang='lat' dir='ltr'><strong>interpre-</strong></span> 
     </span>
    </p>
   </div>
   <div class='ocr_carea' id='block_1_108' title="bbox 2165 4466 3731 4542">
    <p class='ocr_par' dir='ltr' id='par_1_108' title="bbox 2165 4466 3731 4542">
     <span class='ocr_line' id='line_1_108' title="bbox 2165 4466 3731 4542; baseline 0.001 -19"><span class='ocrx_word' id='word_1_899' title='bbox 2165 4477 2336 4523; x_wconf 84' lang='lat' dir='ltr'><strong>tamur</strong></span> <span class='ocrx_word' id='word_1_900' title='bbox 2365 4468 2672 4535; x_wconf 89' lang='lat' dir='ltr'><strong>meridiem,</strong></span> <span class='ocrx_word' id='word_1_901' title='bbox 2704 4477 2756 4523; x_wconf 92' lang='lat' dir='ltr'><strong>et</strong></span> <span class='ocrx_word' id='word_1_902' title='bbox 2796 4466 3085 4542; x_wconf 65' lang='lat' dir='ltr'><strong>Egyptum</strong></span> <span class='ocrx_word' id='word_1_903' title='bbox 3128 4484 3405 4540; x_wconf 87' lang='lat' dir='ltr'><strong>possumus</strong></span> <span class='ocrx_word' id='word_1_904' title='bbox 3446 4470 3511 4523; x_wconf 89' lang='lat' dir='ltr'><strong>ad</strong></span> <span class='ocrx_word' id='word_1_905' title='bbox 3550 4470 3731 4525; x_wconf 89' lang='lat' dir='ltr'><strong>locum</strong></span> 
     </span>
    </p>
   </div>
   <div class='ocr_carea' id='block_1_109' title="bbox 2164 4561 3734 4632">
    <p class='ocr_par' dir='ltr' id='par_1_109' title="bbox 2164 4561 3734 4632">
     <span class='ocr_line' id='line_1_109' title="bbox 2164 4561 3734 4632; baseline 0.003 -18"><span class='ocrx_word' id='word_1_906' title='bbox 2164 4561 2374 4627; x_wconf 92' lang='lat' dir='ltr'><strong>mundi,</strong></span> <span class='ocrx_word' id='word_1_907' title='bbox 2406 4571 2460 4615; x_wconf 91' lang='lat' dir='ltr'><strong>ct</strong></span> <span class='ocrx_word' id='word_1_908' title='bbox 2494 4562 2658 4631; x_wconf 87' lang='lat' dir='ltr'><strong>ipsam</strong></span> <span class='ocrx_word' id='word_1_909' title='bbox 2695 4561 2923 4616; x_wconf 80' lang='lat' dir='ltr'><strong>Africam</strong></span> <span class='ocrx_word' id='word_1_910' title='bbox 2948 4563 3025 4617; x_wconf 90' lang='lat' dir='ltr'><strong>sic</strong></span> <span class='ocrx_word' id='word_1_911' title='bbox 3060 4563 3353 4632; x_wconf 87' lang='lat' dir='ltr'><strong>intelligere</strong></span> <span class='ocrx_word' id='word_1_912' title='bbox 3371 4566 3411 4616; x_wconf 82' lang='grc'><strong>¹.</strong></span> <span class='ocrx_word' id='word_1_913' title='bbox 3435 4562 3569 4617; x_wconf 84' lang='lat' dir='ltr'><strong>Audi</strong></span> <span class='ocrx_word' id='word_1_914' title='bbox 3597 4564 3734 4631; x_wconf 84' lang='lat' dir='ltr'><strong>quid</strong></span> 
     </span>
    </p>
   </div>
   <div class='ocr_carea' id='block_1_110' title="bbox 2165 4651 3735 4723">
    <p class='ocr_par' dir='ltr' id='par_1_110' title="bbox 2165 4651 3735 4723">
     <span class='ocr_line' id='line_1_110' title="bbox 2165 4651 3735 4723; baseline 0.003 -20"><span class='ocrx_word' id='word_1_915' title='bbox 2165 4651 2447 4722; x_wconf 85' lang='lat' dir='ltr'><strong>intelligam</strong></span> <span class='ocrx_word' id='word_1_916' title='bbox 2475 4668 2567 4721; x_wconf 90' lang='lat' dir='ltr'><strong>per</strong></span> <span class='ocrx_word' id='word_1_917' title='bbox 2591 4652 2864 4707; x_wconf 88' lang='lat' dir='ltr'><strong>meridiem</strong></span> <span class='ocrx_word' id='word_1_918' title='bbox 2888 4669 2901 4705; x_wconf 90' lang='lat'><strong>:</strong></span> <span class='ocrx_word' id='word_1_919' title='bbox 2928 4652 3164 4722; x_wconf 86' lang='lat' dir='ltr'><strong>intelligo</strong></span> <span class='ocrx_word' id='word_1_920' title='bbox 3188 4652 3448 4709; x_wconf 81' lang='lat' dir='ltr'><strong>fervorem</strong></span> <span class='ocrx_word' id='word_1_921' title='bbox 3477 4653 3735 4723; x_wconf 78' lang='lat' dir='ltr'><strong>spiritua-</strong></span> 
     </span>
    </p>
   </div>
   <div class='ocr_carea' id='block_1_111' title="bbox 2163 4742 3739 4813">
    <p class='ocr_par' dir='ltr' id='par_1_111' title="bbox 2163 4742 3739 4813">
     <span class='ocr_line' id='line_1_111' title="bbox 2163 4742 3739 4813; baseline 0.002 -18"><span class='ocrx_word' id='word_1_922' title='bbox 2163 4743 2311 4807; x_wconf 91' lang='lat' dir='ltr'><strong>lium,</strong></span> <span class='ocrx_word' id='word_1_923' title='bbox 2343 4742 2650 4812; x_wconf 82' lang='lat' dir='ltr'><strong>tlagrantem</strong></span> <span class='ocrx_word' id='word_1_924' title='bbox 2682 4744 2801 4812; x_wconf 84' lang='lat' dir='ltr'><strong>igne</strong></span> <span class='ocrx_word' id='word_1_925' title='bbox 2822 4742 3114 4808; x_wconf 79' lang='lat' dir='ltr'><strong>cltaritatis,</strong></span> <span class='ocrx_word' id='word_1_926' title='bbox 3135 4743 3496 4813; x_wconf 90' lang='lat' dir='ltr'><strong>splendentem</strong></span> <span class='ocrx_word' id='word_1_927' title='bbox 3527 4743 3739 4798; x_wconf 83' lang='lat' dir='ltr'><strong>lumine</strong></span> 
     </span>
    </p>
   </div>
   <div class='ocr_carea' id='block_1_112' title="bbox 2166 4831 3739 4901">
    <p class='ocr_par' dir='ltr' id='par_1_112' title="bbox 2166 4831 3739 4901">
     <span class='ocr_line' id='line_1_112' title="bbox 2166 4831 3739 4901; baseline 0.003 -18"><span class='ocrx_word' id='word_1_928' title='bbox 2166 4832 2422 4887; x_wconf 89' lang='lat' dir='ltr'><strong>veritatis.</strong></span> <span class='ocrx_word' id='word_1_929' title='bbox 2450 4832 2579 4885; x_wconf 87' lang='lat' dir='ltr'><strong>Nam</strong></span> <span class='ocrx_word' id='word_1_930' title='bbox 2616 4831 2809 4886; x_wconf 90' lang='lat' dir='ltr'><strong>dicitur</strong></span> <span class='ocrx_word' id='word_1_931' title='bbox 2844 4832 2895 4885; x_wconf 92' lang='lat' dir='ltr'><strong>in</strong></span> <span class='ocrx_word' id='word_1_932' title='bbox 2920 4831 3148 4901; x_wconf 87' lang='lat' dir='ltr'><strong>quodam</strong></span> <span class='ocrx_word' id='word_1_933' title='bbox 3184 4833 3384 4901; x_wconf 89' lang='lat' dir='ltr'><strong>psalmo</strong></span> <span class='ocrx_word' id='word_1_934' title='bbox 3413 4849 3427 4885; x_wconf 88' lang='lat'><strong>:</strong></span> <span class='ocrx_word' id='word_1_935' title='bbox 3456 4832 3739 4887; x_wconf 73' lang='lat' dir='ltr'><strong>Dexteram</strong></span> 
     </span>
    </p>
   </div>
   <div class='ocr_carea' id='block_1_113' title="bbox 2166 4922 3734 4992">
    <p class='ocr_par' dir='ltr' id='par_1_113' title="bbox 2166 4922 3734 4992">
     <span class='ocr_line' id='line_1_113' title="bbox 2166 4922 3734 4992; baseline 0.001 -18"><span class='ocrx_word' id='word_1_936' title='bbox 2166 4932 2302 4975; x_wconf 88' lang='lat' dir='ltr'><strong>tuam</strong></span> <span class='ocrx_word' id='word_1_937' title='bbox 2343 4931 2510 4975; x_wconf 90' lang='lat' dir='ltr'><strong>notam</strong></span> <span class='ocrx_word' id='word_1_938' title='bbox 2539 4926 2619 4991; x_wconf 79' lang='lat' dir='ltr'><strong>fac</strong></span> <span class='ocrx_word' id='word_1_939' title='bbox 2659 4922 2813 4988; x_wconf 82' lang='lat' dir='ltr'><strong>mihi,</strong></span> <span class='ocrx_word' id='word_1_940' title='bbox 2852 4930 2896 4975; x_wconf 91' lang='lat' dir='ltr'><strong>et</strong></span> <span class='ocrx_word' id='word_1_941' title='bbox 2924 4922 3142 4975; x_wconf 86' lang='lat' dir='ltr'><strong>eruditos</strong></span> <span class='ocrx_word' id='word_1_942' title='bbox 3181 4922 3331 4977; x_wconf 84' lang='lat' dir='ltr'><strong>corde</strong></span> <span class='ocrx_word' id='word_1_943' title='bbox 3368 4923 3419 4977; x_wconf 88' lang='lat' dir='ltr'><strong>in</strong></span> <span class='ocrx_word' id='word_1_944' title='bbox 3456 4923 3734 4992; x_wconf 86' lang='lat' dir='ltr'><strong>sapientia.</strong></span> 
     </span>
    </p>
   </div>
   <div class='ocr_carea' id='block_1_114' title="bbox 2164 5010 3735 5083">
    <p class='ocr_par' dir='ltr' id='par_1_114' title="bbox 2164 5010 3735 5083">
     <span class='ocr_line' id='line_1_114' title="bbox 2164 5010 3735 5083; baseline 0.003 -20"><span class='ocrx_word' id='word_1_945' title='bbox 2164 5010 2463 5073; x_wconf 69' lang='lat' dir='ltr'><strong>Dexteram,</strong></span> <span class='ocrx_word' id='word_1_946' title='bbox 2490 5026 2594 5064; x_wconf 91' lang='lat' dir='ltr'><strong>non</strong></span> <span class='ocrx_word' id='word_1_947' title='bbox 2626 5011 2805 5066; x_wconf 61' lang='lat' dir='ltr'><strong>haedos</strong></span> <span class='ocrx_word' id='word_1_948' title='bbox 2833 5028 2846 5064; x_wconf 93' lang='lat'>:</span> <span class='ocrx_word' id='word_1_949' title='bbox 2872 5020 2916 5064; x_wconf 91' lang='lat' dir='ltr'><strong>et</strong></span> <span class='ocrx_word' id='word_1_950' title='bbox 2937 5010 3156 5066; x_wconf 84' lang='lat' dir='ltr'><strong>eruditos</strong></span> <span class='ocrx_word' id='word_1_951' title='bbox 3189 5010 3340 5065; x_wconf 84' lang='lat' dir='ltr'><strong>corde</strong></span> <span class='ocrx_word' id='word_1_952' title='bbox 3371 5012 3425 5066; x_wconf 86' lang='lat' dir='ltr'><strong>in</strong></span> <span class='ocrx_word' id='word_1_953' title='bbox 3456 5013 3735 5083; x_wconf 80' lang='lat' dir='ltr'><strong>sapientia,</strong></span> 
     </span>
    </p>
   </div>
   <div class='ocr_carea' id='block_1_115' title="bbox 2164 5099 3740 5170">
    <p class='ocr_par' dir='ltr' id='par_1_115' title="bbox 2164 5099 3740 5170">
     <span class='ocr_line' id='line_1_115' title="bbox 2164 5099 3740 5170; baseline 0 -15"><span class='ocrx_word' id='word_1_954' title='bbox 2164 5102 2263 5170; x_wconf 92' lang='lat' dir='ltr'><strong>ipsi</strong></span> <span class='ocrx_word' id='word_1_955' title='bbox 2290 5110 2409 5155; x_wconf 86' lang='lat' dir='ltr'><strong>sunt</strong></span> <span class='ocrx_word' id='word_1_956' title='bbox 2433 5100 2700 5154; x_wconf 88' lang='lat' dir='ltr'><strong>meridies.</strong></span> <span class='ocrx_word' id='word_1_957' title='bbox 2726 5100 2875 5154; x_wconf 91' lang='lat' dir='ltr'><strong>Unde</strong></span> <span class='ocrx_word' id='word_1_958' title='bbox 2893 5099 3083 5153; x_wconf 90' lang='lat' dir='ltr'><strong>dicitur</strong></span> <span class='ocrx_word' id='word_1_959' title='bbox 3107 5115 3137 5154; x_wconf 91' lang='lat' dir='ltr'><strong>a</strong></span> <span class='ocrx_word' id='word_1_960' title='bbox 3166 5100 3419 5169; x_wconf 86' lang='lat' dir='ltr'><strong>propheta</strong></span> <span class='ocrx_word' id='word_1_961' title='bbox 3444 5119 3456 5154; x_wconf 92' lang='lat'><strong>:</strong></span> <span class='ocrx_word' id='word_1_962' title='bbox 3484 5100 3550 5153; x_wconf 83' lang='lat' dir='ltr'><strong>Et</strong></span> <span class='ocrx_word' id='word_1_963' title='bbox 3584 5112 3740 5155; x_wconf 86' lang='lat' dir='ltr'><strong>tene-</strong></span> 
     </span>
    </p>
   </div>
   <div class='ocr_carea' id='block_1_116' title="bbox 2164 5189 3744 5263">
    <p class='ocr_par' dir='ltr' id='par_1_116' title="bbox 2164 5189 3744 5263">
     <span class='ocr_line' id='line_1_116' title="bbox 2164 5189 3744 5263; baseline 0.001 -17"><span class='ocrx_word' id='word_1_964' title='bbox 2164 5192 2267 5246; x_wconf 73' lang='lat' dir='ltr'><strong>braz</strong></span> <span class='ocrx_word' id='word_1_965' title='bbox 2288 5200 2388 5243; x_wconf 72' lang='lat' dir='ltr'><strong>tua:</strong></span> <span class='ocrx_word' id='word_1_966' title='bbox 2404 5190 2530 5243; x_wconf 87' lang='lat' dir='ltr'><strong>sicut</strong></span> <span class='ocrx_word' id='word_1_967' title='bbox 2550 5190 2780 5243; x_wconf 87' lang='lat' dir='ltr'><strong>meridies</strong></span> <span class='ocrx_word' id='word_1_968' title='bbox 2804 5198 2947 5242; x_wconf 86' lang='lat' dir='ltr'><strong>erunt</strong></span> <span class='ocrx_word' id='word_1_969' title='bbox 2966 5189 3136 5259; x_wconf 88' lang='lat' dir='ltr'><strong>(Psal.</strong></span> <span class='ocrx_word' id='word_1_970' title='bbox 3160 5205 3362 5245; x_wconf 73' lang='lat' dir='ltr'><strong>unis</strong></span> <span class='ocrx_word' id='word_1_971' title='bbox 3380 5232 3395 5257; x_wconf 91' lang='lat'><strong>,</strong></span> <span class='ocrx_word' id='word_1_972' title='bbox 3421 5190 3530 5263; x_wconf 80' lang='grc'><strong>10).</strong></span> <span class='ocrx_word' id='word_1_973' title='bbox 3552 5192 3744 5247; x_wconf 80' lang='lat' dir='ltr'><strong>Multis</strong></span> 
     </span>
    </p>
   </div>
   <div class='ocr_carea' id='block_1_117' title="bbox 2164 5280 3746 5352">
    <p class='ocr_par' dir='ltr' id='par_1_117' title="bbox 2164 5280 3746 5352">
     <span class='ocr_line' id='line_1_117' title="bbox 2164 5280 3746 5352; baseline 0.001 -15"><span class='ocrx_word' id='word_1_974' title='bbox 2164 5298 2289 5352; x_wconf 88' lang='lat' dir='ltr'><strong>ergo</strong></span> <span class='ocrx_word' id='word_1_975' title='bbox 2315 5282 2485 5335; x_wconf 90' lang='lat' dir='ltr'><strong>modis</strong></span> <span class='ocrx_word' id='word_1_976' title='bbox 2502 5295 2780 5350; x_wconf 88' lang='lat' dir='ltr'><strong>possumus</strong></span> <span class='ocrx_word' id='word_1_977' title='bbox 2798 5281 3091 5349; x_wconf 85' lang='lat' dir='ltr'><strong>intelligere</strong></span> <span class='ocrx_word' id='word_1_978' title='bbox 3114 5280 3389 5337; x_wconf 89' lang='lat' dir='ltr'><strong>meridiem</strong></span> <span class='ocrx_word' id='word_1_979' title='bbox 3418 5300 3430 5334; x_wconf 90' lang='lat'><strong>:</strong></span> <span class='ocrx_word' id='word_1_980' title='bbox 3457 5283 3549 5337; x_wconf 89' lang='lat' dir='ltr'><strong>sed</strong></span> <span class='ocrx_word' id='word_1_981' title='bbox 3577 5298 3746 5352; x_wconf 81' lang='lat' dir='ltr'><strong>pror-</strong></span> 
     </span>
    </p>
   </div>
   <div class='ocr_carea' id='block_1_118' title="bbox 2164 5371 3744 5443">
    <p class='ocr_par' dir='ltr' id='par_1_118' title="bbox 2164 5371 3744 5443">
     <span class='ocr_line' id='line_1_118' title="bbox 2164 5371 3744 5443; baseline 0.003 -18"><span class='ocrx_word' id='word_1_982' title='bbox 2164 5388 2256 5427; x_wconf 89' lang='lat' dir='ltr'><strong>sus</strong></span> <span class='ocrx_word' id='word_1_983' title='bbox 2284 5372 2513 5426; x_wconf 85' lang='lat' dir='ltr'><strong>Africam</strong></span> <span class='ocrx_word' id='word_1_984' title='bbox 2544 5372 2807 5440; x_wconf 86' lang='lat' dir='ltr'><strong>intelligo,</strong></span> <span class='ocrx_word' id='word_1_985' title='bbox 2838 5373 3057 5425; x_wconf 92' lang='lat' dir='ltr'><strong>omnino</strong></span> <span class='ocrx_word' id='word_1_986' title='bbox 3084 5371 3313 5426; x_wconf 84' lang='lat' dir='ltr'><strong>Africam</strong></span> <span class='ocrx_word' id='word_1_987' title='bbox 3338 5374 3591 5443; x_wconf 85' lang='lat' dir='ltr'><strong>intelligo.</strong></span> <span class='ocrx_word' id='word_1_988' title='bbox 3622 5376 3744 5429; x_wconf 80' lang='lat' dir='ltr'><strong>Ac-</strong></span> 
     </span>
    </p>
   </div>
   <div class='ocr_carea' id='block_1_119' title="bbox 2164 5463 3745 5536">
    <p class='ocr_par' dir='ltr' id='par_1_119' title="bbox 2164 5463 3745 5536">
     <span class='ocr_line' id='line_1_119' title="bbox 2164 5463 3745 5536; baseline 0.001 -15"><span class='ocrx_word' id='word_1_989' title='bbox 2164 5466 2301 5536; x_wconf 92' lang='lat' dir='ltr'><strong>cipio</strong></span> <span class='ocrx_word' id='word_1_990' title='bbox 2321 5481 2348 5519; x_wconf 89' lang='lat' dir='ltr'><strong>a</strong></span> <span class='ocrx_word' id='word_1_991' title='bbox 2372 5475 2423 5520; x_wconf 91' lang='lat' dir='ltr'><strong>te</strong></span> <span class='ocrx_word' id='word_1_992' title='bbox 2442 5464 2632 5533; x_wconf 88' lang='lat' dir='ltr'><strong>aliquid</strong></span> <span class='ocrx_word' id='word_1_993' title='bbox 2663 5464 2795 5518; x_wconf 82' lang='lat' dir='ltr'><strong>forte</strong></span> <span class='ocrx_word' id='word_1_994' title='bbox 2819 5463 3003 5519; x_wconf 89' lang='lat' dir='ltr'><strong>melius</strong></span> <span class='ocrx_word' id='word_1_995' title='bbox 3027 5478 3181 5533; x_wconf 86' lang='lat' dir='ltr'><strong>quam</strong></span> <span class='ocrx_word' id='word_1_996' title='bbox 3204 5479 3463 5533; x_wconf 88' lang='lat' dir='ltr'><strong>saperem,</strong></span> <span class='ocrx_word' id='word_1_997' title='bbox 3491 5466 3594 5519; x_wconf 89' lang='lat' dir='ltr'><strong>nisi</strong></span> <span class='ocrx_word' id='word_1_998' title='bbox 3622 5482 3654 5519; x_wconf 83' lang='lat' dir='ltr'><strong>a</strong></span> <span class='ocrx_word' id='word_1_999' title='bbox 3685 5477 3745 5523; x_wconf 79' lang='lat' dir='ltr'><strong>te</strong></span> 
     </span>
    </p>
   </div>
   <div class='ocr_carea' id='block_1_120' title="bbox 2228 5638 3674 5702">
    <p class='ocr_par' dir='ltr' id='par_1_120' title="bbox 2228 5638 3674 5702">
     <span class='ocr_line' id='line_1_120' title="bbox 2228 5638 3674 5702; baseline 0 -13"><span class='ocrx_word' id='word_1_1000' title='bbox 2228 5642 2335 5689; x_wconf 68' lang='lat' dir='ltr'><strong>&#39;Sic</strong></span> <span class='ocrx_word' id='word_1_1001' title='bbox 2357 5639 2481 5701; x_wconf 84' lang='lat' dir='ltr'><strong>apud</strong></span> <span class='ocrx_word' id='word_1_1002' title='bbox 2501 5646 2574 5688; x_wconf 80' lang='lat' dir='ltr'><strong>Er.</strong></span> <span class='ocrx_word' id='word_1_1003' title='bbox 2598 5638 2881 5702; x_wconf 79' lang='lat' dir='ltr'><strong>Lugd.ven.</strong></span> <span class='ocrx_word' id='word_1_1004' title='bbox 2908 5652 2922 5688; x_wconf 85' lang='lat'><strong>:</strong></span> <span class='ocrx_word' id='word_1_1005' title='bbox 2956 5638 3006 5689; x_wconf 81' lang='lat' dir='ltr'><strong>si</strong></span> <span class='ocrx_word' id='word_1_1006' title='bbox 3026 5644 3168 5702; x_wconf 77' lang='lat' dir='ltr'><strong>tatem</strong></span> <span class='ocrx_word' id='word_1_1007' title='bbox 3187 5639 3548 5702; x_wconf 78' lang='lat' dir='ltr'><strong>mecredidisti.</strong></span> <span class='ocrx_word' id='word_1_1008' title='bbox 3610 5646 3674 5689; x_wconf 73' lang='lat' dir='ltr'><strong>ll.</strong></span> 
     </span>
    </p>
   </div>
   <div class='ocr_carea' id='block_1_121' title="bbox 2226 5698 3751 5763">
    <p class='ocr_par' dir='ltr' id='par_1_121' title="bbox 2226 5698 3751 5763">
     <span class='ocr_line' id='line_1_121' title="bbox 2226 5698 3751 5763; baseline 0.003 -14"><span class='ocrx_word' id='word_1_1009' title='bbox 2226 5706 2245 5733; x_wconf 80' lang='grc'>¹</span> <span class='ocrx_word' id='word_1_1010' title='bbox 2263 5698 2591 5751; x_wconf 78' lang='lat' dir='ltr'><strong>Cisterciensis</strong></span> <span class='ocrx_word' id='word_1_1011' title='bbox 2612 5698 2794 5763; x_wconf 69' lang='lat' dir='ltr'><strong>Ms&#39;..da</strong></span> <span class='ocrx_word' id='word_1_1012' title='bbox 2818 5698 2969 5763; x_wconf 80' lang='lat' dir='ltr'><strong>locum</strong></span> <span class='ocrx_word' id='word_1_1013' title='bbox 2989 5699 3171 5757; x_wconf 75' lang='lat' dir='ltr'><strong>mimdi,</strong></span> <span class='ocrx_word' id='word_1_1014' title='bbox 3190 5707 3241 5763; x_wconf 79' lang='lat' dir='ltr'><strong>ut</strong></span> <span class='ocrx_word' id='word_1_1015' title='bbox 3256 5699 3408 5763; x_wconf 81' lang='lat' dir='ltr'><strong>ipsum</strong></span> <span class='ocrx_word' id='word_1_1016' title='bbox 3431 5700 3643 5762; x_wconf 66' lang='lat' dir='ltr'><strong>Africam</strong></span> <span class='ocrx_word' id='word_1_1017' title='bbox 3666 5716 3751 5753; x_wconf 78' lang='lat' dir='ltr'><strong>sn-</strong></span> 
     </span>
    </p>
   </div>
   <div class='ocr_carea' id='block_1_122' title="bbox 2168 5760 3655 5827">
    <p class='ocr_par' dir='ltr' id='par_1_122' title="bbox 2168 5760 3655 5827">
     <span class='ocr_line' id='line_1_122' title="bbox 2168 5760 3655 5827; baseline -0.001 -14"><span class='ocrx_word' id='word_1_1018' title='bbox 2168 5763 2390 5827; x_wconf 79' lang='lat' dir='ltr'><strong>telligum.</strong></span> <span class='ocrx_word' id='word_1_1019' title='bbox 2429 5769 2580 5822; x_wconf 79' lang='lat' dir='ltr'><strong>Forte,</strong></span> <span class='ocrx_word' id='word_1_1020' title='bbox 2604 5762 2729 5824; x_wconf 83' lang='lat' dir='ltr'><strong>quod</strong></span> <span class='ocrx_word' id='word_1_1021' title='bbox 2766 5760 2831 5810; x_wconf 88' lang='lat' dir='ltr'><strong>ad</strong></span> <span class='ocrx_word' id='word_1_1022' title='bbox 2870 5761 3020 5811; x_wconf 77' lang='lat' dir='ltr'><strong>locum</strong></span> <span class='ocrx_word' id='word_1_1023' title='bbox 3042 5760 3210 5811; x_wconf 79' lang='lat' dir='ltr'><strong>mundi</strong></span> <span class='ocrx_word' id='word_1_1024' title='bbox 3234 5760 3655 5823; x_wconf 35' lang='lat' dir='ltr'><strong>:supple,‘att‘mes</strong></span> 
     </span>
    </p>
   </div>
  </div>
