4012 6338
279 313 385 367 293

277 437 734 481 commemorarer
761 438 773 474 :
803 420 978 476 Africa
1021 418 1088 474 sit
1120 417 1385 473 meridies.
1426 414 1592 471 l‘imet
1619 415 1851 470 Ecclesia

277 514 632 574 transmarina
659 512 893 569 incidere
914 512 964 565 in
990 510 1423 581 rebaptizatores.
1451 508 1598 562 timet
1624 505 1854 561 incidere

279 620 531 679 tanquam
558 607 736 677 ignota
759 606 812 658 in
837 617 1025 674 greges
1050 602 1333 665 sodalium,
1356 600 1541 667 qum-rit
1568 599 1634 652 ab
1660 612 1853 667 sponso

276 715 373 753 suo
402 708 459 754 ut
482 698 761 754 annuntiet
788 697 862 751 illi
886 696 969 750 ubi
997 702 1209 765 pascat,
1238 692 1325 747 ubi
1350 692 1505 747 cubet
1531 691 1579 745 in
1612 690 1848 745 meridie.

274 792 410 860 Quia
440 792 493 845 in
522 791 638 860 ipso
664 789 886 843 meridie
914 788 965 842 in
990 788 1108 842 aliis
1146 785 1345 855 pascit,
1380 785 1434 838 in
1463 784 1578 838 aliis
1622 798 1723 837 non
1754 797 1848 852 pa-

270 884 375 937 scit
402 902 416 936 :
442 883 495 936 in
526 881 646 935 aliis
666 881 845 946 cubat,
875 881 927 933 in
958 879 1075 932 aliis
1102 893 1208 931 non
1247 876 1420 931 cubat.
1451 874 1642 929 Audiat
1671 874 1847 928 consi-

270 972 403 1025 lium
426 1012 441 1037 ,
469 973 647 1025 veniat
673 970 740 1025 ad
775 969 1085 1025 catholicam
1116 966 1404 1022 Ecclesiam
1428 982 1442 1029 ;
1469 979 1577 1020 non
1620 962 1852 1019 incurrat

269 1064 321 1116 in
351 1079 544 1133 greges
573 1062 834 1117 sodalium
860 1103 875 1127 ,
908 1078 1010 1115 non
1039 1067 1219 1129 pascat
1252 1058 1431 1112 inedns
1460 1072 1603 1112 suos.
1631 1056 1733 1111 Sed
1765 1056 1849 1108 die

266 1157 413 1211 aliud
443 1156 583 1225 quod
607 1166 658 1211 te
681 1154 895 1210 dicebas
915 1169 1031 1210 esse
1052 1151 1330 1206 dicturum.
1356 1150 1632 1218 Propheta,
1658 1148 1845 1217 inquit,

268 1248 340 1299 ait
369 1265 383 1298 :
412 1246 549 1300 Deus
576 1246 640 1299 ab
657 1246 829 1313 Africo
851 1244 1028 1297 veniet.
1061 1242 1247 1311 Etjam
1280 1241 1366 1295 ubi
1402 1240 1639 1305 Africus,
1668 1240 1845 1307 utique

265 1336 471 1391 Africa.
521 1335 565 1391 Ο
617 1335 1005 1390 testimonium!
1039 1332 1174 1386 Deus
1218 1332 1279 1385 ab
1328 1332 1498 1402 Africo
1540 1332 1714 1383 ueniet.
1766 1329 1845 1383 Ab

266 1426 448 1479 Africa
496 1426 673 1480 veniet
732 1425 909 1479 Deus?
954 1424 1189 1477 Alterum
1235 1421 1502 1476 Christum
1563 1421 1614 1474 itt
1668 1418 1843 1474 Africa

268 1516 447 1580 nasci,
475 1526 533 1571 et
567 1515 644 1570 ire
671 1531 766 1585 per
791 1514 1043 1569 mundum
1073 1512 1305 1567 haeretici
1339 1512 1666 1565 annuntiant.
1700 1510 1844 1578 Rogo

263 1606 391 1674 quid
421 1615 535 1669 est,
564 1602 700 1659 Deus
729 1606 789 1658 ab
814 1605 985 1676 Africo
1007 1605 1203 1658 veniet?
1224 1602 1276 1657 Si
1304 1602 1550 1656 diceretis
1569 1643 1583 1666 ,
1613 1601 1751 1655 Deus
1789 1601 1840 1655 in

266 1695 444 1748 Africa
469 1697 755 1762 remansit,
782 1696 965 1761 utique
1004 1696 1223 1765 turpiter
1261 1693 1510 1748 diceretis
1540 1711 1551 1745 :
1578 1684 1715 1745 nunc
1744 1706 1841 1744 au-

266 1797 371 1842 tem
395 1789 556 1842 etiam
580 1828 595 1853 ,
629 1788 708 1842 Ab
729 1788 903 1843 Africa
924 1788 1128 1853 veniet,
1162 1788 1354 1842 dicitis.
1383 1786 1633 1841 Novimus
1662 1786 1747 1839 ubi
1776 1786 1843 1841 sit

264 1886 422 1931 natus
445 1878 719 1943 Christus,
751 1878 836 1931 ubi
861 1877 929 1932 sit
955 1893 1139 1947 passus
1162 1919 1177 1939 ,
1203 1877 1288 1930 ubi
1335 1877 1384 1930 in
1425 1877 1617 1932 emittm
1656 1891 1840 1932 ascen-

262 1969 437 2035 derit,
462 1970 605 2026 unde
631 1970 918 2041 discipulos
949 1969 1185 2036 miserit,
1210 1969 1297 2024 ubi
1324 1984 1416 2024 eos
1436 1968 1633 2038 Spiritu
1655 1977 1840 2024 sancto

261 2063 587 2132 repleverit,
615 2063 700 2117 ubi
733 2079 826 2132 per
865 2072 1028 2116 totum
1057 2061 1307 2116 mundum
1342 2061 1703 2131 evangelizare
1724 2061 1838 2130 jus-

262 2154 394 2207 serit
422 2155 437 2184 ¹
468 2171 480 2206 :
512 2162 563 2207 et
588 2153 1018 2223 obtemperarunt
1039 2153 1088 2207 ei
1109 2194 1124 2219 ,
1148 2161 1201 2207 et
1234 2151 1479 2221 impletur
1508 2151 1649 2205 orbis
1677 2161 1841 2205 terra-

260 2260 378 2298 rum
412 2244 737 2314 Evangelio;
767 2252 821 2299 et
854 2254 908 2298 tu
948 2243 1081 2297 dicis
1102 2284 1115 2308 ,
1153 2243 1293 2298 Deus
1318 2242 1385 2296 ab
1425 2241 1601 2295 Africa
1628 2241 1838 2296 veniet?

326 2334 419 2388 39.
443 2332 511 2387 In
539 2333 826 2387 Douatistas
856 2351 953 2387 non
978 2334 1191 2405 quadrat
1215 2332 1544 2386 testimonium
1574 2331 1836 2386 llabacuc.

256 2456 328 2466 —
354 2426 494 2496 Ergo
544 2437 596 2479 tu
640 2425 799 2491 mihi,
831 2426 1030 2496 inquit,
1057 2440 1263 2495 expone
1302 2424 1425 2494 quid
1468 2432 1580 2491 est,
1613 2423 1747 2479 Deus
1776 2424 1838 2477 ab

254 2516 431 2585 Africo
462 2518 640 2570 veniet.
674 2517 767 2572 Dic
807 2526 1002 2582 totum,
1033 2527 1087 2572 et
1117 2516 1354 2570 fortassis
1388 2516 1666 2585 intelliges.
1701 2515 1838 2568 Deus

254 2609 318 2661 ab
344 2609 523 2678 Africo
549 2609 734 2673 ueniet,
756 2616 800 2662 et
821 2616 1021 2662 sanctus
1048 2607 1109 2661 de
1130 2616 1294 2662 monte
1320 2606 1570 2659 umbroso.
1599 2605 1677 2661 Tu
1709 2606 1837 2660 mihi

255 2713 499 2767 expone,
530 2699 573 2751 si
617 2699 728 2767 jam
755 2698 823 2753 ab
868 2697 1080 2766 Africa,
1110 2696 1375 2768 quomodo
1418 2697 1478 2749 de
1522 2706 1685 2749 monte
1722 2713 1834 2749 um-

255 2787 440 2841 broso?
472 2789 546 2842 De
584 2787 824 2843 Numidia
864 2796 985 2842 nata
1024 2796 1103 2843 est
1143 2802 1266 2857 pars
1304 2786 1526 2841 Donati:
1552 2787 1650 2855 ipsi
1690 2786 1833 2840 missi

254 2891 379 2934 sunt
409 2882 579 2949 pritno
610 2881 660 2934 in
689 2880 1075 2935 dissensionem
1095 2922 1108 2945 ,
1132 2888 1186 2934 et
1213 2879 1511 2943 tumultum,
1535 2888 1588 2933 et
1612 2878 1837 2932 scanda-

254 2969 397 3037 lum,
430 2980 731 3040 quaarentes
772 2971 954 3040 ingens
982 2969 1172 3023 vulnus
1195 2970 1238 3035 ',
1270 2968 1509 3022 Numida:
1534 2968 1789 3022 miserunt
1818 2984 1830 3023 :

252 3060 534 3115 Secundus
554 3063 871 3132 Tigisitanus
899 3062 1073 3127 misit;
1100 3061 1188 3115 ubi
1216 3061 1285 3115 sit
1315 3061 1495 3131 Tigisi,
1528 3071 1706 3115 notum
1730 3070 1829 3115 est.

252 3149 351 3217 Qui
382 3150 531 3205 missi
557 3160 678 3206 sunt
718 3151 924 3217 clerici,
952 3158 1099 3205 extra
1142 3159 1595 3220 congregaverant
1630 3150 1696 3204 ab
1730 3151 1830 3203 Ec-

250 3240 446 3307 clesia,
474 3240 543 3295 ad
578 3242 801 3297 clericos
830 3241 1162 3312 Carthaginis
1192 3240 1444 3296 accedere
1478 3242 1761 3295 noluerunt
1787 3240 1827 3309 ³,

251 3333 584 3390 visitatorem
631 3344 949 3405 posuerunt,
994 3349 1026 3389 a
1069 3332 1266 3388 Lucilla
1305 3333 1535 3402 suscepti
1570 3341 1692 3387 sunt
1728 3334 1827 3403 (α).

250 3423 459 3479 Auctor
490 3426 650 3479 totius
678 3425 833 3495 hujus
876 3424 997 3479 tituli
1038 3424 1258 3479 Numida
1306 3423 1583 3478 barreticus
1625 3423 1739 3476 fuit.
1772 3422 1827 3477 lu

248 3514 496 3570 Numidia
522 3557 537 3582 ,
570 3516 710 3571 unde
761 3524 976 3570 ventqu
1036 3523 1119 3571 est
1163 3514 1265 3569 huc
1310 3530 1429 3569 cum
1472 3523 1615 3567 tanto
1656 3515 1826 3580 malo,

250 3609 575 3662 muscarium
599 3607 620 3639 "
647 3609 729 3663 vix
762 3609 1045 3673 invenitur,
1078 3608 1130 3662 in
1171 3608 1494 3679 cupsonibus
1520 3607 1540 3638 ⁵
1566 3607 1822 3661 habitant.

248 3699 531 3765 Quomodo
572 3715 723 3753 mons
764 3699 1043 3754 umbrosus
1078 3697 1354 3752 Numidia?
1387 3698 1479 3751 Dic
1505 3697 1628 3750 mihi
1658 3711 1782 3767 ergo
1810 3714 1823 3751 :

248 3791 354 3844 noli
386 3792 490 3845 huc
526 3806 689 3861 usque
718 3791 970 3855 recitare,
1002 3788 1137 3843 Deus
1165 3789 1227 3841 ab
1250 3788 1420 3857 Africo
1438 3804 1458 3852 ;
1485 3788 1638 3857 exigo
1667 3797 1717 3841 ct
1744 3802 1828 3840 se-

245 3881 461 3948 quentia
484 3922 499 3944 ,
535 3879 596 3934 Et
634 3891 836 3935 sanctus
875 3880 936 3934 de
974 3889 1138 3933 monte
1174 3879 1425 3933 umbroso.
1458 3878 1561 3932 Sed
1604 3878 1824 3933 ostende

246 3972 375 4025 mihi
412 3982 617 4042 partem
660 3972 845 4026 Donati
891 3987 918 4025 a
960 3970 1233 4035 Numidia,
1262 3970 1329 4025 de
1356 3979 1535 4025 monte
1575 3969 1823 4025 ttmhroso

245 4063 447 4114 venire.
493 4061 706 4115 Iuvenis
745 4061 883 4114 nuda
924 4061 1131 4127 omnia,
1164 4060 1381 4130 pingues
1424 4059 1633 4129 quidem
1674 4074 1821 4114 cam-

247 4166 377 4219 pos,
429 4152 524 4206 sed
575 4152 1126 4207 frumentariosmon
1184 4151 1390 4206 olivetis
1442 4152 1672 4219 fertiles,
1716 4167 1820 4206 non

244 4244 453 4296 ueteris
476 4244 781 4298 nemoribus
807 4259 1065 4299 amaznos.
1100 4243 1250 4299 Unde
1284 4258 1409 4314 ergo
1429 4259 1581 4299 mons
1610 4244 1822 4298 umbro-

243 4352 333 4389 sus
365 4337 419 4390 in
444 4337 703 4390 Numidia:
728 4338 985 4407 partibus,
1014 4335 1154 4390 unde
1180 4335 1280 4390 hoc
1319 4335 1622 4390 scandalum
1646 4337 1822 4390 venit?

312 4425 542 4481 CAPUT
580 4426 717 4480 XVI.
750 4457 821 4467 —
851 4428 938 4483 40.
979 4425 1333 4496 lnterpretatio
1380 4428 1538 4481 uerior
1565 4428 1821 4497 propheta:

251 4513 515 4568 Habacuc.
573 4516 649 4570 Tu
736 4517 905 4586 mihi,
975 4516 1173 4587 inquit,
1221 4532 1346 4587 ergo
1419 4533 1624 4587 expone
1694 4518 1819 4588 quid

244 4616 340 4670 est,
388 4606 528 4659 Deus
565 4608 625 4660 ab
669 4608 843 4679 Africo
878 4609 1055 4674 ueniet,
1101 4618 1147 4662 et
1192 4618 1390 4663 sanctus
1427 4608 1489 4663 de
1515 4618 1679 4663 monte
1706 4627 1820 4665 um-

242 4698 407 4751 broso.
443 4698 574 4754 Vide
621 4716 777 4770 quam
823 4700 971 4756 facile
991 4716 1272 4769 exponam.
1329 4700 1504 4755 Primo
1530 4701 1654 4755 illud
1698 4703 1819 4758 audi

241 4789 378 4857 quod
408 4791 483 4844 ait
517 4790 767 4845 Dominus
796 4809 811 4846 :
848 4790 1115 4863 Oportebat
1144 4791 1396 4846 Christum
1425 4793 1550 4864 pati,
1580 4803 1625 4846 et
1653 4811 1819 4849 resur-

304 4927 322 4956 ι
347 4926 486 4989 (lim.
515 4936 566 4979 et
586 4935 715 4987 ωι,
742 4927 926 4979 miserit
941 4942 959 4989 ;
974 4929 1373 4979 dissentientibus
1393 4930 1583 4980 ueteris
1604 4928 1756 4981 libris.

299 4987 585 5056 fetet-ique,
612 4999 737 5056 Mss,
759 4987 1289 5056 quwrentesingem'um
1309 4989 1508 5056 uulneri.

300 5048 321 5078 ³
340 5048 501 5099 Codex
524 5050 608 5110 cl.,
623 5057 671 5116 et
693 5048 891 5116 clericos
911 5048 1208 5116 Carthaginis
1229 5052 1387 5116 accire
1410 5051 1674 5116 noluerunt.

297 5115 320 5138 ⁸
342 5119 444 5159 am.
472 5118 567 5170 Er.,
888 5113 1053 5163 Melius
1073 5112 1152 5162 alii
1167 5114 1377 5173 codices,
1388 5113 1695 5165 muscarium.
1716 5123 1816 5165 Non

242 5178 398 5229 iam
422 5186 513 5224 vox
540 5173 789 5239 ﬂabellum
824 5175 1101 5239 propriead
1123 5175 1387 5237 abigendas
1418 5189 1604 5239 muscas
1637 5175 1816 5239 signiﬁ-

240 5241 364 5300 fans,
385 5246 577 5284 necnon
606 5236 872 5300 herbarum
881 5236 1395 5300 grandioremcomam
1418 5238 1475 5285 ad
1505 5237 1552 5286 id
1577 5236 1712 5300 quasi
1735 5252 1815 5286 na-

240 5250 364 5289 mus,
385 5250 577 5284 necnon
608 5250 867 5285 uernarum
946 5250 1192 5285 anurorem
1214 5250 1266 5285 co

240 5296 696 5367 hrffemparatam.
718 5250 944 5367 Ptin._li§|:
973 5297 1045 5367 1?,
1066 5310 1171 5359 cap.
1191 5297 1266 5346 ω.

296 5351 317 5382 ⁵
340 5359 431 5413 Er.,
455 5351 957 5422 c'umutcursionibus.
975 5351 1136 5417 UIim.,'
1155 5373 1264 5409 cum
1287 5357 1337 5422 in
1360 5358 1657 5422 enpsombus.
1679 5368 1779 5410 Am.
1794 5398 1807 5418 ,

236 5423 342 5483 cum
362 5418 666 5479 cupsonibus.
696 5419 883 5483 Aliquot
920 5428 1045 5483 Mss._,
1082 5422 1133 5470 in
1170 5418 1478 5483 cursionibtts.
1516 5421 1736 5483 Plerique
1762 5431 1813 5472 et

238 5474 463 5544 meliores
478 5492 589 5544 cum
612 5487 741 5544 Low,
760 5474 811 5544 iit
832 5474 1114 5544 cupsonibus
1134 5494 1150 5531 :
1174 5482 1447 5544 idemneac
1469 5484 1515 5532 in
1540 5474 1813 5544 rupibuset

236 5534 508 5602 speluncis?
539 5543 671 5592 unde
693 5534 806 5592 dicti
831 5534 903 5590 illi
921 5544 1130 5603 ttutitani
1151 5534 1343 5592 in'libro
1361 5543 1426 5603 de
1450 5534 1633 5594 tinitat'e
1657 5543 1811 5595 Eccle-

236 5606 333 5653 ιιξῡ,
354 5612 461 5661 αφ.
486 5603 546 5661 5,
572 5612 623 5653 et
645 5605 901 5663 Cutthitae
926 5604 972 5652 in
992 5602 1195 5664 epistola
1217 5604 1293 5662 ὥ,
1323 5617 1369 5652 n.
1394 5602 1438 5652 2.

292 5679 364 5743 (ιε)
400 5685 480 5734 viai
504 5686 649 5749 Epist.
668 5686 750 5741 ὦ,
775 5693 823 5736 et
849 5685 929 5735 lib.
956 5686 1019 5735 de
1042 5687 1331 5736 ttzeresibus.

1681 297 1908 358 SERMO
1948 300 2122 356 XLVI.

3430 316 3525 378 2M

1959 431 2073 484 gere
2099 416 2240 469 tertio
2264 416 2362 483 die,
2390 427 2434 472 et
2464 418 2726 489 prwdicari
2759 424 2811 477 in
2836 426 3033 482 nomine
3052 428 3162 491 eius
3190 431 3527 500 paenitentiam

1959 514 2006 558 et
2035 507 2369 561 remissionem
2402 520 2713 580 peccatorum
2737 530 2826 585 per
2863 532 3032 571 onmes
3057 528 3244 589 gentes,
3285 522 3527 593 incipien-

1960 595 2091 648 tibus
2118 596 2179 649 ab
2202 596 2485 652 Jerusalem
2506 600 2653 669 (Luc.
2686 619 2836 669 xxiv,
2866 606 2956 669 46,
2979 607 3092 678 47).
3124 609 3258 666 Ecce
3277 612 3414 668 unde
3436 631 3526 669 γο-

1959 684 2083 739 niet.
2108 684 2465 756 lncipientibus
2492 705 2609 746 cum
2640 692 2791 758 dixit,
2827 695 2947 751 inde
2973 697 3154 768 utique
3178 715 3236 755 se
3258 694 3521 761 in'sauctis

1955 776 2065 829 suis
2103 776 2167 830 ad
2208 779 2336 833 alias
2373 791 2554 849 gentes
2591 793 2866 839 venturum
2906 802 3025 843 esse
3074 790 3331 858 prmdixit.
3382 795 3522 865 Lege

1954 865 2262 922 divisionem
2303 877 2455 923 terra:
2488 870 2711 925 filiorum
2743 873 2901 930 Israel
2934 877 2984 930 in
3012 880 3257 935 omnibus
3287 883 3524 939 tribubus

1955 956 2004 1009 in
2038 957 2169 1011 libro
2192 958 2315 1014 Jesu
2356 961 2497 1017 Nave
2530 980 2541 1015 :
2571 973 2750 1033 aperte
2781 967 2848 1020 ibi
2891 967 3087 1024 dictum
3127 979 3229 1039 est,
3271 973 3423 1029 Jebus
3459 980 3522 1029 ab

1953 1047 2144 1116 Africo,
2175 1066 2288 1105 oua:
2312 1062 2383 1105 est
2408 1052 2685 1108 Jerusalem
2713 1056 2889 1125 (Josue
2918 1075 3005 1126 xv,
3032 1062 3106 1132 8).
3135 1062 3293 1133 Lege,
3323 1081 3515 1135 qurere,

1951 1147 2004 1191 et
2031 1139 2282 1196 invenies.
2328 1142 2535 1197 Utinam
2581 1161 2699 1200 eum
2731 1149 3014 1216 inveneris,
3056 1154 3274 1219 credas;
3320 1157 3516 1211 utinam

1950 1228 2336 1288 animositatem
2364 1235 2615 1304 deponas.
2643 1237 2799 1294 Jebus
2827 1240 2889 1293 ab
2917 1243 3102 1313 Africo,
3138 1261 3251 1314 quia
3272 1257 3343 1300 est
3367 1248 3518 1303 Jeru-

1950 1321 2121 1375 salem.
2172 1322 2235 1376 Et
2277 1324 2546 1392 Dominus,
2590 1327 2952 1398 Incipientibus
2977 1331 3039 1384 ab
3065 1331 3344 1389 Jerusalem
3373 1352 3391 1390 :
3421 1339 3520 1393 hoc

1948 1424 2048 1478 est,
2102 1411 2235 1467 Deus
2278 1415 2339 1468 ab
2378 1416 2549 1487 Africo
2591 1419 2767 1472 veniet.
2817 1418 3092 1486 Quomodo
3131 1439 3257 1494 ergo
3292 1443 3322 1479 a
3355 1439 3519 1480 monte

1948 1502 2218 1557 umbroso?
2265 1505 2603 1575 Evangelinm
2644 1509 2753 1578 jam
2802 1510 2936 1579 lege.
2987 1513 3061 1568 De
3104 1525 3283 1570 monte
3325 1517 3517 1575 Oliveti

1945 1590 2184 1648 Christus
2210 1596 2445 1651 ascendit
2474 1598 2525 1651 in
2556 1600 2766 1655 emtum.
2798 1600 3052 1673 Sequere.
3084 1605 3150 1660 Et
3175 1594 3298 1675 quid
3326 1608 3515 1664 diluci-

1945 1680 2101 1735 dius?
2140 1684 2323 1751 Audis,
2365 1686 2426 1739 ab
2464 1688 2678 1759 Africo:
2705 1692 2920 1758 audisti,
2966 1693 3028 1747 de
3064 1706 3229 1749 monte
3256 1698 3510 1753 umbroso.

1945 1772 2137 1843 Legem
2182 1778 2495 1845 recitamus,
2540 1780 2881 1851 Evangelium
2922 1785 3223 1840 recitamus.
3270 1789 3509 1857 Audisti,

1943 1864 2302 1936 lncipientibus
2328 1870 2389 1921 ab
2429 1869 2711 1925 Jerusalem
2743 1874 2927 1937 :audi,
2962 1872 3065 1928 Per
3105 1892 3273 1931 omnes
3299 1889 3466 1949 gentes
3494 1921 3509 1946 ,

1944 1957 1995 2011 in
2022 1959 2207 2014 eodem
2252 1962 2525 2032 prOpheta.
2574 1964 2805 2034 Sequere
2829 1968 2986 2022 verba
3019 1969 3105 2023 illa
3133 1987 3249 2038 qua:
3274 1982 3514 2028 contem-

1943 2048 2112 2117 psisti,
2143 2051 2301 2104 verba
2338 2052 2423 2105 illa
2462 2069 2581 2123 quae
2622 2040 3043 2124 pmtermisisti:
3078 2058 3211 2113 Deus
3251 2063 3313 2115 ab
3344 2064 3513 2133 Africo

1942 2139 2117 2205 ueniet,
2151 2149 2196 2193 et
2224 2151 2425 2194 sanctus
2458 2143 2519 2196 de
2556 2154 2720 2199 monte
2745 2146 2974 2201 umbroso
3001 2164 3020 2201 :
3038 2151 3282 2220 coaperiet
3322 2164 3513 2208 montes

1943 2230 2117 2284 umbra
2145 2234 2273 2304 ejus,
2311 2245 2355 2288 et
2396 2236 2558 2307 gloria
2583 2238 2690 2308 ejus
2717 2238 2865 2308 plena
2894 2250 2965 2294 est
2990 2251 3121 2295 terra
3161 2241 3383 2314 (Habac.
3416 2262 3471 2300 ttt
3493 2285 3507 2311 ,

1942 2320 2021 2389 5).
2056 2320 2157 2375 Per
2175 2341 2341 2378 onmes
2359 2341 2482 2395 ergo
2497 2337 2682 2397 gentes,
2710 2329 3055 2400 incipientibus
3074 2334 3135 2386 ab
3154 2332 3438 2389 Jerusalem
3464 2340 3476 2369 ¹
3496 2356 3508 2391 :

1946 2412 2077 2466 Deus
2105 2414 2166 2466 ab
2204 2414 2375 2486 Africo
2404 2419 2578 2485 veniet,
2606 2428 2651 2472 et
2676 2431 2876 2474 sanctus
2903 2422 2965 2475 tle
3004 2434 3168 2477 monte
3192 2425 3420 2480 umbroso
3458 2437 3513 2483 et

1939 2506 2239 2573 condenso;
2287 2509 2334 2561 id
2366 2518 2465 2574 est,
2507 2526 2534 2563 a
2567 2520 2742 2566 monte
2770 2513 2978 2580 Oliveti,
3009 2515 3148 2571 unde
3190 2520 3427 2574 ascendit
3458 2486 3535 2575 ἱηχ

1939 2598 2151 2663 οωιιιιι),
2182 2598 2321 2654 unde
2347 2602 2487 2656 misit
2514 2601 2799 2672 discipulos
2837 2619 2979 2670 suos,
3010 2607 3095 2660 ubi
3126 2607 3282 2663 etiam
3325 2624 3512 2665 ascen-

1938 2704 2095 2743 surus
2120 2691 2232 2744 ait:
2268 2690 2387 2745 Non
2428 2695 2558 2746 enim
2590 2704 2805 2748 vestrum
2847 2706 2919 2749 est
2958 2698 3084 2751 scire
3113 2708 3356 2767 tentpora,
3401 2718 3512 2770 qtae

1943 2781 2094 2834 Pater
2123 2786 2286 2852 posuit
2313 2785 2362 2837 in
2395 2801 2488 2838 sua
2514 2794 2785 2855 potestate;
2809 2786 2898 2841 sed
2921 2780 3173 2859 accipietis
3196 2792 3424 2845 virtutem
3447 2809 3511 2847 ea:

1937 2872 2059 2934 alto,
2088 2882 2133 2925 et
2153 2875 2290 2927 eritis
2320 2875 2442 2928 mihi
2463 2885 2622 2929 testes.
2652 2876 2838 2933 Videte
2857 2880 3121 2948 quomodo
3144 2881 3323 2951 incipit
3345 2883 3511 2937 Evan-

1936 2962 2130 3032 gelium
2161 2981 2175 3018 :
2207 2964 2268 3017 Et
2297 2966 2431 3019 eritis
2456 2968 2580 3020 milii
2604 2977 2747 3023 testes
2767 2970 2819 3023 in
2842 2970 3143 3039 Jerusalem,
3173 2984 3220 3028 et
3244 2975 3295 3027 in
3326 2974 3508 3029 Judtea

1935 3063 1980 3105 et
2003 3052 2256 3120 Samaria,
2284 3066 2328 3109 et
2348 3072 2500 3126 usque
2519 3059 2569 3111 in
2597 3068 2748 3112 totant
2769 3070 2950 3113 terram
2969 3062 3102 3130 (Act.
3125 3080 3160 3129 t,
3187 3065 3237 3130 7,
3262 3065 3335 3131 8).
3367 3066 3506 3136 Ergo

1939 3144 2044 3199 Deo
2073 3147 2313 3201 veniente
2349 3146 2579 3213 Christo,
2628 3158 2681 3203 et
2709 3165 2899 3205 nomen
2942 3152 3075 3220 ejus,
3106 3161 3161 3207 et
3203 3155 3507 3224 pra'dicatio

1936 3236 2206 3305 Evangelii
2236 3238 2350 3307 ejus
2380 3238 2440 3292 ab
2485 3238 2789 3305 Jerusalem,
2829 3240 2879 3295 id
2916 3252 3017 3309 est,
3058 3243 3118 3297 ab
3147 3244 3361 3314 Africo;
3389 3250 3443 3301 et
3476 3263 3507 3300 a

1934 3336 2099 3380 monte
2118 3327 2365 3394 umbroso,
2402 3328 2453 3382 id
2480 3338 2581 3396 est,
2613 3346 2641 3383 a
2674 3340 2851 3385 monte
2875 3332 3064 3388 Oliveti
3095 3352 3107 3387 :
3136 3335 3254 3405 quia
3284 3353 3372 3405 per
3391 3354 3503 3391 om-

1933 3434 2017 3470 nes
2035 3428 2201 3487 gentes
2234 3419 2555 3474 diffamatum
2584 3431 2667 3477 est
2694 3423 3058 3494 Evangelium.
3089 3424 3290 3495 Operiet
3315 3438 3507 3483 montes

1932 3513 2107 3564 umbra
2125 3513 2308 3582 ejus,id
2326 3522 2407 3567 est
2423 3514 2747 3583 refrigerium
2768 3516 3166 3585 ejus,protectio
3177 3518 3318 3587 ejus;
3341 3531 3385 3573 et
3398 3520 3506 3573 lau-

1930 3604 2006 3656 dis
2023 3606 2127 3674 ejus
2148 3605 2295 3675 plena
2316 3617 2385 3659 est
2401 3616 2550 3659 terra.
2583 3608 2800 3662 Cantate
2820 3624 2943 3677 ergo
2959 3625 3078 3663 cum
3101 3617 3204 3664 tota
3226 3618 3360 3665 terra
3378 3627 3505 3667 can-

1932 3697 2087 3749 ticum
2112 3712 2301 3749 novum
2325 3713 2338 3761 ;
2367 3713 2470 3750 non
2501 3698 2758 3751 canticum
2782 3708 2930 3751 vetus
2957 3715 3074 3752 cum
3105 3702 3295 3763 arguto
3322 3710 3499 3756 terrm.

1997 3788 2219 3843 CAPUT
2260 3788 2417 3841 XVII.
2439 3790 2613 3842 ——il.
2640 3788 2913 3842 Donatista:
2930 3789 3150 3843 Simonis
3172 3790 3396 3859 Cyteutei
3422 3793 3501 3861 fa-

1928 3892 2057 3935 ctum
2079 3898 2170 3951 pro
2214 3898 2265 3934 se
2290 3881 2682 3949 interpretantes.
2711 3881 2895 3933 Dicunt
2922 3889 2976 3934 ct
3003 3881 3141 3934 aliud
3160 3900 3170 3933 :
3187 3880 3494 3952 Cyrenwus,

1929 3972 2189 4043 inquiunt,
2237 3971 2447 4040 quidam
2491 3970 2672 4025 Simon
2715 3971 3015 4039 angariatus
3060 3980 3160 4034 est,
3195 3981 3249 4024 ut
3289 3971 3500 4027 tollere.

1925 4076 2134 4116 crucem
2182 4061 2386 4115 Domini
2438 4059 2654 4133 (Matt/2.
2704 4075 2866 4123 xxv",
2911 4061 3030 4129 52).
3079 4060 3370 4131 Legimus:
3404 4062 3495 4116 sed

1926 4152 2047 4222 quid
2077 4161 2128 4206 te
2170 4152 2397 4221 adjuvet,
2439 4151 2557 4204 volo
2587 4151 2743 4204 scire.
2784 4150 3086 4222 Cyrenzeus,
3136 4152 3321 4222 inquit,
3374 4154 3501 4207 Afer

1924 4252 2005 4297 est
2037 4262 2049 4297 :
2079 4259 2243 4313 quare
2273 4244 2383 4313 ipse
2423 4243 2722 4312 angariatus
2750 4252 2831 4298 est
2874 4244 2962 4313 qui
3002 4259 3211 4299 crucem
3264 4246 3494 4301 tolleret.

1925 4335 2022 4390 Ubi
2067 4340 2137 4389 sit
2178 4336 2399 4406 Cyrene,
2450 4334 2581 4389 forte
2608 4335 2781 4389 nescis
2809 4352 2822 4387 :
2852 4334 3013 4405 Lybia
3053 4345 3151 4399 est,
3194 4336 3497 4407 Pentapolis

1923 4437 2024 4494 est,
2051 4428 2292 4496 contigua
2323 4436 2405 4480 est
2428 4426 2637 4491 Africm,
2662 4427 2726 4480 ad
2763 4426 3031 4482 Orientem
3057 4430 3220 4499 magis
3248 4432 3496 4500 pertinet.

1929 4518 2020 4572 Vel
2065 4517 2114 4572 itt
2142 4517 2510 4572 distributione
2550 4516 2936 4585 provinciarum
2985 4518 3364 4588 Imperatornm
3395 4536 3489 4575 co-

1921 4624 2116 4680 gnosce
2142 4626 2153 4661 :
2184 4608 2473 4677 imperator
2498 4608 2768 4662 orientalis
2798 4608 2955 4663 mittit
2972 4608 3202 4678 judicem
3229 4610 3295 4664 ad
3323 4611 3491 4681 Cyre-

1922 4718 2045 4758 nen.
2085 4703 2323 4757 Breviter
2368 4701 2661 4772 respondeo
2690 4720 2702 4754 :
2736 4701 2835 4757 Ubi
2864 4709 2944 4756 est
2975 4718 3096 4772 pars
3128 4703 3334 4769 Donati,
3382 4719 3492 4759 non

1922 4794 2181 4850 invenitur
2204 4793 2448 4864 Cyrene;
2479 4794 2564 4847 ubi
2593 4802 2675 4847 est
2697 4794 2921 4864 Cyrene,
2950 4810 3055 4848 non
3081 4794 3342 4848 invenitur
3369 4810 3492 4863 pars

1922 4886 2127 4939 Donati.
2159 4884 2429 4939 Manifesta
2456 4884 2647 4939 veritas
2671 4884 2933 4939 convincit
2953 4899 3208 4940 errorem.
3245 4884 3341 4937 Det
3361 4884 3492 4938 mihi

1918 4982 2178 5051 Cyrenen,
2210 4979 2300 5034 ubi
2342 4989 2423 5033 est
2463 4994 2583 5048 pars
2611 4979 2834 5044 Donati;
2862 4980 2953 5035 det
2979 4978 3105 5033 mihi
3134 4987 3336 5049 partem
3382 4979 3487 5033 Do-

1920 5072 2046 5136 nati,
2069 5072 2156 5127 ubi
2183 5080 2262 5126 est
2288 5070 2510 5142 Cyrene.
2545 5070 2876 5125 Manifestum
2900 5078 2981 5125 est
3007 5071 3168 5135 enim,
3199 5069 3409 5133 fratres,
3428 5070 3484 5123 in

1922 5162 2189 5232 Pentapoli
2219 5161 2512 5217 Eeclesiam
2554 5176 2673 5217 esse
2701 5161 3032 5227 catholicam,
3065 5170 3263 5230 partem
3298 5162 3489 5215 Donati

1919 5256 1987 5309 ibi
2015 5269 2118 5309 non
2151 5269 2289 5309 esse.
2336 5253 2439 5309 Sed
2469 5254 2640 5309 securi
2671 5254 2982 5308 irrideamus
3020 5251 3241 5318 flendos,
3272 5264 3326 5307 et
3362 5252 3491 5307 flea-

1916 5362 2034 5401 mus
2060 5344 2373 5401 irridendos.
2403 5344 2539 5412 Quid
2575 5344 2743 5399 dicis?
2769 5344 3011 5399 Meritum
3039 5342 3357 5415 Cyrenensis
3383 5344 3481 5399 hu-

1909 5439 1997 5510 jus
2019 5454 2265 5509 magnum
2291 5451 2695 5502 commemoras,
2722 5436 2843 5505 quia
2873 5434 2989 5489 tulit
3012 5449 3224 5491 crucem
3253 5436 3482 5497 Domini,

1978 5624 1993 5651 ι
2018 5627 2112 5668 Hoc
2128 5618 2234 5667 loco
2255 5625 2326 5665 Er.
2351 5625 2401 5666 et
2421 5602 2584 5677 [iures
2601 5614 2907 5677 rmanusa'ipti
2934 5612 3135 5663 addunt:
3155 5614 3393 5674 Quomodo
3416 5626 3472 5664 ut

1915 5680 2191 5738 (tinnitibus
2212 5679 2273 5730 ab
2294 5676 2559 5728 JeruSntem
2586 5676 2609 5725 .’
