3994 6450
531 336 638 394 293

529 469 583 514 et
612 456 795 512 Afrum
841 455 993 512 dicis.
1041 456 1326 514 Orientalis
1371 467 1473 513 est.
1520 459 1681 532 Lybia
1724 464 1862 518 enim
1900 465 2107 520 duobus

530 548 706 602 modis
747 548 958 614 dicitur,
1006 550 1084 604 vel
1137 550 1236 603 ista
1276 566 1392 619 qua:
1439 553 1648 621 praprie
1687 551 1864 608 Africa
1892 564 1995 620 est,
2026 556 2107 610 vel

528 637 615 694 illa
642 638 872 700 Orientis
895 653 1034 707 pars,
1062 654 1179 708 quae
1195 639 1436 710 contigua
1464 649 1547 695 est
1574 641 1786 708 Africm,
1814 652 1868 697 et
1888 644 2105 697 omnino

527 732 902 787 collimitanea.
926 730 1033 786 Sed
1063 731 1192 786 Afer
1215 731 1369 787 fuerit
1389 732 1730 804 Cyrenensis.
1759 735 1977 789 Beatum
2010 751 2106 804 pu-

527 831 629 888 tas,
661 821 799 892 quod
829 822 1127 892 angariatus
1165 837 1376 878 crucem
1421 823 1637 878 tulerit?
1677 823 1887 891 Quanto
1917 826 2105 879 melius

528 917 660 970 forte
684 915 877 969 diceret
894 915 1030 968 alius
1052 915 1102 968 in
1123 915 1442 969 Arimathma
1470 919 1788 970 remansisse
1809 916 2102 970 Ecclesiam

522 1006 718 1062 Christi
741 1007 764 1060 ?
789 1008 919 1075 Quia
941 1006 1137 1076 Joseph
1167 1006 1256 1061 ille
1280 1007 1427 1062 dives
1451 1009 1517 1063 ab
1539 1007 1877 1073 Arimathma,
1903 1005 2104 1062 habens

521 1107 644 1153 ante
669 1099 852 1153 oculos
879 1109 1098 1167 regnum
1133 1097 1245 1163 Dei,
1272 1112 1376 1152 non
1401 1099 1725 1168 angariatus,
1754 1114 1859 1154 non
1888 1105 2102 1152 coactus

521 1190 665 1244 venit
691 1188 758 1243 ad
799 1203 1009 1242 crucem
1047 1187 1255 1242 Domini
1288 1205 1300 1239 :
1329 1203 1449 1242 cum
1488 1189 1667 1243 caeteri
1718 1188 2098 1254 formidarent,

519 1279 673 1351 petiit
699 1295 725 1332 a
769 1279 934 1333 Pilato
959 1278 1319 1348 sepeliendum
1361 1294 1554 1350 corpus
1583 1281 1810 1346 Domini,
1839 1279 1904 1334 de
1947 1281 2090 1350 ligno

518 1366 782 1440 deposuit,
811 1369 1094 1424 obsecutus
1131 1377 1212 1423 est
1237 1369 1428 1437 funeri,
1461 1370 1513 1424 in
1532 1370 1776 1441 sepulcro
1820 1371 2054 1425 condidit
2082 1412 2097 1436 ,

519 1461 756 1517 laudatus
782 1469 864 1516 est
889 1461 940 1515 iu
974 1460 1256 1530 Evangelio
1283 1460 1491 1529 (Matth.
1523 1477 1684 1527 xxvu,
1713 1459 1921 1531 ὅτ’-60).
1967 1463 2097 1528 Quia

517 1563 645 1623 ergo
683 1552 750 1606 de
797 1551 1118 1606 Arimathtca
1159 1551 1254 1605 fuit
1304 1551 1402 1606 iste
1449 1551 1566 1621 pius
1593 1560 1795 1606 tantum
1840 1551 2097 1606 exhibens

516 1643 828 1713 obsequium
874 1643 1084 1711 corpori
1119 1641 1349 1709 Domini,
1398 1641 1448 1695 in
1493 1643 1811 1698 Arimathzea
1844 1644 2099 1698 remansit

516 1734 794 1789 Ecclesia?
824 1734 929 1788 Aut
969 1734 1013 1787 si
1060 1733 1226 1803 magis
1258 1744 1354 1787 vos
1406 1729 1634 1788 delectat
1677 1734 1998 1804 angariatus,
2046 1735 2095 1790 id

514 1837 617 1894 est,
666 1827 754 1897 qui
800 1827 1004 1898 cogitur
1032 1826 1220 1881 tollere
1261 1841 1518 1880 crucem:
1551 1836 1694 1881 recte
1738 1842 1864 1897 ergo
1901 1826 2096 1881 faciunt

514 1917 861 1988 imperatores
922 1915 1206 1982 catholici,
1264 1917 1354 1987 qui
1410 1931 1505 1970 vos
1556 1926 1748 1986 cogunt
1795 1917 1860 1971 ad
1918 1917 2093 1970 unita-

514 2019 644 2067 tem.
987 2093 1216 2155 SERMO
1258 2094 1438 2152 XLVII
1465 2102 1483 2121 α
1511 2097 1607 2171 (η).

513 2186 592 2247 De
611 2192 803 2258 ovibus,
834 2192 888 2245 in
929 2190 1162 2245 Ezechiel
1186 2207 1300 2260 cap.
1332 2205 1519 2253 xxxtv,
1544 2189 1731 2256 17-51,
1768 2190 1829 2243 ab
1850 2188 1951 2244 illis
1979 2205 2090 2243 ver-

580 2280 675 2345 bis,
706 2283 775 2336 Et
797 2296 894 2336 vos
913 2296 1041 2336 oves
1066 2296 1217 2346 meas,
1250 2289 1369 2347 etc.,
1390 2297 1563 2350 usque,
1596 2281 1661 2334 Et
1697 2296 1795 2351 ego
1823 2281 1961 2338 Deus
2004 2298 2095 2336 \e-

579 2383 708 2439 stcr,
737 2371 866 2426 dicit
895 2371 1150 2425 Dominus
1177 2371 1335 2425 Deus.
1365 2368 1553 2424 Contra
1578 2369 1869 2426 Donatistas
1901 2371 1992 2443 (ὁ).

579 2484 802 2541 CAPUT
839 2484 1118 2539 PRIMUM.
1144 2514 1214 2523 —
1252 2485 1303 2538 1.
1355 2482 1484 2538 Oves
1533 2501 1734 2554 pascua:
1763 2495 1808 2538 et
1852 2502 2090 2539 manuum

507 2566 606 2631 Dei
641 2592 831 2630 sumus.
882 2575 1050 2630 Verba
1081 2591 1199 2646 qua:
1239 2575 1590 2640 canit-vimus,
1643 2577 1919 2630 continent
1963 2593 2088 2647 pro-

507 2667 792 2722 fessionem
821 2676 1080 2730 nostram,
1126 2667 1249 2736 quia
1295 2681 1421 2721 oves
1467 2667 1560 2721 Dei
1591 2682 1774 2721 sumus
1809 2686 1821 2721 :
1864 2685 1961 2723 nec
1993 2671 2090 2722 im-

505 2768 730 2830 portune
759 2759 1025 2828 poscimus
1052 2773 1174 2812 cum
1221 2751 1470 2830 lacrymis
1501 2757 1614 2829 ejus
1645 2755 2085 2828 miscricordiam,

503 2852 655 2921 cujus
693 2866 820 2906 oves
863 2866 1066 2905 sumus.
1117 2851 1354 2905 Diximus
1403 2852 1544 2906 enim
1589 2870 1601 2906 :
1644 2852 1915 2909 Ploremns
1975 2867 2091 2910 ante

504 2937 800 3010 Dominum,
841 2943 928 3014 qui
969 2943 1086 3014 fecit
1128 2960 1255 3010 nos;
1299 2945 1537 3014 quoniam
1585 2946 1693 3016 ipte
1729 2958 1802 3001 est
1839 2947 2088 3003 Dominus

504 3027 642 3088 Deus
677 3045 861 3088 noster.
903 3033 981 3089 Ne
1021 3034 1300 3104 quisquam
1329 3035 1547 3104 plorans
1576 3051 1634 3091 se
1663 3037 1900 3092 exaudiri
1929 3054 2087 3110 posse

503 3125 769 3196 desperet,
800 3135 1210 3181 commemorata
1241 3134 1321 3180 est
1349 3127 1686 3183 necessitudo
1711 3129 1954 3198 qumdam
1987 3146 2082 3186 ex-

503 3216 749 3272 audiendi
793 3231 890 3271 nos
935 3217 1092 3271 Deo':
1127 3216 1376 3283 Quoniam
1404 3219 1512 3288 ipse
1548 3228 1619 3272 est
1659 3217 1906 3274 Dominus
1947 3220 2086 3277 Deus

502 3318 689 3374 noster,
737 3309 823 3378 qui
865 3309 984 3380 fecit
1025 3325 1135 3362 nos.
1180 3308 1278 3363 Ille
1317 3308 1452 3362 Deus
1497 3321 1705 3366 noster:
1733 3327 1822 3366 nos
1867 3315 2085 3384 papulas

503 3416 703 3470 pascua:
736 3405 847 3472 ejus
871 3411 917 3455 et
946 3417 1057 3455 oves
1085 3417 1325 3454 manuum
1349 3403 1456 3472 ejus
1485 3401 1690 3475 ‘(PsaL
1719 3420 1863 3472 κων,
1896 3406 2080 3476 6et7).

501 3493 747 3546 Pastorcs
792 3492 1052 3558 homines,
1094 3490 1179 3546 vel
1217 3495 1376 3547 etiam
1425 3494 1833 3562 patresfamilias
1881 3497 2082 3555 domini

501 3595 774 3649 pecorum,
809 3595 936 3634 oves
965 3596 1095 3651 quas
1121 3579 1336 3648 habent,
1369 3597 1473 3636 non
1520 3584 1617 3654 ipsi
1647 3587 1921 3654 fecerunt;
1953 3604 2082 3645 oves

497 3687 629 3740 quas
658 3679 898 3741 pascunt,
928 3688 1030 3726 non
1062 3673 1159 3742 ipsi
1185 3684 1499 3730 creaverunt
1532 3693 1545 3727 :
1570 3687 1751 3732 noster
1772 3688 1947 3735 autem
1977 3683 2082 3737 Do.

499 3761 674 3814 minus
702 3761 863 3829 Deus,
895 3757 1017 3832 quia
1049 3763 1186 3817 Deus
1210 3771 1264 3818 et
1291 3774 1500 3820 creator
1525 3775 1625 3834 est,
1658 3767 1784 3824 feeit
1820 3771 1920 3826 sibi
1949 3787 2076 3830 oves

495 3857 627 3921 quas
653 3850 861 3918 habeat,
896 3863 950 3909 et
973 3870 1106 3925 quas
1135 3865 1349 3924 pascat;
1381 3874 1479 3913 nec
1506 3860 1643 3915 alter
1667 3861 1915 3932 instituit,
1947 3883 2079 3935 quas

497 3942 610 4011 ipse
636 3945 839 4012 pascit;
869 3960 967 3999 nec
992 3961 1123 4015 quas
1151 3948 1264 4016 ipse
1289 3948 1531 4016 instituit,
1560 3952 1695 4006 alter
1734 3957 1919 4023 pascit.
1952 3958 2078 4013 Plo-

496 4048 677 4087 remus
701 4050 828 4103 ergo
856 4045 979 4090 ante
1018 4038 1185 4091 illum.
1219 4039 1398 4107 Neque
1423 4043 1562 4096 enim
1594 4045 1646 4096 in
1685 4046 1826 4101 bono
1855 4065 2037 4107 sumus
2060 4095 2075 4119 ,

493 4137 614 4176 cum
663 4123 714 4177 in
761 4123 863 4178 hoc
913 4127 1108 4180 saeculo
1146 4142 1348 4182 sumus.
1401 4130 1533 4185 Cum
1565 4135 1706 4189 enim
1751 4139 2078 4206 placebimus

500 4214 723 4268 Domino
749 4214 802 4268 in
842 4217 1058 4286 regione
1083 4218 1344 4286 vivorum,
1374 4229 1496 4277 tunc
1534 4225 1877 4297 dctergentur
1901 4233 2074 4307 lacry-

495 4319 597 4358 mze
624 4315 852 4371 nostrae;
880 4315 934 4361 et
957 4308 1196 4364 dicemus
1226 4312 1274 4365 ei
1301 4312 1504 4381 laudes,
1548 4318 1636 4386 qui
1666 4337 1763 4376 nos
1786 4327 1980 4381 exemit
2009 4329 2076 4385 de

497 4395 721 4450 vinculis
742 4397 946 4462 mortis,
970 4399 1131 4468 pedes
1152 4413 1365 4459 nostros
1389 4420 1418 4458 a
1445 4406 1620 4476 lapsu,
1649 4413 1833 4468 oculos
1859 4427 2074 4476 nostros

491 4500 521 4539 a
565 4486 831 4558 lacrymis,
879 4497 935 4542 ut
977 4490 1280 4559 placeamus
1308 4495 1534 4553 Domino
1577 4501 1629 4554 in
1678 4505 1892 4575 regione
1923 4511 2071 4565 vivo-

491 4590 609 4630 rum
639 4575 809 4648 (Psal.
841 4593 980 4644 cxw,
1009 4581 1101 4636 8et
1119 4581 1172 4653 9)
1201 4601 1213 4637 :
1248 4585 1370 4654 quia
1415 4587 1630 4645 difﬁcile
1661 4604 1743 4649 cst
1787 4607 1843 4652 ut
1881 4601 1928 4654 ei
1961 4603 2072 4671 pla-

489 4676 674 4722 ccatur
699 4667 750 4721 in
780 4670 996 4739 regione
1023 4681 1372 4729 mortuorum.
1407 4679 1501 4733 Est
1527 4691 1704 4738 autem
1733 4696 1789 4742 et
1817 4689 1903 4744 hie
1933 4667 2070 4751 unde

489 4757 564 4812 illi
587 4759 908 4828 placeamus,
924 4763 1039 4832 ejus
1060 4764 1475 4826 misericordiam
1494 4775 1544 4828 in
1561 4793 1657 4832 nos
1677 4778 2069 4854 deprecando,a

489 4853 720 4920 peccatis
737 4870 852 4921 nos,
871 4867 1123 4926 quantum
1147 4875 1442 4930 possumus,
1475 4869 1812 4944 abstinendo,
1828 4879 1878 4932 in
1903 4899 2068 4950 quau-

490 4953 600 4998 tum
620 4955 798 5000 autem
815 4963 918 5001 non
938 4965 1238 5018 possumus,
1262 4957 1560 5014 confitendo
1577 4969 2064 5042 atqucplangendo.

487 5032 561 5089 Ita
589 5036 641 5090 in
670 5036 769 5093 bac
799 5041 901 5092 vita
933 5056 1118 5097 sumus
1139 5057 1417 5115 sperantes
1441 5053 1596 5108 aliain
1629 5058 1815 5128 vitam,
1848 5066 2064 5134 ploran-

487 5135 566 5180 tes
593 5132 642 5182 in
672 5144 767 5199 spe
800 5149 812 5184 :
855 5132 963 5187 imo
1010 5135 1278 5204 plorantes
1317 5141 1368 5195 in
1418 5159 1496 5212 rc,
1533 5151 1826 5218 gaudentes
1849 5132 1904 5212 in
1943 5175 2060 5231 spe.

557 5216 608 5270 9..
653 5216 881 5277 Pastoris
923 5241 1018 5279 eoa:
1065 5243 1179 5280 cum
1230 5239 1443 5289 tremore
1489 5216 1764 5298 audienda.
1831 5216 2061 5311 Professi

546 5358 563 5388 ι
589 5357 724 5408 vlim.
751 5369 802 5412 et
831 5371 962 5438 hom,
983 5375 1029 5420 et
1048 5383 1166 5435 opus
1189 5387 1418 5428 ntmtuum
1433 5380 1552 5442 ejus.
1567 5385 1738 5438 Verius
1760 5396 1832 5439 Er.
1859 5401 1908 5445 et
1931 5401 2058 5460 Mss,

546 5431 646 5460 om:
666 5435 890 5460 mansum
912 5442 1015 5460 om.

479 5424 527 5468 et
539 5431 646 5490 oves
666 5435 893 5490 manum
911 5424 1031 5490 ejus.

589 5483 979 5572 uecogp'i‘tnu'sl‘est
1015 5493 1073 5572 ad
1096 5508 1268 5548 omnes
1298 5502 1488 5572 codices
1517 5507 1722 5572 scriptos
1760 5520 1812 5564 et
1850 5529 2057 5572 excuses

479 5553 562 5603 qut
598 5553 647 5592 In
680 5557 910 5599 sermone
945 5555 1085 5604 modo

538 5603 614 5729 go;
647 5605 784 5667 Alias,
810 5609 858 5658 in
881 5618 1010 5664 tomo
1029 5603 1077 5667 9.

562 5664 590 5711 b
644 5673 759 5718 Loca
783 5683 847 5723 ex
872 5675 961 5729 hoc
983 5690 1077 5729 trac

474 5664 611 5778 mali)
644 5664 847 5723 Loca'ex
872 5675 961 5729 hoc
983 5664 1182 5735 tractatu
1205 5685 1358 5740 refert
1380 5686 1544 5740 Florus
1562 5691 1622 5742 ad
1643 5700 1769 5748 nom.
1804 5713 1848 5764 ι,
1884 5711 1937 5756 ει
1965 5715 2052 5761 ca.
2072 5764 2090 5780 ⁵

1123 5562 1418 5622 prmcedenti
1448 5562 1784 5631 designantur.

1765 347 1818 402 S.
1863 349 1901 402 Α
1911 347 2223 407 UGUSTINI
2267 347 2563 414 EPISCOPI

3677 377 3780 434 296

2217 485 2344 541 ergo
2384 474 2434 527 in
2483 475 2583 529 hoc
2609 477 2834 546 cantico,
2867 480 2987 550 quia
3038 497 3162 538 oves
3190 483 3303 555 ejus
3328 501 3528 557 sumus,
3563 497 3782 564 populus

2217 576 2423 629 pascuae
2448 564 2583 634 ejus,
2618 582 2745 623 oves
2782 585 3028 627 manuum
3071 574 3217 645 ejus;
3248 579 3524 638 audiamus
3563 587 3685 655 quid
3714 591 3778 646 ad

2215 667 2312 706 nos
2327 654 2590 723 loquatur,
2617 667 2861 730 tanquam
2880 663 2942 717 ad
2961 679 3085 720 oves
3105 682 3243 722 suas.
3264 670 3472 728 Pridem
3490 654 3782 745 pastoribus

2215 741 2531 812 loquebatur
2566 752 2838 820 superiore
2870 755 3125 811 lectione:
3146 763 3390 827 prmsenti
3419 774 3594 822 autem
3618 778 3670 824 ct
3699 772 3783 826 ho-

2211 829 2393 887 dierna
2439 836 2626 892 ovibus
2655 840 2902 909 loquitur.
2938 844 2990 898 in
3023 846 3124 902 illis
3150 864 3276 920 ergo
3303 851 3419 921 ejus
3458 857 3634 913 verbis
3680 877 3779 916 nos

2211 939 2330 978 cum
2373 937 2600 984 tremore
2644 933 3009 1002 audiebamus,
3039 950 3131 994 vos
3156 957 3273 996 cum
3314 946 3782 1022 securitatezquid

2209 1029 2335 1086 ergo
2363 1017 2414 1072 in
2443 1020 2555 1076 istis
2583 1023 2760 1078 verbis
2789 1025 3098 1084 hodiernis?
3123 1030 3385 1103 Numquid
3420 1037 3655 1094 vicissim
3673 1017 3786 1098 nos

2209 1121 2326 1160 cum
2369 1113 2676 1180 securitate,
2695 1130 2790 1170 vos
2809 1131 2927 1171 cum
2959 1123 3226 1177 tremore?
3265 1124 3379 1179 Non
3429 1129 3624 1198 utique.
3671 1131 3787 1188 Pri-

2209 1212 2318 1264 mo,
2367 1203 2487 1270 quia
2535 1205 2633 1260 etsi
2689 1215 2930 1275 pastores
2981 1225 3198 1281 sumus,
3227 1225 3410 1284 pastor
3457 1235 3558 1274 non
3613 1223 3785 1279 solum

2209 1291 2348 1358 quod
2397 1293 2588 1348 dicitur
2619 1298 2684 1350 ad
2717 1309 2980 1368 pastores,
3014 1313 3133 1358 eUm
3187 1314 3416 1364 tremore
3463 1312 3642 1379 audit,
3693 1317 3787 1371 sed

2209 1382 2369 1436 etiam
2408 1384 2548 1453 quod
2586 1386 2778 1443 dicitur
2796 1391 2861 1444 ad
2889 1408 3034 1448 oves.
3091 1394 3147 1450 Si
3191 1398 3331 1452 enim
3382 1415 3599 1458 securus
3641 1406 3789 1461 audit

2208 1473 2348 1540 quod
2399 1473 2464 1528 ad
2515 1491 2642 1532 oves
2685 1479 2898 1549 dicitur,
2923 1500 3026 1538 non
3055 1495 3134 1539 est
3181 1487 3253 1541 illi
3296 1506 3420 1545 cura
3469 1493 3534 1547 de
3575 1496 3783 1552 ovibus.

2207 1561 2411 1620 Deinde
2447 1567 2557 1637 jam
2601 1577 2658 1624 et
2704 1579 2830 1627 tunc
2870 1574 3098 1633 diximus
3131 1578 3386 1636 Charitati
3429 1594 3639 1655 vestrae,
3679 1589 3788 1646 duo

2203 1653 2443 1721 quaedam
2488 1657 2538 1710 in
2589 1660 2741 1715 nobis
2786 1677 2905 1719 esse
2951 1667 3334 1725 consideranda
3365 1689 3602 1744 :unum,
3642 1681 3786 1748 quod

2203 1745 2473 1803 christiani
2538 1764 2753 1817 sumus;
2802 1755 3028 1812 alterum
3085 1761 3225 1830 quod
3275 1768 3537 1835 praepositi
3577 1785 3786 1827 sumus.

2202 1839 2351 1907 Quod
2384 1857 2510 1912 ergo
2542 1842 2809 1915 praepositi
2857 1863 3040 1907 sumus
3063 1893 3078 1917 ,
3125 1854 3264 1910 inter
3288 1867 3530 1924 pastores
3558 1859 3790 1931 deputa-

2202 1943 2340 2000 mur,
2382 1936 2426 1989 si
2470 1936 2593 1991 boni
2634 1951 2857 1996 sumus:
2889 1944 3029 2013 quod
3053 1955 3229 2002 autem
3258 1948 3532 2006 christiani
3567 1969 3785 2023 sumus,

2199 2031 2254 2078 et
2301 2040 2398 2080 nos
2463 2027 2734 2085 vobiscum
2798 2047 2924 2089 oves
2992 2051 3175 2092 sumus
3216 2037 3237 2110 (
3263 2038 3329 2094 In
3375 2044 3633 2112 superiore
3682 2053 3791 2101 ser-

2199 2135 2365 2188 mone,
2390 2140 2442 2176 n.
2470 2123 2554 2195 2).
2584 2126 2707 2182 Sive
2731 2143 2859 2198 ergo
2881 2130 3140 2187 Dominus
3179 2136 3477 2203 pastoribus
3514 2139 3786 2210 loquatur,

2198 2209 2309 2265 sive
2335 2213 2539 2276 ovibus.
2567 2233 2665 2271 nos
2711 2220 2888 2273 omnia
2917 2235 3036 2275 cum
3066 2231 3295 2281 tremore
3321 2238 3529 2296 oportet
3557 2232 3746 2288 audire
3771 2252 3785 2288 :

2199 2315 2296 2355 nec
2326 2304 2537 2359 recedat
2566 2303 2865 2366 sollicitudo
2890 2311 2958 2366 de
2983 2315 3231 2373 cordibus
3257 2321 3454 2375 nostris
3473 2361 3487 2387 ,
3516 2332 3573 2376 ut
3599 2324 3786 2393 plores

2197 2409 2315 2448 mus
2345 2399 2466 2450 ante
2487 2398 2767 2456 Dominum
2788 2404 2877 2473 qui
2905 2403 3030 2459 fecit
3053 2422 3172 2462 nos.

2265 2479 2489 2543 CAPUT
2521 2487 2582 2543 li.
2614 2522 2682 2531 —
2727 2494 2779 2547 '5.
2833 2493 3009 2567 Gregis
3055 2497 3147 2553 Dei
3184 2504 3446 2559 securitas.
3491 2506 3790 2565 Audiamus

2195 2575 2371 2647 itaque
2391 2620 2404 2642 ,
2438 2580 2627 2636 fratres
2650 2625 2664 2648 ,
2699 2584 2838 2640 unde
2864 2586 3123 2644 Dominus
3147 2605 3275 2647 oves
3314 2594 3584 2664 improbas
3606 2601 3790 2657 corri-

2195 2667 2334 2736 piat,
2373 2678 2430 2724 et
2467 2670 2594 2741 quid
2639 2676 2912 2742 promittat
2949 2677 3136 2736 ovibus
3164 2683 3293 2738 suis.
3347 2676 3417 2740 Et
3442 2704 3556 2757 vos,
3587 2691 3788 2762 inquit,

2194 2773 2308 2812 oves
2354 2769 2478 2815 mea:
2502 2804 2517 2829 ,
2566 2759 2672 2818 haec
2701 2765 2821 2820 dicit
2847 2760 3095 2826 Dominus
3121 2770 3276 2828 Deus.
3323 2777 3502 2833 Primo
3523 2820 3539 2847 ,
3583 2793 3792 2852 quanta

2195 2847 2418 2906 felicitas
2445 2862 2545 2921 cst,
2575 2871 2692 2911 esse
2715 2873 2927 2929 gregem
2957 2862 3071 2928 Dei,
3107 2865 3149 2918 si
3176 2866 3294 2935 quis
3313 2869 3528 2939 cogitet,
3559 2847 3787 2943 fratres,

2197 2941 2356 2997 etiam
2385 2945 2436 2998 in
2470 2946 2585 3001 istis
2613 2948 2866 3021 lacrymis
2903 2963 2956 3008 et
2986 2955 3038 3009 in
3072 2957 3184 3011 istis
3212 2959 3633 3020 tribulationibus
3664 2941 3794 3022 ma;

2193 3047 2354 3102 gnum
2382 3035 2635 3106 gaudium
2681 3043 2928 3112 concipit.
2975 3045 3155 3116 Neque
3197 3051 3339 3105 enim
3387 3053 3441 3106 in
3468 3054 3582 3122 ejus
3615 3069 3796 3129 grege

2192 3132 2274 3177 est
2293 3164 2307 3190 ,
2337 3140 2495 3194 quem
2529 3127 2636 3198 lupi
2659 3142 2882 3200 possunt
2907 3131 3174 3205 ﬂagellare
3194 3180 3208 3204 ,
3237 3150 3328 3195 aut
3352 3143 3504 3212 cujus
3529 3127 3795 3204 somnum

2197 3224 2422 3281 possunt
2447 3221 2660 3286 captare
2689 3221 2987 3288 praedones.
3017 3225 3096 3280 Illi
3125 3228 3266 3282 enim
3305 3230 3504 3286 dictum
3533 3245 3648 3300 est,
3685 3237 3798 3304 Qui

2191 3306 2356 3372 pascis
2400 3305 2563 3362 Israel
2608 3308 2780 3382 (Psal.
2814 3329 3002 3381 LXXIX,
3043 3315 3142 3383 2);
3195 3318 3262 3375 de
3299 3337 3405 3391 quo
3442 3323 3640 3380 dictum
3676 3339 3794 3395 est,

2192 3389 2312 3448 Non
2353 3396 2601 3466 dormiet,
2648 3417 2804 3472 neque
2845 3404 3167 3473 dormitabit,
3220 3389 3329 3478 quib
3354 3415 3568 3468 custodit
3611 3389 3801 3473 Israel

2190 3484 2362 3555 (Psal.
2395 3505 2498 3544 cxx
2517 3531 2533 3558 ,
2562 3491 2641 3563 4).
2691 3492 2885 3565 Vigilat
2920 3512 3047 3568 ergo
3090 3499 3180 3555 ille
3205 3513 3366 3572 seper
3395 3520 3490 3559 nos
3515 3505 3802 3576 vigilanti-

2188 3577 2288 3634 bus
2312 3582 2499 3648 nobis,
2531 3583 2710 3652 vigilat
2743 3597 2796 3642 et
2829 3588 3217 3648 dormientibus
3254 3593 3425 3650 nobis.
3465 3596 3521 3652 Si
3549 3614 3684 3669 ergo
3720 3602 3800 3657 de

2187 3679 2404 3739 pastore
2434 3673 2650 3730 homine
2691 3691 2938 3734 securum
2963 3691 3044 3735 est
3073 3698 3235 3751 pecus
3265 3684 3529 3755 hominis;
3575 3704 3799 3760 quanta

2186 3759 2344 3816 debet
2369 3780 2490 3820 esse
2518 3775 2698 3822 nostra
2721 3771 2978 3826 securitas
2998 3785 3246 3843 pascente
3270 3777 3398 3844 Deo,
3429 3796 3532 3835 non
3563 3759 3796 3839 tantum

2185 3852 2306 3920 quia
2333 3855 2494 3923 pascit
2526 3871 2644 3924 nos,
2673 3858 2766 3913 sed
2796 3861 2955 3915 etiam
2975 3864 3098 3933 quia
3123 3865 3245 3921 fecit
3272 3870 3408 3922 nos?

2255 3939 2481 4000 CAPUT
2512 3945 2599 4001 ΙΙΙ.
2628 3979 2699 3990 —-
2736 3951 2793 4004 4-
2831 3944 2940 4006 Vox
2981 3957 3198 4023 pastoris
3242 3975 3372 4012 nunc
3410 3964 3650 4032 temporis
3681 3983 3800 4019 au-

2183 4032 2390 4088 dienda.
2467 4036 2577 4091 Una
2608 4047 2689 4093 est
2718 4051 2896 4095 nostra
2941 4041 3246 4101 sollicitudo
3266 4090 3280 4114 ,
3331 4065 3451 4120 qua:
3480 4050 3635 4107 nobis
3671 4057 3798 4110 im-

2185 4123 2430 4193 ponitur,
2468 4127 2653 4183 audire
2681 4145 2866 4186 vocem
2896 4135 3121 4204 pastoris
3156 4155 3168 4190 :
3201 4147 3254 4192 et
3279 4150 3361 4193 est
3391 4157 3528 4197 nunc
3555 4152 3802 4216 tempus

2181 4215 2462 4285 audiendi,
2504 4219 2625 4288 quia
2669 4219 2758 4276 ille
2795 4225 3027 4279 nondum
3085 4231 3371 4300 assumpsit
3409 4241 3616 4305 tempus
3676 4215 3802 4308 θεη-

2181 4307 2409 4363 dicandi.
2467 4309 2566 4377 Qui
2591 4312 2841 4383 loquitur,
2867 4316 3025 4372 modo
3057 4327 3214 4374 tacet.
3253 4323 3509 4393 Loquitur
3533 4307 3705 4383 enini
3736 4333 3800 4386 in

2182 4406 2471 4468 praecepto,
2498 4408 2636 4455 tacet
2661 4402 2712 4456 in
2729 4399 2948 4472 judicio.
2983 4406 3106 4462 ideo
3125 4409 3252 4466 dicit
3278 4413 3504 4481 quodam
3528 4416 3578 4470 in
3605 4415 3756 4475 loco
3781 4440 3798 4476 :

2183 4485 2373 4554 Tacui;
2403 4485 2645 4563 numquid
2681 4507 2877 4566 semper
2904 4499 3073 4552 tacebo
3097 4497 3244 4568 (Isai.
3275 4514 3380 4557 XLII
3406 4547 3422 4572 ,
3457 4503 3588 4577 H)?
3615 4509 3804 4576 Quo-

2179 4577 2340 4633 modo
2381 4581 2576 4649 tacuit,
2613 4597 2732 4638 cum
2769 4585 2868 4641 hoc
2899 4587 3070 4658 ipsum
3100 4591 3360 4662 loquendo
3383 4595 3618 4652 dixerit?
3669 4601 3804 4669 Qui

2175 4667 2329 4734 dicit,
2381 4667 2574 4740 Tacui,
2617 4689 2722 4729 non
2749 4680 2888 4733 tacet
2916 4695 2929 4708 ο
2962 4677 3083 4750 quia
3125 4693 3178 4737 et
3220 4679 3320 4739 hoc
3358 4687 3530 4756 ipsum
3558 4667 3804 4764 dicere,

2179 4757 2337 4812 Tacui
2360 4802 2375 4826 ,
2426 4778 2530 4817 non
2574 4774 2750 4821 tacere
2789 4778 2888 4822 est.
2937 4769 3110 4826 Audio
3143 4789 3267 4844 ergo
3299 4785 3348 4830 te
3375 4778 3696 4849 loquentem
3737 4787 3806 4842 in

2176 4856 2254 4903 tot
2300 4855 2615 4922 prmccptis,
2646 4856 2696 4909 in
2730 4865 2807 4911 tot
2835 4863 3182 4917 sacramentis
3203 4907 3216 4929 ,
3250 4867 3301 4920 in
3333 4876 3409 4921 tot
3439 4873 3652 4940 paginis
3678 4916 3702 4942 ,
3738 4879 3809 4933 in

2175 4951 2253 4996 tot
2280 4943 2426 4998 libris
2459 4964 2472 4998 :
2501 4948 2661 5002 audio
2680 4949 2910 5020 denique
2943 4954 2992 5006 in
3015 4954 3117 5010 hoc
3139 4958 3252 5026 ipso
3281 4962 3421 5028 quod
3449 4963 3582 5018 dicis
3606 5006 3623 5029 ,
3665 4967 3811 5023 Τα-

2171 5035 2285 5099 cui,
2327 5039 2568 5107 numquid
2596 5057 2792 5111 semper
2817 5044 2985 5100 tacebo
3002 5046 3029 5100 ?
3064 5048 3338 5115 Quomodo
3361 5064 3493 5124 ergo
3513 5059 3758 5116 tacuisti
3781 5065 3814 5118 '.‘

2171 5125 2300 5190 Quia
2331 5129 2567 5183 nondum
2591 5130 2712 5186 dico
2733 5172 2748 5197 ,
2789 5132 2986 5202 Venite,
3014 5138 3254 5193 benedicti
3284 5141 3456 5196 Patris
3481 5147 3604 5211 mei,
3639 5166 3810 5218 per-

2171 5216 2325 5284 cipite
2348 5233 2555 5288 regnum
2576 5238 2596 5286 ;
2643 5230 2697 5276 et
2737 5225 2970 5281 nondum
2995 5227 3115 5283 dico
3142 5231 3259 5286 aliis
3282 5274 3297 5298 ,
3328 5231 3410 5288 lle
3431 5277 3447 5300 ,
3477 5216 3806 5309 maledicti,

2167 5306 2219 5359 in
2246 5307 2410 5378 ignem
2435 5320 2677 5364 wternum
2695 5354 2711 5379 ,
2751 5316 2838 5384 qui
2863 5327 3179 5388 praparatus
3204 5331 3276 5376 est
3300 5323 3499 5380 diabolo
3519 5337 3566 5381 et
3593 5306 3812 5400 auge;

2166 5400 2230 5453 lis
2245 5401 2353 5469 ejus
2382 5399 2592 5474 (Matth.
2622 5417 2756 5473 xxv,
2782 5407 2870 5475 34,
2889 5410 2982 5480 41)
3017 5429 3030 5466 :
3059 5420 3115 5467 et
3143 5413 3256 5470 haec
3282 5415 3392 5486 ipsa
3422 5418 3492 5473 ita
3516 5399 3812 5486 nondum

2164 5487 2314 5555 dico,
2342 5503 2399 5547 ut
2415 5493 2526 5563 jam
2556 5498 2840 5565 praedicam
2869 5501 2910 5553 ⁵.
2943 5500 3194 5560 Ultimam
3225 5512 3562 5581 sententiam,
3589 5529 3808 5583 quam

2162 5579 2399 5637 dicturus
2436 5593 2518 5639 est
2550 5585 2713 5656 judex
2735 5630 2750 5655 ,
2799 5589 2850 5644 in
2896 5591 3087 5649 tabella
3115 5598 3407 5668 scripturus
3435 5579 3808 5678 manu-sua,

2225 5715 2339 5803 εἷς.
2352 5716 2500 5803 Elim;
2536 5727 2586 5769 et
2609 5727 2718 5803 [:ov.
2741 5737 2753 5770 :
2783 5726 3066 5803 timendum
3088 5733 3193 5782 [nec
3213 5731 3320 5796 ipsa
3339 5733 3408 5788 ita
3424 5736 3550 5801 dico,
3577 5742 3631 5789 ut
3646 5741 3812 5803 jam

2161 5778 2440 5831 vrtvdicats'.
2461 5784 2778 5834 Emendantttr
2801 5787 2858 5835 ad
2883 5794 2986 5840 Mss.
