4012 6338
195 410 293 475 297

1587 379 1814 452 SERMO
1849 383 2057 447 XLVII.

3346 391 3453 456 298

205 531 326 586 ultra
349 482 846 596 quamsententiam
868 515 998 573 nihil
1021 513 1478 590 jamjudicaturus
1502 519 1601 578 est,
1636 525 1758 581 par-
1870 505 2007 575 quod
2034 505 2378 576 sperabamus
2400 547 2414 571 ,
2463 507 2558 564 sed
2599 507 2936 582 experiamur
2958 512 3098 583 quod
3125 517 3454 584 contempsi-

201 630 275 676 tes
319 633 420 673 non
472 615 738 670 audiunt:
777 612 880 667 illis
928 610 1068 665 foras
1118 607 1435 663 exeuntibus
1490 597 1758 658 seribitur.

201 710 431 768 Attonitae
459 715 586 762 sunt
623 704 794 759 amba:
823 709 1000 773 partes
1026 710 1183 771 atque
1225 711 1496 768 suspensae
1519 736 1534 760 ,
1580 701 1763 748 contra

199 819 341 876 quam
365 801 446 855 vel
477 815 575 869 pro
601 812 702 869 qua
730 795 994 851 sententia
1023 793 1166 848 illius
1204 789 1476 861 procedat.
1519 786 1763 856 Magnum

201 903 441 950 secretum
455 888 672 961 judicis,
690 886 831 942 unde
848 883 1190 941 secretarium
1208 880 1530 954 nominatur.
1550 877 1768 945 Magnus

199 989 345 1040 timor
369 997 551 1038 eorum
581 979 671 1051 qui
701 977 752 1032 in
793 991 950 1033 causa
978 983 1138 1040 sunt;
1183 971 1310 1044 quid
1335 971 1424 1025 ille
1459 969 1686 1038 cogitet,
1716 973 1772 1020 et

200 1076 315 1148 quid
342 1073 541 1129 scribat
569 1071 844 1142 ignoratur
872 1086 885 1122 :
911 1076 966 1124 et
993 1067 1153 1121 homo
1177 1071 1279 1130 est,
1306 1071 1360 1117 et
1386 1059 1460 1114 illi
1486 1059 1552 1114 de
1580 1057 1772 1128 quibus

201 1171 278 1224 ille
320 1167 551 1237 judicat,
595 1163 779 1234 utique
821 1160 1066 1215 homines
1107 1165 1249 1211 sunt.
1299 1154 1390 1209 Ille
1431 1161 1608 1207 autem
1634 1150 1773 1205 Deus

201 1271 371 1317 noster
397 1268 506 1323 est,
547 1267 601 1312 et
629 1272 731 1311 nos
757 1253 980 1326 populus
1017 1264 1224 1320 pascua:
1261 1248 1375 1318 ejus
1410 1255 1463 1301 et
1498 1260 1628 1300 oves
1653 1257 1773 1298 ma-

205 1368 354 1408 nuum
394 1350 532 1421 ejus.
585 1349 652 1403 Et
688 1362 810 1402 cum
841 1345 910 1399 sit
954 1342 1044 1397 ille
1069 1339 1289 1394 Creator
1312 1380 1324 1402 ,
1371 1352 1468 1392 nos
1495 1344 1772 1398 creatura;

204 1445 283 1501 ille
330 1442 676 1507 immortalis,
727 1453 825 1494 nos
864 1436 1154 1498 mortales;
1207 1433 1293 1488 ille
1333 1430 1646 1497 invisibilis,
1679 1443 1776 1483 nos

205 1538 458 1602 visibiles;
489 1535 659 1590 noluit
684 1547 782 1588 nos
804 1531 855 1586 in
883 1529 982 1584 hac
1007 1529 1111 1582 vita
1138 1529 1326 1590 latere,
1354 1538 1509 1594 quam
1540 1521 1775 1575 ultimam

205 1628 510 1685 sententiam
562 1625 615 1678 in
667 1622 772 1678 fine
817 1621 1058 1677 dicturus
1104 1618 1193 1672 sit.
1239 1615 1408 1670 Nemo
1455 1623 1577 1668 ante
1626 1609 1774 1677 dicit,

209 1722 431 1788 Danmo,
477 1718 566 1788 qui
592 1716 704 1772 vult
727 1714 981 1770 damnare
1010 1728 1024 1766 :
1056 1724 1215 1766 nemo
1240 1715 1364 1762 ante
1403 1705 1567 1772 dicit,
1598 1703 1775 1768 Ferio,

207 1815 288 1884 qui
325 1812 434 1866 vult
472 1809 649 1864 ferire.

291 1903 515 1960 CAPUT
579 1900 668 1957 IV.
723 1930 794 1941 —
838 1899 892 1956 5.
939 1895 1036 1951 Dei
1083 1894 1324 1967 patientia
1381 1909 1442 1947 nc
1489 1891 1777 1946 abutamur.

210 1999 381 2069 Magna
402 2010 531 2066 ergo
557 1995 766 2059 lenitas,
801 2006 989 2061 magna
1012 1987 1395 2051 misericordia,
1414 2000 1603 2056 magna
1632 1999 1784 2039 man-

209 2088 424 2145 suetudo
453 2106 466 2141 :
498 2086 592 2142 sed
623 2085 667 2140 si
707 2100 813 2139 non
855 2083 1140 2138 abutamur
1167 2079 1421 2151 patientia
1450 2079 1564 2147 ejus
1593 2077 1658 2131 ad
1683 2092 1782 2132 no-

210 2192 363 2240 stram
390 2182 682 2252 nequitiam
709 2197 722 2243 ;
753 2188 808 2235 et
828 2179 917 2233 illo
942 2183 1124 2232 nostra
1156 2181 1400 2246 portante
1426 2181 1662 2242 peccata,
1687 2186 1784 2226 nos

209 2277 349 2348 quasi
391 2275 461 2330 ad
501 2273 797 2329 faciendum
824 2271 876 2327 ei
911 2283 1044 2324 onus
1083 2280 1369 2339 augeamus
1407 2274 1618 2334 peccata
1658 2279 1783 2334 pec-

209 2370 372 2434 catis;
404 2368 556 2439 quasi
592 2372 650 2420 ut
674 2364 762 2419 ille
790 2363 909 2432 plus
936 2370 1134 2434 portet,
1177 2359 1266 2431 qui
1297 2373 1403 2413 non
1433 2357 1638 2411 laborat
1664 2370 1785 2411 cum

212 2472 419 2533 portat:
448 2467 663 2530 peccata
692 2465 909 2522 nostra,
956 2455 1148 2525 quibus
1191 2453 1364 2507 adhuc
1407 2451 1612 2522 parcit,
1663 2450 1784 2520 quia

211 2555 376 2610 adhuc
399 2553 657 2618 sustinet,
685 2549 826 2604 illius
850 2547 1140 2603 ostendunt
1180 2544 1485 2615 patientiam
1504 2583 1520 2609 ,
1552 2550 1786 2596 nostram

211 2648 481 2703 cumulant
517 2646 801 2702 sarcinam.
852 2640 1104 2714 Ignoras,
1150 2638 1354 2708 inquit,
1391 2637 1510 2705 quia
1549 2634 1790 2705 patientia

212 2740 301 2796 Dei
324 2741 391 2793 ad
418 2737 760 2808 paenitentiam
781 2743 828 2789 te
847 2733 1089 2788 adducit?
1114 2730 1370 2786 Patientia
1391 2729 1479 2784 illa
1500 2737 1602 2794 est,
1630 2741 1789 2797 quam

212 2832 620 2888 taciturnitatem
649 2835 839 2890 vocat,
881 2827 949 2882 de
976 2841 1079 2896 qua
1109 2824 1269 2889 dicit,
1309 2821 1505 2886 Tacui;
1545 2817 1792 2890 numquid

211 2940 400 2993 seraper
437 2921 654 2976 tacebo?
701 2920 841 2990 Ergo
867 2933 988 2972 cum
1017 2923 1262 2986 argueret
1285 2912 1542 2985 quosdam
1567 2953 1584 2980 ,
1614 2919 1668 2966 et
1705 2909 1792 2966 di-

212 3023 383 3079 ceret,
420 3013 520 3080 Qui
546 3011 791 3083 pradicas
825 3026 925 3063 non
958 3007 1259 3078 furandum,
1289 3004 1514 3075 furaris;
1546 3003 1631 3074 qui
1667 3001 1793 3056 dicis

218 3125 311 3163 non
333 3101 1042 3170 adulterandum,adulteras,
1072 3108 1174 3154 etc.
1202 3099 1294 3162 ait,
1323 3097 1404 3150 An
1429 3095 1628 3150 diuitias
1653 3093 1795 3149 boni-

213 3203 320 3256 tatis
346 3202 462 3271 ejus
484 3208 530 3253 et
562 3194 961 3268 longanimitatis
991 3191 1305 3247 contemnis?
1352 3190 1484 3258 Quia
1510 3189 1598 3244 ille
1623 3188 1794 3245 bonus

214 3302 317 3360 est,
359 3291 486 3361 quia
527 3287 846 3359 longanimis
866 3327 880 3352 ,
914 3285 1033 3355 quia
1062 3283 1206 3339 videt
1231 3291 1284 3337 et
1320 3289 1475 3346 tacet,
1507 3281 1628 3351 qula
1651 3279 1796 3336 videt

214 3391 263 3438 et
291 3382 558 3445 sustinet,
605 3386 760 3448 putas
795 3376 942 3430 illum
983 3373 1258 3444 iniquum?
1304 3370 1518 3444 Ignoras
1554 3371 1674 3442 quia
1698 3386 1794 3440 pa-

211 3477 379 3529 tientia
401 3475 502 3528 Dei
533 3472 601 3525 ad
632 3471 970 3542 paenitentiam
1002 3478 1048 3521 te
1080 3466 1326 3520 adducit?
1354 3465 1422 3519 Et
1448 3464 1568 3519 vide
1593 3463 1638 3520 si
1658 3478 1800 3519 sem-

211 3583 301 3637 per
331 3565 551 3629 tacebit,
577 3564 666 3634 qui
694 3560 853 3617 modo
883 3559 1060 3615 tacet?
1086 3557 1161 3611 Tu
1183 3566 1368 3622 autem,
1396 3557 1595 3627 inquit,
1623 3572 1800 3610 secun-

213 3664 328 3715 dum
359 3660 604 3714 duritiam
647 3656 812 3711 cordis
853 3654 926 3707 tui
964 3661 1010 3706 et
1038 3667 1125 3706 car
1159 3649 1472 3721 imptznitens
1495 3687 1511 3715 ,
1554 3647 1800 3701 thesauri-

213 3773 294 3809 ωε
324 3755 416 3807 tibi
443 3754 576 3806 iram
600 3751 652 3803 in
679 3750 760 3804 die
783 3749 873 3802 irw
904 3756 950 3801 et
976 3744 1288 3800 reuelationis
1299 3741 1431 3813 justi
1449 3740 1655 3812 judicii,
1680 3738 1796 3807 Dei,

212 3848 296 3920 qui
339 3845 519 3900 reddet
564 3842 831 3912 unicuique
873 3838 1146 3893 secundum
1186 3853 1338 3907 opera
1374 3852 1464 3890 sua
1509 3834 1685 3904 (Rom.
1726 3848 1797 3897 It,

215 3940 245 3994 ι
267 3983 283 4004 ,
311 3938 381 3992 21
409 3978 425 4001 ,
458 3937 494 3991 5
519 3976 533 3998 ,
562 3933 643 4003 6).
675 3934 814 4001 Ergo
842 3939 1008 3997 tacet;
1055 3927 1309 3998 numquid
1333 3940 1544 3992 semper
1569 3923 1800 3979 tacebit?

214 4030 342 4085 Item
375 4029 507 4083 dicit
535 4034 655 4096 post
685 4023 924 4095 quaedam
956 4028 1262 4076 enumerata
1290 4025 1500 4086 peccata
1530 4035 1543 4068 :
1576 4014 1700 4070 Haec
1730 4017 1804 4087 {e-

217 4124 324 4176 cisti
343 4162 361 4188 ,
405 4130 452 4176 et
492 4119 668 4184 tacui;
700 4116 750 4171 id
780 4125 880 4181 est,
920 4114 1036 4168 haec
1062 4111 1252 4178 fecisti,
1280 4118 1335 4166 et
1359 4124 1463 4164 non
1493 4107 1753 4163 vindicavi
1784 4124 1799 4162 :

218 4216 507 4284 suspicatus
546 4227 596 4265 es
625 4210 934 4280 iniquitatem
952 4247 966 4272 ,
996 4203 1130 4276 quod
1168 4219 1252 4257 ero
1280 4203 1352 4256 tui
1381 4201 1578 4256 similis.
1620 4199 1690 4254 Et
1717 4214 1806 4256 re-

218 4322 340 4363 vera
373 4305 482 4360 hoc
522 4302 755 4372 cogitant
799 4299 951 4354 multi
976 4339 991 4360 ,
1036 4311 1158 4351 cum
1205 4294 1427 4349 fecerint
1454 4293 1616 4347 multa
1644 4292 1802 4358 mala,

219 4413 271 4458 et
300 4402 430 4457 mali
460 4399 563 4454 sibi
593 4396 837 4452 accidere
868 4393 999 4448 nihil
1027 4389 1294 4454 viderint;
1329 4404 1432 4442 non
1462 4395 1662 4440 tantum
1693 4385 1803 4455 pla-

221 4502 339 4547 cent
363 4492 448 4546 eis
474 4491 610 4543 facta
633 4502 725 4541 sua
753 4485 910 4548 mala,
939 4482 1033 4538 sed
1060 4481 1218 4536 etiam
1240 4480 1346 4534 Deo
1365 4477 1576 4546 placere
1593 4483 1808 4546 putant:

224 4585 274 4636 in
299 4592 510 4637 tantum
541 4576 781 4648 procedit
800 4575 1060 4645 impietas,
1097 4581 1155 4626 ut
1183 4579 1236 4626 et
1267 4570 1430 4625 Deum
1453 4569 1550 4622 sibi
1581 4566 1810 4622 similem

224 4675 496 4728 existimet
536 4669 730 4738 impius
773 4674 1124 4735 contemptor.
1158 4662 1221 4716 Et
1251 4676 1371 4716 cum
1402 4661 1541 4715 Deus
1566 4674 1686 4714 eum
1715 4657 1812 4713 ad-

225 4769 383 4822 ducat
411 4762 686 4820 monendo
705 4803 720 4827 ,
749 4757 990 4815 docendo
1008 4799 1024 4824 ,
1055 4753 1346 4820 hortando,
1368 4751 1723 4818 corripiendo,
1746 4750 1814 4806 ad

227 4856 636 4911 similitudinem
670 4866 818 4906 suam
843 4866 859 4916 ;
888 4863 994 4903 non
1025 4851 1194 4900 solum
1224 4860 1330 4898 non
1361 4845 1598 4912 sequitur
1627 4842 1818 4897 simili-

231 4951 470 5004 tudinem
498 4944 618 5011 Dei,
641 4943 735 4998 sed
763 4943 928 4997 Deum
953 4939 1066 4993 vult
1089 4937 1284 4992 ducere
1321 4935 1387 4990 ad
1414 4933 1814 4990 similitudinem

228 5058 400 5095 suam.
445 5041 570 5093 Ilaec
608 5046 690 5091 est
731 5035 977 5104 iniquitas
1006 5030 1174 5101 major
1195 5071 1209 5092 ,
1242 5043 1398 5098 quam
1438 5028 1549 5096 ipsa
1578 5032 1814 5095 pet-cata,

229 5150 254 5184 τι
288 5134 487 5203 quibus
510 5145 571 5184 se
603 5143 712 5182 non
739 5123 1018 5194 corrigit‘.
1062 5120 1359 5190 Suspicatus
1391 5134 1442 5171 es
1483 5117 1814 5187 iniquitatem,

230 5226 362 5288 quod
406 5239 493 5277 ero
540 5221 627 5274 tibi
667 5217 888 5273 similis?
936 5216 1000 5268 Et
1035 5212 1159 5284 quid
1192 5210 1472 5280 sequitur?
1515 5208 1743 5279 Arguam
1774 5217 1821 5262 te

233 5316 410 5384 (Psal.
448 5330 598 5376 xux,
630 5309 744 5381 EI).
775 5310 950 5376 Quare
981 5305 1120 5360 hoc?
1145 5302 1342 5388 Tacui;
1362 5301 1605 5370 numquid
1628 5315 1822 5369 semper

233 5408 451 5462 tacebo?
502 5406 716 5473 Itaque,
761 5401 947 5455 fratres
971 5440 986 5464 ,
1015 5396 1262 5467 quoniam
1292 5408 1469 5448 sermo
1505 5393 1604 5446 iste
1634 5393 1725 5461 qui
1754 5390 1822 5445 de

233 5501 325 5552 Dei
352 5515 454 5553 ore
482 5494 758 5567 procedit,
786 5503 840 5548 et
875 5505 962 5546 me
1001 5496 1195 5551 terret,
1225 5494 1280 5542 et
1319 5501 1414 5539 vos
1446 5484 1652 5556 (omnes
1679 5483 1820 5537 enim

233 5611 394 5646 tutam
438 5605 590 5660 spem
619 5588 812 5642 benam
857 5583 1114 5637 habemus
1144 5581 1193 5634 in
1226 5579 1346 5642 illo,
1386 5586 1440 5633 et
1467 5592 1653 5631 omnes
1681 5577 1823 5645 pari-

233 5694 316 5738 ter
351 5684 552 5737 timere
586 5679 875 5739 debemus,
907 5689 973 5727 ne
1009 5673 1100 5727 illo
1125 5670 1328 5727 offenso
1356 5685 1463 5724 non
1491 5668 1824 5722 inveniamus

295 5818 312 5847 ι
339 5816 417 5863 sic
441 5821 551 5864 Mss.
579 5816 633 5860 At
664 5808 812 5868 editi,
841 5806 958 5855 dum
976 5805 1084 5869 ipsa
1116 5809 1338 5868 peccata,
1379 5817 1411 5852 a
1449 5800 1619 5867 quibus
1651 5815 1703 5854 se
1731 5814 1826 5853 non

227 5876 460 5944 corrigit,
489 5884 586 5924 Deo
605 5871 796 5936 placere
817 5875 967 5934 putat.

490 5959 718 6026 Ssucr.
772 5959 1047 6019 Ληουεῖ.
1093 5951 1169 6017 ν.

1870 599 2042 668 mus);
2090 599 2368 656 audiamus
2392 617 2580 658 omnes
2607 611 2857 676 tanquam
2896 621 3026 664 oves
3053 607 3144 662 Dei
3169 649 3184 675 ,
3221 608 3346 663 dum
3377 609 3458 665 lo-

1871 693 2157 764 quiturqui
2199 702 2359 763 tacet,
2400 695 2525 751 dum
2568 705 2750 754 monet
2776 714 2909 765 nos,
2958 709 3012 756 et
3039 701 3273 757 nondum
3309 702 3454 772 judi-

1874 794 1961 840 cat
2006 802 2103 841 nos
2132 787 2221 858 qui
2266 789 2388 844 fecit
2417 805 2515 846 nos
2535 831 2551 856 ,
2593 790 2719 847 dum
2741 802 2895 849 vacat
2919 793 3104 852 audire
3124 838 3138 862 ,
3173 795 3300 851 dum
3331 797 3458 852 licet

1874 886 1929 934 et
1951 879 2129 949 legere
2157 883 2196 934 ί.

1946 970 2169 1027 CAPUT
2194 973 2256 1029 ν.
2273 1004 2344 1015 -
2367 974 2420 1030 6.
2449 975 2569 1031 Non
2597 977 2852 1033 evellenda
2875 981 3071 1035 zizania
3090 992 3208 1038 ante
3224 999 3454 1050 messem,

1880 1078 1970 1117 nec
1997 1064 2131 1117 haedi
2174 1076 2290 1121 ante
2308 1067 2565 1133 judicium
2607 1072 2895 1138 separandi.
2926 1103 2999 1114 -—
3017 1073 3088 1127 Et
3116 1092 3201 1129 vos
3219 1115 3235 1140 ,
3265 1075 3454 1144 inquit,

1879 1170 1989 1208 oves
2009 1172 2164 1223 mete,
2199 1157 2303 1212 luet
2333 1159 2454 1212 dicit
2481 1159 2732 1216 Dominus
2767 1161 2902 1217 Deus
2933 1181 2952 1218 :
3000 1165 3128 1219 Ecce
3164 1183 3254 1237 ego
3278 1167 3459 1236 judico

1878 1245 2006 1298 inter
2050 1262 2188 1300 ovem
2225 1258 2273 1300 ct
2297 1265 2455 1314 ovem,
2486 1261 2531 1305 et
2559 1255 2737 1307 arietes
2767 1265 2812 1306 et
2854 1255 3044 1310 hircos.
3084 1256 3219 1323 Quid
3257 1257 3342 1312 hic
3377 1257 3460 1312 fa-

1879 1336 2026 1391 ciunt
2055 1336 2186 1393 hirci
2217 1339 2268 1394 in
2298 1356 2455 1412 grege
2485 1344 2620 1399 Dei?
2671 1345 2726 1400 In
2764 1347 2963 1403 eisdem
2991 1349 3221 1418 pascuis,
3265 1350 3317 1404 in
3357 1352 3461 1405 eis-

1880 1427 2000 1482 dem
2042 1428 2274 1486 fontibus
2294 1473 2309 1499 ,
2351 1443 2403 1488 et
2431 1435 2562 1490 hirci
2597 1446 2771 1492 tamen
2801 1440 3030 1494 sinistra.-
3055 1441 3304 1496 destinati
3334 1442 3462 1497 dex-

1882 1521 1977 1574 tris
2003 1521 2311 1589 miscentur,
2354 1534 2409 1581 et
2438 1528 2584 1597 prius
2611 1531 2903 1585 tolerantur
2925 1533 3013 1604 qui
3039 1535 3424 1602 separabuntur
3447 1552 3462 1601 ;

1883 1620 1936 1666 et
1982 1612 2068 1668 hic
2104 1627 2384 1672 exercetur
2407 1621 2584 1676 ovium
2625 1623 2908 1692 patientia,
2953 1625 3019 1680 ad
3063 1625 3464 1682 similitudinem

1884 1707 2154 1774 patientize
2177 1710 2291 1764 Dei.
2341 1701 2618 1782 Separatio
2649 1716 2791 1772 enim
2820 1717 2886 1771 ab
2925 1719 3017 1773 illo
3057 1720 3191 1785 erit,
3241 1720 3464 1774 aliorum

1882 1797 1950 1852 ad
1981 1797 2270 1865 sinistram,
2301 1801 2524 1858 aliorum
2550 1805 2617 1858 ad
2641 1805 2936 1862 dexteram.
2964 1808 3112 1863 Nunc
3141 1818 3317 1864 autem
3349 1810 3468 1878 ipse

1886 1900 2052 1959 tacet,
2101 1901 2156 1948 tu
2184 1896 2265 1950 vis
2303 1895 2470 1966 loqui.
2519 1898 2622 1952 Sed
2665 1899 2801 1955 unde
2842 1901 2996 1967 dico,
3046 1902 3124 1956 Tu
3167 1903 3245 1957 vis
3286 1902 3470 1973 loqui?

1885 1983 2038 2039 Unde
2065 1985 2179 2055 ipse
2205 1995 2361 2042 tacet.
2393 1992 2435 2043 A
2469 1990 2696 2046 vindicta
2719 1993 2904 2062 judieii
2925 2035 2939 2059 ,
2971 2010 3073 2049 non
3095 2011 3123 2048 a
3147 1996 3308 2050 verbo
3345 2011 3470 2050 cor-

1886 2075 2162 2145 reptionis.
2195 2075 2312 2146 Ipse
2336 2079 2572 2134 nondum
2604 2091 2846 2151 separat,
2878 2093 2930 2138 tu
2953 2085 3032 2140 vis
3052 2101 3321 2155 separare.
3355 2085 3474 2156 Ipse

1887 2168 2050 2222 mixta
2092 2169 2301 2237 tolerat,
2347 2171 2436 2241 qui
2479 2173 2778 2228 seminavit.
2826 2176 2880 2230 Si
2907 2184 3032 2232 ante
3075 2179 3472 2233 ventilationem

1887 2258 2211 2316 frumentum
2255 2262 2333 2317 vis
2375 2279 2494 2319 esse
2542 2276 2850 2337 purgatum,
2906 2278 2996 2324 tuo
3042 2278 3201 2340 vento
3243 2271 3474 2340 pessime

1890 2350 2252 2406 ventilaberis.
2277 2352 2513 2410 Licuerit
2531 2357 2698 2412 servis
2711 2356 2910 2426 dicere,
2945 2358 3052 2426 Vis,
3076 2361 3228 2426 imus,
3258 2370 3302 2416 et
3331 2361 3478 2415 colli-

1890 2441 2054 2512 gimus
2092 2445 2187 2499 ea?
2238 2444 2565 2515 stomachati
2616 2451 2759 2504 enim
2803 2461 2925 2507 sunt
2968 2454 3197 2510 videndo
3240 2454 3471 2520 zizania,

1891 2543 1946 2588 et
1997 2533 2282 2591 doluerunt
2343 2539 2510 2609 segeti
2565 2539 2719 2595 bona:
2787 2543 3047 2612 permixta
3109 2545 3348 2613 zizania;
3412 2556 3470 2600 et

1893 2625 2172 2692 dixerunt,
2207 2626 2392 2683 Nonne
2430 2630 2613 2685 bonum
2657 2649 2823 2687 semen
2856 2635 3114 2689 seminasti
3135 2637 3160 2689 ?
3192 2636 3339 2691 Unde
3357 2653 3476 2707 ergo

1894 2731 2238 2791 apparuerunt
2262 2722 2497 2777 zizania?
2542 2724 2635 2779 IIIe
2659 2726 2918 2782 rationem
2937 2710 3177 2783 reddidit
3205 2729 3345 2784 unde
3380 2745 3478 2799 ap-

1894 2823 2214 2883 paruerunt;
2247 2831 2355 2870 non
2397 2824 2572 2872 tamen
2598 2819 2838 2888 permisit
2865 2829 2923 2874 ut
2955 2829 3078 2876 ante
3103 2829 3314 2893 tempus
3337 2823 3484 2877 evel-

1897 2903 2150 2960 lerenlur.
2180 2906 2433 2973 Quamvis
2471 2917 2526 2964 et
2554 2909 2654 2979 ipsi
2687 2911 2828 2966 servi
2870 2913 3188 2968 stomachati
3225 2913 3484 2969 adversus

1897 2995 2129 3065 zizania;
2176 3000 2455 3054 consilium
2504 3011 2679 3057 tamen
2723 3011 2777 3058 et
2820 3013 3144 3074 praeceptum
3180 3020 3213 3060 a
3261 3005 3483 3060 domino

1899 3091 2293 3162 expetiverunt.
2322 3093 2680 3163 Displicebant
2705 3095 2792 3150 illa
2814 3096 2952 3151 inter
2975 3104 3211 3167 segetem
3240 3113 3253 3149 :
3286 3096 3382 3152 sed
3404 3095 3488 3152 vi-

1899 3184 2096 3240 debant
2123 3185 2300 3254 servi,
2331 3187 2452 3256 quia
2492 3187 2538 3242 si
2562 3189 2645 3244 vel
2675 3188 2728 3242 in
2772 3188 2902 3259 ipsis
2942 3190 3158 3244 zizaniis
3195 3189 3486 3247 evellendis

1900 3279 2098 3349 aliquid
2119 3294 2214 3334 sua
2239 3291 2430 3350 sponte
2458 3280 2721 3346 facerent,
2767 3281 2868 3351 ipsi
2917 3281 3136 3337 zizaniis
3163 3298 3485 3338 annumerao-

1901 3381 2106 3427 rentur.
2130 3373 2174 3427 A
2199 3372 2426 3428 Domino
2451 3382 2894 3443 exspectaverunt
2915 3385 3260 3446 prteceptum,
3284 3375 3485 3446 jussio—

1904 3482 2026 3522 nem
2067 3467 2210 3537 regis
2236 3467 2316 3522 sui
2347 3469 2714 3538 quaesierunt:
2756 3468 2881 3537 Vis,
2922 3471 3084 3538 imus,
3127 3479 3175 3526 et
3203 3471 3488 3543 colligimus

1901 3557 2006 3610 ea?
2035 3557 2102 3611 Et
2130 3557 2220 3612 ille
2251 3575 2266 3612 :
2291 3556 2434 3612 Non.
2460 3558 2527 3612 Et
2552 3558 2781 3613 reddidit
2803 3559 2923 3614 inde
2943 3575 3157 3614 causam
3188 3578 3203 3615 :
3233 3560 3316 3615 Ne
3335 3563 3486 3632 forte,

1903 3665 2018 3702 cum
2041 3649 2189 3703 uultis
2217 3650 2451 3720 colligere
2472 3651 2689 3714 zizania,
2721 3651 2982 3705 eradicelis
3001 3653 3154 3706 simul
3178 3663 3224 3706 et
3245 3655 3486 3708 triticum.

1906 3742 2128 3798 Sedavit
2155 3744 2221 3798 ab
2248 3743 2627 3813 indignatione,
2651 3760 2748 3799 nec
2775 3746 2988 3816 reliquit
3012 3747 3062 3799 in
3086 3747 3286 3801 dolore.
3315 3746 3489 3802 Grave

1906 3835 2048 3890 enim
2073 3833 2350 3888 videbatur
2378 3835 2547 3889 servis
2574 3850 2693 3890 esse
2718 3836 2918 3890 zizania
2960 3838 3098 3891 inter
3129 3836 3486 3901 frumentum;

1907 3935 1963 3983 et
1986 3943 2111 3983 vere
2145 3943 2306 3998 grave
2333 3937 2467 3983 erat.
2520 3928 2624 3984 Sed
2667 3929 2768 3983 alia
2797 3936 2882 3984 est
2916 3930 3149 3985 conditio
3183 3931 3334 4002 agri,
3385 3931 3489 3986 alia

1907 4021 2060 4092 quies
2086 4020 2282 4076 horrei.
2332 4021 2552 4087 Tolera;
2582 4021 2646 4076 ad
2675 4021 2778 4077 hoc
2807 4022 2947 4077 enim
2970 4031 3124 4078 natus
3143 4031 3225 4077 est
3254 4041 3266 4078 :
3297 4023 3490 4088 tolera,

1908 4114 2028 4184 quia
2056 4113 2190 4168 forte
2220 4113 2472 4170 toleratus
2498 4129 2576 4170 es.
2619 4114 2674 4170 Si
2717 4130 2928 4185 semper
2968 4115 3139 4170 bonus
3166 4115 3346 4182 fuisti,
3390 4115 3489 4170 ha-

1909 4205 2034 4261 beto
2071 4205 2486 4262 misericordiam
2519 4223 2531 4258 :
2559 4206 2602 4260 si
2643 4206 2927 4277 aliquando
2965 4208 3134 4262 malus
3171 4207 3314 4263 fuisti
3345 4251 3358 4273 ,
3387 4210 3496 4264 noli

1912 4296 2138 4367 perdere
2167 4298 2499 4351 memoriam.
2531 4298 2594 4351 Et
2620 4299 2738 4368 quis
2759 4307 2841 4353 est
2866 4315 3079 4368 semper
3105 4301 3317 4356 bonus?
3346 4299 3495 4356 Faci-

1915 4391 2037 4458 lius,
2072 4389 2116 4444 si
2145 4397 2195 4445 te
2223 4390 2365 4446 Deus
2389 4391 2670 4462 diligenter
2693 4391 2964 4456 discutiat,
2999 4393 3234 4448 inveniet
3254 4402 3306 4450 te
3335 4395 3496 4450 etiam

1915 4495 2055 4536 nunc
2084 4481 2311 4548 malum,
2358 4497 2516 4552 quam
2547 4491 2600 4536 tu
2635 4491 2686 4537 te
2715 4497 2927 4552 semper
2955 4484 3172 4539 bonum.
3200 4486 3338 4556 Ergo
3363 4487 3500 4540 tole-

1919 4575 2081 4630 randa
2121 4583 2246 4630 sunt
2269 4576 2469 4630 zizania
2513 4575 2627 4632 hare
2665 4577 2804 4630 inter
2829 4577 3171 4646 frumentum,
3205 4578 3338 4634 hirci
3361 4579 3501 4633 inter

1918 4666 2110 4721 arietes
2137 4665 2271 4720 hmdi
2296 4667 2435 4721 inter
2456 4681 2604 4722 oves.
2627 4667 2763 4735 Quid
2791 4677 2965 4723 autem
2995 4669 3084 4724 ille
3103 4669 3170 4724 de
3198 4668 3502 4725 frumento?

1920 4755 1988 4810 In
2015 4767 2234 4828 tempore
2251 4799 2266 4825 ,
2300 4758 2467 4827 inquit
2493 4800 2508 4826 ,
2535 4761 2710 4814 messis
2729 4800 2743 4823 ,
2775 4759 2939 4814 dicam
2965 4760 3266 4816 messoribus
3298 4777 3317 4816 :
3339 4758 3500 4815 Colli-

1921 4851 2022 4921 gite
2050 4851 2268 4920 primum
2292 4851 2491 4904 zizania
2509 4891 2526 4918 ,
2571 4861 2618 4906 et
2660 4850 2866 4923 alligate
2899 4854 2951 4906 in
2979 4854 3248 4924 fasciculos
3272 4853 3340 4906 ad
3356 4869 3500 4908 com-

1923 4940 2199 4995 burendum
2220 4957 2311 5006 ea;
2341 4943 2559 4996 triticum
2585 4952 2750 4998 autem
2776 4961 2938 4999 meum
2955 4946 3206 5000 recondite
3229 4947 3282 5000 in
3302 4946 3500 5002 horreo.

1925 5033 2168 5087 Transiet
2196 5048 2322 5103 ergo
2357 5034 2468 5103 agri
2493 5036 2764 5091 concretio
2783 5076 2799 5103 ,
2821 5037 2996 5092 veniet
3017 5038 3203 5092 messis
3229 5038 3502 5095 discretio.

1924 5123 2098 5192 Exigit
2125 5123 2191 5178 de
2214 5123 2366 5178 nobis
2387 5124 2548 5179 modo
2563 5126 2816 5182 Dominus
2845 5129 3170 5197 patientiam,
3195 5144 3351 5198 quam
3379 5145 3508 5202 pro-

1923 5213 2075 5285 ponit
2101 5214 2150 5268 in
2179 5229 2270 5279 se,
2310 5214 2495 5270 dicens
2535 5215 2625 5271 tibi
2655 5234 2670 5273 :
2701 5217 2814 5288 Ego
2844 5227 2988 5272 certe
3019 5220 3062 5273 si
3101 5219 3258 5274 modo
3289 5221 3508 5277 voluero

1923 5307 2204 5378 judicare,
2252 5301 2509 5379 numquid
2557 5309 2736 5380 inique
2781 5310 3072 5380 judicabo?
3114 5312 3223 5382 ligo
3262 5313 3304 5367 si
3348 5315 3508 5370 modo

1926 5402 2144 5456 voluero
2179 5401 2417 5470 judicare
2440 5443 2455 5468 ,
2503 5402 2758 5472 numquid
2799 5402 2906 5456 falli
2935 5405 3156 5473 potero?
3207 5406 3263 5460 Si
3296 5421 3395 5476 ego
3415 5407 3508 5476 qui

1927 5510 2138 5565 semper
2167 5503 2308 5550 recte
2328 5495 2530 5567 judico,
2569 5504 2624 5550 et
2651 5497 2738 5566 qui
2767 5496 2876 5550 falli
2908 5513 3012 5553 non
3045 5513 3289 5577 possum,
3318 5499 3509 5554 differo

1925 5589 2180 5659 judicium
2200 5605 2409 5650 meum;
2440 5597 2494 5641 tu
2516 5590 2765 5657 ignorans
2792 5590 3236 5660 quemadmodum
3262 5591 3509 5661 judican-

1929 5683 2027 5744 dus
2076 5685 2148 5737 sis
2238 5683 2399 5736 audes
2442 5691 2545 5735 tam
2589 5698 2926 5752 przepropere
2965 5685 3248 5754 judicare?
3301 5684 3508 5751 Videte,

2002 5861 2021 5896 ι
2049 5867 2154 5912 Mss.
2191 5861 2508 5928 RemigienSIs
2531 5868 2583 5915 et
2600 5864 2933 5915 Cn‘sterciensis
2951 5898 2965 5925 ,
2992 5863 3109 5914 dum
3132 5861 3240 5912 licet
3257 5859 3448 5928 eligere,
3531 5929 3533 5931 _

3044 5946 3266 6039 (ὀίω.)
