3994 6444
538 367 644 436 sail

541 509 683 554 ream
699 514 850 569 Opera
868 507 1029 551 vestra
1046 509 1215 549 coram
1238 488 1517 545 hominibus
1533 502 1553 553 ;
1575 486 1687 559 ipse
1705 485 1836 544 dixit
1856 486 1909 543 in
1929 486 2119 544 eodem

541 607 810 658 sermone,
836 588 1007 644 Nolite
1026 588 1191 660 facere
1205 585 1460 659 justitiam
1478 594 1691 637 vestram
1711 597 1881 636 coram
1905 579 2121 636 homini-

540 685 652 740 bus.
684 681 789 740 Sed
818 684 955 737 sicut
983 681 1035 735 in
1060 677 1318 750 Apostolo
1337 676 1437 731 ista
1463 675 1553 730 tibi
1579 674 1842 730 contraria
1866 672 2120 728 videban-

541 788 648 844 tur,
691 777 769 831 sic
811 783 868 831 et
913 774 967 830 in
1013 771 1318 842 Evangelio.
1364 768 1421 826 Si
1463 776 1639 823 autem
1689 783 1793 823 non
1841 766 2119 837 perturbes

541 884 731 941 aquam
760 866 938 924 cordis
964 865 1071 933 tui,
1099 873 1154 920 et
1180 863 1268 919 hic
1293 877 1549 933 agnosces
1590 876 1772 931 pacem
1812 860 2117 931 Scriptura-

540 976 657 1015 rum
678 1000 694 1026 ,
732 967 787 1013 et
829 956 1051 1013 habebis
1088 969 1211 1011 cum
1250 952 1329 1008 eis
1352 960 1406 1007 et
1435 960 1490 1006 tu
1520 966 1724 1024 pacem.
1766 950 1822 1006 Si
1851 957 2030 1006 autem
2060 957 2116 1003 tu

538 1066 658 1105 cum
684 1051 764 1105 eis
793 1049 990 1105 habere
1035 1045 1274 1101 nolueris
1318 1059 1503 1115 pacem
1522 1084 1538 1110 ,
1582 1051 1636 1097 tu
1668 1042 1720 1097 in
1747 1050 1801 1098 te
1827 1040 2117 1097 committis

539 1144 681 1198 litem
721 1148 893 1207 tuam,
949 1139 1055 1195 illa:
1101 1151 1208 1192 non
1249 1135 1496 1191 amittent
1527 1147 1713 1204 pacem
1751 1146 1924 1188 suam.
1979 1131 2116 1186 Pro-

538 1246 654 1306 pter
698 1236 819 1292 illos
847 1234 991 1306 enim
1039 1231 1129 1302 qui
1159 1245 1217 1286 se
1244 1227 1547 1287 hominibus
1566 1225 1817 1297 iactando
1840 1239 2114 1282 commen-

536 1304 666 1382 dant
694 1327 736 1393 ι,
789 1333 845 1381 et
893 1304 1273 1380 ita‘ventilant
1317 1321 1455 1376 bona
1490 1332 1653 1388 opera
1705 1332 1824 1385 sua,
1851 1325 1908 1373 ut
1954 1314 2113 1371 linem

536 1418 798 1473 bonorum
846 1429 1070 1486 operum
1120 1426 1338 1468 suorum
1393 1412 1442 1464 in
1492 1408 1649 1464 laude
1705 1407 1975 1462 hominum
2014 1420 2114 1475 po-

536 1518 667 1564 nant
696 1496 1111 1577 {eamdemque
1183 1501 1397 1558 laudem
1465 1500 1736 1555 hominum
1802 1496 1949 1568 quasi
2018 1511 2116 1566 pro

535 1600 783 1657 mercede
827 1605 1136 1668 computent
1177 1595 1436 1652 bonorum
1485 1607 1705 1663 cperam
1750 1605 2001 1656 suorum;
2046 1588 2115 1644 de

535 1697 618 1751 his
645 1693 855 1757 dicitur,
895 1691 1056 1746 Amen
1102 1690 1216 1745 dico
1256 1687 1426 1753 vobis,
1469 1694 1791 1758 perceperunt
1839 1682 2113 1738 mercedem

530 1802 697 1841 suam.
724 1783 922 1841 Contra
953 1796 1047 1838 eos
1074 1780 1291 1844 dicitur,
1319 1778 1498 1832 Cavete
1512 1776 1770 1848 justitiam
1795 1785 2010 1830 vestram
2033 1778 2114 1845 fa-

532 1892 642 1930 cere
663 1888 834 1929 coram
860 1870 1165 1927 hominibus.
1194 1868 1426 1925 Proinde
1454 1866 1716 1937 sequitur,
1750 1864 1818 1921 Ut
1844 1863 2112 1919 videamini

535 1970 598 2024 ab
621 1970 692 2024 eis
722 1967 936 2041 (Matth.
956 1983 1037 2035 vr,
1068 1967 1122 2034 1,
1144 1963 1228 2037 2).
1258 1964 1410 2021 Ultra
1451 1978 1558 2018 non
1597 1962 1833 2032 porrexit
1858 1959 2112 2015 intentio-

531 2078 653 2118 nem
672 2104 687 2129 ,
715 2060 803 2116 hic
840 2060 965 2116 fecit
994 2059 1176 2114 finem.
1217 2056 1394 2113 Nolite
1423 2055 1500 2109 sic
1530 2053 1706 2109 facere
1732 2067 1911 2108 coram
1940 2050 2112 2107 homi-

533 2155 688 2210 nibus
707 2195 723 2220 ,
753 2151 1007 2223 quidquid
1032 2150 1159 2206 boni
1187 2148 1357 2203 tacitis
1375 2188 1392 2215 ,
1426 2156 1483 2202 ut
1512 2144 1791 2200 videamini
1817 2144 1885 2198 ab
1909 2143 1989 2198 eis
2009 2183 2023 2206 ,
2054 2149 2113 2196 ut

530 2247 646 2317 ipse
673 2246 743 2302 sit
772 2244 891 2299 finis
919 2243 1095 2314 operis
1124 2240 1329 2308 vestri;
1353 2238 1522 2294 videri
1549 2238 1615 2292 ab
1641 2236 1744 2292 eis.
1781 2235 1957 2290 Nolite
1984 2249 2110 2304 ergo

530 2340 642 2407 sic,
671 2346 729 2393 ut
759 2335 1049 2393 videamini
1092 2335 1161 2390 ab
1197 2333 1295 2389 eis.
1327 2332 1442 2388 Hac
1476 2340 1655 2386 autem
1682 2331 1702 2361 ²
1734 2344 1841 2383 non
1867 2327 1936 2381 ibi
1965 2326 2111 2397 ponit

530 2432 713 2497 tinem,
743 2437 804 2485 ut
829 2427 1107 2484 videamur
1132 2426 1200 2481 ab
1223 2424 1547 2490 hominibus,
1578 2436 1759 2478 coram
1786 2421 1976 2491 quibus
1997 2418 2113 2474 vult

528 2539 649 2580 esse
677 2523 815 2577 bona
853 2520 991 2575 facta
1021 2527 1201 2574 nostra
1227 2534 1241 2573 :
1270 2515 1364 2572 sed
1394 2516 1487 2580 ait,
1518 2513 1743 2569 Luceant
1772 2527 1925 2582 cpera
1948 2518 2111 2565 vestra

528 2633 701 2672 coram
728 2613 1047 2679 hominibus,
1072 2621 1129 2666 ut
1171 2610 1371 2665 videant
1413 2611 1543 2663 bona
1587 2622 1743 2677 opera
1783 2614 1964 2659 vestra.
1992 2602 2107 2658 Non

527 2708 749 2779 quievit,
782 2720 954 2776 neque
980 2704 1069 2759 hic
1093 2702 1350 2759 remansit
1379 2719 1393 2756 :
1425 2700 1520 2756 sed
1549 2698 1703 2753 duxit
1732 2697 1856 2753 hinc
1893 2704 1945 2751 te
1989 2710 2109 2750 sur-

525 2815 643 2854 sum
670 2798 713 2866 ³,
739 2805 793 2852 et
820 2796 938 2851 tulit
963 2804 1013 2850 te
1041 2810 1071 2849 a
1101 2805 1156 2848 te
1184 2791 1427 2865 (caderes
1456 2790 1627 2856 enim,
1658 2788 1703 2844 si
1727 2802 1874 2843 esses
1913 2787 1965 2841 in
2006 2783 2105 2858 te),

525 2899 581 2947 et
603 2890 692 2945 ubi
722 2898 868 2943 tutus
907 2901 1091 2953 esses,
1138 2886 1315 2956 posuit
1356 2892 1428 2938 te.
1478 2883 1716 2948 Videant,
1749 2880 1948 2950 inquit,
1975 2878 2108 2933 bona

526 2998 680 3054 opera
706 2989 867 3034 uestra
883 3020 896 3044 ,
920 2989 967 3032 et
994 2978 1277 3048 gloriﬁcent
1307 2974 1513 3028 Patrem
1541 2981 1756 3028 vestrum
1774 2972 1861 3041 qui
1891 2971 1944 3024 in
1970 2970 2106 3025 caelis

527 3082 624 3128 est.
653 3071 770 3127 Noli
794 3070 969 3131 irasci,
996 3069 1118 3138 quia
1140 3068 1230 3122 ille
1252 3065 1606 3135 gloriﬁcatur:
1629 3062 1767 3133 apud
1796 3061 1944 3116 illum
1964 3070 2102 3128 esto,

524 3174 579 3222 ct
602 3166 655 3221 in
683 3165 774 3219 illo
798 3159 1194 3233 glorificaheris.
1219 3157 1287 3214 Ut
1307 3175 1407 3212 non
1425 3156 1686 3228 glorietur,
1705 3156 1779 3210 ait
1797 3154 2102 3225 Apostolus,

529 3258 693 3312 omnis
711 3272 831 3311 caro
847 3270 1017 3309 coram
1038 3252 1146 3306 illo.
1170 3251 1312 3321 Ergo
1337 3250 1452 3303 sine
1478 3247 1645 3320 gloria
1674 3246 2103 3303 remanebimus?

524 3349 641 3404 Non
671 3365 688 3403 :
713 3347 790 3402 ait
809 3346 950 3401 enim
977 3344 1110 3413 ipse,
1140 3341 1239 3407 Qui
1259 3339 1524 3411 gloriatur,
1545 3338 1600 3392 in
1618 3336 1839 3391 Domino
1861 3336 2105 3407 glorietur

521 3441 543 3512 (
570 3440 593 3496 ι
621 3440 740 3496 Cor.
767 3455 815 3505 ι,
840 3438 911 3495 29
930 3479 945 3502 ,
981 3436 1096 3508 51).
1125 3434 1258 3491 Nam
1282 3442 1337 3489 et
1363 3431 1723 3488 testimonium
1761 3430 2103 3487 conscientia:

523 3546 721 3591 nostrae
750 3533 820 3588 ita
847 3530 1003 3588 nobis
1029 3528 1052 3562 ’⁵
1081 3529 1247 3600 gloria
1275 3535 1391 3595 est,
1419 3526 1542 3597 quia
1571 3526 1625 3581 in
1654 3527 1747 3581 illo
1767 3535 1868 3582 est.
1897 3526 2032 3582 Nam
2054 3524 2102 3582 si

521 3626 593 3681 ita
621 3633 703 3681 est
725 3622 892 3696 gloria
915 3631 1117 3687 nostra,
1141 3628 1199 3676 ut
1223 3619 1375 3676 nobis
1397 3619 1716 3689 placeamus,
1733 3625 1789 3673 et
1808 3616 2102 3673 efficiamur

524 3717 795 3787 placentes
822 3713 1008 3780 nobis;
1041 3711 1196 3769 valde
1215 3711 1376 3767 stulto
1403 3709 1605 3766 homini
1636 3709 1842 3780 placet,
1869 3708 1957 3779 qui
1995 3708 2100 3764 sibi

521 3807 696 3878 placet
708 3845 722 3860 .

591 3898 678 3952 14.
707 3895 866 3950 Bona:
900 3894 1287 3950 conversationis
1330 3909 1485 3969 cura.
1520 3890 1779 3948 Curemus
1819 3907 1967 3964 ergo,
1992 3890 2103 3951 fra-

519 3996 631 4042 tres
649 4028 665 4053 ,
688 4003 792 4042 non
824 3994 1029 4040 tantum
1058 3985 1197 4041 bene
1226 3984 1405 4039 vivere
1425 4025 1442 4051 ,
1469 3983 1569 4040 sed
1595 3984 1754 4039 etiam
1782 3998 1964 4039 coram
1996 3984 2097 4040 ho-

519 4079 752 4135 minibus
776 4078 911 4133 bene
937 4074 1283 4142 conversari;
1313 4091 1413 4131 nec
1437 4085 1641 4131 tantum
1678 4076 1873 4132 habere
1901 4076 2098 4133 bonam

516 4170 894 4227 conscientiam
915 4211 930 4234 ,
961 4168 1056 4225 sed
1081 4177 1335 4239 quantum
1361 4176 1535 4237 potest
1574 4176 1756 4223 nostra
1781 4169 2094 4235 infirmitas,

516 4275 771 4336 quantum
792 4263 1060 4335 vigilantia
1083 4261 1378 4332 fragilitatis
1398 4261 1666 4325 humanm,
1693 4275 1943 4316 curemus
1966 4261 2096 4317 nihil

517 4359 676 4413 etiam
706 4356 882 4412 facere
907 4354 1051 4426 quod
1070 4354 1247 4410 veniat
1269 4353 1322 4409 in
1350 4354 1543 4408 malam
1571 4353 1922 4424 suspicionem
1942 4352 2097 4429 infir-

518 4463 606 4504 mo
630 4448 782 4503 fratri
807 4463 820 4500 :
844 4461 912 4502 ne
940 4445 1076 4501 forte
1101 4460 1263 4516 puras
1288 4445 1480 4500 herbas
1504 4444 1824 4511 mandendo,
1856 4455 1912 4501 et
1937 4460 2096 4515 puras

517 4553 683 4609 aquas
722 4536 955 4592 bibendo
992 4536 1369 4593 conculcemus
1405 4549 1597 4606 pascua
1623 4536 1752 4602 Dei,
1775 4545 1831 4592 et
1858 4551 1983 4592 oves
2009 4538 2095 4592 in-

521 4629 689 4683 ﬁrmat
716 4626 1083 4682 conculcatum
1110 4625 1462 4694 manducent,
1493 4634 1549 4682 et
1586 4626 1850 4682 turbatum
1890 4626 2093 4683 bibant.

520 4724 586 4781 Et
606 4737 686 4778 va:
710 4723 752 4789 ⁸,
778 4730 993 4792 propter
1022 4720 1179 4776 istum
1203 4721 1294 4791 qui
1313 4719 1462 4785 dicit,
1484 4717 1598 4793 Ego
1611 4720 1790 4792 judico
1808 4721 1934 4776 inter
1953 4736 2095 4776 ovem

515 4824 562 4869 ει
590 4830 751 4870 ovem.

496 4898 499 4901 ’
584 4905 809 4963 CAPUT
838 4903 908 4962 Χ.
925 4935 1000 4948 -
1018 4905 1104 4960 15.
1129 4903 1259 4959 Oves
1280 4910 1328 4959 et
1353 4903 1519 4958 hircos
1545 4904 1687 4959 nunc
1723 4903 2000 4959 discernere
2019 4920 2098 4959 so-

515 4998 611 5053 lius
633 4996 728 5053 Dei
743 5007 914 5053 est.—
931 4995 1037 5051 Pro
1050 4995 1160 5050 istis
1176 4994 1281 5049 Iure
1300 4994 1421 5048 dicit
1440 4992 1686 5049 Dominus
1714 4993 1851 5049 Deus
1874 4994 1943 5047 ad
1967 5010 2049 5048 eos
2072 5009 2092 5049 :

515 5092 648 5148 Ecce
674 5110 764 5165 ego
776 5093 955 5164 judico
981 5092 1112 5146 inter
1134 5106 1275 5147 ovem
1303 5090 1501 5158 fortem,
1530 5097 1577 5143 et
1618 5089 1748 5143 inter
1773 5104 1912 5142 ovem
1938 5087 2093 5142 imbe-

516 5186 705 5239 cillam.
733 5186 891 5241 Aliud
915 5182 1112 5254 aliquid
1142 5181 1302 5237 dicat.
1329 5179 1446 5236 Jam
1480 5180 1773 5235 audivimus
1801 5179 1869 5235 de
1894 5178 1978 5233 his
2000 5179 2090 5249 qui

514 5278 829 5335 conculcant
873 5277 1097 5342 herbas,
1138 5283 1192 5331 et
1237 5273 1548 5344 perturbant
1587 5288 1749 5343 aquas
1774 5289 1787 5325 :
1812 5272 2089 5327 audiamus

517 5368 659 5424 aliud
684 5383 852 5438 genus
873 5366 1029 5434 mali,
1060 5374 1115 5423 et
1152 5380 1403 5435 magnum
1435 5380 1600 5434 genus
1629 5364 1774 5418 mali.
1803 5363 1992 5420 Postea
2019 5363 2089 5418 de

574 5519 591 5548 ι
617 5514 783 5565 Florus
795 5521 846 5564 et
860 5513 1042 5576 aliquot
1052 5520 1179 5573 Mss,
1202 5523 1253 5561 se
1559 5507 1761 5576 iactant,
1774 5513 1830 5576 _et
1859 5506 1927 5559 ita
1948 5507 2092 5576 nenti-

509 5578 607 5629 lant
624 5589 788 5640 opera,
807 5582 901 5625 etc.
1032 5569 1195 5643 autem
1207 5578 1375 5643 carent
1385 5573 1492 5622 istis
1504 5569 1686 5633 verbis,
1703 5578 1748 5622 et
1766 5572 1831 5622 ita
1846 5569 2087 5623 ventilant.

571 5643 592 5673 ²
617 5634 680 5688 ua
703 5634 809 5686 Mss
830 5643 885 5686 At
907 5635 1040 5694 editi,
1080 5634 1159 5683 hic
1180 5640 1354 5683 autem.

574 5702 596 5733 ⁸
616 5701 690 5749 sic
709 5697 875 5758 Florus
897 5704 949 5758 et
970 5696 1154 5758 aliquot
1170 5703 1278 5744 Mss.
1297 5696 1414 5745 Editi
1445 5707 1582 5758 vero,
1611 5708 1819 5758 rursum.

569 5763 594 5794 ι
612 5761 750 5821 Editi,
775 5757 823 5812 'm
844 5757 994 5821 nobis.
1020 5755 1075 5805 Αἰ
1090 5757 1251 5806 Florus
1269 5764 1320 5807 et
1334 5765 1459 5820 Mss,
1482 5755 1552 5807 ita
1570 5755 1717 5809 nobis.

570 5819 747 5891 “diu,
766 5828 813 5877 et
833 5819 923 5878 vel.
948 5826 1007 5873 At
1027 5826 1153 5882 Mss,
1178 5826 1223 5870 et
1246 5830 1332 5869 υω.

1772 365 1831 428 s.
1873 358 2239 429 AUGUSTINI
2277 366 2579 431 EPISCOPI
3691 375 3785 438 θοι

2228 489 2389 547 hircis
2418 493 2620 548 nullam
2651 493 2774 550 facit
2801 490 3122 550 mentionem
3159 507 3174 546 :
3212 488 3377 547 semel
3402 488 3523 548 illos
3549 492 3777 550 nomina-

2222 581 2317 647 vit,
2351 591 2404 638 ut
2432 585 2690 641 sciremus
2719 601 2857 642 esse.
2886 585 3003 655 Ipse
3026 584 3169 641 enim
3192 583 3313 640 illos
3335 584 3472 640 bene
3500 585 3659 640 novit.
3688 585 3780 641 Po-

2222 681 2334 728 stea
2375 675 2452 730 sic
2492 675 2738 747 loquitur,
2784 686 3031 748 tanquam
3072 689 3258 732 omnes
3291 690 3419 732 oves
3455 675 3583 731 sint.
3613 676 3779 735 Primo

2222 763 2488 832 quomodo
2515 766 2630 837 ipse
2656 768 2828 834 videt,
2858 777 3041 840 postea
3065 782 3193 822 vero
3224 767 3492 838 quomodo
3518 782 3616 822 nos
3650 769 3782 827 vide-

2222 868 2372 923 mus,
2406 856 2615 914 locutus
2637 868 2740 915 est.
2767 859 2911 917 Hirci
2935 860 3077 916 enim
3114 861 3237 930 quia
3278 859 3491 929 insunt,
3518 870 3574 916 et
3591 860 3705 931 quia
3733 863 3783 919 in

2220 945 2327 1003 line
2349 952 2758 1021 separabantur,
2779 961 2962 1009 notum
2987 954 3056 1009 sit
3072 954 3260 1010 ovibus
3284 954 3302 986 ί
3328 971 3342 1008 :
3367 954 3524 1011 modo
3550 965 3782 1027 tanquam

2221 1035 2359 1093 inter
2383 1055 2536 1096 ovem
2566 1050 2624 1098 et
2645 1059 2801 1100 ovem
2831 1043 3098 1100 discerno.
3137 1042 3255 1098 Non
3296 1047 3398 1099 scit
3441 1045 3542 1101 nisi
3588 1046 3784 1117 praede-

2222 1129 2509 1187 stinatione
2535 1134 2557 1165 ³
2586 1143 2638 1189 et
2668 1136 2998 1207 praescientia
3025 1150 3153 1193 oves
3177 1145 3233 1193 et
3258 1136 3437 1194 hircos
3455 1178 3470 1203 ,
3502 1138 3591 1194 ille
3612 1140 3783 1210 solus,

2219 1222 2310 1292 qui
2341 1227 2722 1294 praedestinare
2741 1230 2927 1300 potuit,
2946 1229 3068 1300 quia
3087 1230 3354 1301 prtescire.
3384 1231 3541 1287 Modo
3564 1233 3653 1303 qui
3672 1249 3783 1288 om-

2218 1327 2316 1369 nes
2361 1316 2462 1371 sub
2504 1319 2654 1387 signo
2677 1319 2698 1351 ³
2724 1319 2921 1376 Christi
2963 1329 3119 1389 sunt,
3163 1329 3219 1377 ct
3245 1337 3431 1378 omnes
3471 1322 3539 1378 ad
3573 1325 3786 1394 gratiam

2220 1404 2320 1460 Dei
2362 1409 2658 1478 accedunt,
2683 1426 2837 1467 ovem
2866 1422 2917 1468 te
2944 1422 3097 1483 putas
3116 1455 3132 1481 ,
3174 1412 3375 1468 hircum
3405 1422 3458 1469 te
3486 1416 3621 1470 forte
3660 1415 3789 1472 Deus

2218 1500 2363 1554 novit
2383 1518 2396 1554 :
2414 1501 2508 1557 sed
2533 1510 2781 1575 tanquam
2798 1506 2912 1562 ovis
2940 1505 3061 1561 audi
3086 1505 3230 1577 quod
3249 1506 3420 1573 audis,
3434 1505 3567 1562 Ecce
3590 1525 3680 1580 ego
3697 1510 3786 1582 ju-

2218 1590 2334 1647 dico
2358 1594 2488 1649 inter
2509 1612 2647 1650 ovem
2677 1602 2878 1670 fortem,
2906 1607 2951 1653 et
2978 1598 3109 1652 inter
3134 1614 3272 1653 ovem
3295 1599 3620 1654 imbecillam.

2289 1684 2377 1740 16.
2436 1685 2737 1744 Schismatis
2781 1688 3165 1745 Donatistarum
3209 1701 3437 1747 auctores
3478 1692 3698 1761 superbi.
3724 1723 3786 1734 -—

2219 1775 2471 1843 Quoniam
2511 1780 2751 1836 lateribus
2796 1793 2844 1838 et
2882 1783 3104 1839 humeris
3140 1788 3311 1841 vestris
3351 1785 3714 1857 impellebatis,
3747 1794 3790 1840 et

2216 1868 2447 1923 cornibus
2482 1872 2655 1925 vestris
2693 1874 3071 1943 percutiebatis,
3101 1884 3149 1930 et
3189 1893 3334 1931 autne
3368 1876 3503 1948 quod
3536 1878 3791 1947 deﬁciebat

2216 1960 2633 2029 romprimebatis,
2656 1964 2980 2034 quoadusque
3000 1965 3352 2039 dispergeretis
3376 1985 3461 2023 eas
3484 1973 3646 2041 foras.
3668 1968 3790 2035 Quis

2216 2047 2322 2103 boc
2361 2065 2467 2105 non
2508 2051 2807 2124 intelligat?
2835 2056 2953 2126 quis
2982 2072 3088 2112 non
3116 2057 3497 2115 exhorrescat?
3540 2059 3599 2117 Si
3639 2059 3791 2115 nulla:

2215 2152 2345 2195 oves
2374 2141 2505 2196 foris
2534 2151 2691 2209 sunt,
2740 2159 2843 2199 non
2885 2153 2967 2200 est
3014 2146 3228 2202 factum.
3277 2148 3333 2203 Si
3375 2158 3551 2204 autem
3602 2150 3791 2205 multas

2215 2238 2344 2280 oves
2373 2223 2515 2281 foras
2542 2242 2725 2283 errare
2752 2230 3077 2301 plangimus,
3110 2249 3191 2287 va:
3214 2248 3438 2304 quorum
3482 2235 3722 2291 humeris
3742 2245 3794 2292 et

2216 2314 2468 2372 lateribus
2498 2326 2552 2373 et
2576 2320 2826 2375 cornibus
2851 2321 3043 2377 factum
3076 2331 3176 2378 est.
3206 2322 3322 2379 Non
3350 2325 3491 2380 enim
3519 2327 3637 2382 hinc
3657 2325 3797 2382 face-

2216 2416 2355 2472 rent,
2389 2408 2489 2463 nisi
2520 2407 2687 2466 fortes
2715 2427 2863 2468 oves.
2893 2413 3020 2482 Quae
3049 2423 3174 2470 sunt
3201 2415 3405 2472 fortes?
3429 2417 3504 2474 De
3530 2420 3646 2474 suis
3672 2420 3794 2475 viri-

2212 2497 2312 2554 bus
2336 2513 2738 2569 praesumentes.
2766 2504 2894 2573 Quae
2934 2513 3059 2562 sunt
3098 2506 3301 2564 fortes?
3331 2510 3404 2564 De
3448 2525 3541 2565 sua
3586 2512 3791 2583 justitia

2213 2590 2524 2660 gloriantes.
2557 2592 2671 2648 Non
2702 2594 2996 2652 diviserunt
3018 2613 3168 2665 oves,
3194 2614 3300 2654 non
3330 2599 3471 2656 foras
3495 2602 3793 2671 miserunt,

2217 2681 2317 2736 nisi
2343 2684 2431 2752 qui
2461 2699 2520 2740 se
2541 2685 2716 2756 justos
2741 2702 2860 2744 esse
2885 2688 3134 2746 dixerunt
3160 2707 3175 2745 :
3199 2691 3403 2747 humeri
3431 2691 3454 2725 δ
3477 2693 3711 2751 audaces
3733 2694 3795 2751 ad

2212 2773 2616 2845 impellendum,
2648 2779 2768 2850 quia
2798 2796 2904 2835 non
2932 2791 3145 2852 portant
3171 2785 3432 2840 sarcinam
3458 2785 3554 2842 Dei
3584 2805 3599 2842 :
3634 2786 3797 2844 latera

2212 2867 2372 2935 mala,
2396 2871 2763 2939 conspirantes
2780 2872 2955 2940 amici,
2980 2874 3206 2930 societas
3231 2877 3533 2946 pertinaciae
3556 2896 3571 2932 :
3597 2895 3797 2936 cornua

2211 2968 2412 3024 erecta,
2435 2960 2572 3015 elata
2593 2963 2839 3032 superbia
2860 2962 2885 2996 ⁸
2906 2981 2922 3018 :
2944 2965 3156 3036 impelle
3176 2967 3428 3023 lateribus
3451 2977 3505 3024 et
3531 2970 3796 3040 humeris,

2217 3051 2413 3108 ventila
2452 3054 2731 3123 cornibus,
2762 3056 2913 3112 mitte
2948 3056 3090 3113 foras
3133 3059 3274 3129 quod
3320 3074 3425 3115 non
3471 3061 3705 3117 emisisti
3733 3060 3796 3117 ἐ

2209 3143 2367 3200 Certe
2392 3145 2507 3215 ipsa
2535 3155 2643 3202 tota
2669 3162 2825 3204 causa
2846 3157 2951 3218 est,
2977 3149 3098 3221 quia
3120 3160 3178 3205 tu
3201 3150 3374 3222 justus
3400 3160 3455 3207 et
3473 3153 3563 3207 alii
3590 3153 3795 3225 injusti,

2212 3244 2268 3291 et
2293 3237 2563 3308 indignum
2592 3248 2709 3295 erat
2748 3249 2808 3296 ut
2844 3241 3020 3312 justus
3053 3250 3197 3298 esset
3221 3258 3343 3299 cum
3368 3243 3582 3315 iniustis
3610 3263 3624 3300 :
3655 3246 3797 3302 indi-

2210 3341 2371 3396 gnum
2397 3328 2673 3396 videlicet,
2699 3338 2760 3385 ut
2788 3329 3052 3387 frumenta
3083 3342 3265 3389 essent
3288 3334 3427 3389 inter
3450 3335 3690 3404 zizania;
3719 3338 3802 3393 in-

2209 3417 2444 3489 dignum,
2474 3429 2532 3475 ut
2550 3436 2679 3477 oves
2703 3422 2841 3478 inter
2865 3423 3041 3480 hircos
3069 3433 3370 3495 pascerent,
3402 3425 3580 3482 donec
3612 3438 3799 3499 pastor

2207 3511 2417 3567 veniret
2443 3512 2533 3583 qui
2560 3512 2611 3567 in
2639 3515 2933 3585 separando
2960 3529 3068 3571 non
3095 3525 3255 3572 errat.
3287 3517 3434 3574 Itane
3472 3525 3528 3573 tu
3568 3519 3799 3590 angelus

2206 3601 2483 3659 eradicans
2506 3604 2745 3660 zizanla?
2766 3605 2881 3662 Non
2924 3614 2978 3664 te
3009 3621 3356 3678 agnoscerem
3394 3610 3652 3680 angelum
3678 3626 3802 3666 era-

2205 3693 2474 3751 dicantem
2523 3695 2754 3764 zizania,
2783 3711 2883 3752 nec
2911 3698 2956 3751 si
2980 3697 3088 3768 jam
3131 3699 3320 3753 messis
3363 3702 3625 3756 venisset.
3656 3703 3800 3759 Ante

2204 3798 2436 3840 messem
2477 3800 2580 3840 non
2623 3793 2707 3852 tu,
2735 3785 2830 3842 sed
2858 3787 3096 3858 quisquis
3133 3786 3320 3855 fuerit,
3351 3805 3457 3857 non
3485 3799 3567 3845 est
3611 3808 3797 3848 verus.

2204 3874 2305 3943 Qui
2334 3876 2632 3946 designavit
2668 3892 2968 3945 messores,
2999 3879 3295 3951 designavit
3318 3890 3372 3936 et
3397 3890 3634 3953 tempus.
3667 3885 3802 3940 Pos-

2202 3978 2323 4026 sent
2348 3979 2403 4025 et
2424 3969 2669 4027 homines
2688 3984 2747 4026 se
2771 3971 2988 4041 angelos
3006 3971 3203 4027 dicere.
3228 3972 3529 4028 Invenimus
3554 3973 3801 4032 fortasse

2203 4061 2258 4116 in
2281 4060 2570 4131 Scripturis
2616 4070 2671 4117 et
2719 4061 2963 4118 homines
2988 4060 3161 4117 dictos
3184 4063 3432 4134 angelos,
3461 4064 3557 4120 sed
3610 4076 3800 4123 tamen

2205 4167 2306 4225 ego
2337 4162 2547 4223 tempus
2575 4154 2763 4209 messis
2801 4155 3041 4211 attendo.
3069 4157 3259 4227 Angeli
3285 4158 3378 4214 tibi
3405 4175 3609 4216 nomen
3640 4172 3803 4232 potes

2203 4243 2478 4314 imponere
2496 4285 2512 4311 ,
2541 4253 2750 4315 tempus
2775 4246 2965 4302 messis
2990 4262 3095 4303 non
3124 4257 3273 4318 potes
3300 4250 3565 4306 breviare.
3610 4253 3802 4323 Itaque

2202 4334 2393 4390 falsum
2421 4335 2586 4402 dicis,
2610 4337 2732 4407 quia
2762 4337 2836 4393 sis
2862 4339 2884 4370 '
2908 4356 2922 4393 :
2947 4342 3067 4409 quia
3114 4341 3347 4397 nondum
3389 4344 3533 4399 venit
3572 4346 3804 4417 quando

2203 4426 2297 4482 sis.
2324 4426 2555 4483 Proinde
2577 4442 2697 4483 cum
2720 4429 2944 4496 venerit,
2972 4441 3028 4486 et
3048 4432 3162 4486 veri
3196 4448 3460 4489 messores
3486 4435 3645 4491 missi
3674 4436 3803 4493 fue-

2202 4518 2331 4586 rint,
2365 4520 2548 4575 nescio
2573 4519 2659 4576 ubi
2689 4529 2740 4575 te
2769 4520 3066 4588 inveniant,
3100 4531 3273 4577 utrum
3315 4525 3657 4595 purgandum
3708 4528 3803 4599 qui

2202 4611 2258 4665 in
2305 4610 2496 4667 horreo
2538 4611 2880 4679 recondaris,
2912 4628 2979 4668 an
3016 4613 3334 4683 alligandum
3374 4616 3461 4687 qui
3506 4618 3559 4672 in
3610 4619 3803 4691 ignem

2203 4701 2515 4772 projiciaris.
2548 4702 2674 4760 Ideo
2701 4703 2843 4758 enim
2872 4703 3011 4771 dico,
3041 4703 3200 4775 forte,
3227 4705 3351 4776 quia
3373 4722 3479 4763 non
3507 4709 3697 4765 audeo
3713 4710 3808 4781 ju-

2200 4791 2402 4849 dicare.
2431 4793 2585 4850 Modo
2611 4802 2663 4850 te
2688 4793 2817 4850 foris
2843 4794 3001 4852 doleo
3025 4812 3039 4851 :
3063 4802 3242 4852 utrum
3269 4797 3346 4852 sis
3371 4796 3585 4855 futurus
3619 4801 3802 4869 intus,

2198 4887 2405 4957 ignoro.

2270 4979 2358 5033 17.
2377 4975 2669 5031 Donatistas
2688 4977 3051 5050 separationem
3068 4996 3211 5034 suam
3225 4997 3464 5037 excusare
3487 4998 3593 5037 non
3618 5000 3804 5055 posse.

2198 5067 2411 5124 Interim
2464 5067 2589 5122 audi
2631 5083 2698 5123 ex
2752 5068 2858 5124 alio
2914 5068 3204 5140 Scriptum
3256 5074 3560 5131 testimonio
3613 5075 3693 5131 de
3751 5085 3815 5134 te

2197 5160 2450 5231 scriptum
2481 5175 2621 5228 esse,
2645 5175 2767 5215 cum
2796 5162 2960 5227 vivis;
2988 5170 3043 5217 et
3066 5164 3174 5218 noli
3202 5163 3340 5220 velle
3364 5164 3562 5221 zizania
3597 5168 3806 5223 eradi-

2261 5321 2277 5353 ¹
2304 5327 2404 5370 Duo
2424 5324 2552 5377 Mss,
2586 5316 2816 5369 omnibus.

2259 5385 2279 5413 ²
2303 5383 2375 5445 sic
2398 5388 2502 5445 uss.
2518 5388 2572 5445 at
2588 5380 2704 5445 editi
2729 5394 2742 5430 :
2762 5389 2879 5431 Nam
2893 5379 2982 5445 scit
3002 5380 3434 5445 praedestinatione.

2259 5445 2279 5477 ⁸
2303 5443 2439 5503 Edili,
2462 5442 2549 5493 sub
2568 5441 2707 5507 jugo.
2741 5441 3044 5506 Repudiatus,
3068 5442 3154 5494 sub
3183 5443 3319 5508 signa
3337 5458 3356 5507 ;
3377 5445 3489 5508 quia
3508 5445 3586 5495 sic
3613 5459 3818 5502 omna

2194 5512 2419 5630 "simini
2447 5562 2675 5616 humeris.
2708 5565 2875 5630 Melius
2903 5567 3235 5619 dsterciensis
3255 5575 3358 5630 Ms,
3380 5566 3595 5618 lumen“.

2257 5631 2278 5662 ⁸
2314 5628 2481 5677 Plures
2511 5634 2639 5683 Mss,
2667 5627 2890 5691 superba.

2257 5690 2278 5722 ⁸
2300 5691 2374 5741 sic
2398 5699 2502 5741 Mss.
2528 5690 2644 5739 l-xiiti
2667 5688 2850 5749 autem,
2874 5688 3046 5740 emisti.

2254 5750 2673 5831 :Pdititqttinsis.
2714 5750 2877 5801 melius
2913 5750 3113 5802 fortasse
3151 5752 3332 5819 aliquot
3368 5759 3495 5815 Mss,
3517 5764 3653 5817 ausa
3690 5769 3773 5813 ,πε
3792 5795 3816 5831 ⁸

2194 5814 2379 5869 scilicet
2402 5813 2629 5879 Angelus.
