  <div class='ocr_page' id='page_1' title='image "/cluster/home/n/w/nwhite01/storage/ocr_20150623/38/hvd.32044015706294/158.png"; bbox 0 0 4012 6338; ppageno 0'>
   <div class='ocr_carea' id='block_1_1' title="bbox 224 340 325 399">
    <p class='ocr_par' dir='ltr' id='par_1_1' title="bbox 224 340 325 399">
     <span class='ocr_line' id='line_1_1' title="bbox 224 340 325 399; baseline 0 0"><span class='ocrx_word' id='word_1_1' title='bbox 224 340 325 399; x_wconf 70' lang='lat'><strong>305</strong></span> 
     </span>
    </p>
   </div>
   <div class='ocr_carea' id='block_1_2' title="bbox 223 445 1808 530">
    <p class='ocr_par' dir='ltr' id='par_1_2' title="bbox 223 445 1808 530">
     <span class='ocr_line' id='line_1_2' title="bbox 223 445 1808 530; baseline -0.01 -14"><span class='ocrx_word' id='word_1_2' title='bbox 223 475 364 524; x_wconf 84' lang='lat' dir='ltr'><strong>care,</strong></span> <span class='ocrx_word' id='word_1_3' title='bbox 390 455 606 530; x_wconf 85' lang='lat' dir='ltr'><strong>quando</strong></span> <span class='ocrx_word' id='word_1_4' title='bbox 629 466 840 527; x_wconf 93' lang='lat' dir='ltr'><strong>tempus</strong></span> <span class='ocrx_word' id='word_1_5' title='bbox 869 469 974 511; x_wconf 90' lang='lat' dir='ltr'><strong>non</strong></span> <span class='ocrx_word' id='word_1_6' title='bbox 1003 460 1112 519; x_wconf 88' lang='lat' dir='ltr'><strong>est;</strong></span> <span class='ocrx_word' id='word_1_7' title='bbox 1141 449 1236 508; x_wconf 87' lang='lat' dir='ltr'><strong>sed</strong></span> <span class='ocrx_word' id='word_1_8' title='bbox 1263 458 1318 506; x_wconf 91' lang='lat' dir='ltr'><strong>tu</strong></span> <span class='ocrx_word' id='word_1_9' title='bbox 1345 448 1461 520; x_wconf 89' lang='lat' dir='ltr'><strong>ipse</strong></span> <span class='ocrx_word' id='word_1_10' title='bbox 1488 447 1630 504; x_wconf 90' lang='lat' dir='ltr'><strong>intro</strong></span> <span class='ocrx_word' id='word_1_11' title='bbox 1655 445 1808 514; x_wconf 89' lang='lat' dir='ltr'><strong>redi,</strong></span> 
     </span>
    </p>
   </div>
   <div class='ocr_carea' id='block_1_3' title="bbox 222 539 1810 622">
    <p class='ocr_par' dir='ltr' id='par_1_3' title="bbox 222 539 1810 622">
     <span class='ocr_line' id='line_1_3' title="bbox 222 539 1810 622; baseline -0.011 -12"><span class='ocrx_word' id='word_1_12' title='bbox 222 569 341 610; x_wconf 84' lang='lat' dir='ltr'><strong>cum</strong></span> <span class='ocrx_word' id='word_1_13' title='bbox 376 563 588 622; x_wconf 90' lang='lat' dir='ltr'><strong>tempus</strong></span> <span class='ocrx_word' id='word_1_14' title='bbox 618 561 718 606; x_wconf 88' lang='lat' dir='ltr'><strong>est.</strong></span> <span class='ocrx_word' id='word_1_15' title='bbox 752 550 887 604; x_wconf 90' lang='lat' dir='ltr'><strong>Dicit</strong></span> <span class='ocrx_word' id='word_1_16' title='bbox 913 547 1012 602; x_wconf 87' lang='lat' dir='ltr'><strong>alia</strong></span> <span class='ocrx_word' id='word_1_17' title='bbox 1043 547 1135 601; x_wconf 85' lang='lat' dir='ltr'><strong>Dei</strong></span> <span class='ocrx_word' id='word_1_18' title='bbox 1162 544 1439 615; x_wconf 86' lang='lat' dir='ltr'><strong>Scriptura</strong></span> <span class='ocrx_word' id='word_1_19' title='bbox 1470 560 1482 595; x_wconf 89' lang='lat'><strong>:</strong></span> <span class='ocrx_word' id='word_1_20' title='bbox 1516 539 1682 595; x_wconf 86' lang='lat' dir='ltr'><strong>Filius</strong></span> <span class='ocrx_word' id='word_1_21' title='bbox 1701 557 1810 594; x_wconf 79' lang='lat' dir='ltr'><strong>rna-</strong></span> 
     </span>
    </p>
   </div>
   <div class='ocr_carea' id='block_1_4' title="bbox 218 633 1812 716">
    <p class='ocr_par' dir='ltr' id='par_1_4' title="bbox 218 633 1812 716">
     <span class='ocr_line' id='line_1_4' title="bbox 218 633 1812 716; baseline -0.01 -15"><span class='ocrx_word' id='word_1_22' title='bbox 218 645 295 702; x_wconf 75' lang='lat' dir='ltr'><strong>lus</strong></span> <span class='ocrx_word' id='word_1_23' title='bbox 319 647 431 716; x_wconf 84' lang='lat' dir='ltr'><strong>ipse</strong></span> <span class='ocrx_word' id='word_1_24' title='bbox 450 661 504 698; x_wconf 87' lang='lat' dir='ltr'><strong>se</strong></span> <span class='ocrx_word' id='word_1_25' title='bbox 514 645 714 716; x_wconf 85' lang='lat' dir='ltr'><strong>justum</strong></span> <span class='ocrx_word' id='word_1_26' title='bbox 742 642 862 696; x_wconf 86' lang='lat' dir='ltr'><strong>dicit</strong></span> <span class='ocrx_word' id='word_1_27' title='bbox 882 639 1063 711; x_wconf 83' lang='lat' dir='ltr'><strong>(Prov.</strong></span> <span class='ocrx_word' id='word_1_28' title='bbox 1087 653 1231 705; x_wconf 82' lang='lat' dir='ltr'><strong>xxtv,</strong></span> <span class='ocrx_word' id='word_1_29' title='bbox 1260 653 1358 690; x_wconf 88' lang='lat' dir='ltr'><strong>sec.</strong></span> <span class='ocrx_word' id='word_1_30' title='bbox 1385 633 1574 706; x_wconf 79' lang='lat' dir='ltr'><strong>LXX).</strong></span> <span class='ocrx_word' id='word_1_31' title='bbox 1607 633 1670 688; x_wconf 91' lang='lat' dir='ltr'><strong>Hi</strong></span> <span class='ocrx_word' id='word_1_32' title='bbox 1691 642 1812 687; x_wconf 88' lang='lat' dir='ltr'><strong>sunt</strong></span> 
     </span>
    </p>
   </div>
   <div class='ocr_carea' id='block_1_5' title="bbox 219 729 1809 799">
    <p class='ocr_par' dir='ltr' id='par_1_5' title="bbox 219 729 1809 799">
     <span class='ocr_line' id='line_1_5' title="bbox 219 729 1809 799; baseline -0.006 -8"><span class='ocrx_word' id='word_1_33' title='bbox 219 740 428 799; x_wconf 77' lang='lat' dir='ltr'><strong>humeri</strong></span> <span class='ocrx_word' id='word_1_34' title='bbox 470 747 525 794; x_wconf 91' lang='lat' dir='ltr'><strong>et</strong></span> <span class='ocrx_word' id='word_1_35' title='bbox 563 738 728 792; x_wconf 89' lang='lat' dir='ltr'><strong>latera</strong></span> <span class='ocrx_word' id='word_1_36' title='bbox 759 745 814 791; x_wconf 90' lang='lat' dir='ltr'><strong>et</strong></span> <span class='ocrx_word' id='word_1_37' title='bbox 839 749 1038 790; x_wconf 91' lang='lat' dir='ltr'><strong>cornua</strong></span> <span class='ocrx_word' id='word_1_38' title='bbox 1071 741 1177 786; x_wconf 87' lang='lat' dir='ltr'><strong>tua.</strong></span> <span class='ocrx_word' id='word_1_39' title='bbox 1227 730 1362 785; x_wconf 87' lang='lat' dir='ltr'><strong>Male</strong></span> <span class='ocrx_word' id='word_1_40' title='bbox 1393 729 1544 784; x_wconf 80' lang='lat' dir='ltr'><strong>fortis</strong></span> <span class='ocrx_word' id='word_1_41' title='bbox 1564 771 1578 797; x_wconf 95' lang='lat'><strong>,</strong></span> <span class='ocrx_word' id='word_1_42' title='bbox 1611 735 1809 799; x_wconf 88' lang='lat' dir='ltr'><strong>quanto</strong></span> 
     </span>
    </p>
   </div>
   <div class='ocr_carea' id='block_1_6' title="bbox 219 823 1804 889">
    <p class='ocr_par' dir='ltr' id='par_1_6' title="bbox 219 823 1804 889">
     <span class='ocr_line' id='line_1_6' title="bbox 219 823 1804 889; baseline -0.009 0"><span class='ocrx_word' id='word_1_43' title='bbox 219 833 413 889; x_wconf 88' lang='lat' dir='ltr'><strong>melius</strong></span> <span class='ocrx_word' id='word_1_44' title='bbox 456 846 605 887; x_wconf 84' lang='lat' dir='ltr'><strong>esses</strong></span> <span class='ocrx_word' id='word_1_45' title='bbox 650 827 936 884; x_wconf 88' lang='lat' dir='ltr'><strong>inﬁrmus?</strong></span> <span class='ocrx_word' id='word_1_46' title='bbox 973 826 1110 881; x_wconf 84' lang='lat' dir='ltr'><strong>Male</strong></span> <span class='ocrx_word' id='word_1_47' title='bbox 1152 824 1337 889; x_wconf 90' lang='lat' dir='ltr'><strong>fortis,</strong></span> <span class='ocrx_word' id='word_1_48' title='bbox 1368 823 1463 879; x_wconf 91' lang='lat' dir='ltr'><strong>sed</strong></span> <span class='ocrx_word' id='word_1_49' title='bbox 1487 838 1595 878; x_wconf 87' lang='lat' dir='ltr'><strong>non</strong></span> <span class='ocrx_word' id='word_1_50' title='bbox 1624 837 1804 877; x_wconf 88' lang='lat' dir='ltr'><strong>sanus.</strong></span> 
     </span>
    </p>
   </div>
   <div class='ocr_carea' id='block_1_7' title="bbox 218 917 1808 994">
    <p class='ocr_par' dir='ltr' id='par_1_7' title="bbox 218 917 1808 994">
     <span class='ocr_line' id='line_1_7' title="bbox 218 917 1808 994; baseline -0.004 -15"><span class='ocrx_word' id='word_1_51' title='bbox 218 926 348 982; x_wconf 78' lang='lat' dir='ltr'><strong>Male</strong></span> <span class='ocrx_word' id='word_1_52' title='bbox 391 924 550 982; x_wconf 82' lang='lat' dir='ltr'><strong>fortis</strong></span> <span class='ocrx_word' id='word_1_53' title='bbox 601 922 946 994; x_wconf 75' lang='lat' dir='ltr'><strong>phreneticus</strong></span> <span class='ocrx_word' id='word_1_54' title='bbox 977 921 1134 976; x_wconf 65' lang='lat' dir='ltr'><strong>caedit</strong></span> <span class='ocrx_word' id='word_1_55' title='bbox 1161 930 1215 976; x_wconf 92' lang='lat' dir='ltr'><strong>et</strong></span> <span class='ocrx_word' id='word_1_56' title='bbox 1261 918 1549 974; x_wconf 90' lang='lat' dir='ltr'><strong>medicum.</strong></span> <span class='ocrx_word' id='word_1_57' title='bbox 1585 917 1724 972; x_wconf 85' lang='lat' dir='ltr'><strong>Dicis</strong></span> <span class='ocrx_word' id='word_1_58' title='bbox 1757 924 1808 972; x_wconf 91' lang='lat' dir='ltr'><strong>te</strong></span> 
     </span>
    </p>
   </div>
   <div class='ocr_carea' id='block_1_8' title="bbox 217 1011 1808 1086">
    <p class='ocr_par' dir='ltr' id='par_1_8' title="bbox 217 1011 1808 1086">
     <span class='ocr_line' id='line_1_8' title="bbox 217 1011 1808 1086; baseline -0.004 -15"><span class='ocrx_word' id='word_1_59' title='bbox 217 1018 535 1086; x_wconf 80' lang='lat' dir='ltr'><strong>perfectum,</strong></span> <span class='ocrx_word' id='word_1_60' title='bbox 569 1025 624 1071; x_wconf 89' lang='lat' dir='ltr'><strong>ut</strong></span> <span class='ocrx_word' id='word_1_61' title='bbox 652 1016 814 1070; x_wconf 82' lang='lat' dir='ltr'><strong>facias</strong></span> <span class='ocrx_word' id='word_1_62' title='bbox 839 1014 1124 1069; x_wconf 89' lang='lat' dir='ltr'><strong>defectum.</strong></span> <span class='ocrx_word' id='word_1_63' title='bbox 1146 1012 1355 1081; x_wconf 89' lang='lat' dir='ltr'><strong>Quanto</strong></span> <span class='ocrx_word' id='word_1_64' title='bbox 1379 1011 1576 1083; x_wconf 90' lang='lat' dir='ltr'><strong>potius,</strong></span> <span class='ocrx_word' id='word_1_65' title='bbox 1609 1019 1808 1081; x_wconf 89' lang='lat' dir='ltr'><strong>quanto</strong></span> 
     </span>
    </p>
   </div>
   <div class='ocr_carea' id='block_1_9' title="bbox 217 1104 1810 1176">
    <p class='ocr_par' dir='ltr' id='par_1_9' title="bbox 217 1104 1810 1176">
     <span class='ocr_line' id='line_1_9' title="bbox 217 1104 1810 1176; baseline -0.003 -13"><span class='ocrx_word' id='word_1_66' title='bbox 217 1112 396 1164; x_wconf 76' lang='lat' dir='ltr'><strong>utilius</strong></span> <span class='ocrx_word' id='word_1_67' title='bbox 437 1125 588 1165; x_wconf 85' lang='lat' dir='ltr'><strong>esses</strong></span> <span class='ocrx_word' id='word_1_68' title='bbox 628 1107 903 1173; x_wconf 86' lang='lat' dir='ltr'><strong>inﬁrmus,</strong></span> <span class='ocrx_word' id='word_1_69' title='bbox 935 1116 992 1161; x_wconf 89' lang='lat' dir='ltr'><strong>ut</strong></span> <span class='ocrx_word' id='word_1_70' title='bbox 1018 1106 1107 1162; x_wconf 90' lang='lat' dir='ltr'><strong>ille</strong></span> <span class='ocrx_word' id='word_1_71' title='bbox 1130 1115 1183 1161; x_wconf 91' lang='lat' dir='ltr'><strong>te</strong></span> <span class='ocrx_word' id='word_1_72' title='bbox 1209 1106 1518 1176; x_wconf 76' lang='lat' dir='ltr'><strong>perliceret,</strong></span> <span class='ocrx_word' id='word_1_73' title='bbox 1544 1104 1634 1174; x_wconf 90' lang='lat' dir='ltr'><strong>qui</strong></span> <span class='ocrx_word' id='word_1_74' title='bbox 1663 1104 1810 1158; x_wconf 90' lang='lat' dir='ltr'><strong>novit</strong></span> 
     </span>
    </p>
   </div>
   <div class='ocr_carea' id='block_1_10' title="bbox 216 1199 1806 1272">
    <p class='ocr_par' dir='ltr' id='par_1_10' title="bbox 216 1199 1806 1272">
     <span class='ocr_line' id='line_1_10' title="bbox 216 1199 1806 1272; baseline -0.001 -16"><span class='ocrx_word' id='word_1_75' title='bbox 216 1204 585 1272; x_wconf 88' lang='lat' dir='ltr'><strong>imperfectum</strong></span> <span class='ocrx_word' id='word_1_76' title='bbox 640 1212 786 1257; x_wconf 91' lang='lat' dir='ltr'><strong>tuum</strong></span> <span class='ocrx_word' id='word_1_77' title='bbox 814 1202 867 1255; x_wconf 67' lang='grc' dir='ltr'>ιτ</span> <span class='ocrx_word' id='word_1_78' title='bbox 904 1201 1192 1271; x_wconf 82' lang='lat' dir='ltr'><strong>Apostolus</strong></span> <span class='ocrx_word' id='word_1_79' title='bbox 1227 1199 1423 1254; x_wconf 87' lang='lat' dir='ltr'><strong>Paulus</strong></span> <span class='ocrx_word' id='word_1_80' title='bbox 1461 1213 1552 1253; x_wconf 91' lang='lat' dir='ltr'><strong>vas</strong></span> <span class='ocrx_word' id='word_1_81' title='bbox 1585 1199 1806 1254; x_wconf 91' lang='lat' dir='ltr'><strong>electio-</strong></span> 
     </span>
    </p>
   </div>
   <div class='ocr_carea' id='block_1_11' title="bbox 215 1293 1807 1366">
    <p class='ocr_par' dir='ltr' id='par_1_11' title="bbox 215 1293 1807 1366">
     <span class='ocr_line' id='line_1_11' title="bbox 215 1293 1807 1366; baseline -0.003 -12"><span class='ocrx_word' id='word_1_82' title='bbox 215 1300 314 1365; x_wconf 91' lang='lat' dir='ltr'><strong>nis,</strong></span> <span class='ocrx_word' id='word_1_83' title='bbox 346 1314 419 1354; x_wconf 89' lang='lat' dir='ltr'><strong>ne</strong></span> <span class='ocrx_word' id='word_1_84' title='bbox 471 1298 817 1353; x_wconf 84' lang='lat' dir='ltr'><strong>extolleretur</strong></span> <span class='ocrx_word' id='word_1_85' title='bbox 862 1297 916 1351; x_wconf 92' lang='lat' dir='ltr'><strong>in</strong></span> <span class='ocrx_word' id='word_1_86' title='bbox 958 1295 1370 1352; x_wconf 90' lang='lat' dir='ltr'><strong>revelatiouibus</strong></span> <span class='ocrx_word' id='word_1_87' title='bbox 1410 1293 1577 1366; x_wconf 90' lang='lat' dir='ltr'><strong>(quod</strong></span> <span class='ocrx_word' id='word_1_88' title='bbox 1630 1293 1807 1350; x_wconf 86' lang='lat' dir='ltr'><strong>dicere</strong></span> 
     </span>
    </p>
   </div>
   <div class='ocr_carea' id='block_1_12' title="bbox 213 1386 1806 1461">
    <p class='ocr_par' dir='ltr' id='par_1_12' title="bbox 213 1386 1806 1461">
     <span class='ocr_line' id='line_1_12' title="bbox 213 1386 1806 1461; baseline -0.003 -14"><span class='ocrx_word' id='word_1_89' title='bbox 213 1409 314 1448; x_wconf 88' lang='lat' dir='ltr'><strong>non</strong></span> <span class='ocrx_word' id='word_1_90' title='bbox 361 1391 723 1459; x_wconf 85' lang='lat' dir='ltr'><strong>auderemus,</strong></span> <span class='ocrx_word' id='word_1_91' title='bbox 777 1390 879 1446; x_wconf 90' lang='lat' dir='ltr'><strong>nisi</strong></span> <span class='ocrx_word' id='word_1_92' title='bbox 921 1390 1023 1461; x_wconf 87' lang='lat' dir='ltr'><strong>ipsi</strong></span> <span class='ocrx_word' id='word_1_93' title='bbox 1069 1389 1266 1445; x_wconf 90' lang='lat' dir='ltr'><strong>dicenti</strong></span> <span class='ocrx_word' id='word_1_94' title='bbox 1309 1386 1706 1460; x_wconf 86' lang='lat' dir='ltr'><strong>crederemus):</strong></span> <span class='ocrx_word' id='word_1_95' title='bbox 1738 1387 1806 1442; x_wconf 87' lang='lat' dir='ltr'><strong>In</strong></span> 
     </span>
    </p>
   </div>
   <div class='ocr_carea' id='block_1_13' title="bbox 213 1480 1806 1556">
    <p class='ocr_par' dir='ltr' id='par_1_13' title="bbox 213 1480 1806 1556">
     <span class='ocr_line' id='line_1_13' title="bbox 213 1480 1806 1556; baseline -0.003 -18"><span class='ocrx_word' id='word_1_96' title='bbox 213 1485 601 1556; x_wconf 81' lang='lat' dir='ltr'><strong>magnitudine,</strong></span> <span class='ocrx_word' id='word_1_97' title='bbox 633 1484 835 1555; x_wconf 89' lang='lat' dir='ltr'><strong>inquit,</strong></span> <span class='ocrx_word' id='word_1_98' title='bbox 871 1483 1230 1538; x_wconf 81' lang='lat' dir='ltr'><strong>revelationum</strong></span> <span class='ocrx_word' id='word_1_99' title='bbox 1268 1497 1330 1534; x_wconf 89' lang='lat' dir='ltr'><strong>ne</strong></span> <span class='ocrx_word' id='word_1_100' title='bbox 1369 1481 1614 1548; x_wconf 76' lang='lat' dir='ltr'><strong>extollar,</strong></span> <span class='ocrx_word' id='word_1_101' title='bbox 1658 1480 1806 1534; x_wconf 81' lang='lat' dir='ltr'><strong>datus</strong></span> 
     </span>
    </p>
   </div>
   <div class='ocr_carea' id='block_1_14' title="bbox 213 1575 1806 1647">
    <p class='ocr_par' dir='ltr' id='par_1_14' title="bbox 213 1575 1806 1647">
     <span class='ocr_line' id='line_1_14' title="bbox 213 1575 1806 1647; baseline -0.002 -17"><span class='ocrx_word' id='word_1_102' title='bbox 213 1588 279 1630; x_wconf 80' lang='lat' dir='ltr'><strong>est</strong></span> <span class='ocrx_word' id='word_1_103' title='bbox 307 1578 436 1630; x_wconf 83' lang='lat' dir='ltr'><strong>mihi</strong></span> <span class='ocrx_word' id='word_1_104' title='bbox 461 1577 697 1632; x_wconf 81' lang='lat' dir='ltr'><strong>stimulus</strong></span> <span class='ocrx_word' id='word_1_105' title='bbox 734 1578 902 1631; x_wconf 79' lang='lat' dir='ltr'><strong>carnis</strong></span> <span class='ocrx_word' id='word_1_106' title='bbox 941 1591 1092 1642; x_wconf 70' lang='lat' dir='ltr'><strong>meae,</strong></span> <span class='ocrx_word' id='word_1_107' title='bbox 1125 1575 1336 1647; x_wconf 80' lang='lat' dir='ltr'><strong>angelus</strong></span> <span class='ocrx_word' id='word_1_108' title='bbox 1366 1584 1587 1639; x_wconf 80' lang='lat' dir='ltr'><strong>satante,</strong></span> <span class='ocrx_word' id='word_1_109' title='bbox 1613 1575 1698 1646; x_wconf 85' lang='lat' dir='ltr'><strong>qui</strong></span> <span class='ocrx_word' id='word_1_110' title='bbox 1727 1591 1806 1628; x_wconf 88' lang='lat' dir='ltr'><strong>me</strong></span> 
     </span>
    </p>
   </div>
   <div class='ocr_carea' id='block_1_15' title="bbox 213 1666 1800 1739">
    <p class='ocr_par' dir='ltr' id='par_1_15' title="bbox 213 1666 1800 1739">
     <span class='ocr_line' id='line_1_15' title="bbox 213 1666 1800 1739; baseline -0.001 -17"><span class='ocrx_word' id='word_1_111' title='bbox 213 1669 516 1739; x_wconf 78' lang='lat' dir='ltr'><strong>colaphizet.</strong></span> <span class='ocrx_word' id='word_1_112' title='bbox 539 1669 619 1724; x_wconf 88' lang='lat' dir='ltr'><strong>Ne</strong></span> <span class='ocrx_word' id='word_1_113' title='bbox 639 1685 837 1724; x_wconf 88' lang='lat' dir='ltr'><strong>cornua</strong></span> <span class='ocrx_word' id='word_1_114' title='bbox 859 1669 1118 1739; x_wconf 89' lang='lat' dir='ltr'><strong>erigeret,</strong></span> <span class='ocrx_word' id='word_1_115' title='bbox 1147 1668 1261 1722; x_wconf 90' lang='lat' dir='ltr'><strong>cola</strong></span> <span class='ocrx_word' id='word_1_116' title='bbox 1271 1666 1467 1738; x_wconf 85' lang='lat' dir='ltr'><strong>phizari</strong></span> <span class='ocrx_word' id='word_1_117' title='bbox 1491 1682 1548 1723; x_wconf 92' lang='lat' dir='ltr'><strong>se</strong></span> <span class='ocrx_word' id='word_1_118' title='bbox 1567 1666 1800 1721; x_wconf 89' lang='lat' dir='ltr'><strong>dicebat.</strong></span> 
     </span>
    </p>
   </div>
   <div class='ocr_carea' id='block_1_16' title="bbox 217 1760 1805 1833">
    <p class='ocr_par' dir='ltr' id='par_1_16' title="bbox 217 1760 1805 1833">
     <span class='ocr_line' id='line_1_16' title="bbox 217 1760 1805 1833; baseline -0.001 -17"><span class='ocrx_word' id='word_1_119' title='bbox 217 1761 434 1833; x_wconf 85' lang='lat' dir='ltr'><strong>Propter</strong></span> <span class='ocrx_word' id='word_1_120' title='bbox 458 1763 619 1831; x_wconf 86' lang='lat' dir='ltr'><strong>quod,</strong></span> <span class='ocrx_word' id='word_1_121' title='bbox 649 1763 853 1833; x_wconf 87' lang='lat' dir='ltr'><strong>inquit,</strong></span> <span class='ocrx_word' id='word_1_122' title='bbox 883 1773 956 1817; x_wconf 89' lang='lat' dir='ltr'><strong>ter</strong></span> <span class='ocrx_word' id='word_1_123' title='bbox 981 1760 1256 1816; x_wconf 86' lang='lat' dir='ltr'><strong>Dominum</strong></span> <span class='ocrx_word' id='word_1_124' title='bbox 1280 1761 1480 1832; x_wconf 85' lang='lat' dir='ltr'><strong>rogavi,</strong></span> <span class='ocrx_word' id='word_1_125' title='bbox 1511 1770 1563 1814; x_wconf 88' lang='lat' dir='ltr'><strong>ut</strong></span> <span class='ocrx_word' id='word_1_126' title='bbox 1585 1765 1805 1832; x_wconf 77' lang='lat' dir='ltr'><strong>auferret</strong></span> 
     </span>
    </p>
   </div>
   <div class='ocr_carea' id='block_1_17' title="bbox 213 1852 1802 1926">
    <p class='ocr_par' dir='ltr' id='par_1_17' title="bbox 213 1852 1802 1926">
     <span class='ocr_line' id='line_1_17' title="bbox 213 1852 1802 1926; baseline -0.001 -19"><span class='ocrx_word' id='word_1_127' title='bbox 213 1871 319 1907; x_wconf 79' lang='lat' dir='ltr'><strong>eum</strong></span> <span class='ocrx_word' id='word_1_128' title='bbox 344 1872 378 1907; x_wconf 88' lang='lat' dir='ltr'><strong>a</strong></span> <span class='ocrx_word' id='word_1_129' title='bbox 401 1870 520 1920; x_wconf 86' lang='lat' dir='ltr'><strong>me;</strong></span> <span class='ocrx_word' id='word_1_130' title='bbox 550 1865 598 1908; x_wconf 86' lang='lat' dir='ltr'><strong>et</strong></span> <span class='ocrx_word' id='word_1_131' title='bbox 627 1855 755 1909; x_wconf 72' lang='lat' dir='ltr'><strong>dixit</strong></span> <span class='ocrx_word' id='word_1_132' title='bbox 785 1854 908 1907; x_wconf 85' lang='lat' dir='ltr'><strong>mihi</strong></span> <span class='ocrx_word' id='word_1_133' title='bbox 932 1870 950 1908; x_wconf 92' lang='lat'><strong><em>:</em></strong></span> <span class='ocrx_word' id='word_1_134' title='bbox 985 1852 1178 1925; x_wconf 74' lang='lat' dir='ltr'><strong>Sufﬁcit</strong></span> <span class='ocrx_word' id='word_1_135' title='bbox 1208 1853 1295 1907; x_wconf 84' lang='lat' dir='ltr'><strong>tibi</strong></span> <span class='ocrx_word' id='word_1_136' title='bbox 1323 1854 1489 1926; x_wconf 86' lang='lat' dir='ltr'><strong>gratia</strong></span> <span class='ocrx_word' id='word_1_137' title='bbox 1514 1869 1656 1918; x_wconf 87' lang='lat' dir='ltr'><strong>mea;</strong></span> <span class='ocrx_word' id='word_1_138' title='bbox 1685 1870 1802 1908; x_wconf 85' lang='lat' dir='ltr'><strong>nam</strong></span> 
     </span>
    </p>
   </div>
   <div class='ocr_carea' id='block_1_18' title="bbox 211 1945 1804 2019">
    <p class='ocr_par' dir='ltr' id='par_1_18' title="bbox 211 1945 1804 2019">
     <span class='ocr_line' id='line_1_18' title="bbox 211 1945 1804 2019; baseline 0.001 -20"><span class='ocrx_word' id='word_1_139' title='bbox 211 1949 362 2000; x_wconf 65' lang='lat' dir='ltr'><strong>tinus</strong></span> <span class='ocrx_word' id='word_1_140' title='bbox 389 1947 441 2000; x_wconf 85' lang='lat' dir='ltr'><strong>in</strong></span> <span class='ocrx_word' id='word_1_141' title='bbox 465 1946 1028 2017; x_wconf 79' lang='lat' dir='ltr'><strong>inﬁrmitateperﬁcitur</strong></span> <span class='ocrx_word' id='word_1_142' title='bbox 1047 1945 1109 2019; x_wconf 92' lang='lat' dir='ltr'><strong>(ll</strong></span> <span class='ocrx_word' id='word_1_143' title='bbox 1125 1945 1222 2000; x_wconf 79' lang='lat' dir='ltr'><strong>Cor</strong></span> <span class='ocrx_word' id='word_1_144' title='bbox 1247 1945 1496 2018; x_wconf 84' lang='lat' dir='ltr'><strong>xu,7-9).</strong></span> <span class='ocrx_word' id='word_1_145' title='bbox 1523 1945 1690 2014; x_wconf 90' lang='lat' dir='ltr'><strong>Quam</strong></span> <span class='ocrx_word' id='word_1_146' title='bbox 1724 1956 1804 2001; x_wconf 88' lang='lat' dir='ltr'><strong>est</strong></span> 
     </span>
    </p>
   </div>
   <div class='ocr_carea' id='block_1_19' title="bbox 210 2037 1801 2110">
    <p class='ocr_par' dir='ltr' id='par_1_19' title="bbox 210 2037 1801 2110">
     <span class='ocr_line' id='line_1_19' title="bbox 210 2037 1801 2110; baseline -0.001 -16"><span class='ocrx_word' id='word_1_147' title='bbox 210 2054 331 2109; x_wconf 81' lang='lat' dir='ltr'><strong>ergo</strong></span> <span class='ocrx_word' id='word_1_148' title='bbox 359 2039 548 2093; x_wconf 88' lang='lat' dir='ltr'><strong>utilior</strong></span> <span class='ocrx_word' id='word_1_149' title='bbox 569 2039 853 2093; x_wconf 89' lang='lat' dir='ltr'><strong>inﬁrmitas</strong></span> <span class='ocrx_word' id='word_1_150' title='bbox 875 2053 992 2109; x_wconf 75' lang='lat' dir='ltr'><strong>quze</strong></span> <span class='ocrx_word' id='word_1_151' title='bbox 1017 2037 1306 2110; x_wconf 88' lang='lat' dir='ltr'><strong>perﬁcitur,</strong></span> <span class='ocrx_word' id='word_1_152' title='bbox 1330 2053 1486 2108; x_wconf 89' lang='lat' dir='ltr'><strong>quam</strong></span> <span class='ocrx_word' id='word_1_153' title='bbox 1515 2039 1602 2092; x_wconf 91' lang='lat' dir='ltr'><strong>illa</strong></span> <span class='ocrx_word' id='word_1_154' title='bbox 1634 2039 1801 2092; x_wconf 89' lang='lat' dir='ltr'><strong>ﬁrmi-</strong></span> 
     </span>
    </p>
   </div>
   <div class='ocr_carea' id='block_1_20' title="bbox 211 2129 1803 2204">
    <p class='ocr_par' dir='ltr' id='par_1_20' title="bbox 211 2129 1803 2204">
     <span class='ocr_line' id='line_1_20' title="bbox 211 2129 1803 2204; baseline -0.001 -16"><span class='ocrx_word' id='word_1_155' title='bbox 211 2141 285 2188; x_wconf 87' lang='lat' dir='ltr'><strong>tas</strong></span> <span class='ocrx_word' id='word_1_156' title='bbox 304 2149 426 2204; x_wconf 66' lang='lat' dir='ltr'><strong>quae</strong></span> <span class='ocrx_word' id='word_1_157' title='bbox 453 2132 685 2203; x_wconf 87' lang='lat' dir='ltr'><strong>impellit</strong></span> <span class='ocrx_word' id='word_1_158' title='bbox 703 2146 853 2201; x_wconf 87' lang='lat' dir='ltr'><strong>oves,</strong></span> <span class='ocrx_word' id='word_1_159' title='bbox 877 2146 996 2202; x_wconf 66' lang='lat' dir='ltr'><strong>qua:</strong></span> <span class='ocrx_word' id='word_1_160' title='bbox 1016 2131 1235 2186; x_wconf 90' lang='lat' dir='ltr'><strong>ventilat</strong></span> <span class='ocrx_word' id='word_1_161' title='bbox 1260 2140 1316 2184; x_wconf 92' lang='lat' dir='ltr'><strong>ut</strong></span> <span class='ocrx_word' id='word_1_162' title='bbox 1339 2130 1606 2185; x_wconf 86' lang='lat' dir='ltr'><strong>excludat.</strong></span> <span class='ocrx_word' id='word_1_163' title='bbox 1637 2129 1803 2186; x_wconf 89' lang='lat' dir='ltr'><strong>Filius</strong></span> 
     </span>
    </p>
   </div>
   <div class='ocr_carea' id='block_1_21' title="bbox 209 2222 1803 2296">
    <p class='ocr_par' dir='ltr' id='par_1_21' title="bbox 209 2222 1803 2296">
     <span class='ocr_line' id='line_1_21' title="bbox 209 2222 1803 2296; baseline -0.002 -16"><span class='ocrx_word' id='word_1_164' title='bbox 209 2239 330 2296; x_wconf 82' lang='lat' dir='ltr'><strong>ergo</strong></span> <span class='ocrx_word' id='word_1_165' title='bbox 376 2225 552 2280; x_wconf 89' lang='lat' dir='ltr'><strong>malus</strong></span> <span class='ocrx_word' id='word_1_166' title='bbox 595 2225 711 2294; x_wconf 90' lang='lat' dir='ltr'><strong>ipse</strong></span> <span class='ocrx_word' id='word_1_167' title='bbox 751 2239 839 2290; x_wconf 92' lang='lat' dir='ltr'><strong>es,</strong></span> <span class='ocrx_word' id='word_1_168' title='bbox 873 2233 927 2279; x_wconf 91' lang='lat' dir='ltr'><strong>tu</strong></span> <span class='ocrx_word' id='word_1_169' title='bbox 955 2232 1010 2280; x_wconf 90' lang='lat' dir='ltr'><strong>te</strong></span> <span class='ocrx_word' id='word_1_170' title='bbox 1034 2224 1236 2294; x_wconf 90' lang='lat' dir='ltr'><strong>justum</strong></span> <span class='ocrx_word' id='word_1_171' title='bbox 1262 2223 1414 2278; x_wconf 90' lang='lat' dir='ltr'><strong>dicis.</strong></span> <span class='ocrx_word' id='word_1_172' title='bbox 1443 2222 1612 2277; x_wconf 84' lang='lat' dir='ltr'><strong>Filius</strong></span> <span class='ocrx_word' id='word_1_173' title='bbox 1637 2223 1803 2277; x_wconf 84' lang='lat' dir='ltr'><strong>malus</strong></span> 
     </span>
    </p>
   </div>
   <div class='ocr_carea' id='block_1_22' title="bbox 211 2317 1804 2391">
    <p class='ocr_par' dir='ltr' id='par_1_22' title="bbox 211 2317 1804 2391">
     <span class='ocr_line' id='line_1_22' title="bbox 211 2317 1804 2391; baseline -0.001 -19"><span class='ocrx_word' id='word_1_174' title='bbox 211 2321 312 2390; x_wconf 76' lang='lat' dir='ltr'><strong>ipse</strong></span> <span class='ocrx_word' id='word_1_175' title='bbox 333 2337 390 2374; x_wconf 78' lang='lat' dir='ltr'><strong>se</strong></span> <span class='ocrx_word' id='word_1_176' title='bbox 402 2322 612 2391; x_wconf 86' lang='lat' dir='ltr'><strong>justum</strong></span> <span class='ocrx_word' id='word_1_177' title='bbox 641 2320 782 2386; x_wconf 88' lang='lat' dir='ltr'><strong>dicit,</strong></span> <span class='ocrx_word' id='word_1_178' title='bbox 807 2320 994 2374; x_wconf 78' lang='lat' dir='ltr'><strong>exitum</strong></span> <span class='ocrx_word' id='word_1_179' title='bbox 1020 2329 1190 2372; x_wconf 89' lang='lat' dir='ltr'><strong>autem</strong></span> <span class='ocrx_word' id='word_1_180' title='bbox 1212 2335 1359 2372; x_wconf 83' lang='lat' dir='ltr'><strong>suum</strong></span> <span class='ocrx_word' id='word_1_181' title='bbox 1379 2334 1480 2371; x_wconf 86' lang='lat' dir='ltr'><strong>non</strong></span> <span class='ocrx_word' id='word_1_182' title='bbox 1503 2317 1678 2371; x_wconf 87' lang='lat' dir='ltr'><strong>abluit.</strong></span> <span class='ocrx_word' id='word_1_183' title='bbox 1708 2319 1804 2371; x_wconf 86' lang='lat' dir='ltr'><strong>At-</strong></span> 
     </span>
    </p>
   </div>
   <div class='ocr_carea' id='block_1_23' title="bbox 211 2413 1800 2483">
    <p class='ocr_par' dir='ltr' id='par_1_23' title="bbox 211 2413 1800 2483">
     <span class='ocr_line' id='line_1_23' title="bbox 211 2413 1800 2483; baseline -0.001 -15"><span class='ocrx_word' id='word_1_184' title='bbox 211 2414 439 2480; x_wconf 85' lang='lat' dir='ltr'><strong>tendite,</strong></span> <span class='ocrx_word' id='word_1_185' title='bbox 476 2413 670 2468; x_wconf 83' lang='lat' dir='ltr'><strong>fratres</strong></span> <span class='ocrx_word' id='word_1_186' title='bbox 707 2413 848 2480; x_wconf 90' lang='lat' dir='ltr'><strong>mei,</strong></span> <span class='ocrx_word' id='word_1_187' title='bbox 891 2413 1212 2469; x_wconf 88' lang='lat' dir='ltr'><strong>sententiam</strong></span> <span class='ocrx_word' id='word_1_188' title='bbox 1255 2413 1539 2483; x_wconf 87' lang='lat' dir='ltr'><strong>quamdam</strong></span> <span class='ocrx_word' id='word_1_189' title='bbox 1585 2413 1800 2467; x_wconf 83' lang='lat' dir='ltr'><strong>brevem</strong></span> 
     </span>
    </p>
   </div>
   <div class='ocr_carea' id='block_1_24' title="bbox 210 2504 1799 2575">
    <p class='ocr_par' dir='ltr' id='par_1_24' title="bbox 210 2504 1799 2575">
     <span class='ocr_line' id='line_1_24' title="bbox 210 2504 1799 2575; baseline -0.001 -15"><span class='ocrx_word' id='word_1_190' title='bbox 210 2522 434 2561; x_wconf 89' lang='lat' dir='ltr'><strong>numero</strong></span> <span class='ocrx_word' id='word_1_191' title='bbox 476 2506 765 2560; x_wconf 82' lang='lat' dir='ltr'><strong>verborum</strong></span> <span class='ocrx_word' id='word_1_192' title='bbox 787 2547 804 2573; x_wconf 97' lang='lat'><strong>,</strong></span> <span class='ocrx_word' id='word_1_193' title='bbox 833 2504 928 2560; x_wconf 90' lang='lat' dir='ltr'><strong>sed</strong></span> <span class='ocrx_word' id='word_1_194' title='bbox 970 2505 1238 2575; x_wconf 78' lang='lat' dir='ltr'><strong>ingentem</strong></span> <span class='ocrx_word' id='word_1_195' title='bbox 1281 2505 1515 2574; x_wconf 92' lang='lat' dir='ltr'><strong>pondere</strong></span> <span class='ocrx_word' id='word_1_196' title='bbox 1540 2505 1799 2560; x_wconf 88' lang='lat' dir='ltr'><strong>veritatis.</strong></span> 
     </span>
    </p>
   </div>
   <div class='ocr_carea' id='block_1_25' title="bbox 207 2595 1797 2664">
    <p class='ocr_par' dir='ltr' id='par_1_25' title="bbox 207 2595 1797 2664">
     <span class='ocr_line' id='line_1_25' title="bbox 207 2595 1797 2664; baseline -0.001 -12"><span class='ocrx_word' id='word_1_197' title='bbox 207 2597 411 2653; x_wconf 69' lang='lat' dir='ltr'><strong>Iustum</strong></span> <span class='ocrx_word' id='word_1_198' title='bbox 440 2615 497 2652; x_wconf 85' lang='lat' dir='ltr'><strong>se</strong></span> <span class='ocrx_word' id='word_1_199' title='bbox 522 2598 680 2662; x_wconf 87' lang='lat' dir='ltr'><strong>dicit,</strong></span> <span class='ocrx_word' id='word_1_200' title='bbox 706 2606 762 2652; x_wconf 91' lang='lat' dir='ltr'><strong>ut</strong></span> <span class='ocrx_word' id='word_1_201' title='bbox 792 2607 946 2653; x_wconf 82' lang='lat' dir='ltr'><strong>exeat</strong></span> <span class='ocrx_word' id='word_1_202' title='bbox 969 2606 1022 2652; x_wconf 88' lang='lat' dir='ltr'><strong>et</strong></span> <span class='ocrx_word' id='word_1_203' title='bbox 1047 2596 1312 2653; x_wconf 80' lang='lat' dir='ltr'><strong>excludat.</strong></span> <span class='ocrx_word' id='word_1_204' title='bbox 1341 2595 1378 2652; x_wconf 80' lang='grc' dir='ltr'><em>Ι</em></span> <span class='ocrx_word' id='word_1_205' title='bbox 1382 2606 1545 2653; x_wconf 88' lang='lat' dir='ltr'><strong>ustum</strong></span> <span class='ocrx_word' id='word_1_206' title='bbox 1571 2615 1624 2651; x_wconf 85' lang='lat' dir='ltr'><strong>se</strong></span> <span class='ocrx_word' id='word_1_207' title='bbox 1646 2599 1797 2664; x_wconf 88' lang='lat' dir='ltr'><strong>dicit,</strong></span> 
     </span>
    </p>
   </div>
   <div class='ocr_carea' id='block_1_26' title="bbox 209 2689 1798 2756">
    <p class='ocr_par' dir='ltr' id='par_1_26' title="bbox 209 2689 1798 2756">
     <span class='ocr_line' id='line_1_26' title="bbox 209 2689 1798 2756; baseline 0 -12"><span class='ocrx_word' id='word_1_208' title='bbox 209 2691 297 2746; x_wconf 89' lang='lat' dir='ltr'><strong>sed</strong></span> <span class='ocrx_word' id='word_1_209' title='bbox 329 2691 509 2744; x_wconf 88' lang='lat' dir='ltr'><strong>malus</strong></span> <span class='ocrx_word' id='word_1_210' title='bbox 538 2699 622 2745; x_wconf 88' lang='lat' dir='ltr'><strong>est</strong></span> <span class='ocrx_word' id='word_1_211' title='bbox 647 2709 661 2744; x_wconf 92' lang='lat'><strong>:</strong></span> <span class='ocrx_word' id='word_1_212' title='bbox 694 2689 815 2745; x_wconf 92' lang='lat' dir='ltr'><strong>ideo</strong></span> <span class='ocrx_word' id='word_1_213' title='bbox 837 2690 1026 2744; x_wconf 73' lang='lat' dir='ltr'><strong>exitum</strong></span> <span class='ocrx_word' id='word_1_214' title='bbox 1044 2704 1190 2744; x_wconf 85' lang='lat' dir='ltr'><strong>suum</strong></span> <span class='ocrx_word' id='word_1_215' title='bbox 1210 2706 1312 2744; x_wconf 87' lang='lat' dir='ltr'><strong>non</strong></span> <span class='ocrx_word' id='word_1_216' title='bbox 1333 2690 1511 2744; x_wconf 88' lang='lat' dir='ltr'><strong>abluit.</strong></span> <span class='ocrx_word' id='word_1_217' title='bbox 1540 2689 1675 2756; x_wconf 88' lang='lat' dir='ltr'><strong>Quid</strong></span> <span class='ocrx_word' id='word_1_218' title='bbox 1697 2698 1798 2756; x_wconf 91' lang='lat' dir='ltr'><strong>est,</strong></span> 
     </span>
    </p>
   </div>
   <div class='ocr_carea' id='block_1_27' title="bbox 209 2782 1797 2854">
    <p class='ocr_par' dir='ltr' id='par_1_27' title="bbox 209 2782 1797 2854">
     <span class='ocr_line' id='line_1_27' title="bbox 209 2782 1797 2854; baseline 0.002 -18"><span class='ocrx_word' id='word_1_219' title='bbox 209 2801 304 2837; x_wconf 83' lang='lat' dir='ltr'><strong>non</strong></span> <span class='ocrx_word' id='word_1_220' title='bbox 323 2783 539 2838; x_wconf 82' lang='lat' dir='ltr'><strong>abluit?</strong></span> <span class='ocrx_word' id='word_1_221' title='bbox 581 2783 695 2838; x_wconf 91' lang='lat' dir='ltr'><strong>Non</strong></span> <span class='ocrx_word' id='word_1_222' title='bbox 746 2793 964 2854; x_wconf 85' lang='lat' dir='ltr'><strong>purgat,</strong></span> <span class='ocrx_word' id='word_1_223' title='bbox 1000 2799 1104 2838; x_wconf 92' lang='lat' dir='ltr'><strong>non</strong></span> <span class='ocrx_word' id='word_1_224' title='bbox 1131 2782 1365 2838; x_wconf 78' lang='lat' dir='ltr'><strong>defendit</strong></span> <span class='ocrx_word' id='word_1_225' title='bbox 1384 2825 1398 2849; x_wconf 91' lang='lat'><strong>,</strong></span> <span class='ocrx_word' id='word_1_226' title='bbox 1429 2797 1534 2838; x_wconf 89' lang='lat' dir='ltr'><strong>non</strong></span> <span class='ocrx_word' id='word_1_227' title='bbox 1562 2792 1797 2839; x_wconf 83' lang='lat' dir='ltr'><strong>excusat.</strong></span> 
     </span>
    </p>
   </div>
   <div class='ocr_carea' id='block_1_28' title="bbox 209 2876 1801 2947">
    <p class='ocr_par' dir='ltr' id='par_1_28' title="bbox 209 2876 1801 2947">
     <span class='ocr_line' id='line_1_28' title="bbox 209 2876 1801 2947; baseline 0.003 -19"><span class='ocrx_word' id='word_1_228' title='bbox 209 2876 384 2942; x_wconf 80' lang='lat' dir='ltr'><strong>Quare</strong></span> <span class='ocrx_word' id='word_1_229' title='bbox 432 2876 578 2930; x_wconf 90' lang='lat' dir='ltr'><strong>enim</strong></span> <span class='ocrx_word' id='word_1_230' title='bbox 624 2885 678 2932; x_wconf 90' lang='lat' dir='ltr'><strong>te</strong></span> <span class='ocrx_word' id='word_1_231' title='bbox 721 2876 1020 2946; x_wconf 87' lang='lat' dir='ltr'><strong>separasti?</strong></span> <span class='ocrx_word' id='word_1_232' title='bbox 1059 2891 1222 2947; x_wconf 90' lang='lat' dir='ltr'><strong>quare</strong></span> <span class='ocrx_word' id='word_1_233' title='bbox 1267 2876 1466 2931; x_wconf 74' lang='lat' dir='ltr'><strong>existi?</strong></span> <span class='ocrx_word' id='word_1_234' title='bbox 1495 2876 1670 2946; x_wconf 83' lang='lat' dir='ltr'><strong>Quare</strong></span> <span class='ocrx_word' id='word_1_235' title='bbox 1709 2877 1801 2932; x_wconf 91' lang='lat' dir='ltr'><strong>tibi</strong></span> 
     </span>
    </p>
   </div>
   <div class='ocr_carea' id='block_1_29' title="bbox 208 2967 1798 3038">
    <p class='ocr_par' dir='ltr' id='par_1_29' title="bbox 208 2967 1798 3038">
     <span class='ocr_line' id='line_1_29' title="bbox 208 2967 1798 3038; baseline 0.001 -17"><span class='ocrx_word' id='word_1_236' title='bbox 208 2968 390 3022; x_wconf 80' lang='lat' dir='ltr'><strong>tremit</strong></span> <span class='ocrx_word' id='word_1_237' title='bbox 415 2982 536 3032; x_wconf 88' lang='lat' dir='ltr'><strong>cor,</strong></span> <span class='ocrx_word' id='word_1_238' title='bbox 564 2967 778 3038; x_wconf 90' lang='lat' dir='ltr'><strong>quando</strong></span> <span class='ocrx_word' id='word_1_239' title='bbox 803 2968 954 3023; x_wconf 89' lang='lat' dir='ltr'><strong>audis</strong></span> <span class='ocrx_word' id='word_1_240' title='bbox 988 2984 1052 3023; x_wconf 82' lang='lat' dir='ltr'><strong>ex</strong></span> <span class='ocrx_word' id='word_1_241' title='bbox 1082 2968 1256 3023; x_wconf 91' lang='lat' dir='ltr'><strong>Libris</strong></span> <span class='ocrx_word' id='word_1_242' title='bbox 1291 2968 1482 3024; x_wconf 75' lang='lat' dir='ltr'><strong>divinis</strong></span> <span class='ocrx_word' id='word_1_243' title='bbox 1503 3011 1518 3036; x_wconf 94' lang='lat'><strong>,</strong></span> <span class='ocrx_word' id='word_1_244' title='bbox 1549 2967 1635 3024; x_wconf 75' lang='lat' dir='ltr'><strong>Ea:</strong></span> <span class='ocrx_word' id='word_1_245' title='bbox 1658 2969 1798 3024; x_wconf 83' lang='lat' dir='ltr'><strong>nobis</strong></span> 
     </span>
    </p>
   </div>
   <div class='ocr_carea' id='block_1_30' title="bbox 205 3059 1801 3132">
    <p class='ocr_par' dir='ltr' id='par_1_30' title="bbox 205 3059 1801 3132">
     <span class='ocr_line' id='line_1_30' title="bbox 205 3059 1801 3132; baseline 0.001 -20"><span class='ocrx_word' id='word_1_246' title='bbox 205 3061 458 3125; x_wconf 71' lang='lat' dir='ltr'><strong>exierunt,</strong></span> <span class='ocrx_word' id='word_1_247' title='bbox 490 3060 580 3114; x_wconf 84' lang='lat' dir='ltr'><strong>sed</strong></span> <span class='ocrx_word' id='word_1_248' title='bbox 607 3077 706 3114; x_wconf 86' lang='lat' dir='ltr'><strong>non</strong></span> <span class='ocrx_word' id='word_1_249' title='bbox 733 3070 877 3114; x_wconf 87' lang='lat' dir='ltr'><strong>erant</strong></span> <span class='ocrx_word' id='word_1_250' title='bbox 904 3077 967 3115; x_wconf 77' lang='lat' dir='ltr'><strong>ea:</strong></span> <span class='ocrx_word' id='word_1_251' title='bbox 987 3061 1127 3115; x_wconf 86' lang='lat' dir='ltr'><strong>nobis</strong></span> <span class='ocrx_word' id='word_1_252' title='bbox 1148 3060 1167 3131; x_wconf 89' lang='lat'>(</span> <span class='ocrx_word' id='word_1_253' title='bbox 1185 3060 1206 3113; x_wconf 94' lang='lat' dir='ltr'><strong>l</strong></span> <span class='ocrx_word' id='word_1_254' title='bbox 1224 3059 1379 3114; x_wconf 84' lang='lat' dir='ltr'><strong>Joan.</strong></span> <span class='ocrx_word' id='word_1_255' title='bbox 1406 3077 1460 3126; x_wconf 90' lang='lat' dir='ltr'><strong>tt,</strong></span> <span class='ocrx_word' id='word_1_256' title='bbox 1495 3061 1584 3132; x_wconf 73' lang='lat'><strong>19)</strong></span> <span class='ocrx_word' id='word_1_257' title='bbox 1609 3078 1622 3114; x_wconf 93' lang='lat'>:</span> <span class='ocrx_word' id='word_1_258' title='bbox 1647 3062 1691 3116; x_wconf 90' lang='lat' dir='ltr'><strong>si</strong></span> <span class='ocrx_word' id='word_1_259' title='bbox 1721 3072 1801 3116; x_wconf 88' lang='lat' dir='ltr'><strong>ta-</strong></span> 
     </span>
    </p>
   </div>
   <div class='ocr_carea' id='block_1_31' title="bbox 207 3153 1801 3224">
    <p class='ocr_par' dir='ltr' id='par_1_31' title="bbox 207 3153 1801 3224">
     <span class='ocr_line' id='line_1_31' title="bbox 207 3153 1801 3224; baseline 0.001 -18"><span class='ocrx_word' id='word_1_260' title='bbox 207 3169 326 3208; x_wconf 86' lang='lat' dir='ltr'><strong>men</strong></span> <span class='ocrx_word' id='word_1_261' title='bbox 382 3153 473 3207; x_wconf 89' lang='lat' dir='ltr'><strong>illa</strong></span> <span class='ocrx_word' id='word_1_262' title='bbox 521 3153 659 3207; x_wconf 88' lang='lat' dir='ltr'><strong>mala</strong></span> <span class='ocrx_word' id='word_1_263' title='bbox 706 3153 982 3220; x_wconf 85' lang='lat' dir='ltr'><strong>fortitudo,</strong></span> <span class='ocrx_word' id='word_1_264' title='bbox 1022 3169 1127 3224; x_wconf 89' lang='lat' dir='ltr'><strong>qua</strong></span> <span class='ocrx_word' id='word_1_265' title='bbox 1164 3168 1291 3209; x_wconf 87' lang='lat' dir='ltr'><strong>oves</strong></span> <span class='ocrx_word' id='word_1_266' title='bbox 1321 3154 1413 3208; x_wconf 88' lang='lat' dir='ltr'><strong>Dei</strong></span> <span class='ocrx_word' id='word_1_267' title='bbox 1455 3154 1716 3224; x_wconf 89' lang='lat' dir='ltr'><strong>impellis,</strong></span> <span class='ocrx_word' id='word_1_268' title='bbox 1748 3163 1801 3208; x_wconf 89' lang='lat' dir='ltr'><strong>et</strong></span> 
     </span>
    </p>
   </div>
   <div class='ocr_carea' id='block_1_32' title="bbox 207 3243 1802 3315">
    <p class='ocr_par' dir='ltr' id='par_1_32' title="bbox 207 3243 1802 3315">
     <span class='ocr_line' id='line_1_32' title="bbox 207 3243 1802 3315; baseline 0.001 -17"><span class='ocrx_word' id='word_1_269' title='bbox 207 3243 500 3313; x_wconf 86' lang='lat' dir='ltr'><strong>impingis,</strong></span> <span class='ocrx_word' id='word_1_270' title='bbox 543 3255 600 3299; x_wconf 93' lang='lat' dir='ltr'><strong>et</strong></span> <span class='ocrx_word' id='word_1_271' title='bbox 645 3245 909 3309; x_wconf 83' lang='lat' dir='ltr'><strong>ventilas,</strong></span> <span class='ocrx_word' id='word_1_272' title='bbox 956 3244 1216 3315; x_wconf 89' lang='lat' dir='ltr'><strong>permittit</strong></span> <span class='ocrx_word' id='word_1_273' title='bbox 1269 3253 1555 3310; x_wconf 80' lang='lat' dir='ltr'><strong>tremorem</strong></span> <span class='ocrx_word' id='word_1_274' title='bbox 1601 3244 1666 3299; x_wconf 90' lang='lat' dir='ltr'><strong>ad</strong></span> <span class='ocrx_word' id='word_1_275' title='bbox 1709 3261 1802 3300; x_wconf 91' lang='lat' dir='ltr'><strong>cor</strong></span> 
     </span>
    </p>
   </div>
   <div class='ocr_carea' id='block_1_33' title="bbox 209 3334 1802 3404">
    <p class='ocr_par' dir='ltr' id='par_1_33' title="bbox 209 3334 1802 3404">
     <span class='ocr_line' id='line_1_33' title="bbox 209 3334 1802 3404; baseline 0.001 -16"><span class='ocrx_word' id='word_1_276' title='bbox 209 3334 392 3389; x_wconf 86' lang='lat' dir='ltr'><strong>tuum?</strong></span> <span class='ocrx_word' id='word_1_277' title='bbox 419 3334 556 3389; x_wconf 85' lang='lat' dir='ltr'><strong>Nam</strong></span> <span class='ocrx_word' id='word_1_278' title='bbox 590 3335 772 3404; x_wconf 86' lang='lat' dir='ltr'><strong>utique</strong></span> <span class='ocrx_word' id='word_1_279' title='bbox 802 3350 922 3390; x_wconf 91' lang='lat' dir='ltr'><strong>cum</strong></span> <span class='ocrx_word' id='word_1_280' title='bbox 946 3336 1115 3400; x_wconf 88' lang='lat' dir='ltr'><strong>audis,</strong></span> <span class='ocrx_word' id='word_1_281' title='bbox 1145 3335 1230 3391; x_wconf 78' lang='lat' dir='ltr'><strong>Ea:</strong></span> <span class='ocrx_word' id='word_1_282' title='bbox 1258 3336 1399 3390; x_wconf 87' lang='lat' dir='ltr'><strong>nobis</strong></span> <span class='ocrx_word' id='word_1_283' title='bbox 1425 3336 1684 3404; x_wconf 77' lang='lat' dir='ltr'><strong>exierunt,</strong></span> <span class='ocrx_word' id='word_1_284' title='bbox 1713 3335 1802 3391; x_wconf 84' lang='lat' dir='ltr'><strong>sed</strong></span> 
     </span>
    </p>
   </div>
   <div class='ocr_carea' id='block_1_34' title="bbox 206 3428 1798 3500">
    <p class='ocr_par' dir='ltr' id='par_1_34' title="bbox 206 3428 1798 3500">
     <span class='ocr_line' id='line_1_34' title="bbox 206 3428 1798 3500; baseline 0.001 -18"><span class='ocrx_word' id='word_1_285' title='bbox 206 3445 301 3482; x_wconf 69' lang='lat' dir='ltr'><strong>non</strong></span> <span class='ocrx_word' id='word_1_286' title='bbox 327 3436 476 3482; x_wconf 82' lang='lat' dir='ltr'><strong>erant</strong></span> <span class='ocrx_word' id='word_1_287' title='bbox 503 3445 566 3482; x_wconf 77' lang='lat' dir='ltr'><strong>ex</strong></span> <span class='ocrx_word' id='word_1_288' title='bbox 591 3428 730 3482; x_wconf 80' lang='lat' dir='ltr'><strong>nobis</strong></span> <span class='ocrx_word' id='word_1_289' title='bbox 748 3443 767 3492; x_wconf 88' lang='lat'><strong><em>;</em></strong></span> <span class='ocrx_word' id='word_1_290' title='bbox 789 3429 876 3485; x_wconf 91' lang='lat' dir='ltr'><strong>ille</strong></span> <span class='ocrx_word' id='word_1_291' title='bbox 897 3429 1208 3499; x_wconf 86' lang='lat' dir='ltr'><strong>loquebatur</strong></span> <span class='ocrx_word' id='word_1_292' title='bbox 1227 3430 1317 3500; x_wconf 92' lang='lat' dir='ltr'><strong>qui</strong></span> <span class='ocrx_word' id='word_1_293' title='bbox 1343 3430 1395 3484; x_wconf 91' lang='lat' dir='ltr'><strong>in</strong></span> <span class='ocrx_word' id='word_1_294' title='bbox 1411 3430 1646 3487; x_wconf 89' lang='lat' dir='ltr'><strong>Ecclesia</strong></span> <span class='ocrx_word' id='word_1_295' title='bbox 1665 3439 1798 3486; x_wconf 90' lang='lat' dir='ltr'><strong>erat.</strong></span> 
     </span>
    </p>
   </div>
   <div class='ocr_carea' id='block_1_35' title="bbox 207 3520 1803 3594">
    <p class='ocr_par' dir='ltr' id='par_1_35' title="bbox 207 3520 1803 3594">
     <span class='ocr_line' id='line_1_35' title="bbox 207 3520 1803 3594; baseline 0.003 -20"><span class='ocrx_word' id='word_1_296' title='bbox 207 3520 448 3576; x_wconf 78' lang='lat' dir='ltr'><strong>Ecclesia</strong></span> <span class='ocrx_word' id='word_1_297' title='bbox 476 3530 586 3576; x_wconf 91' lang='lat' dir='ltr'><strong>toto</strong></span> <span class='ocrx_word' id='word_1_298' title='bbox 603 3522 734 3576; x_wconf 88' lang='lat' dir='ltr'><strong>orbe</strong></span> <span class='ocrx_word' id='word_1_299' title='bbox 751 3521 942 3577; x_wconf 69' lang='lat' dir='ltr'><strong>diffusa</strong></span> <span class='ocrx_word' id='word_1_300' title='bbox 958 3531 1059 3588; x_wconf 91' lang='lat' dir='ltr'><strong>est,</strong></span> <span class='ocrx_word' id='word_1_301' title='bbox 1081 3531 1136 3576; x_wconf 92' lang='lat' dir='ltr'><strong>tu</strong></span> <span class='ocrx_word' id='word_1_302' title='bbox 1151 3522 1277 3593; x_wconf 92' lang='lat' dir='ltr'><strong>quid</strong></span> <span class='ocrx_word' id='word_1_303' title='bbox 1298 3523 1427 3579; x_wconf 87' lang='lat' dir='ltr'><strong>facis</strong></span> <span class='ocrx_word' id='word_1_304' title='bbox 1444 3523 1605 3580; x_wconf 88' lang='lat' dir='ltr'><strong>foris?</strong></span> <span class='ocrx_word' id='word_1_305' title='bbox 1619 3522 1803 3594; x_wconf 89' lang='lat' dir='ltr'><strong>Neque</strong></span> 
     </span>
    </p>
   </div>
   <div class='ocr_carea' id='block_1_36' title="bbox 204 3614 1804 3685">
    <p class='ocr_par' dir='ltr' id='par_1_36' title="bbox 204 3614 1804 3685">
     <span class='ocr_line' id='line_1_36' title="bbox 204 3614 1804 3685; baseline 0.003 -18"><span class='ocrx_word' id='word_1_306' title='bbox 204 3616 346 3668; x_wconf 87' lang='lat' dir='ltr'><strong>enim</strong></span> <span class='ocrx_word' id='word_1_307' title='bbox 372 3629 475 3685; x_wconf 88' lang='lat' dir='ltr'><strong>ego</strong></span> <span class='ocrx_word' id='word_1_308' title='bbox 501 3614 762 3668; x_wconf 88' lang='lat' dir='ltr'><strong>annuntio</strong></span> <span class='ocrx_word' id='word_1_309' title='bbox 775 3614 1063 3670; x_wconf 84' lang='lat' dir='ltr'><strong>Ecclesiam</strong></span> <span class='ocrx_word' id='word_1_310' title='bbox 1089 3625 1198 3670; x_wconf 93' lang='lat' dir='ltr'><strong>toto</strong></span> <span class='ocrx_word' id='word_1_311' title='bbox 1218 3615 1347 3671; x_wconf 90' lang='lat' dir='ltr'><strong>orbe</strong></span> <span class='ocrx_word' id='word_1_312' title='bbox 1367 3615 1611 3671; x_wconf 79' lang='lat' dir='ltr'><strong>diﬁ&#39;usam</strong></span> <span class='ocrx_word' id='word_1_313' title='bbox 1636 3634 1649 3670; x_wconf 91' lang='lat'>:</span> <span class='ocrx_word' id='word_1_314' title='bbox 1674 3616 1804 3672; x_wconf 89' lang='lat' dir='ltr'><strong>Pro-</strong></span> 
     </span>
    </p>
   </div>
   <div class='ocr_carea' id='block_1_37' title="bbox 207 3708 1802 3781">
    <p class='ocr_par' dir='ltr' id='par_1_37' title="bbox 207 3708 1802 3781">
     <span class='ocr_line' id='line_1_37' title="bbox 207 3708 1802 3781; baseline 0.004 -21"><span class='ocrx_word' id='word_1_315' title='bbox 207 3708 386 3777; x_wconf 81' lang='lat' dir='ltr'><strong>phetae</strong></span> <span class='ocrx_word' id='word_1_316' title='bbox 412 3709 887 3776; x_wconf 87' lang='lat' dir='ltr'><strong>annuntiavcrunt,</strong></span> <span class='ocrx_word' id='word_1_317' title='bbox 914 3709 1155 3780; x_wconf 90' lang='lat' dir='ltr'><strong>Apostoli</strong></span> <span class='ocrx_word' id='word_1_318' title='bbox 1180 3710 1658 3775; x_wconf 88' lang='lat' dir='ltr'><strong>annuntiaverunt,</strong></span> <span class='ocrx_word' id='word_1_319' title='bbox 1687 3711 1802 3781; x_wconf 91' lang='lat' dir='ltr'><strong>ipse</strong></span> 
     </span>
    </p>
   </div>
   <div class='ocr_carea' id='block_1_38' title="bbox 205 3800 1798 3860">
    <p class='ocr_par' dir='ltr' id='par_1_38' title="bbox 205 3800 1798 3860">
     <span class='ocr_line' id='line_1_38' title="bbox 205 3800 1798 3860; baseline 0.003 -6"><span class='ocrx_word' id='word_1_320' title='bbox 205 3800 470 3855; x_wconf 88' lang='lat' dir='ltr'><strong>Dominus</strong></span> <span class='ocrx_word' id='word_1_321' title='bbox 519 3801 853 3857; x_wconf 85' lang='lat' dir='ltr'><strong>annuntiavit</strong></span> <span class='ocrx_word' id='word_1_322' title='bbox 892 3803 1183 3860; x_wconf 86' lang='lat' dir='ltr'><strong>Ecclesiam</strong></span> <span class='ocrx_word' id='word_1_323' title='bbox 1223 3811 1335 3858; x_wconf 88' lang='lat' dir='ltr'><strong>toto</strong></span> <span class='ocrx_word' id='word_1_324' title='bbox 1373 3803 1502 3858; x_wconf 88' lang='lat' dir='ltr'><strong>orbe</strong></span> <span class='ocrx_word' id='word_1_325' title='bbox 1532 3803 1798 3860; x_wconf 76' lang='lat' dir='ltr'><strong>diffusam.</strong></span> 
     </span>
    </p>
   </div>
   <div class='ocr_carea' id='block_1_39' title="bbox 206 3891 1802 3969">
    <p class='ocr_par' dir='ltr' id='par_1_39' title="bbox 206 3891 1802 3969">
     <span class='ocr_line' id='line_1_39' title="bbox 206 3891 1802 3969; baseline 0.004 -23"><span class='ocrx_word' id='word_1_326' title='bbox 206 3891 362 3948; x_wconf 74' lang='lat' dir='ltr'><strong>Modo</strong></span> <span class='ocrx_word' id='word_1_327' title='bbox 382 3909 511 3947; x_wconf 86' lang='lat' dir='ltr'><strong>cum</strong></span> <span class='ocrx_word' id='word_1_328' title='bbox 541 3895 781 3950; x_wconf 87' lang='lat' dir='ltr'><strong>Psalmus</strong></span> <span class='ocrx_word' id='word_1_329' title='bbox 802 3895 1089 3967; x_wconf 80' lang='lat' dir='ltr'><strong>legeretur,</strong></span> <span class='ocrx_word' id='word_1_330' title='bbox 1108 3896 1427 3963; x_wconf 87' lang='lat' dir='ltr'><strong>audivimus,</strong></span> <span class='ocrx_word' id='word_1_331' title='bbox 1455 3896 1576 3952; x_wconf 88' lang='lat' dir='ltr'><strong>Non</strong></span> <span class='ocrx_word' id='word_1_332' title='bbox 1606 3899 1802 3969; x_wconf 84' lang='lat' dir='ltr'><strong>repellit</strong></span> 
     </span>
    </p>
   </div>
   <div class='ocr_carea' id='block_1_40' title="bbox 209 3982 1803 4057">
    <p class='ocr_par' dir='ltr' id='par_1_40' title="bbox 209 3982 1803 4057">
     <span class='ocr_line' id='line_1_40' title="bbox 209 3982 1803 4057; baseline 0.005 -21"><span class='ocrx_word' id='word_1_333' title='bbox 209 3982 462 4038; x_wconf 75' lang='lat' dir='ltr'><strong>Dominus</strong></span> <span class='ocrx_word' id='word_1_334' title='bbox 485 3985 679 4054; x_wconf 83' lang='lat' dir='ltr'><strong>plebem</strong></span> <span class='ocrx_word' id='word_1_335' title='bbox 706 4001 870 4040; x_wconf 82' lang='lat' dir='ltr'><strong>suam.</strong></span> <span class='ocrx_word' id='word_1_336' title='bbox 896 3985 1167 4057; x_wconf 88' lang='lat' dir='ltr'><strong>Tanquam</strong></span> <span class='ocrx_word' id='word_1_337' title='bbox 1212 3996 1558 4056; x_wconf 77' lang='lat' dir='ltr'><strong>qutereretur,</strong></span> <span class='ocrx_word' id='word_1_338' title='bbox 1591 3988 1803 4057; x_wconf 90' lang='lat' dir='ltr'><strong>Quam?</strong></span> 
     </span>
    </p>
   </div>
   <div class='ocr_carea' id='block_1_41' title="bbox 211 4076 1799 4155">
    <p class='ocr_par' dir='ltr' id='par_1_41' title="bbox 211 4076 1799 4155">
     <span class='ocr_line' id='line_1_41' title="bbox 211 4076 1799 4155; baseline 0.008 -27"><span class='ocrx_word' id='word_1_339' title='bbox 211 4076 467 4141; x_wconf 83' lang='lat' dir='ltr'><strong>Quoniam</strong></span> <span class='ocrx_word' id='word_1_340' title='bbox 489 4077 543 4131; x_wconf 87' lang='lat' dir='ltr'><strong>in</strong></span> <span class='ocrx_word' id='word_1_341' title='bbox 574 4095 727 4132; x_wconf 86' lang='lat' dir='ltr'><strong>manu</strong></span> <span class='ocrx_word' id='word_1_342' title='bbox 752 4083 882 4149; x_wconf 76' lang='lat' dir='ltr'><strong>ejus,</strong></span> <span class='ocrx_word' id='word_1_343' title='bbox 902 4079 1092 4150; x_wconf 88' lang='lat' dir='ltr'><strong>inquit,</strong></span> <span class='ocrx_word' id='word_1_344' title='bbox 1112 4081 1238 4150; x_wconf 81' lang='lat' dir='ltr'><strong>ﬁnes</strong></span> <span class='ocrx_word' id='word_1_345' title='bbox 1261 4091 1407 4138; x_wconf 78' lang='lat' dir='ltr'><strong>terrw</strong></span> <span class='ocrx_word' id='word_1_346' title='bbox 1427 4085 1447 4114; x_wconf 71' lang='grc'>³</span> <span class='ocrx_word' id='word_1_347' title='bbox 1468 4082 1637 4155; x_wconf 89' lang='lat' dir='ltr'><strong>(Psal.</strong></span> <span class='ocrx_word' id='word_1_348' title='bbox 1655 4100 1799 4153; x_wconf 74' lang='grc' dir='ltr'><strong>χειν,</strong></span> 
     </span>
    </p>
   </div>
   <div class='ocr_carea' id='block_1_42' title="bbox 210 4167 1804 4245">
    <p class='ocr_par' dir='ltr' id='par_1_42' title="bbox 210 4167 1804 4245">
     <span class='ocr_line' id='line_1_42' title="bbox 210 4167 1804 4245; baseline 0.006 -23"><span class='ocrx_word' id='word_1_349' title='bbox 210 4167 286 4233; x_wconf 70' lang='grc'><strong>4).</strong></span> <span class='ocrx_word' id='word_1_350' title='bbox 320 4167 444 4235; x_wconf 89' lang='lat' dir='ltr'><strong>lpse</strong></span> <span class='ocrx_word' id='word_1_351' title='bbox 480 4183 588 4222; x_wconf 89' lang='lat' dir='ltr'><strong>non</strong></span> <span class='ocrx_word' id='word_1_352' title='bbox 620 4169 859 4240; x_wconf 87' lang='lat' dir='ltr'><strong>repellit,</strong></span> <span class='ocrx_word' id='word_1_353' title='bbox 887 4168 952 4226; x_wconf 75' lang='lat' dir='ltr'><strong>et‘</strong></span> <span class='ocrx_word' id='word_1_354' title='bbox 969 4179 1025 4226; x_wconf 92' lang='lat' dir='ltr'><strong>tu</strong></span> <span class='ocrx_word' id='word_1_355' title='bbox 1082 4172 1332 4243; x_wconf 89' lang='lat' dir='ltr'><strong>impellis.</strong></span> <span class='ocrx_word' id='word_1_356' title='bbox 1388 4174 1642 4245; x_wconf 89' lang='lat' dir='ltr'><strong>Impellis,</strong></span> <span class='ocrx_word' id='word_1_357' title='bbox 1675 4192 1804 4232; x_wconf 82' lang='lat' dir='ltr'><strong>ven-</strong></span> 
     </span>
    </p>
   </div>
   <div class='ocr_carea' id='block_1_43' title="bbox 211 4259 1804 4339">
    <p class='ocr_par' dir='ltr' id='par_1_43' title="bbox 211 4259 1804 4339">
     <span class='ocr_line' id='line_1_43' title="bbox 211 4259 1804 4339; baseline 0.01 -28"><span class='ocrx_word' id='word_1_358' title='bbox 211 4260 372 4327; x_wconf 84' lang='lat' dir='ltr'><strong>tillas,</strong></span> <span class='ocrx_word' id='word_1_359' title='bbox 416 4259 686 4329; x_wconf 79' lang='lat' dir='ltr'><strong>excludis,</strong></span> <span class='ocrx_word' id='word_1_360' title='bbox 729 4261 1232 4333; x_wconf 86' lang='lat' dir='ltr'><strong>jactastraditores,</strong></span> <span class='ocrx_word' id='word_1_361' title='bbox 1275 4282 1382 4323; x_wconf 91' lang='lat' dir='ltr'><strong>non</strong></span> <span class='ocrx_word' id='word_1_362' title='bbox 1425 4269 1636 4339; x_wconf 90' lang='lat' dir='ltr'><strong>probas.</strong></span> <span class='ocrx_word' id='word_1_363' title='bbox 1673 4270 1804 4327; x_wconf 89' lang='lat' dir='ltr'><strong>Cor-</strong></span> 
     </span>
    </p>
   </div>
   <div class='ocr_carea' id='block_1_44' title="bbox 208 4355 1804 4434">
    <p class='ocr_par' dir='ltr' id='par_1_44' title="bbox 208 4355 1804 4434">
     <span class='ocr_line' id='line_1_44' title="bbox 208 4355 1804 4434; baseline 0.011 -30"><span class='ocrx_word' id='word_1_364' title='bbox 208 4367 310 4405; x_wconf 86' lang='lat' dir='ltr'><strong>nua</strong></span> <span class='ocrx_word' id='word_1_365' title='bbox 359 4362 489 4408; x_wconf 91' lang='lat' dir='ltr'><strong>sunt</strong></span> <span class='ocrx_word' id='word_1_366' title='bbox 535 4355 636 4410; x_wconf 87' lang='lat' dir='ltr'><strong>ista</strong></span> <span class='ocrx_word' id='word_1_367' title='bbox 681 4357 1002 4423; x_wconf 87' lang='lat' dir='ltr'><strong>ventilantis,</strong></span> <span class='ocrx_word' id='word_1_368' title='bbox 1029 4375 1134 4414; x_wconf 91' lang='lat' dir='ltr'><strong>non</strong></span> <span class='ocrx_word' id='word_1_369' title='bbox 1188 4364 1540 4420; x_wconf 89' lang='lat' dir='ltr'><strong>mansuetudo</strong></span> <span class='ocrx_word' id='word_1_370' title='bbox 1582 4381 1804 4434; x_wconf 79' lang='lat' dir='ltr'><strong>pascen-</strong></span> 
     </span>
    </p>
   </div>
   <div class='ocr_carea' id='block_1_45' title="bbox 209 4443 1803 4527">
    <p class='ocr_par' dir='ltr' id='par_1_45' title="bbox 209 4443 1803 4527">
     <span class='ocr_line' id='line_1_45' title="bbox 209 4443 1803 4527; baseline 0.011 -29"><span class='ocrx_word' id='word_1_371' title='bbox 209 4443 296 4499; x_wconf 86' lang='lat' dir='ltr'><strong>tis.</strong></span> <span class='ocrx_word' id='word_1_372' title='bbox 343 4445 491 4501; x_wconf 82' lang='lat' dir='ltr'><strong>Ecce</strong></span> <span class='ocrx_word' id='word_1_373' title='bbox 535 4448 682 4516; x_wconf 88' lang='lat' dir='ltr'><strong>plebs</strong></span> <span class='ocrx_word' id='word_1_374' title='bbox 724 4449 816 4504; x_wconf 88' lang='lat' dir='ltr'><strong>Dei</strong></span> <span class='ocrx_word' id='word_1_375' title='bbox 853 4451 903 4505; x_wconf 92' lang='lat' dir='ltr'><strong>in</strong></span> <span class='ocrx_word' id='word_1_376' title='bbox 943 4451 1134 4508; x_wconf 91' lang='lat' dir='ltr'><strong>ﬁnibus</strong></span> <span class='ocrx_word' id='word_1_377' title='bbox 1173 4461 1502 4512; x_wconf 55' lang='lat' dir='ltr'><strong>terraetecce</strong></span> <span class='ocrx_word' id='word_1_378' title='bbox 1537 4457 1687 4527; x_wconf 90' lang='lat' dir='ltr'><strong>plebs</strong></span> <span class='ocrx_word' id='word_1_379' title='bbox 1711 4459 1803 4515; x_wconf 89' lang='lat' dir='ltr'><strong>Dei</strong></span> 
     </span>
    </p>
   </div>
   <div class='ocr_carea' id='block_1_46' title="bbox 209 4540 1802 4616">
    <p class='ocr_par' dir='ltr' id='par_1_46' title="bbox 209 4540 1802 4616">
     <span class='ocr_line' id='line_1_46' title="bbox 209 4540 1802 4616; baseline 0.009 -25"><span class='ocrx_word' id='word_1_380' title='bbox 209 4553 430 4607; x_wconf 85' lang='lat' dir='ltr'><strong>gemens</strong></span> <span class='ocrx_word' id='word_1_381' title='bbox 453 4548 509 4594; x_wconf 92' lang='lat' dir='ltr'><strong>et</strong></span> <span class='ocrx_word' id='word_1_382' title='bbox 539 4540 753 4608; x_wconf 89' lang='lat' dir='ltr'><strong>plorans</strong></span> <span class='ocrx_word' id='word_1_383' title='bbox 781 4550 904 4597; x_wconf 88' lang='lat' dir='ltr'><strong>ante</strong></span> <span class='ocrx_word' id='word_1_384' title='bbox 921 4543 1089 4597; x_wconf 90' lang='lat' dir='ltr'><strong>Deum</strong></span> <span class='ocrx_word' id='word_1_385' title='bbox 1119 4546 1209 4616; x_wconf 89' lang='lat' dir='ltr'><strong>qui</strong></span> <span class='ocrx_word' id='word_1_386' title='bbox 1233 4561 1352 4602; x_wconf 91' lang='lat' dir='ltr'><strong>eam</strong></span> <span class='ocrx_word' id='word_1_387' title='bbox 1401 4547 1556 4615; x_wconf 87' lang='lat' dir='ltr'><strong>fecit,</strong></span> <span class='ocrx_word' id='word_1_388' title='bbox 1590 4550 1720 4606; x_wconf 90' lang='lat' dir='ltr'><strong>dicit</strong></span> <span class='ocrx_word' id='word_1_389' title='bbox 1749 4552 1802 4606; x_wconf 93' lang='lat' dir='ltr'><strong>in</strong></span> 
     </span>
    </p>
   </div>
   <div class='ocr_carea' id='block_1_47' title="bbox 209 4630 1805 4711">
    <p class='ocr_par' dir='ltr' id='par_1_47' title="bbox 209 4630 1805 4711">
     <span class='ocr_line' id='line_1_47' title="bbox 209 4630 1805 4711; baseline 0.009 -26"><span class='ocrx_word' id='word_1_390' title='bbox 209 4630 426 4686; x_wconf 83' lang='lat' dir='ltr'><strong>Psalmo</strong></span> <span class='ocrx_word' id='word_1_391' title='bbox 452 4633 550 4702; x_wconf 86' lang='lat' dir='ltr'><strong>ipsi</strong></span> <span class='ocrx_word' id='word_1_392' title='bbox 584 4635 810 4690; x_wconf 91' lang='lat' dir='ltr'><strong>Domino</strong></span> <span class='ocrx_word' id='word_1_393' title='bbox 835 4647 958 4691; x_wconf 88' lang='lat' dir='ltr'><strong>ante</strong></span> <span class='ocrx_word' id='word_1_394' title='bbox 981 4653 1137 4707; x_wconf 91' lang='lat' dir='ltr'><strong>quem</strong></span> <span class='ocrx_word' id='word_1_395' title='bbox 1164 4641 1355 4708; x_wconf 86' lang='lat' dir='ltr'><strong>plorat,</strong></span> <span class='ocrx_word' id='word_1_396' title='bbox 1374 4641 1413 4695; x_wconf 82' lang='lat' dir='ltr'><strong><em>A</em></strong></span> <span class='ocrx_word' id='word_1_397' title='bbox 1444 4643 1628 4711; x_wconf 83' lang='lat' dir='ltr'><strong>finibus</strong></span> <span class='ocrx_word' id='word_1_398' title='bbox 1658 4655 1805 4699; x_wconf 75' lang='lat' dir='ltr'><strong>terra:</strong></span> 
     </span>
    </p>
   </div>
   <div class='ocr_carea' id='block_1_48' title="bbox 208 4725 1804 4802">
    <p class='ocr_par' dir='ltr' id='par_1_48' title="bbox 208 4725 1804 4802">
     <span class='ocr_line' id='line_1_48' title="bbox 208 4725 1804 4802; baseline 0.009 -26"><span class='ocrx_word' id='word_1_399' title='bbox 208 4725 275 4776; x_wconf 79' lang='lat' dir='ltr'><strong>ad</strong></span> <span class='ocrx_word' id='word_1_400' title='bbox 302 4735 350 4778; x_wconf 81' lang='lat' dir='ltr'><strong>te</strong></span> <span class='ocrx_word' id='word_1_401' title='bbox 377 4725 597 4780; x_wconf 80' lang='lat' dir='ltr'><strong>clamavi</strong></span> <span class='ocrx_word' id='word_1_402' title='bbox 617 4768 631 4792; x_wconf 93' lang='lat'><strong>,</strong></span> <span class='ocrx_word' id='word_1_403' title='bbox 660 4744 776 4780; x_wconf 89' lang='lat' dir='ltr'><strong>cum</strong></span> <span class='ocrx_word' id='word_1_404' title='bbox 797 4738 1062 4800; x_wconf 86' lang='lat' dir='ltr'><strong>angeretur</strong></span> <span class='ocrx_word' id='word_1_405' title='bbox 1081 4748 1167 4786; x_wconf 91' lang='lat' dir='ltr'><strong>cor</strong></span> <span class='ocrx_word' id='word_1_406' title='bbox 1186 4749 1370 4788; x_wconf 86' lang='lat' dir='ltr'><strong>meum.</strong></span> <span class='ocrx_word' id='word_1_407' title='bbox 1396 4735 1528 4789; x_wconf 75' lang='lat' dir='ltr'><strong>Vide</strong></span> <span class='ocrx_word' id='word_1_408' title='bbox 1550 4737 1804 4802; x_wconf 89' lang='lat' dir='ltr'><strong>quemad-</strong></span> 
     </span>
    </p>
   </div>
   <div class='ocr_carea' id='block_1_49' title="bbox 207 4817 1804 4898">
    <p class='ocr_par' dir='ltr' id='par_1_49' title="bbox 207 4817 1804 4898">
     <span class='ocr_line' id='line_1_49' title="bbox 207 4817 1804 4898; baseline 0.009 -29"><span class='ocrx_word' id='word_1_409' title='bbox 207 4817 427 4870; x_wconf 87' lang='lat' dir='ltr'><strong>modum</strong></span> <span class='ocrx_word' id='word_1_410' title='bbox 450 4832 511 4872; x_wconf 85' lang='lat' dir='ltr'><strong>se</strong></span> <span class='ocrx_word' id='word_1_411' title='bbox 535 4818 778 4873; x_wconf 86' lang='lat' dir='ltr'><strong>ltutniliat</strong></span> <span class='ocrx_word' id='word_1_412' title='bbox 803 4820 854 4874; x_wconf 90' lang='lat' dir='ltr'><strong>in</strong></span> <span class='ocrx_word' id='word_1_413' title='bbox 881 4836 1078 4892; x_wconf 83' lang='lat' dir='ltr'><strong>angore</strong></span> <span class='ocrx_word' id='word_1_414' title='bbox 1099 4823 1292 4878; x_wconf 89' lang='lat' dir='ltr'><strong>cordis.</strong></span> <span class='ocrx_word' id='word_1_415' title='bbox 1314 4825 1380 4880; x_wconf 88' lang='lat' dir='ltr'><strong>Et</strong></span> <span class='ocrx_word' id='word_1_416' title='bbox 1403 4827 1528 4896; x_wconf 89' lang='lat' dir='ltr'><strong>quid</strong></span> <span class='ocrx_word' id='word_1_417' title='bbox 1550 4829 1648 4882; x_wconf 90' lang='lat' dir='ltr'><strong>sibi</strong></span> <span class='ocrx_word' id='word_1_418' title='bbox 1678 4845 1804 4898; x_wconf 81' lang='lat' dir='ltr'><strong>prae-</strong></span> 
     </span>
    </p>
   </div>
   <div class='ocr_carea' id='block_1_50' title="bbox 208 4908 1810 4990">
    <p class='ocr_par' dir='ltr' id='par_1_50' title="bbox 208 4908 1810 4990">
     <span class='ocr_line' id='line_1_50' title="bbox 208 4908 1810 4990; baseline 0.008 -30"><span class='ocrx_word' id='word_1_419' title='bbox 208 4909 390 4961; x_wconf 88' lang='lat' dir='ltr'><strong>stitum</strong></span> <span class='ocrx_word' id='word_1_420' title='bbox 419 4908 589 4964; x_wconf 89' lang='lat' dir='ltr'><strong>dicit?</strong></span> <span class='ocrx_word' id='word_1_421' title='bbox 634 4908 700 4963; x_wconf 87' lang='lat' dir='ltr'><strong>In</strong></span> <span class='ocrx_word' id='word_1_422' title='bbox 746 4921 886 4980; x_wconf 84' lang='lat' dir='ltr'><strong>petra</strong></span> <span class='ocrx_word' id='word_1_423' title='bbox 933 4914 1166 4970; x_wconf 77' lang='lat' dir='ltr'><strong>exaltasti</strong></span> <span class='ocrx_word' id='word_1_424' title='bbox 1207 4932 1286 4968; x_wconf 89' lang='lat' dir='ltr'><strong>me</strong></span> <span class='ocrx_word' id='word_1_425' title='bbox 1321 4915 1488 4985; x_wconf 85' lang='lat' dir='ltr'><strong>(Psal.</strong></span> <span class='ocrx_word' id='word_1_426' title='bbox 1520 4935 1615 4985; x_wconf 85' lang='lat' dir='ltr'><strong>Lx,</strong></span> <span class='ocrx_word' id='word_1_427' title='bbox 1644 4921 1718 4990; x_wconf 76' lang='lat'><strong>5).</strong></span> <span class='ocrx_word' id='word_1_428' title='bbox 1745 4919 1810 4985; x_wconf 83' lang='lat' dir='ltr'><strong>In,</strong></span> 
     </span>
    </p>
   </div>
   <div class='ocr_carea' id='block_1_51' title="bbox 208 5001 1801 5084">
    <p class='ocr_par' dir='ltr' id='par_1_51' title="bbox 208 5001 1801 5084">
     <span class='ocr_line' id='line_1_51' title="bbox 208 5001 1801 5084; baseline 0.011 -32"><span class='ocrx_word' id='word_1_429' title='bbox 208 5010 356 5068; x_wconf 84' lang='lat' dir='ltr'><strong>petra</strong></span> <span class='ocrx_word' id='word_1_430' title='bbox 399 5001 614 5056; x_wconf 91' lang='lat' dir='ltr'><strong>Christo</strong></span> <span class='ocrx_word' id='word_1_431' title='bbox 645 5004 886 5059; x_wconf 83' lang='lat' dir='ltr'><strong>exaltasti</strong></span> <span class='ocrx_word' id='word_1_432' title='bbox 910 5048 926 5072; x_wconf 96' lang='lat'><strong>,</strong></span> <span class='ocrx_word' id='word_1_433' title='bbox 951 5022 1055 5060; x_wconf 90' lang='lat' dir='ltr'><strong>non</strong></span> <span class='ocrx_word' id='word_1_434' title='bbox 1081 5007 1147 5062; x_wconf 92' lang='lat' dir='ltr'><strong>de</strong></span> <span class='ocrx_word' id='word_1_435' title='bbox 1175 5019 1356 5065; x_wconf 90' lang='lat' dir='ltr'><strong>monte</strong></span> <span class='ocrx_word' id='word_1_436' title='bbox 1383 5011 1588 5066; x_wconf 85' lang='lat' dir='ltr'><strong>Donato</strong></span> <span class='ocrx_word' id='word_1_437' title='bbox 1617 5014 1638 5044; x_wconf 83' lang='grc'><strong>³</strong></span> <span class='ocrx_word' id='word_1_438' title='bbox 1663 5029 1801 5084; x_wconf 79' lang='lat' dir='ltr'><strong>pra:-</strong></span> 
     </span>
    </p>
   </div>
   <div class='ocr_carea' id='block_1_52' title="bbox 210 5093 1799 5173">
    <p class='ocr_par' dir='ltr' id='par_1_52' title="bbox 210 5093 1799 5173">
     <span class='ocr_line' id='line_1_52' title="bbox 210 5093 1799 5173; baseline 0.01 -29"><span class='ocrx_word' id='word_1_439' title='bbox 210 5094 465 5160; x_wconf 85' lang='lat' dir='ltr'><strong>cipitasti.</strong></span> <span class='ocrx_word' id='word_1_440' title='bbox 512 5093 532 5146; x_wconf 93' lang='lat' dir='ltr'><strong>l</strong></span> <span class='ocrx_word' id='word_1_441' title='bbox 584 5110 760 5160; x_wconf 92' lang='lat' dir='ltr'><strong>nunc,</strong></span> <span class='ocrx_word' id='word_1_442' title='bbox 805 5105 858 5151; x_wconf 89' lang='lat' dir='ltr'><strong>et</strong></span> <span class='ocrx_word' id='word_1_443' title='bbox 899 5097 1039 5167; x_wconf 88' lang='lat' dir='ltr'><strong>jacta</strong></span> <span class='ocrx_word' id='word_1_444' title='bbox 1081 5115 1312 5168; x_wconf 87' lang='lat' dir='ltr'><strong>cornua,</strong></span> <span class='ocrx_word' id='word_1_445' title='bbox 1345 5104 1572 5159; x_wconf 86' lang='lat' dir='ltr'><strong>extende</strong></span> <span class='ocrx_word' id='word_1_446' title='bbox 1602 5106 1799 5173; x_wconf 85' lang='lat' dir='ltr'><strong>latera,</strong></span> 
     </span>
    </p>
   </div>
   <div class='ocr_carea' id='block_1_53' title="bbox 212 5187 1803 5264">
    <p class='ocr_par' dir='ltr' id='par_1_53' title="bbox 212 5187 1803 5264">
     <span class='ocr_line' id='line_1_53' title="bbox 212 5187 1803 5264; baseline 0.01 -26"><span class='ocrx_word' id='word_1_447' title='bbox 212 5187 330 5240; x_wconf 85' lang='lat' dir='ltr'><strong>inﬁa</strong></span> <span class='ocrx_word' id='word_1_448' title='bbox 379 5187 634 5242; x_wconf 89' lang='lat' dir='ltr'><strong>humeros</strong></span> <span class='ocrx_word' id='word_1_449' title='bbox 689 5199 840 5254; x_wconf 92' lang='lat' dir='ltr'><strong>tuos,</strong></span> <span class='ocrx_word' id='word_1_450' title='bbox 883 5200 937 5246; x_wconf 89' lang='lat' dir='ltr'><strong>et</strong></span> <span class='ocrx_word' id='word_1_451' title='bbox 973 5192 1187 5261; x_wconf 89' lang='lat' dir='ltr'><strong>impelle</strong></span> <span class='ocrx_word' id='word_1_452' title='bbox 1213 5209 1376 5261; x_wconf 91' lang='lat' dir='ltr'><strong>oves;</strong></span> <span class='ocrx_word' id='word_1_453' title='bbox 1405 5207 1456 5251; x_wconf 88' lang='lat' dir='ltr'><strong>et</strong></span> <span class='ocrx_word' id='word_1_454' title='bbox 1484 5197 1588 5264; x_wconf 90' lang='lat' dir='ltr'><strong>dic,</strong></span> <span class='ocrx_word' id='word_1_455' title='bbox 1621 5198 1803 5255; x_wconf 82' lang='lat' dir='ltr'><strong>Justus</strong></span> 
     </span>
    </p>
   </div>
   <div class='ocr_carea' id='block_1_54' title="bbox 211 5277 1800 5359">
    <p class='ocr_par' dir='ltr' id='par_1_54' title="bbox 211 5277 1800 5359">
     <span class='ocr_line' id='line_1_54' title="bbox 211 5277 1800 5359; baseline 0.009 -29"><span class='ocrx_word' id='word_1_456' title='bbox 211 5293 347 5330; x_wconf 78' lang='lat' dir='ltr'><strong>sum.</strong></span> <span class='ocrx_word' id='word_1_457' title='bbox 367 5277 740 5347; x_wconf 84' lang='lat' dir='ltr'><strong>Respondebit</strong></span> <span class='ocrx_word' id='word_1_458' title='bbox 779 5282 869 5336; x_wconf 88' lang='lat' dir='ltr'><strong>tibi</strong></span> <span class='ocrx_word' id='word_1_459' title='bbox 919 5281 1187 5353; x_wconf 88' lang='lat' dir='ltr'><strong>Scriptura</strong></span> <span class='ocrx_word' id='word_1_460' title='bbox 1208 5327 1223 5352; x_wconf 96' lang='lat'><strong>,</strong></span> <span class='ocrx_word' id='word_1_461' title='bbox 1251 5287 1438 5356; x_wconf 84' lang='lat' dir='ltr'><strong>Malus,</strong></span> <span class='ocrx_word' id='word_1_462' title='bbox 1463 5304 1566 5344; x_wconf 92' lang='lat' dir='ltr'><strong>non</strong></span> <span class='ocrx_word' id='word_1_463' title='bbox 1607 5290 1800 5359; x_wconf 90' lang='lat' dir='ltr'><strong>justus.</strong></span> 
     </span>
    </p>
   </div>
   <div class='ocr_carea' id='block_1_55' title="bbox 213 5366 1804 5449">
    <p class='ocr_par' dir='ltr' id='par_1_55' title="bbox 213 5366 1804 5449">
     <span class='ocr_line' id='line_1_55' title="bbox 213 5366 1804 5449; baseline 0.011 -30"><span class='ocrx_word' id='word_1_464' title='bbox 213 5366 382 5422; x_wconf 80' lang='lat' dir='ltr'><strong>Filius</strong></span> <span class='ocrx_word' id='word_1_465' title='bbox 403 5371 566 5423; x_wconf 80' lang='lat' dir='ltr'><strong>malus</strong></span> <span class='ocrx_word' id='word_1_466' title='bbox 583 5371 691 5441; x_wconf 85' lang='lat' dir='ltr'><strong>ipse</strong></span> <span class='ocrx_word' id='word_1_467' title='bbox 713 5389 766 5425; x_wconf 84' lang='lat' dir='ltr'><strong>se</strong></span> <span class='ocrx_word' id='word_1_468' title='bbox 782 5374 978 5440; x_wconf 86' lang='lat' dir='ltr'><strong>justum</strong></span> <span class='ocrx_word' id='word_1_469' title='bbox 997 5375 1136 5430; x_wconf 85' lang='lat' dir='ltr'><strong>dicit.</strong></span> <span class='ocrx_word' id='word_1_470' title='bbox 1159 5377 1213 5431; x_wconf 90' lang='lat' dir='ltr'><strong>Si</strong></span> <span class='ocrx_word' id='word_1_471' title='bbox 1231 5379 1512 5446; x_wconf 75' lang='lat' dir='ltr'><strong>justus-es,</strong></span> <span class='ocrx_word' id='word_1_472' title='bbox 1545 5381 1670 5449; x_wconf 89' lang='lat' dir='ltr'><strong>qttid</strong></span> <span class='ocrx_word' id='word_1_473' title='bbox 1690 5383 1804 5438; x_wconf 75' lang='lat' dir='ltr'><strong>exis</strong></span> 
     </span>
    </p>
   </div>
   <div class='ocr_carea' id='block_1_56' title="bbox 213 5458 1805 5540">
    <p class='ocr_par' dir='ltr' id='par_1_56' title="bbox 213 5458 1805 5540">
     <span class='ocr_line' id='line_1_56' title="bbox 213 5458 1805 5540; baseline 0.011 -29"><span class='ocrx_word' id='word_1_474' title='bbox 213 5458 391 5514; x_wconf 83' lang='lat' dir='ltr'><strong>foras?</strong></span> <span class='ocrx_word' id='word_1_475' title='bbox 416 5462 552 5526; x_wconf 87' lang='lat' dir='ltr'><strong>Quid</strong></span> <span class='ocrx_word' id='word_1_476' title='bbox 571 5464 722 5530; x_wconf 79' lang='lat' dir='ltr'><strong>ejicis</strong></span> <span class='ocrx_word' id='word_1_477' title='bbox 741 5464 914 5518; x_wconf 88' lang='lat' dir='ltr'><strong>foras?</strong></span> <span class='ocrx_word' id='word_1_478' title='bbox 936 5466 1072 5534; x_wconf 89' lang='lat' dir='ltr'><strong>Quid</strong></span> <span class='ocrx_word' id='word_1_479' title='bbox 1098 5483 1218 5523; x_wconf 91' lang='lat' dir='ltr'><strong>cum</strong></span> <span class='ocrx_word' id='word_1_480' title='bbox 1245 5469 1329 5524; x_wconf 91' lang='lat' dir='ltr'><strong>his</strong></span> <span class='ocrx_word' id='word_1_481' title='bbox 1350 5486 1484 5538; x_wconf 89' lang='lat' dir='ltr'><strong>quos</strong></span> <span class='ocrx_word' id='word_1_482' title='bbox 1501 5471 1648 5540; x_wconf 91' lang='lat' dir='ltr'><strong>ejicis</strong></span> <span class='ocrx_word' id='word_1_483' title='bbox 1676 5473 1805 5528; x_wconf 89' lang='lat' dir='ltr'><strong>facis</strong></span> 
     </span>
    </p>
   </div>
   <div class='ocr_carea' id='block_1_57' title="bbox 213 5547 1806 5634">
    <p class='ocr_par' dir='ltr' id='par_1_57' title="bbox 213 5547 1806 5634">
     <span class='ocr_line' id='line_1_57' title="bbox 213 5547 1806 5634; baseline 0.013 -34"><span class='ocrx_word' id='word_1_484' title='bbox 213 5547 390 5605; x_wconf 87' lang='lat' dir='ltr'><strong>foras?</strong></span> <span class='ocrx_word' id='word_1_485' title='bbox 419 5551 696 5623; x_wconf 84' lang='lat' dir='ltr'><strong>Tanquam</strong></span> <span class='ocrx_word' id='word_1_486' title='bbox 722 5555 838 5609; x_wconf 89' lang='lat' dir='ltr'><strong>ovis</strong></span> <span class='ocrx_word' id='word_1_487' title='bbox 879 5555 1054 5614; x_wconf 85' lang='lat' dir='ltr'><strong>hircos</strong></span> <span class='ocrx_word' id='word_1_488' title='bbox 1098 5557 1297 5629; x_wconf 81' lang='lat' dir='ltr'><strong>fugisti.</strong></span> <span class='ocrx_word' id='word_1_489' title='bbox 1325 5560 1511 5616; x_wconf 81' lang='lat' dir='ltr'><strong>Melius</strong></span> <span class='ocrx_word' id='word_1_490' title='bbox 1537 5562 1602 5618; x_wconf 89' lang='lat' dir='ltr'><strong>ab</strong></span> <span class='ocrx_word' id='word_1_491' title='bbox 1625 5563 1752 5634; x_wconf 89' lang='lat' dir='ltr'><strong>ipsis</strong></span> <span class='ocrx_word' id='word_1_492' title='bbox 1774 5579 1806 5620; x_wconf 87' lang='lat' dir='ltr'><strong>a</strong></span> 
     </span>
    </p>
   </div>
   <div class='ocr_carea' id='block_1_58' title="bbox 274 5703 1553 5778">
    <p class='ocr_par' dir='ltr' id='par_1_58' title="bbox 274 5703 1553 5778">
     <span class='ocr_line' id='line_1_58' title="bbox 274 5703 1553 5778; baseline 0.023 -35"><span class='ocrx_word' id='word_1_493' title='bbox 274 5703 294 5778; x_wconf 56' lang='grc' dir='ltr'><strong>ξ</strong></span> <span class='ocrx_word' id='word_1_494' title='bbox 317 5710 522 5778; x_wconf 77' lang='lat' dir='ltr'><strong>1_n_</strong></span> <span class='ocrx_word' id='word_1_495' title='bbox 543 5714 670 5778; x_wconf 79' lang='lat' dir='ltr'><strong>post,</strong></span> <span class='ocrx_word' id='word_1_496' title='bbox 694 5707 1043 5778; x_wconf 70' lang='lat' dir='ltr'><strong>imperfectum,</strong></span> <span class='ocrx_word' id='word_1_497' title='bbox 1064 5727 1157 5764; x_wconf 87' lang='lat' dir='ltr'><strong>non</strong></span> <span class='ocrx_word' id='word_1_498' title='bbox 1180 5714 1382 5778; x_wconf 86' lang='lat' dir='ltr'><strong>additur,</strong></span> <span class='ocrx_word' id='word_1_499' title='bbox 1404 5724 1553 5772; x_wconf 85' lang='lat' dir='ltr'><strong>tuum.</strong></span> 
     </span>
    </p>
   </div>
   <div class='ocr_carea' id='block_1_59' title="bbox 275 5763 1379 5842">
    <p class='ocr_par' dir='ltr' id='par_1_59' title="bbox 275 5763 1379 5842">
     <span class='ocr_line' id='line_1_59' title="bbox 275 5763 1379 5842; baseline 0.017 -30"><span class='ocrx_word' id='word_1_500' title='bbox 275 5767 295 5796; x_wconf 74' lang='grc' dir='ltr'><strong>ι</strong></span> <span class='ocrx_word' id='word_1_501' title='bbox 316 5767 459 5842; x_wconf 44' lang='grc' dir='ltr'><strong>Ἆῤ,</strong></span> <span class='ocrx_word' id='word_1_502' title='bbox 481 5763 602 5842; x_wconf 53' lang='lat' dir='ltr'><strong>[inea</strong></span> <span class='ocrx_word' id='word_1_503' title='bbox 622 5763 789 5842; x_wconf 61' lang='lat' dir='ltr'><strong>terrai.</strong></span> <span class='ocrx_word' id='word_1_504' title='bbox 815 5763 978 5839; x_wconf 71' lang='lat' dir='ltr'><strong>AbeSt,</strong></span> <span class='ocrx_word' id='word_1_505' title='bbox 1011 5763 1192 5842; x_wconf 78' lang='lat' dir='ltr'><strong>omnes,</strong></span> <span class='ocrx_word' id='word_1_506' title='bbox 1215 5763 1379 5831; x_wconf 52' lang='grc' dir='ltr'>ξιιξί</span> 
     </span>
    </p>
   </div>
   <div class='ocr_carea' id='block_1_60' title="bbox 316 5827 667 5892">
    <p class='ocr_par' dir='ltr' id='par_1_60' title="bbox 316 5827 667 5892">
     <span class='ocr_line' id='line_1_60' title="bbox 316 5827 667 5892; baseline 0.026 -15"><span class='ocrx_word' id='word_1_507' title='bbox 316 5827 459 5892; x_wconf 72' lang='grc' dir='ltr'><strong>εώιὶ,</strong></span> <span class='ocrx_word' id='word_1_508' title='bbox 479 5827 667 5885; x_wconf 74' lang='lat' dir='ltr'><strong>Donati.</strong></span> 
     </span>
    </p>
   </div>
   <div class='ocr_carea' id='block_1_61' title="bbox 1605 323 2079 384">
    <p class='ocr_par' dir='ltr' id='par_1_61' title="bbox 1605 323 2079 384">
     <span class='ocr_line' id='line_1_61' title="bbox 1605 323 2079 384; baseline -0.004 0"><span class='ocrx_word' id='word_1_509' title='bbox 1605 323 1836 384; x_wconf 74' lang='lat' dir='ltr'><strong>bEllMO</strong></span> <span class='ocrx_word' id='word_1_510' title='bbox 1875 323 2079 383; x_wconf 80' lang='lat' dir='ltr'><strong>XLVII.</strong></span> 
     </span>
    </p>
   </div>
   <div class='ocr_carea' id='block_1_62' title="bbox 3393 338 3498 406">
    <p class='ocr_par' dir='ltr' id='par_1_62' title="bbox 3393 338 3498 406">
     <span class='ocr_line' id='line_1_62' title="bbox 3393 338 3498 406; baseline 0 -2"><span class='ocrx_word' id='word_1_511' title='bbox 3393 338 3498 406; x_wconf 68' lang='lat'><strong>306</strong></span> 
     </span>
    </p>
   </div>
   <div class='ocr_carea' id='block_1_63' title="bbox 1917 441 3499 533">
    <p class='ocr_par' dir='ltr' id='par_1_63' title="bbox 1917 441 3499 533">
     <span class='ocr_line' id='line_1_63' title="bbox 1917 441 3499 533; baseline 0.011 -32"><span class='ocrx_word' id='word_1_512' title='bbox 1917 454 2131 517; x_wconf 85' lang='lat' dir='ltr'><strong>pastore</strong></span> <span class='ocrx_word' id='word_1_513' title='bbox 2170 446 2236 505; x_wconf 91' lang='lat' dir='ltr'><strong>ad</strong></span> <span class='ocrx_word' id='word_1_514' title='bbox 2281 441 2556 511; x_wconf 77' lang='lat' dir='ltr'><strong>dexteram</strong></span> <span class='ocrx_word' id='word_1_515' title='bbox 2598 453 2893 527; x_wconf 86' lang='lat' dir='ltr'><strong>separaris,</strong></span> <span class='ocrx_word' id='word_1_516' title='bbox 2926 472 3085 530; x_wconf 86' lang='lat' dir='ltr'><strong>quam</strong></span> <span class='ocrx_word' id='word_1_517' title='bbox 3121 473 3242 516; x_wconf 93' lang='lat' dir='ltr'><strong>cum</strong></span> <span class='ocrx_word' id='word_1_518' title='bbox 3272 461 3402 533; x_wconf 91' lang='lat' dir='ltr'><strong>ipsis</strong></span> <span class='ocrx_word' id='word_1_519' title='bbox 3429 463 3499 520; x_wconf 84' lang='lat' dir='ltr'><strong>ad</strong></span> 
     </span>
    </p>
   </div>
   <div class='ocr_carea' id='block_1_64' title="bbox 1913 540 3496 627">
    <p class='ocr_par' dir='ltr' id='par_1_64' title="bbox 1913 540 3496 627">
     <span class='ocr_line' id='line_1_64' title="bbox 1913 540 3496 627; baseline 0.012 -33"><span class='ocrx_word' id='word_1_520' title='bbox 1913 540 2181 598; x_wconf 87' lang='lat' dir='ltr'><strong>sinistram</strong></span> <span class='ocrx_word' id='word_1_521' title='bbox 2209 545 2515 602; x_wconf 83' lang='lat' dir='ltr'><strong>conl’utaris.</strong></span> <span class='ocrx_word' id='word_1_522' title='bbox 2561 549 2700 605; x_wconf 80' lang='lat' dir='ltr'><strong>Hirci</strong></span> <span class='ocrx_word' id='word_1_523' title='bbox 2749 561 2936 618; x_wconf 90' lang='lat' dir='ltr'><strong>erant,</strong></span> <span class='ocrx_word' id='word_1_524' title='bbox 2974 561 3030 608; x_wconf 92' lang='lat' dir='ltr'><strong>tu</strong></span> <span class='ocrx_word' id='word_1_525' title='bbox 3071 555 3223 610; x_wconf 91' lang='lat' dir='ltr'><strong>ovis:</strong></span> <span class='ocrx_word' id='word_1_526' title='bbox 3249 570 3496 627; x_wconf 86' lang='lat' dir='ltr'><strong>pasceres</strong></span> 
     </span>
    </p>
   </div>
   <div class='ocr_carea' id='block_1_65' title="bbox 1913 635 3496 714">
    <p class='ocr_par' dir='ltr' id='par_1_65' title="bbox 1913 635 3496 714">
     <span class='ocr_line' id='line_1_65' title="bbox 1913 635 3496 714; baseline 0.013 -27"><span class='ocrx_word' id='word_1_527' title='bbox 1913 648 2033 688; x_wconf 92' lang='lat' dir='ltr'><strong>cum</strong></span> <span class='ocrx_word' id='word_1_528' title='bbox 2058 635 2237 692; x_wconf 90' lang='lat' dir='ltr'><strong>hircis.</strong></span> <span class='ocrx_word' id='word_1_529' title='bbox 2253 637 2388 706; x_wconf 89' lang='lat' dir='ltr'><strong>Quid</strong></span> <span class='ocrx_word' id='word_1_530' title='bbox 2413 649 2463 695; x_wconf 88' lang='lat' dir='ltr'><strong>te</strong></span> <span class='ocrx_word' id='word_1_531' title='bbox 2483 656 2694 710; x_wconf 88' lang='lat' dir='ltr'><strong>pascua,</strong></span> <span class='ocrx_word' id='word_1_532' title='bbox 2713 645 2837 714; x_wconf 90' lang='lat' dir='ltr'><strong>quid</strong></span> <span class='ocrx_word' id='word_1_533' title='bbox 2862 655 2914 701; x_wconf 88' lang='lat' dir='ltr'><strong>te</strong></span> <span class='ocrx_word' id='word_1_534' title='bbox 2938 645 3112 704; x_wconf 81' lang='lat' dir='ltr'><strong>fontes</strong></span> <span class='ocrx_word' id='word_1_535' title='bbox 3131 648 3496 707; x_wconf 73' lang='lat' dir='ltr'><strong>offenderant!</strong></span> 
     </span>
    </p>
   </div>
   <div class='ocr_carea' id='block_1_66' title="bbox 1911 724 3493 812">
    <p class='ocr_par' dir='ltr' id='par_1_66' title="bbox 1911 724 3493 812">
     <span class='ocr_line' id='line_1_66' title="bbox 1911 724 3493 812; baseline 0.013 -32"><span class='ocrx_word' id='word_1_536' title='bbox 1911 724 2208 794; x_wconf 89' lang='lat' dir='ltr'><strong>Postremo,</strong></span> <span class='ocrx_word' id='word_1_537' title='bbox 2241 731 2365 801; x_wconf 91' lang='lat' dir='ltr'><strong>quid</strong></span> <span class='ocrx_word' id='word_1_538' title='bbox 2389 740 2438 787; x_wconf 87' lang='lat' dir='ltr'><strong>te</strong></span> <span class='ocrx_word' id='word_1_539' title='bbox 2459 733 2570 802; x_wconf 90' lang='lat' dir='ltr'><strong>ipse</strong></span> <span class='ocrx_word' id='word_1_540' title='bbox 2591 743 2772 804; x_wconf 90' lang='lat' dir='ltr'><strong>pastor</strong></span> <span class='ocrx_word' id='word_1_541' title='bbox 2789 737 3124 795; x_wconf 81' lang='lat' dir='ltr'><strong>offenderat?</strong></span> <span class='ocrx_word' id='word_1_542' title='bbox 3144 742 3232 812; x_wconf 93' lang='lat' dir='ltr'><strong>qui</strong></span> <span class='ocrx_word' id='word_1_543' title='bbox 3259 743 3324 798; x_wconf 90' lang='lat' dir='ltr'><strong>ad</strong></span> <span class='ocrx_word' id='word_1_544' title='bbox 3351 754 3493 799; x_wconf 84' lang='lat' dir='ltr'><strong>tem-</strong></span> 
     </span>
    </p>
   </div>
   <div class='ocr_carea' id='block_1_67' title="bbox 1911 830 3488 904">
    <p class='ocr_par' dir='ltr' id='par_1_67' title="bbox 1911 830 3488 904">
     <span class='ocr_line' id='line_1_67' title="bbox 1911 830 3488 904; baseline 0.011 -30"><span class='ocrx_word' id='word_1_545' title='bbox 1911 835 2008 890; x_wconf 91' lang='lat' dir='ltr'><strong>pus</strong></span> <span class='ocrx_word' id='word_1_546' title='bbox 2050 837 2258 894; x_wconf 87' lang='lat' dir='ltr'><strong>gregem</strong></span> <span class='ocrx_word' id='word_1_547' title='bbox 2309 834 2590 896; x_wconf 88' lang='lat' dir='ltr'><strong>utrumque</strong></span> <span class='ocrx_word' id='word_1_548' title='bbox 2639 830 2980 899; x_wconf 86' lang='lat' dir='ltr'><strong>permiscuit;</strong></span> <span class='ocrx_word' id='word_1_549' title='bbox 3029 835 3116 904; x_wconf 90' lang='lat' dir='ltr'><strong>qui</strong></span> <span class='ocrx_word' id='word_1_550' title='bbox 3169 839 3330 890; x_wconf 90' lang='lat' dir='ltr'><strong>etiam</strong></span> <span class='ocrx_word' id='word_1_551' title='bbox 3384 837 3488 892; x_wconf 87' lang='lat' dir='ltr'><strong>sibi</strong></span> 
     </span>
    </p>
   </div>
   <div class='ocr_carea' id='block_1_68' title="bbox 1911 913 3494 998">
    <p class='ocr_par' dir='ltr' id='par_1_68' title="bbox 1911 913 3494 998">
     <span class='ocr_line' id='line_1_68' title="bbox 1911 913 3494 998; baseline 0.013 -33"><span class='ocrx_word' id='word_1_552' title='bbox 1911 913 2122 980; x_wconf 89' lang='lat' dir='ltr'><strong>quando</strong></span> <span class='ocrx_word' id='word_1_553' title='bbox 2166 914 2297 970; x_wconf 87' lang='lat' dir='ltr'><strong>libet</strong></span> <span class='ocrx_word' id='word_1_554' title='bbox 2338 916 2439 972; x_wconf 90' lang='lat' dir='ltr'><strong>hoc</strong></span> <span class='ocrx_word' id='word_1_555' title='bbox 2463 919 2602 974; x_wconf 88' lang='lat' dir='ltr'><strong>bene</strong></span> <span class='ocrx_word' id='word_1_556' title='bbox 2627 918 2873 983; x_wconf 89' lang='lat' dir='ltr'><strong>facienti,</strong></span> <span class='ocrx_word' id='word_1_557' title='bbox 2903 932 3077 980; x_wconf 90' lang='lat' dir='ltr'><strong>tamen</strong></span> <span class='ocrx_word' id='word_1_558' title='bbox 3106 930 3494 998; x_wconf 88' lang='lat' dir='ltr'><strong>separationem</strong></span> 
     </span>
    </p>
   </div>
   <div class='ocr_carea' id='block_1_69' title="bbox 1910 1004 3496 1083">
    <p class='ocr_par' dir='ltr' id='par_1_69' title="bbox 1910 1004 3496 1083">
     <span class='ocr_line' id='line_1_69' title="bbox 1910 1004 3496 1083; baseline 0.011 -25"><span class='ocrx_word' id='word_1_559' title='bbox 1910 1004 1964 1058; x_wconf 87' lang='lat' dir='ltr'><strong>itt</strong></span> <span class='ocrx_word' id='word_1_560' title='bbox 1994 1005 2154 1062; x_wconf 87' lang='lat' dir='ltr'><strong>ﬁnem</strong></span> <span class='ocrx_word' id='word_1_561' title='bbox 2183 1011 2432 1064; x_wconf 89' lang='lat' dir='ltr'><strong>servavit.</strong></span> <span class='ocrx_word' id='word_1_562' title='bbox 2461 1011 2644 1083; x_wconf 87' lang='lat' dir='ltr'><strong>Neque</strong></span> <span class='ocrx_word' id='word_1_563' title='bbox 2672 1014 2814 1068; x_wconf 90' lang='lat' dir='ltr'><strong>enim</strong></span> <span class='ocrx_word' id='word_1_564' title='bbox 2846 1015 2931 1070; x_wconf 91' lang='lat' dir='ltr'><strong>ille</strong></span> <span class='ocrx_word' id='word_1_565' title='bbox 2961 1018 3167 1073; x_wconf 89' lang='lat' dir='ltr'><strong>etiamsi</strong></span> <span class='ocrx_word' id='word_1_566' title='bbox 3207 1020 3366 1074; x_wconf 91' lang='lat' dir='ltr'><strong>modo</strong></span> <span class='ocrx_word' id='word_1_567' title='bbox 3410 1037 3496 1076; x_wconf 90' lang='lat' dir='ltr'><strong>se-</strong></span> 
     </span>
    </p>
   </div>
   <div class='ocr_carea' id='block_1_70' title="bbox 1911 1106 3496 1188">
    <p class='ocr_par' dir='ltr' id='par_1_70' title="bbox 1911 1106 3496 1188">
     <span class='ocr_line' id='line_1_70' title="bbox 1911 1106 3496 1188; baseline 0.012 -35"><span class='ocrx_word' id='word_1_568' title='bbox 1911 1111 2145 1170; x_wconf 89' lang='lat' dir='ltr'><strong>pararet,</strong></span> <span class='ocrx_word' id='word_1_569' title='bbox 2179 1117 2400 1162; x_wconf 88' lang='lat' dir='ltr'><strong>erraret.</strong></span> <span class='ocrx_word' id='word_1_570' title='bbox 2427 1106 2521 1163; x_wconf 87' lang='lat' dir='ltr'><strong>Ille</strong></span> <span class='ocrx_word' id='word_1_571' title='bbox 2551 1109 2604 1162; x_wconf 92' lang='lat' dir='ltr'><strong>in</strong></span> <span class='ocrx_word' id='word_1_572' title='bbox 2635 1108 2794 1167; x_wconf 90' lang='lat' dir='ltr'><strong>ﬁnem</strong></span> <span class='ocrx_word' id='word_1_573' title='bbox 2825 1111 2998 1167; x_wconf 85' lang='lat' dir='ltr'><strong>diﬂ&#39;ert</strong></span> <span class='ocrx_word' id='word_1_574' title='bbox 3019 1156 3031 1177; x_wconf 92' lang='lat'><strong>,</strong></span> <span class='ocrx_word' id='word_1_575' title='bbox 3058 1125 3110 1168; x_wconf 92' lang='lat' dir='ltr'><strong>tu</strong></span> <span class='ocrx_word' id='word_1_576' title='bbox 3137 1127 3260 1171; x_wconf 88' lang='lat' dir='ltr'><strong>ante</strong></span> <span class='ocrx_word' id='word_1_577' title='bbox 3289 1129 3496 1188; x_wconf 69' lang='lat' dir='ltr'><strong>[emptis</strong></span> 
     </span>
    </p>
   </div>
   <div class='ocr_carea' id='block_1_71' title="bbox 1909 1197 3492 1279">
    <p class='ocr_par' dir='ltr' id='par_1_71' title="bbox 1909 1197 3492 1279">
     <span class='ocr_line' id='line_1_71' title="bbox 1909 1197 3492 1279; baseline 0.011 -32"><span class='ocrx_word' id='word_1_578' title='bbox 1909 1207 2147 1263; x_wconf 74' lang='lat' dir='ltr'><strong>separes.</strong></span> <span class='ocrx_word' id='word_1_579' title='bbox 2188 1197 2303 1252; x_wconf 90' lang='lat' dir='ltr'><strong>Non</strong></span> <span class='ocrx_word' id='word_1_580' title='bbox 2342 1211 2624 1272; x_wconf 86' lang='lat' dir='ltr'><strong>exspectas</strong></span> <span class='ocrx_word' id='word_1_581' title='bbox 2668 1204 2858 1270; x_wconf 89' lang='lat' dir='ltr'><strong>ﬁnem,</strong></span> <span class='ocrx_word' id='word_1_582' title='bbox 2889 1207 3132 1262; x_wconf 85' lang='lat' dir='ltr'><strong>nesciens</strong></span> <span class='ocrx_word' id='word_1_583' title='bbox 3159 1212 3368 1279; x_wconf 87' lang='lat' dir='ltr'><strong>quando</strong></span> <span class='ocrx_word' id='word_1_584' title='bbox 3405 1215 3492 1265; x_wconf 63' lang='lat' dir='ltr'><strong>tiLZ</strong></span> 
     </span>
    </p>
   </div>
   <div class='ocr_carea' id='block_1_72' title="bbox 1907 1286 3493 1373">
    <p class='ocr_par' dir='ltr' id='par_1_72' title="bbox 1907 1286 3493 1373">
     <span class='ocr_line' id='line_1_72' title="bbox 1907 1286 3493 1373; baseline 0.011 -33"><span class='ocrx_word' id='word_1_585' title='bbox 1907 1286 1978 1340; x_wconf 89' lang='lat' dir='ltr'><strong>sit</strong></span> <span class='ocrx_word' id='word_1_586' title='bbox 2004 1286 2143 1342; x_wconf 91' lang='lat' dir='ltr'><strong>ﬁnis.</strong></span> <span class='ocrx_word' id='word_1_587' title='bbox 2172 1288 2324 1346; x_wconf 90' lang='lat' dir='ltr'><strong>Unde</strong></span> <span class='ocrx_word' id='word_1_588' title='bbox 2367 1292 2468 1348; x_wconf 90' lang='lat' dir='ltr'><strong>hoc</strong></span> <span class='ocrx_word' id='word_1_589' title='bbox 2489 1336 2502 1360; x_wconf 95' lang='lat'><strong>,</strong></span> <span class='ocrx_word' id='word_1_590' title='bbox 2532 1295 2634 1350; x_wconf 92' lang='lat' dir='ltr'><strong>nisi</strong></span> <span class='ocrx_word' id='word_1_591' title='bbox 2665 1295 2784 1367; x_wconf 90' lang='lat' dir='ltr'><strong>quia</strong></span> <span class='ocrx_word' id='word_1_592' title='bbox 2811 1306 2864 1352; x_wconf 88' lang='lat' dir='ltr'><strong>et</strong></span> <span class='ocrx_word' id='word_1_593' title='bbox 2893 1298 3035 1368; x_wconf 85' lang='lat' dir='ltr'><strong>ipsos</strong></span> <span class='ocrx_word' id='word_1_594' title='bbox 3073 1317 3205 1370; x_wconf 91' lang='lat' dir='ltr'><strong>quos</strong></span> <span class='ocrx_word' id='word_1_595' title='bbox 3245 1310 3493 1373; x_wconf 74' lang='lat' dir='ltr'><strong>tanquam</strong></span> 
     </span>
    </p>
   </div>
   <div class='ocr_carea' id='block_1_73' title="bbox 1909 1376 3494 1451">
    <p class='ocr_par' dir='ltr' id='par_1_73' title="bbox 1909 1376 3494 1451">
     <span class='ocr_line' id='line_1_73' title="bbox 1909 1376 3494 1451; baseline 0.012 -20"><span class='ocrx_word' id='word_1_596' title='bbox 1909 1376 2087 1434; x_wconf 90' lang='lat' dir='ltr'><strong>hircos</strong></span> <span class='ocrx_word' id='word_1_597' title='bbox 2129 1385 2416 1450; x_wconf 86' lang='lat' dir='ltr'><strong>accusasti,</strong></span> <span class='ocrx_word' id='word_1_598' title='bbox 2439 1385 2570 1442; x_wconf 90' lang='lat' dir='ltr'><strong>falso</strong></span> <span class='ocrx_word' id='word_1_599' title='bbox 2614 1390 2922 1445; x_wconf 88' lang='lat' dir='ltr'><strong>accusasti?</strong></span> <span class='ocrx_word' id='word_1_600' title='bbox 2950 1391 3082 1446; x_wconf 88' lang='lat' dir='ltr'><strong>Nam</strong></span> <span class='ocrx_word' id='word_1_601' title='bbox 3111 1394 3156 1447; x_wconf 91' lang='lat' dir='ltr'><strong>si</strong></span> <span class='ocrx_word' id='word_1_602' title='bbox 3185 1410 3312 1451; x_wconf 88' lang='lat' dir='ltr'><strong>vere</strong></span> <span class='ocrx_word' id='word_1_603' title='bbox 3338 1412 3494 1451; x_wconf 89' lang='lat' dir='ltr'><strong>accu-</strong></span> 
     </span>
    </p>
   </div>
   <div class='ocr_carea' id='block_1_74' title="bbox 1906 1475 3494 1555">
    <p class='ocr_par' dir='ltr' id='par_1_74' title="bbox 1906 1475 3494 1555">
     <span class='ocr_line' id='line_1_74' title="bbox 1906 1475 3494 1555; baseline 0.011 -28"><span class='ocrx_word' id='word_1_604' title='bbox 1906 1486 2084 1528; x_wconf 91' lang='lat' dir='ltr'><strong>sasses</strong></span> <span class='ocrx_word' id='word_1_605' title='bbox 2111 1475 2149 1542; x_wconf 86' lang='grc'><strong>¹,</strong></span> <span class='ocrx_word' id='word_1_606' title='bbox 2183 1490 2288 1531; x_wconf 90' lang='lat' dir='ltr'><strong>non</strong></span> <span class='ocrx_word' id='word_1_607' title='bbox 2321 1487 2372 1533; x_wconf 92' lang='lat' dir='ltr'><strong>te</strong></span> <span class='ocrx_word' id='word_1_608' title='bbox 2400 1494 2726 1550; x_wconf 89' lang='lat' dir='ltr'><strong>separasses.</strong></span> <span class='ocrx_word' id='word_1_609' title='bbox 2774 1482 2884 1538; x_wconf 90' lang='lat' dir='ltr'><strong>Tua</strong></span> <span class='ocrx_word' id='word_1_610' title='bbox 2931 1487 3196 1555; x_wconf 90' lang='lat' dir='ltr'><strong>separatio</strong></span> <span class='ocrx_word' id='word_1_611' title='bbox 3219 1530 3235 1554; x_wconf 94' lang='lat'><strong>,</strong></span> <span class='ocrx_word' id='word_1_612' title='bbox 3283 1488 3494 1544; x_wconf 89' lang='lat' dir='ltr'><strong>illorum</strong></span> 
     </span>
    </p>
   </div>
   <div class='ocr_carea' id='block_1_75' title="bbox 1906 1567 3497 1647">
    <p class='ocr_par' dir='ltr' id='par_1_75' title="bbox 1906 1567 3497 1647">
     <span class='ocr_line' id='line_1_75' title="bbox 1906 1567 3497 1647; baseline 0.014 -31"><span class='ocrx_word' id='word_1_613' title='bbox 1906 1571 1990 1617; x_wconf 87' lang='lat' dir='ltr'><strong>est</strong></span> <span class='ocrx_word' id='word_1_614' title='bbox 2017 1567 2277 1637; x_wconf 89' lang='lat' dir='ltr'><strong>purgatio.</strong></span> <span class='ocrx_word' id='word_1_615' title='bbox 2301 1569 2356 1624; x_wconf 92' lang='lat' dir='ltr'><strong>Si</strong></span> <span class='ocrx_word' id='word_1_616' title='bbox 2383 1571 2581 1626; x_wconf 86' lang='lat' dir='ltr'><strong>zizania</strong></span> <span class='ocrx_word' id='word_1_617' title='bbox 2621 1584 2806 1643; x_wconf 90' lang='lat' dir='ltr'><strong>erant,</strong></span> <span class='ocrx_word' id='word_1_618' title='bbox 2835 1577 2961 1647; x_wconf 92' lang='lat' dir='ltr'><strong>quid</strong></span> <span class='ocrx_word' id='word_1_619' title='bbox 3004 1594 3066 1634; x_wconf 89' lang='lat' dir='ltr'><strong>ea</strong></span> <span class='ocrx_word' id='word_1_620' title='bbox 3114 1581 3324 1637; x_wconf 90' lang='lat' dir='ltr'><strong>voluisti</strong></span> <span class='ocrx_word' id='word_1_621' title='bbox 3373 1593 3497 1638; x_wconf 88' lang='lat' dir='ltr'><strong>ante</strong></span> 
     </span>
    </p>
   </div>
   <div class='ocr_carea' id='block_1_76' title="bbox 1906 1661 3492 1740">
    <p class='ocr_par' dir='ltr' id='par_1_76' title="bbox 1906 1661 3492 1740">
     <span class='ocr_line' id='line_1_76' title="bbox 1906 1661 3492 1740; baseline 0.013 -31"><span class='ocrx_word' id='word_1_622' title='bbox 1906 1662 2118 1726; x_wconf 87' lang='lat' dir='ltr'><strong>tempus</strong></span> <span class='ocrx_word' id='word_1_623' title='bbox 2138 1662 2421 1729; x_wconf 86' lang='lat' dir='ltr'><strong>separare?</strong></span> <span class='ocrx_word' id='word_1_624' title='bbox 2437 1661 2567 1718; x_wconf 89' lang='lat' dir='ltr'><strong>Cum</strong></span> <span class='ocrx_word' id='word_1_625' title='bbox 2587 1665 2714 1736; x_wconf 89' lang='lat' dir='ltr'><strong>ipsis</strong></span> <span class='ocrx_word' id='word_1_626' title='bbox 2731 1669 3049 1736; x_wconf 89' lang='lat' dir='ltr'><strong>permixtum</strong></span> <span class='ocrx_word' id='word_1_627' title='bbox 3072 1671 3302 1728; x_wconf 90' lang='lat' dir='ltr'><strong>triticum</strong></span> <span class='ocrx_word' id='word_1_628' title='bbox 3324 1689 3492 1740; x_wconf 90' lang='lat' dir='ltr'><strong>esses,</strong></span> 
     </span>
    </p>
   </div>
   <div class='ocr_carea' id='block_1_77' title="bbox 1906 1750 3492 1838">
    <p class='ocr_par' dir='ltr' id='par_1_77' title="bbox 1906 1750 3492 1838">
     <span class='ocr_line' id='line_1_77' title="bbox 1906 1750 3492 1838; baseline 0.013 -35"><span class='ocrx_word' id='word_1_629' title='bbox 1906 1758 1960 1803; x_wconf 92' lang='lat' dir='ltr'><strong>et</strong></span> <span class='ocrx_word' id='word_1_630' title='bbox 2006 1750 2192 1806; x_wconf 90' lang='lat' dir='ltr'><strong>eodem</strong></span> <span class='ocrx_word' id='word_1_631' title='bbox 2234 1768 2363 1825; x_wconf 86' lang='lat' dir='ltr'><strong>agro</strong></span> <span class='ocrx_word' id='word_1_632' title='bbox 2405 1757 2756 1824; x_wconf 89' lang='lat' dir='ltr'><strong>radicareris,</strong></span> <span class='ocrx_word' id='word_1_633' title='bbox 2785 1762 2971 1818; x_wconf 89' lang='lat' dir='ltr'><strong>eadem</strong></span> <span class='ocrx_word' id='word_1_634' title='bbox 3002 1764 3178 1835; x_wconf 88' lang='lat' dir='ltr'><strong>pluvia</strong></span> <span class='ocrx_word' id='word_1_635' title='bbox 3220 1767 3492 1838; x_wconf 86' lang='lat' dir='ltr'><strong>rigareris.</strong></span> 
     </span>
    </p>
   </div>
   <div class='ocr_carea' id='block_1_78' title="bbox 1905 1841 3496 1931">
    <p class='ocr_par' dir='ltr' id='par_1_78' title="bbox 1905 1841 3496 1931">
     <span class='ocr_line' id='line_1_78' title="bbox 1905 1841 3496 1931; baseline 0.014 -35"><span class='ocrx_word' id='word_1_636' title='bbox 1905 1841 2081 1911; x_wconf 90' lang='lat' dir='ltr'><strong>Quare</strong></span> <span class='ocrx_word' id='word_1_637' title='bbox 2123 1861 2252 1916; x_wconf 89' lang='lat' dir='ltr'><strong>ergo</strong></span> <span class='ocrx_word' id='word_1_638' title='bbox 2299 1848 2490 1903; x_wconf 81' lang='lat' dir='ltr'><strong>existi?</strong></span> <span class='ocrx_word' id='word_1_639' title='bbox 2531 1850 2796 1922; x_wconf 86' lang='lat' dir='ltr'><strong>Numquid</strong></span> <span class='ocrx_word' id='word_1_640' title='bbox 2839 1855 3044 1912; x_wconf 90' lang='lat' dir='ltr'><strong>invenis</strong></span> <span class='ocrx_word' id='word_1_641' title='bbox 3078 1862 3328 1914; x_wconf 89' lang='lat' dir='ltr'><strong>causam?</strong></span> <span class='ocrx_word' id='word_1_642' title='bbox 3353 1863 3496 1931; x_wconf 90' lang='lat' dir='ltr'><strong>Quos</strong></span> 
     </span>
    </p>
   </div>
   <div class='ocr_carea' id='block_1_79' title="bbox 1904 1944 3488 2025">
    <p class='ocr_par' dir='ltr' id='par_1_79' title="bbox 1904 1944 3488 2025">
     <span class='ocr_line' id='line_1_79' title="bbox 1904 1944 3488 2025; baseline 0.013 -34"><span class='ocrx_word' id='word_1_643' title='bbox 1904 1952 2142 2004; x_wconf 90' lang='lat' dir='ltr'><strong>accusas,</strong></span> <span class='ocrx_word' id='word_1_644' title='bbox 2172 1955 2278 1995; x_wconf 92' lang='lat' dir='ltr'><strong>non</strong></span> <span class='ocrx_word' id='word_1_645' title='bbox 2309 1944 2579 2000; x_wconf 89' lang='lat' dir='ltr'><strong>convincis</strong></span> <span class='ocrx_word' id='word_1_646' title='bbox 2603 1962 2616 1998; x_wconf 87' lang='lat'><strong>:</strong></span> <span class='ocrx_word' id='word_1_647' title='bbox 2642 1949 2885 2004; x_wconf 89' lang='lat' dir='ltr'><strong>exeundo</strong></span> <span class='ocrx_word' id='word_1_648' title='bbox 2905 1963 3084 2006; x_wconf 89' lang='lat' dir='ltr'><strong>autem</strong></span> <span class='ocrx_word' id='word_1_649' title='bbox 3115 1964 3237 2008; x_wconf 90' lang='lat' dir='ltr'><strong>ante</strong></span> <span class='ocrx_word' id='word_1_650' title='bbox 3260 1965 3488 2025; x_wconf 87' lang='lat' dir='ltr'><strong>tempus,</strong></span> 
     </span>
    </p>
   </div>
   <div class='ocr_carea' id='block_1_80' title="bbox 1904 2036 3494 2116">
    <p class='ocr_par' dir='ltr' id='par_1_80' title="bbox 1904 2036 3494 2116">
     <span class='ocr_line' id='line_1_80' title="bbox 1904 2036 3494 2116; baseline 0.011 -30"><span class='ocrx_word' id='word_1_651' title='bbox 1904 2040 1959 2086; x_wconf 90' lang='lat' dir='ltr'><strong>et</strong></span> <span class='ocrx_word' id='word_1_652' title='bbox 2003 2042 2053 2087; x_wconf 93' lang='lat' dir='ltr'><strong>te</strong></span> <span class='ocrx_word' id='word_1_653' title='bbox 2090 2036 2428 2103; x_wconf 87' lang='lat' dir='ltr'><strong>separando,</strong></span> <span class='ocrx_word' id='word_1_654' title='bbox 2462 2037 2575 2108; x_wconf 90' lang='lat' dir='ltr'><strong>ipse</strong></span> <span class='ocrx_word' id='word_1_655' title='bbox 2617 2041 2970 2097; x_wconf 86' lang='lat' dir='ltr'><strong>convinceris.</strong></span> <span class='ocrx_word' id='word_1_656' title='bbox 3018 2044 3145 2100; x_wconf 79' lang='lat' dir='ltr'><strong>Vide</strong></span> <span class='ocrx_word' id='word_1_657' title='bbox 3184 2047 3308 2116; x_wconf 88' lang='lat' dir='ltr'><strong>quia</strong></span> <span class='ocrx_word' id='word_1_658' title='bbox 3353 2048 3494 2104; x_wconf 88' lang='lat' dir='ltr'><strong>ﬁlius</strong></span> 
     </span>
    </p>
   </div>
   <div class='ocr_carea' id='block_1_81' title="bbox 1903 2123 3491 2200">
    <p class='ocr_par' dir='ltr' id='par_1_81' title="bbox 1903 2123 3491 2200">
     <span class='ocr_line' id='line_1_81' title="bbox 1903 2123 3491 2200; baseline 0.009 -24"><span class='ocrx_word' id='word_1_659' title='bbox 1903 2123 2075 2178; x_wconf 91' lang='lat' dir='ltr'><strong>malus</strong></span> <span class='ocrx_word' id='word_1_660' title='bbox 2117 2139 2205 2190; x_wconf 90' lang='lat' dir='ltr'><strong>es;</strong></span> <span class='ocrx_word' id='word_1_661' title='bbox 2236 2127 2350 2196; x_wconf 90' lang='lat' dir='ltr'><strong>ipse</strong></span> <span class='ocrx_word' id='word_1_662' title='bbox 2391 2136 2440 2182; x_wconf 96' lang='lat' dir='ltr'><strong>te</strong></span> <span class='ocrx_word' id='word_1_663' title='bbox 2475 2128 2678 2197; x_wconf 90' lang='lat' dir='ltr'><strong>justum</strong></span> <span class='ocrx_word' id='word_1_664' title='bbox 2708 2130 2870 2200; x_wconf 91' lang='lat' dir='ltr'><strong>dicis,</strong></span> <span class='ocrx_word' id='word_1_665' title='bbox 2903 2135 3102 2188; x_wconf 84' lang='lat' dir='ltr'><strong>exitum</strong></span> <span class='ocrx_word' id='word_1_666' title='bbox 3131 2144 3307 2190; x_wconf 90' lang='lat' dir='ltr'><strong>autem</strong></span> <span class='ocrx_word' id='word_1_667' title='bbox 3346 2147 3491 2191; x_wconf 89' lang='lat' dir='ltr'><strong>tuum</strong></span> 
     </span>
    </p>
   </div>
   <div class='ocr_carea' id='block_1_82' title="bbox 1905 2217 3490 2296">
    <p class='ocr_par' dir='ltr' id='par_1_82' title="bbox 1905 2217 3490 2296">
     <span class='ocr_line' id='line_1_82' title="bbox 1905 2217 3490 2296; baseline 0.009 -27"><span class='ocrx_word' id='word_1_668' title='bbox 1905 2229 2011 2270; x_wconf 92' lang='lat' dir='ltr'><strong>non</strong></span> <span class='ocrx_word' id='word_1_669' title='bbox 2048 2217 2238 2272; x_wconf 90' lang='lat' dir='ltr'><strong>abluis.</strong></span> <span class='ocrx_word' id='word_1_670' title='bbox 2271 2219 2384 2287; x_wconf 81' lang='lat' dir='ltr'><strong>Ego</strong></span> <span class='ocrx_word' id='word_1_671' title='bbox 2411 2237 2517 2276; x_wconf 89' lang='lat' dir='ltr'><strong>non</strong></span> <span class='ocrx_word' id='word_1_672' title='bbox 2546 2222 2666 2277; x_wconf 90' lang='lat' dir='ltr'><strong>dico</strong></span> <span class='ocrx_word' id='word_1_673' title='bbox 2695 2224 2787 2279; x_wconf 90' lang='lat' dir='ltr'><strong>tibi</strong></span> <span class='ocrx_word' id='word_1_674' title='bbox 2807 2266 2822 2290; x_wconf 92' lang='lat'><strong>,</strong></span> <span class='ocrx_word' id='word_1_675' title='bbox 2854 2225 2932 2280; x_wconf 87' lang='lat' dir='ltr'><strong>Tu</strong></span> <span class='ocrx_word' id='word_1_676' title='bbox 2960 2242 3016 2280; x_wconf 89' lang='lat' dir='ltr'><strong>es</strong></span> <span class='ocrx_word' id='word_1_677' title='bbox 3045 2228 3220 2296; x_wconf 90' lang='lat' dir='ltr'><strong>potius</strong></span> <span class='ocrx_word' id='word_1_678' title='bbox 3247 2229 3490 2285; x_wconf 89' lang='lat' dir='ltr'><strong>traditor.</strong></span> 
     </span>
    </p>
   </div>
   <div class='ocr_carea' id='block_1_83' title="bbox 1903 2307 3490 2387">
    <p class='ocr_par' dir='ltr' id='par_1_83' title="bbox 1903 2307 3490 2387">
     <span class='ocr_line' id='line_1_83' title="bbox 1903 2307 3490 2387; baseline 0.013 -30"><span class='ocrx_word' id='word_1_679' title='bbox 1903 2307 2056 2373; x_wconf 90' lang='lat' dir='ltr'><strong>Quod</strong></span> <span class='ocrx_word' id='word_1_680' title='bbox 2103 2309 2147 2362; x_wconf 91' lang='lat' dir='ltr'><strong>si</strong></span> <span class='ocrx_word' id='word_1_681' title='bbox 2191 2310 2398 2379; x_wconf 90' lang='lat' dir='ltr'><strong>dicam,</strong></span> <span class='ocrx_word' id='word_1_682' title='bbox 2429 2313 2581 2370; x_wconf 89' lang='lat' dir='ltr'><strong>facile</strong></span> <span class='ocrx_word' id='word_1_683' title='bbox 2621 2315 2790 2384; x_wconf 88' lang='lat' dir='ltr'><strong>probo</strong></span> <span class='ocrx_word' id='word_1_684' title='bbox 2816 2335 2830 2372; x_wconf 88' lang='lat'><strong>:</strong></span> <span class='ocrx_word' id='word_1_685' title='bbox 2855 2319 2949 2372; x_wconf 92' lang='lat' dir='ltr'><strong>sed</strong></span> <span class='ocrx_word' id='word_1_686' title='bbox 2980 2319 3100 2375; x_wconf 92' lang='lat' dir='ltr'><strong>ideo</strong></span> <span class='ocrx_word' id='word_1_687' title='bbox 3133 2321 3254 2377; x_wconf 90' lang='lat' dir='ltr'><strong>nolo</strong></span> <span class='ocrx_word' id='word_1_688' title='bbox 3284 2323 3490 2387; x_wconf 88' lang='lat' dir='ltr'><strong>dicere,</strong></span> 
     </span>
    </p>
   </div>
   <div class='ocr_carea' id='block_1_84' title="bbox 1903 2401 3490 2483">
    <p class='ocr_par' dir='ltr' id='par_1_84' title="bbox 1903 2401 3490 2483">
     <span class='ocr_line' id='line_1_84' title="bbox 1903 2401 3490 2483; baseline 0.009 -31"><span class='ocrx_word' id='word_1_689' title='bbox 1903 2401 2025 2470; x_wconf 88' lang='lat' dir='ltr'><strong>quia</strong></span> <span class='ocrx_word' id='word_1_690' title='bbox 2053 2403 2126 2455; x_wconf 92' lang='lat' dir='ltr'><strong>tui</strong></span> <span class='ocrx_word' id='word_1_691' title='bbox 2154 2402 2414 2472; x_wconf 84' lang='lat' dir='ltr'><strong>fecerunt,</strong></span> <span class='ocrx_word' id='word_1_692' title='bbox 2437 2421 2540 2461; x_wconf 91' lang='lat' dir='ltr'><strong>non</strong></span> <span class='ocrx_word' id='word_1_693' title='bbox 2565 2417 2619 2461; x_wconf 92' lang='lat' dir='ltr'><strong>tu</strong></span> <span class='ocrx_word' id='word_1_694' title='bbox 2641 2406 2834 2463; x_wconf 89' lang='lat' dir='ltr'><strong>fecisti.</strong></span> <span class='ocrx_word' id='word_1_695' title='bbox 2857 2410 2974 2464; x_wconf 92' lang='lat' dir='ltr'><strong>Non</strong></span> <span class='ocrx_word' id='word_1_696' title='bbox 3003 2412 3094 2466; x_wconf 89' lang='lat' dir='ltr'><strong>tibi</strong></span> <span class='ocrx_word' id='word_1_697' title='bbox 3127 2414 3328 2483; x_wconf 89' lang='lat' dir='ltr'><strong>imputo</strong></span> <span class='ocrx_word' id='word_1_698' title='bbox 3355 2415 3490 2471; x_wconf 85' lang='lat' dir='ltr'><strong>facta</strong></span> 
     </span>
    </p>
   </div>
   <div class='ocr_carea' id='block_1_85' title="bbox 1903 2493 3494 2577">
    <p class='ocr_par' dir='ltr' id='par_1_85' title="bbox 1903 2493 3494 2577">
     <span class='ocr_line' id='line_1_85' title="bbox 1903 2493 3494 2577; baseline 0.011 -32"><span class='ocrx_word' id='word_1_699' title='bbox 1903 2493 2096 2558; x_wconf 87' lang='lat' dir='ltr'><strong>aliena,</strong></span> <span class='ocrx_word' id='word_1_700' title='bbox 2111 2494 2270 2549; x_wconf 90' lang='lat' dir='ltr'><strong>etiam</strong></span> <span class='ocrx_word' id='word_1_701' title='bbox 2294 2507 2533 2552; x_wconf 90' lang='lat' dir='ltr'><strong>tuorum:</strong></span> <span class='ocrx_word' id='word_1_702' title='bbox 2555 2509 2699 2554; x_wconf 91' lang='lat' dir='ltr'><strong>tuum</strong></span> <span class='ocrx_word' id='word_1_703' title='bbox 2721 2501 2916 2557; x_wconf 87' lang='lat' dir='ltr'><strong>factum</strong></span> <span class='ocrx_word' id='word_1_704' title='bbox 2939 2505 3174 2570; x_wconf 90' lang='lat' dir='ltr'><strong>attendo;</strong></span> <span class='ocrx_word' id='word_1_705' title='bbox 3197 2507 3336 2577; x_wconf 88' lang='lat' dir='ltr'><strong>quod</strong></span> <span class='ocrx_word' id='word_1_706' title='bbox 3366 2508 3494 2564; x_wconf 91' lang='lat' dir='ltr'><strong>foris</strong></span> 
     </span>
    </p>
   </div>
   <div class='ocr_carea' id='block_1_86' title="bbox 1902 2587 3489 2663">
    <p class='ocr_par' dir='ltr' id='par_1_86' title="bbox 1902 2587 3489 2663">
     <span class='ocr_line' id='line_1_86' title="bbox 1902 2587 3489 2663; baseline 0.012 -25"><span class='ocrx_word' id='word_1_707' title='bbox 1902 2598 1982 2650; x_wconf 86' lang='lat' dir='ltr'><strong>es,</strong></span> <span class='ocrx_word' id='word_1_708' title='bbox 1996 2600 2178 2656; x_wconf 87' lang='lat' dir='ltr'><strong>arguo.</strong></span> <span class='ocrx_word' id='word_1_709' title='bbox 2195 2587 2407 2644; x_wconf 87' lang='lat' dir='ltr'><strong>Exitum</strong></span> <span class='ocrx_word' id='word_1_710' title='bbox 2426 2599 2575 2646; x_wconf 90' lang='lat' dir='ltr'><strong>tuum</strong></span> <span class='ocrx_word' id='word_1_711' title='bbox 2589 2607 2771 2663; x_wconf 87' lang='lat' dir='ltr'><strong>arguo.</strong></span> <span class='ocrx_word' id='word_1_712' title='bbox 2795 2595 3020 2651; x_wconf 86' lang='lat' dir='ltr'><strong>Prorsus</strong></span> <span class='ocrx_word' id='word_1_713' title='bbox 3037 2600 3214 2652; x_wconf 86' lang='lat' dir='ltr'><strong>omnia</strong></span> <span class='ocrx_word' id='word_1_714' title='bbox 3235 2616 3489 2657; x_wconf 90' lang='lat' dir='ltr'><strong>removeo</strong></span> 
     </span>
    </p>
   </div>
   <div class='ocr_carea' id='block_1_87' title="bbox 1902 2678 3544 2764">
    <p class='ocr_par' dir='ltr' id='par_1_87' title="bbox 1902 2678 3544 2764">
     <span class='ocr_line' id='line_1_87' title="bbox 1902 2678 3544 2764; baseline 0.012 -36"><span class='ocrx_word' id='word_1_715' title='bbox 1902 2692 2022 2746; x_wconf 72' lang='lat' dir='ltr'><strong>qua:</strong></span> <span class='ocrx_word' id='word_1_716' title='bbox 2048 2678 2102 2732; x_wconf 92' lang='lat' dir='ltr'><strong>in</strong></span> <span class='ocrx_word' id='word_1_717' title='bbox 2156 2696 2250 2735; x_wconf 88' lang='lat' dir='ltr'><strong>vos</strong></span> <span class='ocrx_word' id='word_1_718' title='bbox 2275 2681 2381 2736; x_wconf 93' lang='lat' dir='ltr'><strong>dici</strong></span> <span class='ocrx_word' id='word_1_719' title='bbox 2412 2693 2654 2752; x_wconf 89' lang='lat' dir='ltr'><strong>possunt.</strong></span> <span class='ocrx_word' id='word_1_720' title='bbox 2676 2684 2874 2741; x_wconf 89' lang='lat' dir='ltr'><strong>Omitto</strong></span> <span class='ocrx_word' id='word_1_721' title='bbox 2897 2687 3237 2764; x_wconf 8' lang='lat' dir='ltr'><strong>ebqriositates</strong></span> <span class='ocrx_word' id='word_1_722' title='bbox 3264 2702 3490 2758; x_wconf 84' lang='lat' dir='ltr'><strong>vestras,</strong></span> <span class='ocrx_word' id='word_1_723' title='bbox 3537 2755 3544 2760; x_wconf 96' lang='lat'><em>_</em></span> 
     </span>
    </p>
   </div>
   <div class='ocr_carea' id='block_1_88' title="bbox 1903 2770 3494 2853">
    <p class='ocr_par' dir='ltr' id='par_1_88' title="bbox 1903 2770 3494 2853">
     <span class='ocr_line' id='line_1_88' title="bbox 1903 2770 3494 2853; baseline 0.009 -27"><span class='ocrx_word' id='word_1_724' title='bbox 1903 2770 2057 2827; x_wconf 89' lang='lat' dir='ltr'><strong>fenus</strong></span> <span class='ocrx_word' id='word_1_725' title='bbox 2080 2782 2132 2828; x_wconf 93' lang='lat' dir='ltr'><strong>et</strong></span> <span class='ocrx_word' id='word_1_726' title='bbox 2162 2789 2351 2830; x_wconf 91' lang='lat' dir='ltr'><strong>usuras</strong></span> <span class='ocrx_word' id='word_1_727' title='bbox 2364 2790 2525 2847; x_wconf 91' lang='lat' dir='ltr'><strong>super</strong></span> <span class='ocrx_word' id='word_1_728' title='bbox 2541 2793 2728 2832; x_wconf 88' lang='lat' dir='ltr'><strong>usuras</strong></span> <span class='ocrx_word' id='word_1_729' title='bbox 2756 2781 2808 2845; x_wconf 84' lang='grc'><strong>²;</strong></span> <span class='ocrx_word' id='word_1_730' title='bbox 2833 2781 3020 2836; x_wconf 90' lang='lat' dir='ltr'><strong>omitto</strong></span> <span class='ocrx_word' id='word_1_731' title='bbox 3041 2797 3232 2853; x_wconf 82' lang='lat' dir='ltr'><strong>greges</strong></span> <span class='ocrx_word' id='word_1_732' title='bbox 3259 2792 3310 2839; x_wconf 85' lang='lat' dir='ltr'><strong>et</strong></span> <span class='ocrx_word' id='word_1_733' title='bbox 3330 2783 3494 2840; x_wconf 88' lang='lat' dir='ltr'><strong>furias</strong></span> 
     </span>
    </p>
   </div>
   <div class='ocr_carea' id='block_1_89' title="bbox 1901 2865 3495 2953">
    <p class='ocr_par' dir='ltr' id='par_1_89' title="bbox 1901 2865 3495 2953">
     <span class='ocr_line' id='line_1_89' title="bbox 1901 2865 3495 2953; baseline 0.008 -30"><span class='ocrx_word' id='word_1_734' title='bbox 1901 2865 2400 2925; x_wconf 90' lang='lat' dir='ltr'><strong>Circumcellionum</strong></span> <span class='ocrx_word' id='word_1_735' title='bbox 2427 2890 2440 2927; x_wconf 91' lang='lat'><strong>:</strong></span> <span class='ocrx_word' id='word_1_736' title='bbox 2466 2873 2654 2929; x_wconf 89' lang='lat' dir='ltr'><strong>omitto</strong></span> <span class='ocrx_word' id='word_1_737' title='bbox 2693 2873 2809 2930; x_wconf 65' lang='lat' dir='ltr'><strong>haec</strong></span> <span class='ocrx_word' id='word_1_738' title='bbox 2845 2878 3045 2946; x_wconf 90' lang='lat' dir='ltr'><strong>omnia,</strong></span> <span class='ocrx_word' id='word_1_739' title='bbox 3073 2888 3125 2933; x_wconf 90' lang='lat' dir='ltr'><strong>et</strong></span> <span class='ocrx_word' id='word_1_740' title='bbox 3148 2895 3495 2953; x_wconf 64' lang='lat' dir='ltr'><strong>quaecumque</strong></span> 
     </span>
    </p>
   </div>
   <div class='ocr_carea' id='block_1_90' title="bbox 1902 2961 3493 3045">
    <p class='ocr_par' dir='ltr' id='par_1_90' title="bbox 1902 2961 3493 3045">
     <span class='ocr_line' id='line_1_90' title="bbox 1902 2961 3493 3045; baseline 0.009 -31"><span class='ocrx_word' id='word_1_741' title='bbox 1902 2961 2002 3015; x_wconf 87' lang='lat' dir='ltr'><strong>alia</strong></span> <span class='ocrx_word' id='word_1_742' title='bbox 2017 2977 2135 3032; x_wconf 68' lang='lat' dir='ltr'><strong>quae</strong></span> <span class='ocrx_word' id='word_1_743' title='bbox 2163 2979 2476 3021; x_wconf 87' lang='lat' dir='ltr'><strong>enumerare</strong></span> <span class='ocrx_word' id='word_1_744' title='bbox 2497 2983 2602 3022; x_wconf 90' lang='lat' dir='ltr'><strong>non</strong></span> <span class='ocrx_word' id='word_1_745' title='bbox 2623 2983 2860 3038; x_wconf 88' lang='lat' dir='ltr'><strong>possum.</strong></span> <span class='ocrx_word' id='word_1_746' title='bbox 2877 2970 2991 3026; x_wconf 90' lang='lat' dir='ltr'><strong>Non</strong></span> <span class='ocrx_word' id='word_1_747' title='bbox 3014 2989 3200 3028; x_wconf 88' lang='lat' dir='ltr'><strong>onmes</strong></span> <span class='ocrx_word' id='word_1_748' title='bbox 3214 2974 3345 3029; x_wconf 90' lang='lat' dir='ltr'><strong>forte</strong></span> <span class='ocrx_word' id='word_1_749' title='bbox 3357 2977 3493 3045; x_wconf 88' lang='lat' dir='ltr'><strong>apud</strong></span> 
     </span>
    </p>
   </div>
   <div class='ocr_carea' id='block_1_91' title="bbox 1902 3055 3493 3131">
    <p class='ocr_par' dir='ltr' id='par_1_91' title="bbox 1902 3055 3493 3131">
     <span class='ocr_line' id='line_1_91' title="bbox 1902 3055 3493 3131; baseline 0.009 -25"><span class='ocrx_word' id='word_1_750' title='bbox 1902 3070 1996 3108; x_wconf 91' lang='lat' dir='ltr'><strong>vos</strong></span> <span class='ocrx_word' id='word_1_751' title='bbox 2041 3055 2139 3108; x_wconf 88' lang='lat' dir='ltr'><strong>ista</strong></span> <span class='ocrx_word' id='word_1_752' title='bbox 2181 3057 2396 3111; x_wconf 88' lang='lat' dir='ltr'><strong>faciunt.</strong></span> <span class='ocrx_word' id='word_1_753' title='bbox 2431 3058 2524 3114; x_wconf 92' lang='lat' dir='ltr'><strong>llle</strong></span> <span class='ocrx_word' id='word_1_754' title='bbox 2552 3060 2643 3130; x_wconf 90' lang='lat' dir='ltr'><strong>qui</strong></span> <span class='ocrx_word' id='word_1_755' title='bbox 2694 3061 2765 3116; x_wconf 92' lang='lat' dir='ltr'><strong>ibi</strong></span> <span class='ocrx_word' id='word_1_756' title='bbox 2809 3063 2905 3117; x_wconf 89' lang='lat' dir='ltr'><strong>ista</strong></span> <span class='ocrx_word' id='word_1_757' title='bbox 2939 3080 3042 3118; x_wconf 91' lang='lat' dir='ltr'><strong>non</strong></span> <span class='ocrx_word' id='word_1_758' title='bbox 3086 3064 3244 3131; x_wconf 87' lang='lat' dir='ltr'><strong>facit,</strong></span> <span class='ocrx_word' id='word_1_759' title='bbox 3279 3065 3366 3121; x_wconf 91' lang='lat' dir='ltr'><strong>ille</strong></span> <span class='ocrx_word' id='word_1_760' title='bbox 3408 3068 3493 3121; x_wconf 90' lang='lat' dir='ltr'><strong>cui</strong></span> 
     </span>
    </p>
   </div>
   <div class='ocr_carea' id='block_1_92' title="bbox 1901 3146 3495 3230">
    <p class='ocr_par' dir='ltr' id='par_1_92' title="bbox 1901 3146 3495 3230">
     <span class='ocr_line' id='line_1_92' title="bbox 1901 3146 3495 3230; baseline 0.01 -30"><span class='ocrx_word' id='word_1_761' title='bbox 1901 3146 2184 3217; x_wconf 88' lang='lat' dir='ltr'><strong>displicent</strong></span> <span class='ocrx_word' id='word_1_762' title='bbox 2216 3151 2317 3204; x_wconf 91' lang='lat' dir='ltr'><strong>ista</strong></span> <span class='ocrx_word' id='word_1_763' title='bbox 2339 3167 2456 3218; x_wconf 81' lang='lat' dir='ltr'><strong>quae</strong></span> <span class='ocrx_word' id='word_1_764' title='bbox 2483 3153 2554 3207; x_wconf 90' lang='lat' dir='ltr'><strong>ibi</strong></span> <span class='ocrx_word' id='word_1_765' title='bbox 2582 3147 2894 3226; x_wconf 44' lang='lat' dir='ltr'><strong>tluntiipse</strong></span> <span class='ocrx_word' id='word_1_766' title='bbox 2935 3171 3064 3227; x_wconf 90' lang='lat' dir='ltr'><strong>ergo</strong></span> <span class='ocrx_word' id='word_1_767' title='bbox 3101 3159 3348 3227; x_wconf 90' lang='lat' dir='ltr'><strong>accedat,</strong></span> <span class='ocrx_word' id='word_1_768' title='bbox 3381 3161 3495 3230; x_wconf 91' lang='lat' dir='ltr'><strong>ipse</strong></span> 
     </span>
    </p>
   </div>
   <div class='ocr_carea' id='block_1_93' title="bbox 1903 3237 3496 3314">
    <p class='ocr_par' dir='ltr' id='par_1_93' title="bbox 1903 3237 3496 3314">
     <span class='ocr_line' id='line_1_93' title="bbox 1903 3237 3496 3314; baseline 0.01 -22"><span class='ocrx_word' id='word_1_769' title='bbox 1903 3237 2187 3308; x_wconf 85' lang='lat' dir='ltr'><strong>loquatur:</strong></span> <span class='ocrx_word' id='word_1_770' title='bbox 2218 3257 2325 3295; x_wconf 91' lang='lat' dir='ltr'><strong>non</strong></span> <span class='ocrx_word' id='word_1_771' title='bbox 2381 3243 2431 3298; x_wconf 92' lang='lat' dir='ltr'><strong>ei</strong></span> <span class='ocrx_word' id='word_1_772' title='bbox 2462 3244 2656 3314; x_wconf 91' lang='lat' dir='ltr'><strong>objicio</strong></span> <span class='ocrx_word' id='word_1_773' title='bbox 2686 3247 2888 3301; x_wconf 90' lang='lat' dir='ltr'><strong>crimen</strong></span> <span class='ocrx_word' id='word_1_774' title='bbox 2914 3243 3496 3311; x_wconf 84' lang='lat' dir='ltr'><strong>alienum,abluatexi-</strong></span> 
     </span>
    </p>
   </div>
   <div class='ocr_carea' id='block_1_94' title="bbox 1903 3333 3494 3408">
    <p class='ocr_par' dir='ltr' id='par_1_94' title="bbox 1903 3333 3494 3408">
     <span class='ocr_line' id='line_1_94' title="bbox 1903 3333 3494 3408; baseline 0.007 -22"><span class='ocrx_word' id='word_1_775' title='bbox 1903 3341 2015 3386; x_wconf 91' lang='lat' dir='ltr'><strong>tum</strong></span> <span class='ocrx_word' id='word_1_776' title='bbox 2048 3347 2221 3388; x_wconf 91' lang='lat' dir='ltr'><strong>suum.</strong></span> <span class='ocrx_word' id='word_1_777' title='bbox 2252 3333 2415 3390; x_wconf 83' lang='lat' dir='ltr'><strong>Vides</strong></span> <span class='ocrx_word' id='word_1_778' title='bbox 2452 3337 2573 3405; x_wconf 90' lang='lat' dir='ltr'><strong>quia</strong></span> <span class='ocrx_word' id='word_1_779' title='bbox 2615 3347 2759 3393; x_wconf 90' lang='lat' dir='ltr'><strong>recte</strong></span> <span class='ocrx_word' id='word_1_780' title='bbox 2787 3338 2862 3394; x_wconf 92' lang='lat' dir='ltr'><strong>illi</strong></span> <span class='ocrx_word' id='word_1_781' title='bbox 2888 3339 3102 3408; x_wconf 89' lang='lat' dir='ltr'><strong>dicitur,</strong></span> <span class='ocrx_word' id='word_1_782' title='bbox 3135 3341 3303 3396; x_wconf 82' lang='lat' dir='ltr'><strong>Filius</strong></span> <span class='ocrx_word' id='word_1_783' title='bbox 3327 3343 3494 3397; x_wconf 87' lang='lat' dir='ltr'><strong>malus</strong></span> 
     </span>
    </p>
   </div>
   <div class='ocr_carea' id='block_1_95' title="bbox 1903 3425 3492 3507">
    <p class='ocr_par' dir='ltr' id='par_1_95' title="bbox 1903 3425 3492 3507">
     <span class='ocr_line' id='line_1_95' title="bbox 1903 3425 3492 3507; baseline 0.01 -30"><span class='ocrx_word' id='word_1_784' title='bbox 1903 3425 2011 3494; x_wconf 80' lang='lat' dir='ltr'><strong>ipse</strong></span> <span class='ocrx_word' id='word_1_785' title='bbox 2025 3443 2078 3480; x_wconf 85' lang='lat' dir='ltr'><strong>se</strong></span> <span class='ocrx_word' id='word_1_786' title='bbox 2087 3427 2285 3496; x_wconf 86' lang='lat' dir='ltr'><strong>justum</strong></span> <span class='ocrx_word' id='word_1_787' title='bbox 2311 3428 2452 3482; x_wconf 88' lang='lat' dir='ltr'><strong>dicit.</strong></span> <span class='ocrx_word' id='word_1_788' title='bbox 2473 3429 2728 3487; x_wconf 89' lang='lat' dir='ltr'><strong>Dominus</strong></span> <span class='ocrx_word' id='word_1_789' title='bbox 2745 3433 2884 3487; x_wconf 89' lang='lat' dir='ltr'><strong>enim</strong></span> <span class='ocrx_word' id='word_1_790' title='bbox 2910 3433 3057 3502; x_wconf 89' lang='lat' dir='ltr'><strong>dicit,</strong></span> <span class='ocrx_word' id='word_1_791' title='bbox 3079 3436 3169 3507; x_wconf 92' lang='lat' dir='ltr'><strong>qui</strong></span> <span class='ocrx_word' id='word_1_792' title='bbox 3199 3453 3381 3491; x_wconf 87' lang='lat' dir='ltr'><strong>verum</strong></span> <span class='ocrx_word' id='word_1_793' title='bbox 3409 3437 3492 3493; x_wconf 90' lang='lat' dir='ltr'><strong>di-</strong></span> 
     </span>
    </p>
   </div>
   <div class='ocr_carea' id='block_1_96' title="bbox 1903 3516 3493 3600">
    <p class='ocr_par' dir='ltr' id='par_1_96' title="bbox 1903 3516 3493 3600">
     <span class='ocr_line' id='line_1_96' title="bbox 1903 3516 3493 3600; baseline 0.009 -30"><span class='ocrx_word' id='word_1_794' title='bbox 1903 3517 1976 3571; x_wconf 88' lang='lat' dir='ltr'><strong>cit</strong></span> <span class='ocrx_word' id='word_1_795' title='bbox 1999 3535 2012 3571; x_wconf 88' lang='lat'><strong>:</strong></span> <span class='ocrx_word' id='word_1_796' title='bbox 2036 3516 2205 3573; x_wconf 83' lang='lat' dir='ltr'><strong>Filius</strong></span> <span class='ocrx_word' id='word_1_797' title='bbox 2243 3520 2407 3574; x_wconf 87' lang='lat' dir='ltr'><strong>malus</strong></span> <span class='ocrx_word' id='word_1_798' title='bbox 2450 3523 2558 3592; x_wconf 82' lang='lat' dir='ltr'><strong>ipse</strong></span> <span class='ocrx_word' id='word_1_799' title='bbox 2597 3539 2650 3576; x_wconf 85' lang='lat' dir='ltr'><strong>se</strong></span> <span class='ocrx_word' id='word_1_800' title='bbox 2674 3525 2878 3593; x_wconf 85' lang='lat' dir='ltr'><strong>justum</strong></span> <span class='ocrx_word' id='word_1_801' title='bbox 2919 3525 3058 3579; x_wconf 87' lang='lat' dir='ltr'><strong>dicit.</strong></span> <span class='ocrx_word' id='word_1_802' title='bbox 3102 3526 3219 3582; x_wconf 91' lang='lat' dir='ltr'><strong>Non</strong></span> <span class='ocrx_word' id='word_1_803' title='bbox 3249 3543 3366 3600; x_wconf 82' lang='lat' dir='ltr'><strong>ego,</strong></span> <span class='ocrx_word' id='word_1_804' title='bbox 3397 3530 3493 3586; x_wconf 88' lang='lat' dir='ltr'><strong>sed</strong></span> 
     </span>
    </p>
   </div>
   <div class='ocr_carea' id='block_1_97' title="bbox 1903 3609 3491 3685">
    <p class='ocr_par' dir='ltr' id='par_1_97' title="bbox 1903 3609 3491 3685">
     <span class='ocr_line' id='line_1_97' title="bbox 1903 3609 3491 3685; baseline 0.01 -22"><span class='ocrx_word' id='word_1_805' title='bbox 1903 3609 2036 3678; x_wconf 90' lang='lat' dir='ltr'><strong>ipse.</strong></span> <span class='ocrx_word' id='word_1_806' title='bbox 2065 3611 2120 3666; x_wconf 91' lang='lat' dir='ltr'><strong>Si</strong></span> <span class='ocrx_word' id='word_1_807' title='bbox 2147 3613 2258 3666; x_wconf 90' lang='lat' dir='ltr'><strong>vult</strong></span> <span class='ocrx_word' id='word_1_808' title='bbox 2286 3625 2342 3667; x_wconf 92' lang='lat' dir='ltr'><strong>ut</strong></span> <span class='ocrx_word' id='word_1_809' title='bbox 2370 3629 2469 3685; x_wconf 88' lang='lat' dir='ltr'><strong>ego</strong></span> <span class='ocrx_word' id='word_1_810' title='bbox 2492 3615 2668 3670; x_wconf 87' lang='lat' dir='ltr'><strong>dicam</strong></span> <span class='ocrx_word' id='word_1_811' title='bbox 2692 3616 2916 3685; x_wconf 82' lang='lat' dir='ltr'><strong>justum,</strong></span> <span class='ocrx_word' id='word_1_812' title='bbox 2947 3621 3143 3685; x_wconf 89' lang='lat' dir='ltr'><strong>veniat,</strong></span> <span class='ocrx_word' id='word_1_813' title='bbox 3179 3622 3346 3678; x_wconf 89' lang='lat' dir='ltr'><strong>bonos</strong></span> <span class='ocrx_word' id='word_1_814' title='bbox 3381 3623 3491 3678; x_wconf 87' lang='lat' dir='ltr'><strong>fru-</strong></span> 
     </span>
    </p>
   </div>
   <div class='ocr_carea' id='block_1_98' title="bbox 1903 3704 3495 3784">
    <p class='ocr_par' dir='ltr' id='par_1_98' title="bbox 1903 3704 3495 3784">
     <span class='ocr_line' id='line_1_98' title="bbox 1903 3704 3495 3784; baseline 0.009 -26"><span class='ocrx_word' id='word_1_815' title='bbox 1903 3713 2022 3758; x_wconf 88' lang='lat' dir='ltr'><strong>ctus</strong></span> <span class='ocrx_word' id='word_1_816' title='bbox 2064 3705 2120 3758; x_wconf 89' lang='lat' dir='ltr'><strong>in</strong></span> <span class='ocrx_word' id='word_1_817' title='bbox 2165 3704 2426 3761; x_wconf 90' lang='lat' dir='ltr'><strong>catholica</strong></span> <span class='ocrx_word' id='word_1_818' title='bbox 2454 3722 2582 3777; x_wconf 91' lang='lat' dir='ltr'><strong>pace</strong></span> <span class='ocrx_word' id='word_1_819' title='bbox 2610 3708 2798 3765; x_wconf 70' lang='lat' dir='ltr'><strong>afferat</strong></span> <span class='ocrx_word' id='word_1_820' title='bbox 2821 3753 2835 3778; x_wconf 93' lang='lat'><strong>,</strong></span> <span class='ocrx_word' id='word_1_821' title='bbox 2867 3712 2919 3765; x_wconf 92' lang='lat' dir='ltr'><strong>in</strong></span> <span class='ocrx_word' id='word_1_822' title='bbox 2948 3713 3209 3769; x_wconf 88' lang='lat' dir='ltr'><strong>catholica</strong></span> <span class='ocrx_word' id='word_1_823' title='bbox 3241 3730 3370 3784; x_wconf 90' lang='lat' dir='ltr'><strong>pace</strong></span> <span class='ocrx_word' id='word_1_824' title='bbox 3399 3731 3495 3772; x_wconf 92' lang='lat' dir='ltr'><strong>cu-</strong></span> 
     </span>
    </p>
   </div>
   <div class='ocr_carea' id='block_1_99' title="bbox 1904 3795 3488 3868">
    <p class='ocr_par' dir='ltr' id='par_1_99' title="bbox 1904 3795 3488 3868">
     <span class='ocr_line' id='line_1_99' title="bbox 1904 3795 3488 3868; baseline 0.009 -19"><span class='ocrx_word' id='word_1_825' title='bbox 1904 3795 2100 3851; x_wconf 89' lang='lat' dir='ltr'><strong>stodiat</strong></span> <span class='ocrx_word' id='word_1_826' title='bbox 2127 3815 2138 3850; x_wconf 94' lang='lat'>:</span> <span class='ocrx_word' id='word_1_827' title='bbox 2161 3797 2280 3868; x_wconf 87' lang='lat' dir='ltr'><strong>quia</strong></span> <span class='ocrx_word' id='word_1_828' title='bbox 2310 3807 2364 3853; x_wconf 92' lang='lat' dir='ltr'><strong>et</strong></span> <span class='ocrx_word' id='word_1_829' title='bbox 2408 3799 2610 3856; x_wconf 81' lang='lat' dir='ltr'><strong>fructus</strong></span> <span class='ocrx_word' id='word_1_830' title='bbox 2633 3818 2738 3858; x_wconf 92' lang='lat' dir='ltr'><strong>non</strong></span> <span class='ocrx_word' id='word_1_831' title='bbox 2769 3813 2852 3858; x_wconf 91' lang='lat' dir='ltr'><strong>est</strong></span> <span class='ocrx_word' id='word_1_832' title='bbox 2881 3805 2967 3859; x_wconf 90' lang='lat' dir='ltr'><strong>ubi</strong></span> <span class='ocrx_word' id='word_1_833' title='bbox 2995 3821 3097 3860; x_wconf 91' lang='lat' dir='ltr'><strong>non</strong></span> <span class='ocrx_word' id='word_1_834' title='bbox 3126 3814 3209 3862; x_wconf 89' lang='lat' dir='ltr'><strong>est</strong></span> <span class='ocrx_word' id='word_1_835' title='bbox 3246 3808 3488 3864; x_wconf 88' lang='lat' dir='ltr'><strong>toleran-</strong></span> 
     </span>
    </p>
   </div>
   <div class='ocr_carea' id='block_1_100' title="bbox 1905 3887 3490 3973">
    <p class='ocr_par' dir='ltr' id='par_1_100' title="bbox 1905 3887 3490 3973">
     <span class='ocr_line' id='line_1_100' title="bbox 1905 3887 3490 3973; baseline 0.01 -32"><span class='ocrx_word' id='word_1_836' title='bbox 1905 3889 1976 3943; x_wconf 91' lang='lat' dir='ltr'><strong>tia</strong></span> <span class='ocrx_word' id='word_1_837' title='bbox 2003 3889 2044 3944; x_wconf 87' lang='grc'><strong>³.</strong></span> <span class='ocrx_word' id='word_1_838' title='bbox 2073 3887 2140 3943; x_wconf 89' lang='lat' dir='ltr'><strong>Et</strong></span> <span class='ocrx_word' id='word_1_839' title='bbox 2171 3893 2410 3962; x_wconf 82' lang='lat' dir='ltr'><strong>fructtun,</strong></span> <span class='ocrx_word' id='word_1_840' title='bbox 2440 3893 2640 3964; x_wconf 91' lang='lat' dir='ltr'><strong>inquit,</strong></span> <span class='ocrx_word' id='word_1_841' title='bbox 2669 3894 2882 3962; x_wconf 76' lang='lat' dir='ltr'><strong>a/ferent</strong></span> <span class='ocrx_word' id='word_1_842' title='bbox 2908 3915 3021 3952; x_wconf 88' lang='lat' dir='ltr'><strong>cum</strong></span> <span class='ocrx_word' id='word_1_843' title='bbox 3043 3900 3308 3955; x_wconf 84' lang='lat' dir='ltr'><strong>tolerantia</strong></span> <span class='ocrx_word' id='word_1_844' title='bbox 3339 3899 3490 3973; x_wconf 85' lang='lat' dir='ltr'><strong>(Luc.</strong></span> 
     </span>
    </p>
   </div>
   <div class='ocr_carea' id='block_1_101' title="bbox 1905 3981 3495 4063">
    <p class='ocr_par' dir='ltr' id='par_1_101' title="bbox 1905 3981 3495 4063">
     <span class='ocr_line' id='line_1_101' title="bbox 1905 3981 3495 4063; baseline 0.009 -27"><span class='ocrx_word' id='word_1_845' title='bbox 1905 3998 2031 4047; x_wconf 87' lang='lat' dir='ltr'><strong>vut,</strong></span> <span class='ocrx_word' id='word_1_846' title='bbox 2066 3981 2176 4053; x_wconf 82' lang='grc'><strong>15).</strong></span> <span class='ocrx_word' id='word_1_847' title='bbox 2200 3985 2288 4039; x_wconf 87' lang='lat' dir='ltr'><strong>Vis</strong></span> <span class='ocrx_word' id='word_1_848' title='bbox 2319 3985 2494 4041; x_wconf 88' lang='lat' dir='ltr'><strong>dicere</strong></span> <span class='ocrx_word' id='word_1_849' title='bbox 2523 3990 2969 4058; x_wconf 89' lang='lat' dir='ltr'><strong>quemadmodum</strong></span> <span class='ocrx_word' id='word_1_850' title='bbox 3001 3993 3347 4063; x_wconf 86' lang='lat' dir='ltr'><strong>grandinatus</strong></span> <span class='ocrx_word' id='word_1_851' title='bbox 3385 3998 3495 4052; x_wconf 87' lang='lat' dir='ltr'><strong>sis?</strong></span> 
     </span>
    </p>
   </div>
   <div class='ocr_carea' id='block_1_102' title="bbox 1905 4075 3493 4154">
    <p class='ocr_par' dir='ltr' id='par_1_102' title="bbox 1905 4075 3493 4154">
     <span class='ocr_line' id='line_1_102' title="bbox 1905 4075 3493 4154; baseline 0.009 -26"><span class='ocrx_word' id='word_1_852' title='bbox 1905 4075 2042 4129; x_wconf 84' lang='lat' dir='ltr'><strong>Audi</strong></span> <span class='ocrx_word' id='word_1_853' title='bbox 2064 4091 2127 4131; x_wconf 85' lang='lat' dir='ltr'><strong>ex</strong></span> <span class='ocrx_word' id='word_1_854' title='bbox 2149 4077 2252 4132; x_wconf 91' lang='lat' dir='ltr'><strong>alio</strong></span> <span class='ocrx_word' id='word_1_855' title='bbox 2272 4077 2388 4134; x_wconf 91' lang='lat' dir='ltr'><strong>loco</strong></span> <span class='ocrx_word' id='word_1_856' title='bbox 2415 4097 2427 4133; x_wconf 93' lang='lat'><strong>:</strong></span> <span class='ocrx_word' id='word_1_857' title='bbox 2460 4077 2549 4135; x_wconf 76' lang='lat' dir='ltr'><strong>Vw</strong></span> <span class='ocrx_word' id='word_1_858' title='bbox 2575 4081 2652 4136; x_wconf 84' lang='lat' dir='ltr'><strong>his</strong></span> <span class='ocrx_word' id='word_1_859' title='bbox 2681 4084 2768 4154; x_wconf 85' lang='lat' dir='ltr'><strong>qui</strong></span> <span class='ocrx_word' id='word_1_860' title='bbox 2808 4083 3132 4152; x_wconf 85' lang='lat' dir='ltr'><strong>perdiderunt</strong></span> <span class='ocrx_word' id='word_1_861' title='bbox 3175 4087 3493 4143; x_wconf 82' lang='lat' dir='ltr'><strong>tolerantiam</strong></span> 
     </span>
    </p>
   </div>
   <div class='ocr_carea' id='block_1_103' title="bbox 1906 4164 3455 4239">
    <p class='ocr_par' dir='ltr' id='par_1_103' title="bbox 1906 4164 3455 4239">
     <span class='ocr_line' id='line_1_103' title="bbox 1906 4164 3455 4239; baseline 0.007 -20"><span class='ocrx_word' id='word_1_862' title='bbox 1906 4164 2101 4236; x_wconf 84' lang='lat' dir='ltr'><strong>(Eccli.</strong></span> <span class='ocrx_word' id='word_1_863' title='bbox 2132 4184 2164 4221; x_wconf 88' lang='lat' dir='ltr'><strong>tt</strong></span> <span class='ocrx_word' id='word_1_864' title='bbox 2188 4209 2202 4233; x_wconf 97' lang='lat'><strong>,</strong></span> <span class='ocrx_word' id='word_1_865' title='bbox 2233 4169 2347 4239; x_wconf 78' lang='grc'><strong>16).</strong></span> <span class='ocrx_word' id='word_1_866' title='bbox 3453 4227 3455 4230; x_wconf 84' lang='grc'>.</span> 
     </span>
    </p>
   </div>
   <div class='ocr_carea' id='block_1_104' title="bbox 1976 4257 3497 4341">
    <p class='ocr_par' dir='ltr' id='par_1_104' title="bbox 1976 4257 3497 4341">
     <span class='ocr_line' id='line_1_104' title="bbox 1976 4257 3497 4341; baseline 0.011 -28"><span class='ocrx_word' id='word_1_867' title='bbox 1976 4259 2063 4314; x_wconf 79' lang='grc'><strong>18.</strong></span> <span class='ocrx_word' id='word_1_868' title='bbox 2103 4257 2487 4316; x_wconf 79' lang='lat' dir='ltr'><strong>Donatistarum</strong></span> <span class='ocrx_word' id='word_1_869' title='bbox 2502 4264 2719 4318; x_wconf 83' lang='lat' dir='ltr'><strong>schisma</strong></span> <span class='ocrx_word' id='word_1_870' title='bbox 2733 4266 2968 4336; x_wconf 85' lang='lat' dir='ltr'><strong>prudenti</strong></span> <span class='ocrx_word' id='word_1_871' title='bbox 2991 4269 3226 4341; x_wconf 87' lang='lat' dir='ltr'><strong>cuiquam</strong></span> <span class='ocrx_word' id='word_1_872' title='bbox 3251 4271 3497 4328; x_wconf 80' lang='lat' dir='ltr'><strong>Christia-</strong></span> 
     </span>
    </p>
   </div>
   <div class='ocr_carea' id='block_1_105' title="bbox 1905 4354 3496 4436">
    <p class='ocr_par' dir='ltr' id='par_1_105' title="bbox 1905 4354 3496 4436">
     <span class='ocr_line' id='line_1_105' title="bbox 1905 4354 3496 4436; baseline 0.009 -29"><span class='ocrx_word' id='word_1_873' title='bbox 1905 4354 2121 4408; x_wconf 87' lang='lat' dir='ltr'><strong>nismum</strong></span> <span class='ocrx_word' id='word_1_874' title='bbox 2163 4357 2387 4426; x_wconf 84' lang='lat' dir='ltr'><strong>proﬁteri</strong></span> <span class='ocrx_word' id='word_1_875' title='bbox 2429 4359 2669 4428; x_wconf 85' lang='lat' dir='ltr'><strong>cupienti,</strong></span> <span class='ocrx_word' id='word_1_876' title='bbox 2688 4376 2788 4413; x_wconf 87' lang='lat' dir='ltr'><strong>non</strong></span> <span class='ocrx_word' id='word_1_877' title='bbox 2823 4359 3037 4429; x_wconf 82' lang='lat' dir='ltr'><strong>placere.</strong></span> <span class='ocrx_word' id='word_1_878' title='bbox 3070 4362 3224 4419; x_wconf 84' lang='lat' dir='ltr'><strong>Modo</strong></span> <span class='ocrx_word' id='word_1_879' title='bbox 3262 4366 3496 4436; x_wconf 84' lang='lat' dir='ltr'><strong>aliquem</strong></span> 
     </span>
    </p>
   </div>
   <div class='ocr_carea' id='block_1_106' title="bbox 1906 4447 3497 4525">
    <p class='ocr_par' dir='ltr' id='par_1_106' title="bbox 1906 4447 3497 4525">
     <span class='ocr_line' id='line_1_106' title="bbox 1906 4447 3497 4525; baseline 0.009 -27"><span class='ocrx_word' id='word_1_880' title='bbox 1906 4454 2088 4516; x_wconf 89' lang='lat' dir='ltr'><strong>putate</strong></span> <span class='ocrx_word' id='word_1_881' title='bbox 2113 4447 2367 4515; x_wconf 81' lang='lat' dir='ltr'><strong>cogitare,</strong></span> <span class='ocrx_word' id='word_1_882' title='bbox 2415 4449 2537 4517; x_wconf 89' lang='lat' dir='ltr'><strong>quia</strong></span> <span class='ocrx_word' id='word_1_883' title='bbox 2579 4459 2632 4504; x_wconf 90' lang='lat' dir='ltr'><strong>et</strong></span> <span class='ocrx_word' id='word_1_884' title='bbox 2671 4465 2812 4520; x_wconf 59' lang='lat' dir='ltr'><strong>saepe</strong></span> <span class='ocrx_word' id='word_1_885' title='bbox 2838 4453 3114 4525; x_wconf 88' lang='lat' dir='ltr'><strong>contingit,</strong></span> <span class='ocrx_word' id='word_1_886' title='bbox 3146 4456 3232 4510; x_wconf 91' lang='lat' dir='ltr'><strong>ubi</strong></span> <span class='ocrx_word' id='word_1_887' title='bbox 3261 4457 3329 4511; x_wconf 92' lang='lat' dir='ltr'><strong>sit</strong></span> <span class='ocrx_word' id='word_1_888' title='bbox 3354 4458 3497 4513; x_wconf 88' lang='lat' dir='ltr'><strong>chri-</strong></span> 
     </span>
    </p>
   </div>
   <div class='ocr_carea' id='block_1_107' title="bbox 1906 4538 3497 4611">
    <p class='ocr_par' dir='ltr' id='par_1_107' title="bbox 1906 4538 3497 4611">
     <span class='ocr_line' id='line_1_107' title="bbox 1906 4538 3497 4611; baseline 0.009 -20"><span class='ocrx_word' id='word_1_889' title='bbox 1906 4539 2129 4594; x_wconf 90' lang='lat' dir='ltr'><strong>stianus.</strong></span> <span class='ocrx_word' id='word_1_890' title='bbox 2164 4538 2335 4593; x_wconf 81' lang='lat' dir='ltr'><strong>Motus</strong></span> <span class='ocrx_word' id='word_1_891' title='bbox 2376 4548 2457 4594; x_wconf 91' lang='lat' dir='ltr'><strong>est</strong></span> <span class='ocrx_word' id='word_1_892' title='bbox 2500 4550 2557 4594; x_wconf 90' lang='lat' dir='ltr'><strong>ut</strong></span> <span class='ocrx_word' id='word_1_893' title='bbox 2585 4543 2654 4596; x_wconf 86' lang='lat' dir='ltr'><strong>sit</strong></span> <span class='ocrx_word' id='word_1_894' title='bbox 2690 4542 3032 4611; x_wconf 82' lang='lat' dir='ltr'><strong>christianos,</strong></span> <span class='ocrx_word' id='word_1_895' title='bbox 3065 4547 3290 4603; x_wconf 88' lang='lat' dir='ltr'><strong>attendit</strong></span> <span class='ocrx_word' id='word_1_896' title='bbox 3316 4549 3367 4604; x_wconf 92' lang='lat' dir='ltr'><strong>in</strong></span> <span class='ocrx_word' id='word_1_897' title='bbox 3400 4565 3497 4605; x_wconf 83' lang='lat' dir='ltr'><strong>no-</strong></span> 
     </span>
    </p>
   </div>
   <div class='ocr_carea' id='block_1_108' title="bbox 1907 4629 3492 4703">
    <p class='ocr_par' dir='ltr' id='par_1_108' title="bbox 1907 4629 3492 4703">
     <span class='ocr_line' id='line_1_108' title="bbox 1907 4629 3492 4703; baseline 0.008 -20"><span class='ocrx_word' id='word_1_898' title='bbox 1907 4644 2028 4684; x_wconf 90' lang='lat' dir='ltr'><strong>men</strong></span> <span class='ocrx_word' id='word_1_899' title='bbox 2058 4629 2253 4683; x_wconf 88' lang='lat' dir='ltr'><strong>Christi</strong></span> <span class='ocrx_word' id='word_1_900' title='bbox 2282 4645 2602 4686; x_wconf 87' lang='lat' dir='ltr'><strong>concurrere</strong></span> <span class='ocrx_word' id='word_1_901' title='bbox 2648 4649 2815 4703; x_wconf 89' lang='lat' dir='ltr'><strong>genus</strong></span> <span class='ocrx_word' id='word_1_902' title='bbox 2842 4635 3130 4693; x_wconf 89' lang='lat' dir='ltr'><strong>humanum</strong></span> <span class='ocrx_word' id='word_1_903' title='bbox 3154 4639 3324 4694; x_wconf 89' lang='lat' dir='ltr'><strong>:nulla</strong></span> <span class='ocrx_word' id='word_1_904' title='bbox 3355 4649 3492 4696; x_wconf 88' lang='lat' dir='ltr'><strong>tem-</strong></span> 
     </span>
    </p>
   </div>
   <div class='ocr_carea' id='block_1_109' title="bbox 1906 4722 3557 4806">
    <p class='ocr_par' dir='ltr' id='par_1_109' title="bbox 1906 4722 3557 4806">
     <span class='ocr_line' id='line_1_109' title="bbox 1906 4722 3557 4806; baseline 0.01 -31"><span class='ocrx_word' id='word_1_905' title='bbox 1906 4722 2072 4792; x_wconf 91' lang='lat' dir='ltr'><strong>porali</strong></span> <span class='ocrx_word' id='word_1_906' title='bbox 2105 4723 2368 4792; x_wconf 86' lang='lat' dir='ltr'><strong>proposita</strong></span> <span class='ocrx_word' id='word_1_907' title='bbox 2411 4727 2787 4782; x_wconf 86' lang='lat' dir='ltr'><strong>commoditate</strong></span> <span class='ocrx_word' id='word_1_908' title='bbox 2828 4731 2940 4785; x_wconf 87' lang='lat' dir='ltr'><strong>vult</strong></span> <span class='ocrx_word' id='word_1_909' title='bbox 2985 4747 3104 4788; x_wconf 91' lang='lat' dir='ltr'><strong>esse</strong></span> <span class='ocrx_word' id='word_1_910' title='bbox 3145 4733 3487 4803; x_wconf 83' lang='lat' dir='ltr'><strong>Christianus,</strong></span> <span class='ocrx_word' id='word_1_911' title='bbox 3553 4799 3557 4806; x_wconf 25' lang='grc' dir='ltr'><em>ί</em></span> 
     </span>
    </p>
   </div>
   <div class='ocr_carea' id='block_1_110' title="bbox 1906 4817 3579 4904">
    <p class='ocr_par' dir='ltr' id='par_1_110' title="bbox 1906 4817 3579 4904">
     <span class='ocr_line' id='line_1_110' title="bbox 1906 4817 3579 4904; baseline 0.01 -35"><span class='ocrx_word' id='word_1_912' title='bbox 1906 4831 2012 4870; x_wconf 90' lang='lat' dir='ltr'><strong>non</strong></span> <span class='ocrx_word' id='word_1_913' title='bbox 2039 4824 2097 4869; x_wconf 89' lang='lat' dir='ltr'><strong>ut</strong></span> <span class='ocrx_word' id='word_1_914' title='bbox 2121 4817 2374 4885; x_wconf 85' lang='lat' dir='ltr'><strong>majorem</strong></span> <span class='ocrx_word' id='word_1_915' title='bbox 2400 4819 2630 4873; x_wconf 91' lang='lat' dir='ltr'><strong>amicum</strong></span> <span class='ocrx_word' id='word_1_916' title='bbox 2655 4823 2922 4891; x_wconf 81' lang='lat' dir='ltr'><strong>conciliet,</strong></span> <span class='ocrx_word' id='word_1_917' title='bbox 2943 4841 3046 4881; x_wconf 89' lang='lat' dir='ltr'><strong>non</strong></span> <span class='ocrx_word' id='word_1_918' title='bbox 3068 4836 3124 4882; x_wconf 94' lang='lat' dir='ltr'><strong>ut</strong></span> <span class='ocrx_word' id='word_1_919' title='bbox 3147 4828 3212 4882; x_wconf 92' lang='lat' dir='ltr'><strong>ad</strong></span> <span class='ocrx_word' id='word_1_920' title='bbox 3234 4831 3492 4898; x_wconf 84' lang='lat' dir='ltr'><strong>concupi-</strong></span> <span class='ocrx_word' id='word_1_921' title='bbox 3515 4899 3538 4904; x_wconf 17' lang='grc' dir='ltr'>μ</span> 
     </span>
    </p>
   </div>
   <div class='ocr_carea' id='block_1_111' title="bbox 1907 4910 3594 4988">
    <p class='ocr_par' dir='ltr' id='par_1_111' title="bbox 1907 4910 3594 4988">
     <span class='ocr_line' id='line_1_111' title="bbox 1907 4910 3594 4988; baseline 0.01 -27"><span class='ocrx_word' id='word_1_922' title='bbox 1907 4915 2012 4962; x_wconf 91' lang='lat' dir='ltr'><strong>tam</strong></span> <span class='ocrx_word' id='word_1_923' title='bbox 2041 4922 2258 4962; x_wconf 79' lang='lat' dir='ltr'><strong>uxorem</strong></span> <span class='ocrx_word' id='word_1_924' title='bbox 2290 4910 2581 4979; x_wconf 88' lang='lat' dir='ltr'><strong>perveniat,</strong></span> <span class='ocrx_word' id='word_1_925' title='bbox 2611 4928 2715 4967; x_wconf 91' lang='lat' dir='ltr'><strong>non</strong></span> <span class='ocrx_word' id='word_1_926' title='bbox 2741 4923 2796 4968; x_wconf 91' lang='lat' dir='ltr'><strong>ut</strong></span> <span class='ocrx_word' id='word_1_927' title='bbox 2820 4917 3048 4986; x_wconf 89' lang='lat' dir='ltr'><strong>aliquam</strong></span> <span class='ocrx_word' id='word_1_928' title='bbox 3072 4933 3378 4988; x_wconf 89' lang='lat' dir='ltr'><strong>pressuram</strong></span> <span class='ocrx_word' id='word_1_929' title='bbox 3398 4921 3495 4977; x_wconf 83' lang='lat' dir='ltr'><strong>hu-</strong></span> <span class='ocrx_word' id='word_1_930' title='bbox 3585 4911 3594 4983; x_wconf 59' lang='grc' dir='ltr'><strong><em>ί</em></strong></span> 
     </span>
    </p>
   </div>
   <div class='ocr_carea' id='block_1_112' title="bbox 1901 4989 3593 5074">
    <p class='ocr_par' dir='ltr' id='par_1_112' title="bbox 1901 4989 3593 5074">
     <span class='ocr_line' id='line_1_112' title="bbox 1901 4989 3593 5074; baseline 0.012 -23"><span class='ocrx_word' id='word_1_931' title='bbox 1901 4999 1989 5068; x_wconf 87' lang='lat' dir='ltr'><strong>jus</strong></span> <span class='ocrx_word' id='word_1_932' title='bbox 2017 4999 2196 5054; x_wconf 64' lang='lat' dir='ltr'><strong>saeculi</strong></span> <span class='ocrx_word' id='word_1_933' title='bbox 2223 5001 2410 5055; x_wconf 85' lang='lat' dir='ltr'><strong>evadat</strong></span> <span class='ocrx_word' id='word_1_934' title='bbox 2437 5020 2449 5056; x_wconf 92' lang='lat'><strong>:</strong></span> <span class='ocrx_word' id='word_1_935' title='bbox 2480 5018 2777 5074; x_wconf 84' lang='lat' dir='ltr'><strong>quanquam</strong></span> <span class='ocrx_word' id='word_1_936' title='bbox 2805 5008 2955 5062; x_wconf 92' lang='lat' dir='ltr'><strong>multi</strong></span> <span class='ocrx_word' id='word_1_937' title='bbox 2980 5010 3140 5065; x_wconf 89' lang='lat' dir='ltr'><strong>etiam</strong></span> <span class='ocrx_word' id='word_1_938' title='bbox 3179 5011 3256 5066; x_wconf 88' lang='lat' dir='ltr'><strong>sic</strong></span> <span class='ocrx_word' id='word_1_939' title='bbox 3286 5013 3491 5069; x_wconf 89' lang='lat' dir='ltr'><strong>intran-</strong></span> <span class='ocrx_word' id='word_1_940' title='bbox 3578 4989 3593 5060; x_wconf 30' lang='lat' dir='ltr'><strong>ll</strong></span> 
     </span>
    </p>
   </div>
   <div class='ocr_carea' id='block_1_113' title="bbox 1907 5091 3493 5176">
    <p class='ocr_par' dir='ltr' id='par_1_113' title="bbox 1907 5091 3493 5176">
     <span class='ocr_line' id='line_1_113' title="bbox 1907 5091 3493 5176; baseline 0.011 -33"><span class='ocrx_word' id='word_1_941' title='bbox 1907 5097 1988 5146; x_wconf 91' lang='lat' dir='ltr'><strong>tes</strong></span> <span class='ocrx_word' id='word_1_942' title='bbox 2017 5091 2352 5162; x_wconf 90' lang='lat' dir='ltr'><strong>corriguntur</strong></span> <span class='ocrx_word' id='word_1_943' title='bbox 2393 5093 2639 5164; x_wconf 86' lang='lat' dir='ltr'><strong>ingressi.</strong></span> <span class='ocrx_word' id='word_1_944' title='bbox 2673 5096 2776 5152; x_wconf 90' lang='lat' dir='ltr'><strong>Sed</strong></span> <span class='ocrx_word' id='word_1_945' title='bbox 2805 5097 3059 5155; x_wconf 86' lang='lat' dir='ltr'><strong>faciamus</strong></span> <span class='ocrx_word' id='word_1_946' title='bbox 3085 5101 3317 5172; x_wconf 89' lang='lat' dir='ltr'><strong>aliquem</strong></span> <span class='ocrx_word' id='word_1_947' title='bbox 3347 5107 3493 5176; x_wconf 90' lang='lat' dir='ltr'><strong>cogi-</strong></span> 
     </span>
    </p>
   </div>
   <div class='ocr_carea' id='block_1_114' title="bbox 1909 5184 3491 5254">
    <p class='ocr_par' dir='ltr' id='par_1_114' title="bbox 1909 5184 3491 5254">
     <span class='ocr_line' id='line_1_114' title="bbox 1909 5184 3491 5254; baseline 0.01 -17"><span class='ocrx_word' id='word_1_948' title='bbox 1909 5191 2105 5239; x_wconf 89' lang='lat' dir='ltr'><strong>tantem</strong></span> <span class='ocrx_word' id='word_1_949' title='bbox 2148 5184 2212 5239; x_wconf 90' lang='lat' dir='ltr'><strong>de</strong></span> <span class='ocrx_word' id='word_1_950' title='bbox 2240 5185 2416 5240; x_wconf 91' lang='lat' dir='ltr'><strong>anima</strong></span> <span class='ocrx_word' id='word_1_951' title='bbox 2443 5202 2560 5254; x_wconf 90' lang='lat' dir='ltr'><strong>sua,</strong></span> <span class='ocrx_word' id='word_1_952' title='bbox 2583 5197 2636 5243; x_wconf 91' lang='lat' dir='ltr'><strong>et</strong></span> <span class='ocrx_word' id='word_1_953' title='bbox 2657 5189 2920 5245; x_wconf 89' lang='lat' dir='ltr'><strong>volentem</strong></span> <span class='ocrx_word' id='word_1_954' title='bbox 2950 5206 3070 5246; x_wconf 91' lang='lat' dir='ltr'><strong>esse</strong></span> <span class='ocrx_word' id='word_1_955' title='bbox 3098 5193 3444 5252; x_wconf 88' lang='lat' dir='ltr'><strong>christianum</strong></span> <span class='ocrx_word' id='word_1_956' title='bbox 3477 5218 3491 5253; x_wconf 87' lang='lat'><strong>:</strong></span> 
     </span>
    </p>
   </div>
   <div class='ocr_carea' id='block_1_115' title="bbox 1906 5276 3494 5359">
    <p class='ocr_par' dir='ltr' id='par_1_115' title="bbox 1906 5276 3494 5359">
     <span class='ocr_line' id='line_1_115' title="bbox 1906 5276 3494 5359; baseline 0.01 -28"><span class='ocrx_word' id='word_1_957' title='bbox 1906 5276 2128 5333; x_wconf 91' lang='lat' dir='ltr'><strong>attendit</strong></span> <span class='ocrx_word' id='word_1_958' title='bbox 2159 5276 2247 5332; x_wconf 87' lang='lat' dir='ltr'><strong>ubi</strong></span> <span class='ocrx_word' id='word_1_959' title='bbox 2272 5278 2403 5334; x_wconf 89' lang='lat' dir='ltr'><strong>duas</strong></span> <span class='ocrx_word' id='word_1_960' title='bbox 2429 5290 2606 5350; x_wconf 90' lang='lat' dir='ltr'><strong>partes</strong></span> <span class='ocrx_word' id='word_1_961' title='bbox 2621 5282 2783 5350; x_wconf 87' lang='lat' dir='ltr'><strong>videt,</strong></span> <span class='ocrx_word' id='word_1_962' title='bbox 2811 5287 3002 5354; x_wconf 81' lang='lat' dir='ltr'><strong>quaerit</strong></span> <span class='ocrx_word' id='word_1_963' title='bbox 3023 5301 3230 5354; x_wconf 88' lang='lat' dir='ltr'><strong>causas,</strong></span> <span class='ocrx_word' id='word_1_964' title='bbox 3255 5306 3419 5359; x_wconf 90' lang='lat' dir='ltr'><strong>quare</strong></span> <span class='ocrx_word' id='word_1_965' title='bbox 3434 5307 3494 5348; x_wconf 87' lang='lat' dir='ltr'><strong>se</strong></span> 
     </span>
    </p>
   </div>
   <div class='ocr_carea' id='block_1_116' title="bbox 1908 5368 3492 5452">
    <p class='ocr_par' dir='ltr' id='par_1_116' title="bbox 1908 5368 3492 5452">
     <span class='ocr_line' id='line_1_116' title="bbox 1908 5368 3492 5452; baseline 0.01 -30"><span class='ocrx_word' id='word_1_966' title='bbox 1908 5368 1983 5423; x_wconf 92' lang='lat' dir='ltr'><strong>illi</strong></span> <span class='ocrx_word' id='word_1_967' title='bbox 2018 5370 2085 5423; x_wconf 91' lang='lat' dir='ltr'><strong>ab</strong></span> <span class='ocrx_word' id='word_1_968' title='bbox 2117 5369 2218 5425; x_wconf 93' lang='lat' dir='ltr'><strong>illis</strong></span> <span class='ocrx_word' id='word_1_969' title='bbox 2257 5383 2655 5440; x_wconf 88' lang='lat' dir='ltr'><strong>separaverunt.</strong></span> <span class='ocrx_word' id='word_1_970' title='bbox 2695 5375 3038 5445; x_wconf 79' lang='lat' dir='ltr'><strong>Respondent</strong></span> <span class='ocrx_word' id='word_1_971' title='bbox 3068 5379 3177 5436; x_wconf 89' lang='lat' dir='ltr'><strong>illi:</strong></span> <span class='ocrx_word' id='word_1_972' title='bbox 3210 5381 3492 5452; x_wconf 82' lang='lat' dir='ltr'><strong>Separavi-</strong></span> 
     </span>
    </p>
   </div>
   <div class='ocr_carea' id='block_1_117' title="bbox 1908 5465 3494 5542">
    <p class='ocr_par' dir='ltr' id='par_1_117' title="bbox 1908 5465 3494 5542">
     <span class='ocr_line' id='line_1_117' title="bbox 1908 5465 3494 5542; baseline 0.013 -28"><span class='ocrx_word' id='word_1_973' title='bbox 1908 5477 2027 5516; x_wconf 94' lang='lat' dir='ltr'><strong>mus</strong></span> <span class='ocrx_word' id='word_1_974' title='bbox 2061 5477 2160 5517; x_wconf 90' lang='lat' dir='ltr'><strong>nos</strong></span> <span class='ocrx_word' id='word_1_975' title='bbox 2201 5472 2448 5534; x_wconf 87' lang='lat' dir='ltr'><strong>tanquam</strong></span> <span class='ocrx_word' id='word_1_976' title='bbox 2486 5465 2615 5536; x_wconf 87' lang='lat' dir='ltr'><strong>justi</strong></span> <span class='ocrx_word' id='word_1_977' title='bbox 2655 5484 2684 5520; x_wconf 78' lang='grc' dir='ltr'><strong>ιι</strong></span> <span class='ocrx_word' id='word_1_978' title='bbox 2728 5471 3113 5537; x_wconf 87' lang='lat' dir='ltr'><strong>peccatoribus.</strong></span> <span class='ocrx_word' id='word_1_979' title='bbox 3162 5475 3322 5542; x_wconf 76' lang='lat' dir='ltr'><strong>Quasi</strong></span> <span class='ocrx_word' id='word_1_980' title='bbox 3367 5494 3494 5534; x_wconf 89' lang='lat' dir='ltr'><strong>vero</strong></span> 
     </span>
    </p>
   </div>
   <div class='ocr_carea' id='block_1_118' title="bbox 1908 5555 3492 5644">
    <p class='ocr_par' dir='ltr' id='par_1_118' title="bbox 1908 5555 3492 5644">
     <span class='ocr_line' id='line_1_118' title="bbox 1908 5555 3492 5644; baseline 0.015 -35"><span class='ocrx_word' id='word_1_981' title='bbox 1908 5567 2052 5610; x_wconf 69' lang='lat' dir='ltr'><strong>caico</strong></span> <span class='ocrx_word' id='word_1_982' title='bbox 2080 5555 2360 5623; x_wconf 89' lang='lat' dir='ltr'><strong>loquantur</strong></span> <span class='ocrx_word' id='word_1_983' title='bbox 2383 5557 2613 5613; x_wconf 90' lang='lat' dir='ltr'><strong>audienti</strong></span> <span class='ocrx_word' id='word_1_984' title='bbox 2641 5560 2763 5630; x_wconf 90' lang='lat' dir='ltr'><strong>quid</strong></span> <span class='ocrx_word' id='word_1_985' title='bbox 2791 5561 2989 5634; x_wconf 90' lang='lat' dir='ltr'><strong>dicant,</strong></span> <span class='ocrx_word' id='word_1_986' title='bbox 3016 5583 3120 5623; x_wconf 89' lang='lat' dir='ltr'><strong>non</strong></span> <span class='ocrx_word' id='word_1_987' title='bbox 3143 5569 3339 5627; x_wconf 87' lang='lat' dir='ltr'><strong>videnti</strong></span> <span class='ocrx_word' id='word_1_988' title='bbox 3367 5574 3492 5644; x_wconf 83' lang='lat' dir='ltr'><strong>quid</strong></span> 
     </span>
    </p>
   </div>
   <div class='ocr_carea' id='block_1_119' title="bbox 1971 5733 2863 5793">
    <p class='ocr_par' dir='ltr' id='par_1_119' title="bbox 1971 5733 2863 5793">
     <span class='ocr_line' id='line_1_119' title="bbox 1971 5733 2863 5793; baseline 0.011 -12"><span class='ocrx_word' id='word_1_989' title='bbox 1971 5733 1989 5763; x_wconf 77' lang='grc' dir='ltr'>ί</span> <span class='ocrx_word' id='word_1_990' title='bbox 2023 5738 2151 5782; x_wconf 54' lang='lat' dir='ltr'><strong>Mssa</strong></span> <span class='ocrx_word' id='word_1_991' title='bbox 2175 5741 2292 5782; x_wconf 80' lang='lat' dir='ltr'><strong>Nam</strong></span> <span class='ocrx_word' id='word_1_992' title='bbox 2313 5734 2357 5785; x_wconf 85' lang='lat' dir='ltr'><strong>si</strong></span> <span class='ocrx_word' id='word_1_993' title='bbox 2382 5748 2550 5785; x_wconf 83' lang='lat' dir='ltr'><strong>verum</strong></span> <span class='ocrx_word' id='word_1_994' title='bbox 2572 5751 2863 5793; x_wconf 75' lang='lat' dir='ltr'><strong>accusasses.</strong></span> 
     </span>
    </p>
   </div>
   <div class='ocr_carea' id='block_1_120' title="bbox 1969 5794 3305 5876">
    <p class='ocr_par' dir='ltr' id='par_1_120' title="bbox 1969 5794 3305 5876">
     <span class='ocr_line' id='line_1_120' title="bbox 1969 5794 3305 5876; baseline 0.012 -31"><span class='ocrx_word' id='word_1_995' title='bbox 1969 5794 2343 5876; x_wconf 60' lang='lat' dir='ltr'><strong>:Eistercipnsis</strong></span> <span class='ocrx_word' id='word_1_996' title='bbox 2368 5797 2510 5876; x_wconf 79' lang='lat' dir='ltr'><strong>liber,</strong></span> <span class='ocrx_word' id='word_1_997' title='bbox 2536 5801 2690 5876; x_wconf 68' lang='lat' dir='ltr'><strong>fenus,</strong></span> <span class='ocrx_word' id='word_1_998' title='bbox 2713 5817 2888 5876; x_wconf 67' lang='lat' dir='ltr'><strong>usuras</strong></span> <span class='ocrx_word' id='word_1_999' title='bbox 2901 5814 2946 5859; x_wconf 91' lang='lat' dir='ltr'><strong>et</strong></span> <span class='ocrx_word' id='word_1_1000' title='bbox 2967 5821 3305 5876; x_wconf 73' lang='lat' dir='ltr'><strong>mperusuras.</strong></span> 
     </span>
    </p>
   </div>
   <div class='ocr_carea' id='block_1_121' title="bbox 1973 5855 2877 5922">
    <p class='ocr_par' dir='ltr' id='par_1_121' title="bbox 1973 5855 2877 5922">
     <span class='ocr_line' id='line_1_121' title="bbox 1973 5855 2877 5922; baseline 0.015 -16"><span class='ocrx_word' id='word_1_1001' title='bbox 1973 5855 1994 5888; x_wconf 85' lang='grc'><strong><em>³</em></strong></span> <span class='ocrx_word' id='word_1_1002' title='bbox 2011 5864 2140 5918; x_wconf 64' lang='lat' dir='ltr'><strong>Mss,</strong></span> <span class='ocrx_word' id='word_1_1003' title='bbox 2173 5857 2251 5911; x_wconf 78' lang='lat' dir='ltr'><strong>ubi</strong></span> <span class='ocrx_word' id='word_1_1004' title='bbox 2275 5872 2366 5909; x_wconf 80' lang='lat' dir='ltr'><strong>non</strong></span> <span class='ocrx_word' id='word_1_1005' title='bbox 2389 5867 2458 5911; x_wconf 80' lang='lat' dir='ltr'><strong>est</strong></span> <span class='ocrx_word' id='word_1_1006' title='bbox 2477 5855 2584 5914; x_wconf 69' lang='lat' dir='ltr'><strong>cuin</strong></span> <span class='ocrx_word' id='word_1_1007' title='bbox 2608 5855 2877 5922; x_wconf 75' lang='lat' dir='ltr'><strong>tolerantia.</strong></span> 
     </span>
    </p>
   </div>
  </div>
