4012 6338
307 383 412 441 309

310 503 470 570 forma
495 492 592 549 Dei
610 495 752 557 esset,
782 507 884 546 non
905 488 1136 560 rapinam
1160 487 1428 542 arbitratus
1448 494 1517 539 est
1539 499 1643 539 esse
1661 481 1867 552 aqualis

310 589 435 642 Deo.
462 585 734 641 Excitatur
756 585 950 644 autem,
978 589 1032 635 ιιι
1059 587 1266 649 pascat;
1293 578 1414 648 quia
1433 577 1750 644 semetipsum
1769 573 1876 627 emi-

309 676 511 740 nanivit,
534 675 751 744 formam
793 673 918 727 servi
944 670 1212 740 accipiens.
1238 669 1348 722 Hoc
1380 675 1433 720 et
1462 667 1548 726 hic
1577 666 1686 736 ipsa
1719 663 1876 718 verba

310 772 564 823 testantur
598 783 613 820 :
653 764 834 818 Pascet
862 767 946 818 eas
973 778 1140 817 servus
1171 777 1306 814 meus
1335 759 1518 812 David.
1565 758 1780 823 Servus,
1823 755 1876 810 in

309 860 471 911 ferina
499 856 658 911 Servi.
696 855 913 921 Servus,
961 853 1082 922 quia
1112 852 1426 922 semetipsum
1452 849 1744 914 exinanivit,
1777 849 1880 918 for-

307 955 437 1000 mam
461 946 588 1000 servi
613 945 892 1013 accipiens;
913 943 962 995 in
985 940 1314 995 similitudine
1340 939 1599 994 hominum
1623 943 1807 1009 factus,
1833 943 1880 990 et

308 1036 478 1094 habitu
513 1036 739 1089 inventus
768 1045 820 1088 ut
848 1040 1028 1086 homo:
1055 1032 1334 1086 lmmiliauit
1356 1031 1692 1100 semetipsum,
1720 1030 1882 1098 [actus

306 1126 537 1180 obrdiens
564 1141 719 1192 usque
745 1125 811 1176 ad
834 1135 1064 1189 mortem,
1091 1133 1300 1176 mortem
1328 1132 1494 1175 autem
1517 1122 1698 1175 crucis.
1724 1119 1882 1174 Exci-

308 1228 446 1274 tetur
467 1233 615 1288 ergo,
639 1227 697 1271 ut
721 1226 918 1286 pascat.
945 1214 1163 1286 Propter
1187 1214 1340 1284 quod,
1365 1213 1554 1283 inquit,
1576 1211 1714 1267 Deus
1737 1212 1882 1266 extil-

306 1312 421 1364 tatzit
448 1328 562 1363 emn
591 1327 620 1362 (ι
647 1311 876 1374 mortuis,
907 1318 952 1364 el
979 1308 1183 1362 donauit
1209 1307 1253 1362 ei
1280 1314 1458 1361 nomen
1483 1305 1616 1376 quod
1641 1313 1712 1358 est
1733 1320 1885 1374 super

306 1420 450 1455 omne
477 1419 675 1455 nonten.
705 1399 820 1456 lam
846 1401 1077 1456 excitato
1097 1413 1252 1474 servo
1277 1414 1374 1470 suo
1404 1396 1586 1463 David,
1609 1397 1716 1466 jam
1745 1395 1886 1450 exci-

308 1507 408 1548 lata
441 1495 611 1550 forum
643 1495 801 1559 servi,
830 1509 987 1564 quam
1019 1491 1277 1562 posuitad
1303 1491 1771 1554 dexteramsuam;
1796 1486 1887 1540 ιιο-

307 1588 436 1644 navit
466 1586 514 1638 ei
539 1589 718 1639 nomen
745 1584 879 1653 quod
904 1593 976 1638 est
995 1599 1146 1654 super
1165 1593 1311 1637 onine
1325 1597 1525 1635 nomen.
1553 1579 1682 1634 Vide
1705 1594 1888 1648 quem-

308 1676 592 1730 admodum
621 1683 822 1745 pascat,
843 1689 999 1745 quam
1023 1674 1127 1728 late
1146 1680 1356 1743 pascat:
1385 1670 1450 1726 Ut
1473 1672 1526 1724 in
1549 1672 1748 1726 nomine
1763 1669 1797 1722 J
1801 1686 1888 1725 esu

306 1785 451 1822 omne
476 1783 607 1837 genu
630 1769 881 1838 flectatur,
908 1766 1200 1830 ccelestium,
1243 1755 1548 1819 terrestrium?
1571 1771 1618 1818 et
1657 1761 1886 1832 inferna-

307 1877 414 1913 rum
463 1858 724 1932 (Philipp.
773 1876 832 1927 ιι,
874 1856 1045 1931 (HO).
1077 1857 1158 1914 Ad
1186 1873 1342 1928 quam
1369 1866 1642 1927 angustam
1686 1865 1886 1924 partem

309 1952 472 2005 latum
507 1965 870 2020 possessorem
919 1949 1124 2004 vanitas
1176 1948 1420 2003 harretica
1471 1947 1750 2016 impiugis?
1807 1947 1886 2000 An

309 2051 513 2096 tantum
547 2043 663 2097 ﬁdis
684 2042 929 2112 superbis
953 2041 1188 2116 humeris
1209 2049 1262 2096 et
1286 2038 1536 2094 cornibus
1559 2039 1680 2105 tuis;
1705 2046 1886 2092 utnon

305 2151 599 2206 congreges
623 2134 690 2200 ad
719 2143 1004 2204 pastorem,
1023 2133 1114 2188 sed
1139 2143 1192 2189 et
1213 2134 1382 2203 ipsum
1400 2140 1666 2203 pastorem
1684 2147 1711 2183 a
1729 2146 1889 2201 grege

307 2226 523 2280 coneris
548 2225 866 2280 excludere?
899 2223 1082 2284 Pascat
1100 2240 1184 2277 eas
1209 2237 1376 2278 servus
1405 2238 1540 2276 meus
1562 2221 1745 2280 David.
1777 2221 1890 2276 Au-

308 2314 409 2369 dite
442 2330 576 2369 oves
608 2323 908 2385 pascentem
937 2329 1031 2369 vos
1067 2312 1263 2368 David:
1285 2312 1463 2367 audite
1507 2326 1687 2366 vocem
1727 2310 1892 2365 David

311 2407 539 2476 pastoris
568 2406 748 2472 vestri,
781 2421 887 2460 non
915 2420 1097 2461 vocem
1120 2404 1406 2468 latronum,
1437 2418 1540 2458 non
1569 2403 1796 2458 ululatus
1814 2402 1893 2456 lu-

311 2513 522 2567 porum.
559 2496 735 2552 Pascet
763 2513 847 2556 eas
873 2512 1039 2564 servus
1066 2512 1202 2549 meus
1229 2494 1412 2550 David.
1445 2493 1470 2546 I
1480 2511 1567 2563 pse
1595 2502 1760 2566 pascet
1785 2509 1886 2546 eas.

311 2589 351 2642 Ο
376 2587 806 2642 commendanda
835 2589 949 2642 res!
990 2586 1112 2657 Ipse
1136 2595 1302 2656 pascet
1330 2602 1433 2638 eas.
1474 2584 1640 2638 Nemo
1670 2597 1727 2638 se
1753 2582 1892 2636 dicat

313 2694 533 2748 pascere
559 2688 754 2748 praeter
785 2661 951 2748 ipsum
975 2695 987 2730 :
1015 2675 1136 2748 Ipse
1178 2686 1344 2746 pascet
1385 2693 1488 2730 eas.
1519 2674 1615 2742 Qui
1659 2674 1771 2728 vult
1799 2689 1893 2744 pa-

314 2771 580 2836 scere,.iu
611 2771 700 2840 illo
733 2779 943 2840 pascat:
969 2757 1090 2839 quia
1119 2769 1224 2838 ipse
1243 2777 1546 2838 ,pascct‘eas.
1573 2766 1708 2820 Deus
1741 2767 1894 2835 paulo

312 2871 428 2916 ante
461 2862 696 2926 dicebat,
729 2860 839 2932 Ego
871 2875 1109 2930 pascam:
1132 2859 1286 2932 mon
1313 2858 1582 2928 dicit,ipse
1603 2867 1768 2928 pascet
1789 2874 1891 2911 eas.

313 2954 658 3023 Respondeat
700 2955 882 3025 Filius,
928 2962 981 3008 et
1021 2953 1160 3007 dicat
1200 2951 1354 3008 nobis
1389 2969 1400 3003 :
1443 2951 1736 3038 Utrumque
1772 2965 1896 3020 vere

313 3047 515 3100 dictum
546 3056 655 3111 est;
685 3045 793 3117 Ego
823 3057 868 3099 et
897 3044 1054 3099 Pater
1078 3061 1234 3118 unum
1257 3061 1448 3118 sumus.
1489 3044 1589 3110 Qui
1611 3043 1756 3111 dicit,
1782 3042 1896 3113 Ego

316 3156 554 3207 pascam;
585 3155 686 3192 non
716 3139 966 3210 mentitur
1001 3136 1252 3201 dicendo;
1285 3135 1406 3206 Ipse
1442 3144 1610 3205 pascet
1644 3151 1662 3189 :
1699 3145 1896 3190 etequ

318 3232 464 3303 dicit,
499 3229 620 3302 Ipse
646 3213 844 3300 pascet;
864 3246 966 3284 nou
987 3211 1240 3285 tuentitur
1263 3227 1506 3294 dicende,
1533 3227 1644 3299 Ego
1663 3243 1894 3296 pascam.

321 3321 438 3376 Non
475 3323 661 3392 credis,
692 3322 880 3391 inquit,
913 3321 1032 3386 quia,
1063 3336 1150 3390 ego
1188 3320 1240 3388 in
1280 3317 1454 3394 Patre,
1494 3327 1538 3372 et
1567 3317 1722 3372 Pater
1745 3319 1796 3372 in
1822 3333 1900 3372 me

316 3417 416 3467 est?
453 3413 716 3484 Philippe,
751 3414 837 3482 qui
857 3429 934 3467 me
953 3411 1093 3478 vidit,
1125 3411 1248 3464 vidit
1274 3419 1320 3466 et
1349 3409 1552 3464 Patrem
1567 3408 1753 3484 i(Joan.
1782 3425 1896 3477 xw,

322 3506 399 3569 10,
429 3506 517 3576 9).
548 3504 712 3560 Recte
731 3491 940 3568 dicitur,
969 3503 1078 3573 Ego
1105 3518 1346 3576 pascam:
1375 3510 1518 3574 recte
1543 3501 1753 3580 dicitur,
1778 3500 1901 3572 Ipse

317 3605 511 3666 pascet.
553 3595 834 3648 Distinctio
865 3594 966 3660 est,
995 3610 1098 3649 non
1139 3594 1424 3665 separatio,
1453 3591 1570 3663 Ipse
1597 3603 1765 3665 pascet
1793 3609 1897 3647 eas.

317 3684 516 3749 Nolite,
536 3698 682 3749 oves,
701 3699 1082 3753 expavescere;
1112 3699 1216 3740 non
1243 3684 1619 3754 relinquetlvos
1636 3684 1724 3756 qui
1744 3683 1898 3750 dixit,

320 3774 436 3846 Ipse
469 3785 639 3847 pascet
667 3791 769 3834 eas.
804 3775 943 3844 Dens
970 3775 1157 3845 pascit,
1187 3775 1342 3844 Pater
1361 3785 1414 3830 et
1441 3775 1606 3831 Filius
1647 3784 1702 3831 et.
1731 3775 1901 3846 Spiri-

320 3876 398 3921 tus
431 3875 692 3938 sanctus:
723 3866 836 3936 ipse
861 3866 998 3920 Deus
1027 3866 1211 3936 pascit.
1243 3866 1347 3922 Sed
1390 3866 1760 3937 distinguenda
1787 3873 1904 3924 erat

317 3958 491 4012 forma
532 3957 707 4013 servi:
735 3972 840 4012 non
869 3957 1160 4028 separanda
1189 3967 1245 4013 et
1270 3958 1549 4014 alienanda
1577 3967 1631 4014 et
1657 3959 1709 4014 in
1742 3958 1902 4014 aliam

318 4064 608 4117 personam
651 4047 1068 4124 constituenda.“
1091 4048 1308 4122 Accepit
1341 4049 1393 4104 in
1423 4031 1480 4104 se
1509 4049 1727 4104 Creator
1751 4063 1901 4104 crea-

317 4149 519 4207 turam,
543 4155 650 4196 non
675 4148 907 4220 mutatus
927 4148 1009 4196 est
1033 4137 1250 4195 Creator
1271 4140 1323 4194 in
1344 4148 1674 4212 creaturam:
1699 4155 1903 4198 assum-

320 4233 420 4299 psit
445 4229 597 4301 quod
627 4244 734 4294 non
758 4239 1021 4302 erat,‘uon
1055 4231 1231 4286 amisit
1251 4231 1389 4303 quod
1413 4241 1548 4288 erat.

385 4321 623 4394 CAPUT
648 4320 863 4398 Xila—
880 4324 968 4377 21.
995 4321 1224 4392 Deitatis
1251 4324 1418 4379 unitas
1437 4365 1452 4391 ,
1492 4335 1540 4380 et
1576 4343 1905 4397 personarum

321 4412 634 4485 distributio.
665 4412 918 4486 diediator
943 4413 1192 4482 Christus,
1216 4418 1482 4484 quomodo.
1510 4445 1582 4459 -—-
1609 4418 1792 4474 Pascet
1820 4436 1904 4476 eas

319 4516 496 4584 seruus
515 4519 652 4557 meus
681 4502 865 4574 David.
889 4502 1012 4576 Ipse
1036 4514 1202 4582 pascet
1228 4523 1331 4582 eas,
1347 4515 1392 4562 et
1415 4508 1508 4564 erit
1537 4510 1606 4564 eis
1641 4491 1696 4578 in
1729 4520 1903 4584 pasto-

320 4610 422 4670 rem
465 4608 509 4674 :7
531 4603 584 4672 et,
615 4611 715 4674 ego.
744 4595 996 4674 Dominus
1015 4669 1018 4672 .
1038 4613 1122 4652 ero
1158 4598 1261 4652 illis
1301 4599 1368 4674 in.
1398 4598 1580 4655 Deum.
1604 4603 1900 4672 ,Attendite,

321 4673 516 4738 fratres
637 4670 811 4762 videte
862 4670 1114 4774 unitatem
1157 4671 1408 4766 deitatis,
1458 4700 1512 4746 et
1557 4670 1902 4763 personarum

323 4783 505 4830 tamen
545 4775 968 4851 distributionem
991 4795 1008 4853 ξ
1037 4795 1106 4835 ne
1141 4778 1380 4855 dicamus
1405 4795 1527 4838 eum
1565 4798 1683 4840 esse
1712 4785 1904 4842 Filium

323 4868 407 4937 qui
438 4868 616 4944 Pater
638 4877 754 4944 est,
786 4877 876 4927 aut
913 4887 1035 4941 eum
1073 4861 1193 4928 esse
1230 4861 1438 4930 Patrem
1469 4877 1556 4945 qui
1597 4876 1764 4932 Filius
1801 4889 1902 4934 est.

324 4957 465 5013 Ecce
508 4949 671 5030 dixit,
701 4959 824 5031 Ipse
852 4970 1021 5032 pascet
1048 4977 1168 5028 eas;
1197 4964 1284 5035 qui
1313 4964 1470 5035 paulo
1509 4975 1632 5022 ante
1669 4967 1902 5039 dixerat,

324 5047 454 5124 Ego‘
487 5067 690 5122 pascam
720 5067 844 5122 eas.‘
866 5051 934 5107 Et
975 5054 1064 5116 erit
1092 5055 1194 5138 eis,
1217 5055 1404 5127 inquit,
1446 5057 1499 5111 in
1527 5067 1776 5128 pastorem
1805 5075 1824 5114 .°
1859 5068 1905 5114 et

324 5156 414 5211 ego
430 5140 684 5200 Dominus
704 5159 794 5214 ero,
808 5144 910 5216 illis
930 5145 982 5200 in
1000 5144 1185 5200 Deum.
1205 5146 1426 5224 Expone
1450 5149 1624 5216 nobis,
1645 5151 1866 5224 Domine
1887 5170 1901 5208 :

325 5244 486 5285 nemo
531 5247 720 5302 aquam
765 5235 971 5301 turbet;
1016 5235 1157 5306 quod
1206 5217 1397 5308 parum
1440 5249 1622 5296 manat
1661 5217 1730 5316 de
1770 5257 1907 5316 puro

327 5318 504 5414 (ante,
545 5333 808 5414 pptemus.
855 5321 994 5404 Quid
1039 5319 1182 5384 eam
1226 5323 1376 5410 quasi
1403 5314 1724 5414 _Siliglliatitii
1764 5314 1906 5408 quod

327 5408 530 5480 dixisti,
557 5408 670 5482 Erit
705 5417 813 5487 ipse
847 5418 901 5472 in
931 5415 1212 5489 pastorem;
1243 5408 1333 5492 ego
1369 5439 1453 5477 ero
1484 5424 1536 5478 in
1561 5408 1757 5492 Deum;
1783 5435 1904 5483 ιπη-

328 5505 490 5590 quam
536 5501 665 5590 ipse?
694 5498 763 5590 sit
804 5503 1228 5590 pastornosmi;
1279 5505 1333 5565 lu
1386 5503 1459 5569 sis
1503 5505 1642 5570 Deus
1688 5509 1904 5590 hoster?

328 5586 528 5659 Quare,
555 5587 793 5662 Domine,
822 5589 879 5654 tu
921 5587 1024 5654 non
1063 5586 1122 5656 es
1153 5586 1329 5671 pastor
1356 5591 1558 5672 noster,
1589 5591 1641 5660 et
1682 5586 1770 5662 ille
1797 5622 1903 5664 non

329 5687 414 5734 est
444 5680 581 5738 Deus
607 5688 827 5743 noster?
855 5687 1160 5761 mandante
1188 5691 1330 5761 aiidi,
1362 5703 1475 5750 esto
1500 5694 1807 5756 mansuetus
1835 5701 1903 5757 ad

333 5768 654 5836 audiendum
681 5773 900 5836 verbum
919 5820 936 5852 ,
969 5769 1026 5840 u't
1063 5775 1345 5857 intelligas.
1376 5769 1535 5846 Forte
1564 5773 1705 5848 enim
1742 5794 1902 5854 modo

1675 361 1908 422 διεπιΜο
1947 323 2150 418 XLvu.

3449 355 3557 420 310

1985 479 2133 537 audit
2164 491 2252 534 me
2294 478 2468 550 aliqua
2505 477 2648 535 auris
2678 476 2887 534 diversa
2923 476 3179 543 sentiens,
3213 483 3268 533 et
3307 474 3559 532 laseretieo

1983 585 2194 628 veneno
2224 568 2504 638 labefacta,-
2535 579 2591 628 et
2614 570 2800 627 irridet
2834 585 2920 626 me
2945 570 3232 638 dicentem,
3265 569 3474 626 Patrem
3503 577 3562 626 et

1983 661 2174 718 Filium
2206 677 2366 718 unum
2400 663 2598 728 Deum;
2627 678 2746 718 cum
2772 679 2877 718 non
2908 662 3123 718 irrideat
3152 670 3228 717 tot
3256 662 3419 716 miliia
3449 659 3561 716 ira-

1987 762 2126 809 trum
2153 753 2462 809 habentium
2488 754 2717 808 animam
2748 765 2904 810 uuam
2935 755 3068 817 (Act.
3098 771 3167 820 tv,
3197 753 3290 823 δε)
3322 763 3411 808 :et
3430 753 3556 808 dicit

1985 846 2135 913 mihi,
2185 847 2324 901 Ecce
2370 854 2554 917 aperte
2595 846 2734 901 Deus
2771 847 2920 914 dicit,
2960 846 3073 900 Erit
3113 847 3183 902 eis
3219 847 3271 900 in
3309 856 3559 917 pastorem

1986 946 2154 994 servus
2178 947 2316 996 meus
2335 939 2521 1005 David,
2544 945 2702 1009 queui
2727 949 2780 993 tu
2803 940 2914 1010 ipse
2938 938 3203 995 Christum
3231 939 3558 1004 intellexisti,

1988 1043 2086 1093 nec
2107 1033 2261 1088 aliter
2291 1039 2465 1101 pbtest
2489 1031 2708 1102 intelligi
2741 1049 2756 1087 :
2786 1032 3049 1086 rationem
3087 1029 3560 1106 enim‘reddidisti,

1989 1122 2104 1178 hanc
2127 1137 2246 1179 esse
2289 1124 2450 1192 dicta,
2481 1139 2600 1177 cum
2622 1124 2732 1192 jam
2771 1123 3056 1178 dormisset
3087 1122 3246 1178 David
3276 1140 3291 1178 :
3319 1122 3563 1178 Christus

1988 1229 2114 1284 ergo
2138 1215 2231 1270 erit
2256 1216 2327 1270 eis
2355 1217 2407 1269 in
2435 1227 2716 1287 pastorem;
2742 1223 2786 1269 et
2815 1230 2906 1283 ego
2933 1212 3201 1279 Dominus,-
3229 1215 3322 1280 ait,
3353 1230 3437 1269 ero
3462 1213 3565 1266 illis

1989 1307 2041 1361 in
2072 1305 2270 1372 Deum;
2307 1306 2396 1361 ille
2435 1307 2487 1360 in
2533 1313 2830 1376 pastorem,
2877 1305 2966 1358 ille
3006 1305 3059 1358 in
3098 1304 3283 1358 Deum.
3321 1304 3399 1359 Tu
3436 1319 3564 1372 ergo

1990 1397 2120 1453 mihi
2141 1413 2349 1467 expone
2369 1398 2491 1468 quid
2517 1406 2618 1462 est,
2642 1395 2753 1468 Ego
2783 1409 2983 1468 pascam
3005 1397 3030 1452 ἴ
3049 1395 3176 1462 Quis
3199 1396 3426 1462 dicebat,
3453 1397 3564 1467 Ego

1992 1490 2240 1559 pascam?
2279 1489 2437 1544 Certe
2478 1489 2618 1543 Deus
2656 1489 2879 1558 loquens
2921 1487 3150 1553 dicebat;
3184 1485 3294 1558 Ego
3338 1494 3563 1558 pascam.

1990 1580 2266 1647 Quomodo
2311 1589 2418 1635 non
2456 1583 2721 1649 separavit
2748 1579 3018 1634 Christum
3047 1593 3078 1632 a
3117 1576 3407 1648 pascendo,
3444 1594 3564 1633 eum

1991 1674 2214 1741 diceret,-
2245 1672 2356 1745 Ego
2383 1679 2586 1744 pascaris
2617 1687 2635 1727 :
2663 1673 2741 1728 sic
2781 1688 2888 1728 non
2928 1671 3195 1741 separavit
3219 1670 3489 1726 Christum
3537 1687 3567 1726 a

1991 1765 2206 1828 deitate,
2234 1780 2352 1819 cum
2375 1763 2595 1831 diceret,
2629 1763 2739 1836 Ego
2761 1763 2921 1820 Deus.
2950 1763 3086 1819 Ecce
3111 1771 3292 1834 pastor
3315 1773 3396 1819 est
3419 1763 3572 1819 Chri-

1993 1865 2125 1921 stus,
2144 1866 2323 1924 pastor
2343 1864 2502 1910 estet
2529 1855 2704 1910 Pater.
2733 1853 2822 1911 Sic
2848 1856 2986 1911 Dens
3009 1865 3092 1910 est
3116 1855 3292 1924 Pater,
3326 1855 3465 1911 Deus
3491 1863 3571 1911 εει

1993 1957 2048 2004 et
2073 1949 2340 2004 Christus.
2367 1947 2516 2003 Sicut
2543 1964 2572 2001 a
2603 1958 2816 2017 pastore
2844 1947 3056 2002 Christo
3085 1963 3190 2002 non
3221 1962 3439 2016 separas
3468 1948 3571 2002 Pa-

1996 2052 2164 2108 trem;
2195 2043 2272 2098 sic
2308 2057 2340 2096 a
2365 2043 2477 2098 Deo
2503 2041 2656 2096 Patre
2693 2049 2800 2096 non
2835 2057 3048 2110 separes
3085 2040 3372 2097 ChriStum.
3405 2041 3574 2096 lla-bet

1993 2151 2114 2194 cum
2155 2136 2290 2191 Filio
2327 2136 2485 2191 Pater
2517 2133 2766 2205 pascendi
2812 2134 3226 2198 miserationem,
3261 2132 3573 2188 habetcum

1994 2229 2150 2285 Patre
2174 2228 2337 2284 Filius
2368 2226 2656 2283 divinitatis
2681 2227 3052 2297 mqualitatclu.
3076 2225 3180 2282 Sed
3208 2227 3307 2281 nisi
3337 2227 3405 2281 ita
3431 2226 3576 2282 dice-

1994 2327 2108 2383 ret,
2139 2327 2353 2389 putares
2379 2335 2500 2392 eum
2529 2333 2648 2374 esse
2677 2319 2886 2374 Patrem
2915 2318 3003 2386 qui
3033 2328 3116 2373 est
3143 2318 3183 2372 F
3187 2318 3326 2374 ilius.
3360 2319 3496 2389 Ergo
3523 2329 3578 2374 et

1995 2410 2064 2466 ad
2093 2411 2346 2466 unitatem
2391 2408 2602 2466 deitatis
2638 2417 2690 2465 te
2711 2409 3010 2473 admonuit,
3040 2418 3093 2465 et
3131 2409 3196 2465 ad
3231 2425 3574 2481 personarum

1995 2502 2419 2558 distributionem
2452 2519 2466 2556 :
2497 2501 2716 2573 utquod
2742 2501 2894 2567 dicit,
2927 2501 3048 2573 Ipse
3072 2513 3270 2574 pascet,
3303 2512 3348 2557 et
3377 2519 3466 2574 ego
3493 2519 3578 2557 ero

1997 2595 2099 2649 illis
2124 2594 2177 2648 in
2208 2593 2394 2660 Deum,
2429 2603 2534 2649 non
2560 2609 2620 2649 se
2658 2608 2911 2662 separans
2939 2609 2968 2646 a
3005 2594 3138 2649 Filio
3171 2601 3448 2664 pascente,
3481 2609 3578 2649 nec

1999 2684 2188 2740 Filium
2207 2699 2467 2755 .separans
2490 2701 2517 2738 a
2545 2697 2603 2739 se
2630 2684 2955 2758 dominante,
2983 2694 3036 2740 et
3064 2686 3116 2740 in
3141 2685 3294 2740 Patre
3320 2685 3580 2755 intelligas

2001 2774 2167 2830 Deum
2195 2775 2415 2850 Filium,
2437 2784 2492 2831 et
2520 2775 2571 2830 in
2603 2775 2738 2830 Filio
2768 2775 3028 2845 intelligas
3061 2789 3322 2844 pastorem
3345 2777 3576 2831 Patrem.

2001 2865 2132 2938 Ego,
2157 2866 2343 2936 inquit,
2373 2865 2616 2920 Dominus
2643 2883 2726 2920 ero
2749 2866 2850 2920 illis
2880 2867 2930 2926 in
2963 2867 3146 2934 Deum,
3173 2877 3220 2922 et
3249 2879 3418 2924 servus
3444 2885 3581 2921 meus

2000 2956 2167 3012 David
2188 2958 2418 3026 princeps
2444 2958 2496 3012 in
2516 2959 2679 3012 medio
2696 2974 2889 3013 eorum.
2912 2958 3085 3024 Quare
3113 2959 3164 3012 in
3191 2959 3352 3012 medio
3373 2961 3582 3014 eorum?

2001 3048 2133 3118 Quia
2173 3048 2388 3104 Verbum
2427 3066 2547 3104 caro
2582 3050 2772 3119 factum
2822 3057 2914 3115 est,-
2966 3061 3012 3104 et
3053 3050 3292 3105 habitabit
3335 3052 3387 3105 in
3443 3052 3583 3106 nobis

2003 3141 2179 3214 (Joan.
2211 3157 2248 3206 1,
2279 3142 2389 3212 M).
2421 3140 2666 3212 Princeps
2709 3143 2759 3196 in
2803 3144 2964 3196 medio
3001 3160 3190 3198 eorum.
3225 3143 3350 3200 Inde
3382 3149 3436 3200 et
3469 3154 3582 3200 me-

2002 3233 2176 3289 diator
2213 3233 2302 3288 Dei
2343 3241 2398 3287 et
2426 3233 2734 3299 hominum;
2773 3235 2894 3304 quia
2927 3235 3067 3289 Deus
3105 3251 3226 3291 eum
3257 3236 3429 3302 Patre,-
3463 3243 3582 3308 quia

2004 3323 2165 3383 ltomo
2204 3341 2327 3380 cum
2371 3326 2691 3381 hominibus.
2737 3326 2850 3380 Non
2893 3329 3152 3382 mediator
3197 3328 3356 3384 homo
3397 3342 3586 3398 praeter

2003 3416 2288 3483 deitatem;
2330 3432 2435 3472 non
2475 3418 2733 3487 mediator
2776 3419 2912 3474 Deus
2955 3428 3144 3488 praeter
3181 3419 3581 3476 luuuaultatem.

2004 3509 2145 3567 Ecce
2187 3509 2444 3566 mediator
2485 3527 2498 3565 :
2550 3511 2803 3565 Divinitas
2845 3511 2959 3566 sine
2998 3511 3324 3567 humanitate
3367 3523 3470 3567 tiou
3505 3523 3587 3569 est

2005 3602 2305 3667 mediatrix,
2336 3602 2634 3658 humanitas
2671 3602 2787 3657 sine
2823 3601 3096 3658 divinitate
3129 3609 3232 3658 non
3264 3612 3344 3657 est
3390 3605 3587 3658 media—

2007 3694 2148 3758 trix;
2198 3694 2292 3749 sed
2341 3695 2482 3749 inter
2520 3694 2846 3749 divinitatem
2891 3694 3056 3748 solam
3102 3707 3154 3748 et
3204 3695 3583 3751 humanitatem

2005 3786 2208 3853 solam;
2238 3786 2517 3841 mediatrix
2553 3795 2635 3842 est
2659 3784 2888 3842 humana
2919 3785 3163 3842 divinitas
3195 3797 3250 3843 et
3275 3788 3450 3844 divina
3480 3789 3583 3844 lm-

2005 3878 2233 3936 manitas
2255 3877 2472 3934 Christi.
3543 3931 3545 3934 .

2075 3996 2300 4068 CAPUT
2328 3995 2466 4067 XIII.
2495 4007 2565 4052 '4-
2697 3994 2865 4066 'sei'vtts
2897 3988 3036 4065 ηιέῦἑ
3070 3993 3236 4065 thid
3274 3995 3506 4086 plinc'ép‘i
3532 3997 3584 4086 In

2005 4093 2170 4156 tiieilib
2212 4095 2403 4156 eortinl.
2429 4089 2541 4174 Ego
2568 4087 2816 4156 Do'illin'tts
2845 4091 3040 4157 [aelidis
3076 4090 3188 4158 didii
3219 4109 3240 4157 .‘
3267 4084 3370 4158 [toti
3411 4084 3587 4160 uestio

2007 4182 2124 4268 ἂυῑὲ
2151 4179 2450 4252 haereticus.
2478 4175 2588 4268 Ε’ῇο
2613 4174 2859 4251 Dominus
2889 4180 3081 4252 laetitiiti
3110 4177 3241 4252 tiliiti.

2076 4327 2168 4384 2‘2.
2190 4329 2558 4386 Testamentum
2603 4333 2761 4401 pacis.
2813 4309 3127 4388 Testamenta
3155 4334 3585 4409 schisntatirorum

2006 4420 2152 4475 irrita
2199 4437 2287 4490 per
2333 4422 2692 4492 imperatorum
2741 4424 2896 4494 leges.
2945 4424 3240 4495 Scripturtts
3277 4444 3330 4488 se
3367 4427 3428 4482 ab
3473 4429 3588 4498 igne

2007 4527 2226 4566 seruasse
2245 4514 2444 4583 jactant
2473 4512 2916 4570 Donatistae—Et
2938 4516 3202 4587 disponam
3227 4520 3295 4580 ad
3323 4535 3404 4574 eos
3433 4531 3588 4576 testa-

2008 4615 2228 4662 mentum
2255 4607 2392 4677 pacis
2417 4622 2435 4661 :
2457 4622 2554 4678 per
2577 4607 2749 4678 ipsum
2775 4610 2956 4681 utique
2974 4613 3061 4681 qui
3083 4613 3176 4679 ait,
3208 4612 3394 4668 Pacem
3423 4624 3584 4674 ineant

2009 4696 2073 4759 de
2095 4697 2248 4761 vobis;
2275 4714 2450 4769 pacem
2497 4713 2659 4754 meam
2698 4701 2924 4771 relinquo
2972 4702 3106 4759 vobis
3131 4703 3305 4776 (Joan.
3335 4721 3442 4771 xw,
3470 4707 3582 4777 21).

2009 4787 2119 4846 Hoc
2136 4798 2216 4850 est
2238 4797 2610 4866 testatnentum
2635 4793 2797 4862 patris
2816 4796 3003 4862 nostri,
3030 4805 3395 4852 testamentum
3421 4801 3582 4867 pacis.

2009 4879 2265 4948 Quarlibet
2313 4881 2594 4940 haereditas
2635 4884 2897 4948 dividatur
2938 4888 3076 4943 inter
3114 4899 3405 4953 consortes,
3446 4895 3585 4960 pacis

2011 4969 2292 5032 haereditas
2319 4971 2482 5028 dividi
2509 4989 2616 5030 non
2646 4983 2837 5046 potest.
2868 4977 2976 5038 Pax
3005 4987 3187 5036 nostra
3209 4980 3452 5042 Christus
3481 4995 3582 5039 est.

2011 5061 2118 5118 Pax
2145 5061 2270 5118 facit
2307 5071 2530 5134 utraque
2558 5081 2742 5134 unum,
2782 5084 2887 5126 non
2920 5069 3026 5126 duo
3054 5071 3121 5128 de
3148 5079 3274 5128 uno.
3303 5071 3428 5144 Ipse
3455 5077 3586 5132 enim

2012 5169 2114 5223 pax
2126 5162 2318 5222 nostra,
2339 5155 2495 5224 dixit.
2516 5159 2602 5230 qui
2619 5159 2736 5228 fecit
2751 5170 2961 5234 utraque
2983 5178 3136 5220 unum
3157 5162 3368 5236 (Epiros.
3393 5182 3450 5235 ιι.
3473 5168 3584 5238 14).

2011 5243 2408 5322 Testamentum
2434 5247 2544 5306 .Dei
2578 5257 2684 5319 est,
2708 5249 2990 5308 hereditas
3025 5267 3128 5324 pax
3153 5262 3254 5312 est.
3284 5256 3586 5314 Aeoncor-
3626 5249 3628 5252 ’

2009 5335 2166 5396 dibus
2191 5341 2526 5398 censortibus
2545 5343 2893 5414 possideatur,
2920 5351 3029 5401 non
3053 5361 3086 5402 ι
3109 5347 3434 5420 litigantibus
3454 5352 3588 5410 divi-

2010 5426 2190 5487 datur.
2211 5428 2278 5487 Et
2299 5431 2566 5502 disponant
2591 5434 2660 5489 ad
2680 5441 3135 5506 eosktcstamentttm
3161 5441 3316 5511 pacis.
3340 5439 3584 5516 Vigilate,

2011 5518 2275 5592 haeretici,-
2306 5521 2483 5579 audite
2509 5538 2540 5580 a
2569 5531 2782 5594 pastore
2810 5534 3179 5586 testamentum
3212 5533 3374 5602 pacis,
3409 5535 3588 5591 venite

2010 5609 2076 5666 ad
2107 5627 2312 5682 pacem.
2341 5611 2631 5670 lrascimini
2668 5615 2972 5677 chriSt’ianis
3001 5621 3434 5692 imperatoribus,
3463 5625 3588 5696 quia

2009 5711 2332 5784 testamenta,
2343 5715 2516 5786 vestra
2532 5708 2708 5786 valere
2727 5712 3014 5802 noluerpnt
3027 5715 3344 5802 ingentibus
3358 5717 3550 5796 vegtris
3567 5735 3585 5775 :

1956 5863 1958 5865 ,
2017 5798 2192 5858 videte
2214 5813 2372 5872 quam
2400 5799 2558 5872 digna
2586 5802 2657 5863 sit
2683 5819 2860 5878 poena.
2887 5787 2955 5868 Et
2981 5787 3107 5882 quid
3134 5787 3217 5870 ὁδί
3239 5787 3383 5885 quod
3417 5787 3589 5892 ἰὰιιιτ
