3994 6450
474 293 566 350 3H

476 421 714 466 mentum
745 418 982 467 vestrum
1011 425 1116 464 non
1143 408 1281 462 valet
1309 407 1361 461 in
1386 404 1546 460 domo
1573 416 1745 460 vestra
1780 406 1855 478 (α)
1875 406 1899 459 ?
1923 405 2058 474 Quid

471 503 594 556 est?
623 511 876 571 quantum
900 502 1019 558 est?
1048 501 1204 555 Dolor
1232 500 1331 554 iste
1367 497 1657 553 admonitio
1679 506 1758 552 est
1777 539 1791 564 ,
1825 497 2057 551 nondum

474 593 764 648 damnatio.
791 592 972 648 Voluit
997 592 1137 647 enim
1163 593 1301 646 Deus
1324 591 1550 660 compati
1581 599 1894 644 testamento
1915 589 2058 659 pacis

475 700 608 740 suae.
640 684 904 741 Condoles
935 695 1252 740 testamento
1279 693 1390 750 tuo,
1423 683 1467 736 si
1495 699 1599 736 non
1639 691 1742 737 stet
1769 690 2060 738 testamen-

471 786 584 831 tum
619 786 764 832 tuum
794 777 844 830 in
890 777 1048 831 domo
1076 786 1181 830 tua.
1209 775 1368 829 Certe
1404 774 1692 828 moriturus
1719 789 1806 838 es,
1851 783 1903 828 et
1932 773 2058 844 quid

471 877 660 940 agatur
685 870 735 922 in
762 868 850 923 illa
878 867 1039 922 domo
1063 875 1243 936 postea
1270 866 1593 920 ncsciturus.
1618 863 1682 917 In
1708 865 1798 918 illa
1821 865 1954 918 enim
1975 865 2058 918 die

470 963 684 1033 perient,
709 961 895 1030 inquit,
919 976 1089 1013 omnes
1108 959 1432 1028 cogitationes
1455 958 1563 1024 ejus
1585 955 1754 1030 (Psal.
1779 971 1940 1020 CXLV,
1959 955 2018 1025 4)
2039 973 2052 1009 :

469 1064 515 1108 et
553 1071 654 1107 non
695 1062 958 1124 cognoscet
993 1051 1213 1122 amplius
1247 1051 1414 1105 locum
1441 1067 1589 1105 suum
1612 1049 1780 1121 (Psal.
1813 1065 1905 1116 cn,
1940 1049 2052 1122 16).

435 1182 449 1211 η
468 1144 584 1198 Non
625 1159 751 1212 ergo
795 1146 1022 1196 sciturus
1060 1141 1184 1212 quid
1214 1151 1390 1210 postea
1435 1150 1618 1211 agatur
1659 1141 1710 1194 in
1742 1140 1902 1195 domo
1943 1148 2051 1208 tua,

441 1223 589 1286 icum
636 1243 875 1288 mortuus
919 1232 1113 1297 fueris;
1161 1232 1309 1287 doles
1349 1242 1523 1286 tamen
1564 1246 1672 1287 non
1715 1242 1857 1288 stare
1892 1241 2054 1288 testa-

467 1333 703 1379 mentum
737 1334 882 1378 tuum
925 1325 976 1378 in
1005 1324 1164 1379 domo
1195 1332 1302 1378 tua.
1335 1323 1574 1379 Christus
1608 1333 1847 1380 mortuus
1872 1340 2052 1380 resur-

465 1417 621 1475 rexit.
657 1415 726 1471 de
763 1417 900 1472 etelo
940 1419 1193 1487 respexit,
1234 1426 1289 1471 ut
1327 1425 1430 1470 stet
1459 1425 1830 1471 testamentum
1865 1418 2050 1487 ipsius.

467 1509 670 1578 Evigila
717 1525 782 1564 ex
829 1507 1011 1564 dolore
1058 1519 1184 1576 tuo,
1234 1509 1502 1579 corrigere
1545 1524 1608 1563 ex
1652 1511 1887 1565 cruciatu
1937 1518 2049 1566 tuo.

464 1600 634 1672 Ligno
663 1602 803 1657 male
827 1617 988 1656 curvo
1013 1603 1152 1656 nosti
1178 1603 1408 1656 calorem
1431 1601 1606 1656 solere
1627 1601 1866 1657 adhiberi
1890 1617 1904 1656 :
1934 1617 2054 1658 cor-

421 1747 425 1752 ,
461 1693 601 1762 rigat
631 1700 684 1747 te
709 1691 863 1746 dolor
888 1693 1016 1758 iste,
1051 1691 1283 1746 nondum
1313 1701 1395 1746 est
1421 1689 1633 1747 ﬂamma
1673 1692 1808 1762 ignis
1834 1693 2046 1759 attenti,

465 1794 715 1854 tanquam
752 1784 898 1838 calor
934 1783 1033 1838 foci
1073 1794 1157 1838 est
1190 1784 1433 1838 admotus
1462 1799 1624 1839 curvo
1660 1784 1810 1840 cordi
1848 1793 1957 1853 tuo,
1997 1794 2053 1840 ut

467 1870 592 1930 hinc
640 1876 984 1933 admoneatur
1023 1885 1078 1931 et
1118 1876 1430 1945 corrigatur.
1476 1877 1626 1943 Dole,
1651 1891 1865 1946 prorsus
1906 1886 2051 1932 recte

463 1967 633 2031 doles,
684 1983 790 2022 non
837 1977 976 2022 Stare
1026 1969 1400 2021 testamentum
1442 1977 1588 2021 tuum
1633 1968 1687 2021 in
1734 1967 1895 2022 domo
1939 1977 2046 2023 tua.

462 2061 663 2150 quus
694 2061 807 2125 Dei,
834 2076 928 2116 cor
956 2069 1103 2114 tuum
1141 2067 1244 2114 εει.
1276 2059 1330 2114 Si
1364 2059 1442 2113 vis
1470 2060 1648 2114 valere
1675 2068 2046 2114 testamentum

461 2163 611 2208 tuum
640 2156 690 2209 in
715 2154 876 2209 domo
903 2165 1008 2219 tua,
1038 2169 1204 2224 quare
1232 2169 1337 2207 non
1367 2154 1446 2208 vis
1470 2155 1646 2209 valere
1674 2163 2048 2209 testamentum

460 2245 556 2300 Dei
599 2246 650 2299 in
698 2246 858 2301 domo
893 2246 1022 2299 sua?
1056 2246 1286 2300 Dimittis
1330 2246 1451 2300 tiliis
1486 2247 1588 2300 tuis
1621 2247 1866 2316 parietes,
1911 2257 1966 2302 et
2003 2249 2047 2302 si

460 2338 616 2392 aliter
660 2338 798 2391 tilios
836 2346 953 2393 tuos
991 2338 1252 2392 divisuros
1290 2339 1521 2404 noveris,
1567 2354 1722 2408 quam
1763 2347 1821 2392 tu
1862 2338 2047 2410 dispo-

461 2431 654 2495 sueris,
697 2430 864 2484 doles.
909 2430 982 2484 De
1020 2445 1124 2485 una
1170 2430 1329 2483 domo
1367 2430 1638 2497 vilissima,
1661 2431 1729 2486 de
1757 2439 1896 2486 tecto
1934 2433 2046 2486 rui-

459 2531 600 2589 turo,
635 2532 884 2591 quantam
916 2533 1107 2577 curam
1138 2521 1322 2588 habes,
1355 2531 1605 2592 quantam
1636 2523 2043 2579 sollicitudinem

459 2615 735 2683 concipis?
783 2613 1236 2682 Quemadmodum
1279 2612 1586 2667 ardentibus
1624 2612 1878 2680 febribus,
1921 2629 2045 2682 pre-

457 2708 624 2762 menti
674 2709 892 2771 morbo,
939 2707 1036 2777 ipsi
1078 2707 1235 2760 morti
1258 2705 1462 2776 urgenti
1508 2706 1744 2772 resistis,
1790 2716 2043 2776 quantum

456 2812 629 2872 potes,
658 2802 914 2856 anhelans
942 2801 1100 2856 verba
1131 2810 1387 2866 extrema,
1423 2808 1480 2853 ut
1509 2799 1729 2869 impleas
1760 2807 2046 2854 testamen-

458 2895 610 2949 tum?
633 2896 772 2964 Quot
799 2894 1133 2963 jurisperitos
1172 2893 1426 2957 consulis,
1465 2900 1688 2960 quantas
1721 2889 1955 2956 fraudes,
1986 2897 2046 2944 ut

457 2989 561 3033 stet
597 2987 969 3033 testamentum
1001 2987 1145 3033 tuum
1181 2985 1364 3030 contra
1396 2977 1564 3045 ipsam
1607 2976 1774 3045 legem
1808 2975 2042 3043 Impera-

456 3072 610 3138 toris,
642 3071 862 3141 inquiris
878 3076 900 3124 ’ἐ
931 3073 1004 3126 De
1033 3070 1275 3140 proximo
1301 3070 1391 3124 tibi
1419 3068 1704 3138 respondet
1731 3069 1892 3134 Deus,
1923 3067 2040 3122 Noli

458 3162 674 3216 fraudes
695 3178 954 3232 quiercre,
976 3162 1083 3216 noli
1107 3161 1461 3216 calumniosas
1481 3159 1734 3214 formulas
1754 3159 2036 3230 aucupari:

455 3255 538 3310 vis
565 3265 705 3310 stare
735 3263 1104 3309 testamentum
1132 3252 1311 3307 tuum?
1336 3251 1452 3306 Stet
1478 3251 1530 3306 in
1562 3262 1613 3306 te
1633 3266 1830 3306 meum.
1859 3251 2038 3318 Doles,

456 3348 578 3418 quia
619 3347 1019 3417 acquisitionem
1058 3355 1196 3399 tuam
1231 3344 1368 3399 tollit
1405 3344 1558 3408 alius,
1589 3358 1744 3412 quem
1772 3343 1990 3398 nolebas
2022 3358 2038 3400 :

455 3439 582 3510 quid
600 3438 666 3493 de
686 3438 993 3492 hmreditate
1010 3452 1125 3492 mea
1145 3445 1250 3492 tam
1271 3437 1398 3500 lata,
1419 3445 1523 3489 tam
1546 3435 1652 3504 pia?
1665 3434 1691 3488 1
1700 3452 1732 3488 n
1747 3435 1934 3489 semine
1953 3445 2040 3490 tuo

455 3531 808 3588 benedicentur
850 3547 1018 3584 omnes
1059 3539 1226 3601 gentes
1265 3528 1414 3599 (Gen.
1457 3544 1590 3593 xx",
1632 3528 1720 3599 18)
1749 3546 1761 3581 :
1793 3528 1907 3582 Dixi
1946 3543 2042 3598 ego

455 3637 614 3679 servo
642 3637 790 3690 meo,
821 3622 950 3677 dicit
981 3621 1073 3676 tibi
1105 3622 1245 3674 Deus
1265 3662 1277 3685 ,
1312 3631 1365 3674 et
1389 3619 1614 3674 credidit
1640 3634 1760 3674 cum
1795 3619 1907 3674 huic
1935 3635 2041 3672 non

454 3714 704 3770 videret:
745 3723 801 3768 tu
829 3713 998 3780 vides,
1044 3721 1098 3768 et
1138 3726 1318 3782 negas.
1359 3711 1494 3765 Ecce
1520 3711 1608 3764 ille
1645 3709 1843 3764 factum
1884 3719 2042 3764 testa-

453 3816 692 3862 mentum
737 3806 985 3871 servavit,
1029 3815 1084 3860 tu
1126 3813 1364 3873 apertum
1406 3801 1679 3857 discindis.
1712 3801 1862 3857 Tunc
1898 3802 2042 3858 enim

455 3909 832 3957 testamentum
859 3908 1125 3955 servatum
1152 3906 1252 3959 est,
1276 3895 1487 3967 quando
1512 3895 1746 3949 auditum
1775 3904 1886 3949 est:
1921 3903 2044 3948 tunc

457 4005 700 4067 apertum
727 4003 836 4054 est,
871 3993 1080 4063 quando
1111 3990 1387 4059 impletum
1420 3998 1522 4045 est.
1551 3989 1730 4058 Usque
1773 3987 1825 4043 id
1855 4001 2043 4042 manus

455 4098 576 4143 tuas
598 4094 863 4141 servatura
891 4092 973 4138 est
999 4091 1394 4137 testamentum.
1417 4078 1573 4136 Certe
1596 4078 1764 4135 haeres
1783 4080 1864 4134 vis
1886 4094 2007 4135 esse
2027 4096 2040 4132 :

459 4177 715 4248 numquid
730 4177 807 4232 sic
823 4185 995 4230 tecum
1009 4173 1279 4229 contendit
1291 4171 1530 4227 cobaeres
1549 4182 1685 4238 tuus,
1700 4180 1760 4226 ut
1774 4171 1911 4226 dicat
1928 4171 2040 4243 tibi,

455 4269 609 4326 Tolle
626 4269 780 4323 istam
800 4277 1131 4339 partem,ego
1149 4265 1313 4330 illam;
1329 4273 1442 4332 aut,
1462 4263 1610 4318 Tolle
1635 4264 2046 4330 tuminorem,et

459 4377 560 4434 ego
585 4361 840 4431 majorem
859 4359 883 4412 ?
902 4359 1018 4415 Non
1039 4358 1186 4420 dicit,
1211 4356 1380 4412 Simul
1397 4355 1698 4411 dividamus
1715 4371 1727 4408 :
1746 4356 1860 4420 sed,
1877 4355 2045 4411 Simul

459 4454 769 4510 habeamus.
789 4451 901 4506 Hoc
929 4451 1070 4506 enim
1098 4449 1263 4504 voluit
1291 4448 1378 4518 qui
1418 4456 1638 4503 testatus
1665 4456 1765 4502 est.
1783 4447 1961 4516 Aperi,
1991 4456 2044 4502 et

459 4548 595 4618 lege.
626 4546 688 4600 Et
713 4545 912 4600 clamas
938 4563 948 4597 :
979 4543 1056 4597 Ne
1080 4539 1471 4605 incenderetur,
1495 4554 1594 4608 ego
1617 4537 1757 4607 feci;
1783 4555 1850 4594 ne
1871 4539 2046 4593 incen-

461 4639 698 4704 deretur,
729 4650 828 4706 ego
865 4633 1091 4688 servavi.
1131 4631 1208 4686 Ne
1247 4629 1638 4696 incenderetur,
1687 4640 1742 4684 tu
1780 4630 2046 4685 servasti?

467 4731 626 4801 Aperi
652 4739 706 4784 et
733 4727 852 4782 vide
878 4727 1002 4796 quia
1028 4722 1167 4780 unde
1193 4721 1554 4777 incendereris
1579 4717 1839 4775 servasti:
1863 4735 2049 4790 quam-

465 4825 545 4879 vis
576 4833 625 4878 te
650 4835 891 4877 servasse
914 4819 1052 4873 absit
1078 4826 1134 4870 ut
1163 4814 1407 4881 credam,
1437 4829 1594 4884 quem
1623 4812 1776 4866 video
1803 4827 1906 4868 non
1934 4827 2048 4866 ser-

463 4931 588 4969 vare
615 4912 754 4984 quod
781 4913 952 4980 jubet.
987 4910 1052 4963 Et
1079 4925 1264 4980 ponam
1294 4907 1360 4959 ad
1399 4921 1481 4960 eos
1511 4915 1858 4960 testamentum
1886 4905 2045 4975 pacis.

533 5005 758 5062 CAPUT
789 5003 929 5059 XIV.
946 5032 1018 5042 —-
1040 5002 1127 5057 25.
1158 5000 1417 5054 Habitatio
1442 5009 1486 5051 et
1511 5000 1648 5070 quies
1668 5000 1719 5052 in
1741 5013 1903 5052 eremo
1923 5013 2050 5051 con-

462 5099 702 5155 scientiw.
726 5127 797 5138 --
821 5094 889 5150 Et
922 5093 1260 5149 exterminabo
1292 5089 1474 5142 bestias
1501 5089 1660 5143 malas
1689 5105 1720 5140 a
1760 5098 1911 5141 terra.
1945 5088 2050 5142 Be-

463 5194 625 5256 stias,
659 5189 840 5244 hostes
876 5183 1177 5241 testamenti
1207 5180 1374 5251 pacis.
1404 5180 1480 5234 De
1507 5179 1623 5234 istis
1649 5179 1833 5235 bestiis
1860 5178 2054 5233 dicitur

466 5282 521 5335 in
551 5280 780 5343 Psalmo,
810 5276 1030 5346 Increpa
1052 5279 1182 5344 {eras
1203 5272 1387 5326 calami
1409 5269 1580 5345 (Psal.
1605 5285 1763 5334 vau,
1788 5269 1899 5339 51).
1915 5266 2054 5336 Quid

469 5379 576 5433 est,
621 5371 753 5440 feras
790 5365 1018 5420 calami?
1061 5363 1262 5417 Bestias
1305 5361 1634 5415 adversarius
1672 5365 1868 5412 sanctae
1909 5357 2055 5412 Scri-

469 5470 679 5532 pturae;
711 5457 831 5528 quia
883 5457 1085 5511 calamo
1120 5453 1331 5524 scriptae
1378 5461 1522 5506 sunt.
1575 5448 1930 5506 Extenninabo
1967 5449 2053 5503 be-

470 5553 594 5608 stias
622 5549 780 5604 malas
801 5565 832 5601 a
858 5557 991 5602 terra
1017 5561 1036 5599 :
1060 5553 1105 5599 et
1131 5542 1422 5598 habitabant
1451 5543 1502 5596 in
1529 5558 1690 5596 eremo
1714 5541 1765 5594 in
1785 5557 1891 5612 spe.
1919 5540 2056 5607 Quid.

473 5653 575 5711 est,
605 5645 657 5697 in
685 5643 890 5697 eremo?
918 5641 975 5696 In
1003 5638 1305 5694 solitudine.
1337 5635 1477 5704 Quid
1501 5643 1585 5691 est
1606 5676 1619 5701 ,
1651 5635 1705 5689 in
1733 5635 2016 5692 solitudine

435 5755 439 5760 '
537 5759 612 5827 (a)
637 5758 743 5830 nd.
769 5758 1016 5823 Epistolam
1035 5755 1117 5819 es,
1139 5753 1200 5804 ad
1222 5753 1538 5815 vincentium,
1561 5763 1611 5801 ιι.
1638 5748 1712 5800 19.

1698 289 1753 344 S.
1793 287 2158 345 AUGUSTINI
2198 285 2498 344 EPISCOPI

3638 297 3739 354 312

2167 404 2312 458 Intus
2343 405 2392 459 in
2424 404 2767 477 conscientia.
2800 405 2980 477 Magna
3009 406 3240 463 solitudo
3259 449 3273 474 ,
3305 423 3409 478 qua
3434 423 3539 464 non
3567 412 3737 468 solum

2136 516 2139 518 ·
2164 497 2339 551 nullus
2366 496 2640 551 hominum
2672 499 2879 565 transit,
2906 498 3001 554 sed
3030 514 3130 554 nec
3154 499 3314 555 videt.
3344 498 3420 555 lbi
3439 499 3737 560 habitemus

2164 591 2216 645 in
2242 605 2336 660 spe
2363 592 2402 658 ⁸,
2430 591 2552 661 quia
2581 590 2816 645 nondum
2840 591 2893 645 in
2914 608 2992 647 re.
3018 593 3227 647 Etenim
3259 601 3422 648 totum
3451 595 3591 664 quod
3609 595 3738 652 foris

2162 690 2246 736 est
2280 691 2540 747 nostrum,
2581 681 2798 736 ﬂuctuat
2835 684 3236 752 tempestatibus
3273 693 3328 740 et
3365 687 3739 744 tentationibus

2161 772 2361 826 stecnli.
2398 772 2493 826 Est
2537 772 2758 827 interior
2783 787 3015 841 eremus,
3049 774 3119 828 ibi
3158 773 3545 846 interrogemus
3583 777 3738 833 ﬁdem

2161 872 2397 918 nostram
2429 883 2442 918 :
2474 865 2883 936 interrogemus,
2914 866 2960 921 si
2998 875 3078 921 est
3103 866 3332 923 charitas
3362 870 3532 935 intus;
3563 872 3742 927 videa-

2127 959 2130 964 '
2162 969 2299 1021 mus,
2330 955 2375 1010 si
2402 971 2506 1010 non
2539 955 2674 1010 labia
2699 965 2909 1024 sonant,
2938 957 3032 1012 sed
3051 967 3105 1012 et
3122 967 3326 1028 pectus,
3349 975 3470 1015 cum
3491 960 3738 1028 dicimus,

2159 1044 2370 1100 Dimitte
2394 1045 2535 1101 nobis
2563 1047 2732 1102 debila
2755 1059 2949 1116 nostra,
2981 1051 3109 1104 sicut
3135 1060 3183 1105 et
3209 1068 3300 1107 nos
3325 1052 3618 1109 dimittimus
3648 1056 3740 1111 de-

2158 1137 2398 1192 bitoribus
2439 1143 2632 1196 nostris
2656 1141 2868 1212 (Matth.
2897 1159 2970 1212 Vl,
3014 1142 3123 1216 i2).
3167 1145 3222 1200 Si
3260 1161 3441 1201 verum
3479 1157 3653 1216 sonat,
3697 1151 3742 1206 si

2159 1246 2342 1286 verum
2383 1230 2632 1300 dicimus,
2681 1233 2766 1287 ubi
2814 1250 2970 1289 nemo
3016 1234 3288 1290 hominum
3337 1236 3498 1305 videt,
3547 1238 3617 1293 ibi
3660 1249 3745 1296 est

2157 1338 2392 1390 eremus,
2440 1324 2527 1379 ubi
2565 1325 2948 1395 requiescimus
2993 1326 3045 1380 in
3083 1341 3209 1396 spe;
3241 1328 3360 1398 quia
3401 1330 3589 1384 transit
3625 1330 3745 1387 haec

2157 1416 2331 1471 omnis
2375 1417 2680 1483 tribulatio;
2712 1427 2767 1472 et
2792 1433 2911 1488 qua:
2953 1432 3076 1488 spes
3113 1429 3248 1486 erat,
3278 1419 3366 1476 flet
3410 1437 3517 1488 res,
3549 1432 3605 1478 et
3641 1425 3746 1480 erit

2159 1514 2323 1560 totum
2364 1516 2604 1561 nostrum
2653 1508 2704 1562 in
2747 1508 2951 1578 requie.
2979 1508 3096 1563 .lam
3132 1511 3402 1580 conspicui
3436 1513 3589 1567 nobis
3628 1515 3742 1569 eri-

2157 1612 2276 1652 mus
2292 1599 2342 1663 ’ς
2370 1607 2423 1653 ει
2451 1614 2554 1653 non
2575 1600 2676 1654 erit
2690 1589 2805 1655 ovis
2827 1609 3075 1671 tanquam
3096 1599 3420 1669 abscondiia,
3443 1606 3700 1676 cogitatio
3721 1625 3736 1672 ;

2155 1698 2211 1744 et
2235 1705 2339 1744 non
2360 1690 2462 1744 erit
2488 1705 2702 1744 eremus
2729 1691 3053 1746 conscientia
3085 1710 3096 1746 :
3127 1693 3249 1763 quia
3279 1709 3468 1750 omnes
3499 1697 3596 1752 sibi
3629 1698 3743 1753 noti

2155 1792 2339 1852 erunt,
2387 1793 2440 1839 et
2481 1785 2830 1854 cogitationes
2869 1800 2993 1840 suas
3034 1786 3239 1855 ignotas
3281 1802 3386 1842 non
3433 1787 3742 1858 habebunt,

2155 1891 2276 1930 cum
2325 1875 2532 1930 venerit
2581 1876 2865 1941 Dominus,
2913 1887 2969 1932 et
3009 1876 3384 1933 illuminaverit
3432 1879 3746 1936 abscondita

2156 1968 2528 2033 tenebrarum;
2573 1977 2628 2022 et
2670 1968 3027 2023 manifestabit
3063 1970 3410 2039 cogitationes
3449 1971 3648 2038 cordis,
3693 1981 3748 2028 et

2157 2070 2279 2116 tunc
2320 2061 2435 2115 laus
2476 2061 2577 2115 erit
2621 2061 2902 2131 unicuique
2937 2076 2968 2116 a
3006 2061 3116 2116 Deo
3141 2062 3196 2132 (Ι
3227 2061 3346 2116 Cor.
3381 2077 3451 2128 iv,
3485 2064 3560 2133 5).
3589 2064 3747 2122 Nun‘c

2153 2169 2281 2208 vero
2304 2153 2454 2208 vides
2481 2153 2614 2208 duos
2644 2153 2889 2208 homines
2917 2153 2968 2208 in
2999 2155 3355 2222 tribulatione,
3384 2171 3477 2210 cor
3505 2157 3745 2226 ipsorum

2152 2246 2335 2301 videre
2373 2262 2477 2300 non
2511 2254 2681 2316 potes.
2711 2246 2872 2302 Forte
2908 2247 3044 2302 alius
3081 2249 3411 2304 conscientia
3444 2251 3743 2320 mordetur,

2153 2341 2285 2394 alius
2325 2340 2376 2393 in
2417 2340 2774 2404 conscientia,
2805 2348 3052 2410 tanquam
3095 2341 3148 2394 in
3190 2356 3394 2406 eremo,
3433 2343 3743 2412 requiescit.

2118 2448 2120 2450 '
2152 2430 2219 2484 Et
2247 2430 2540 2484 habitabant
2568 2431 2622 2484 in
2655 2447 2818 2484 eremo
2859 2432 2911 2484 in
2941 2448 3030 2500 spe
3059 2447 3077 2484 :
3103 2440 3148 2484 et
3186 2448 3414 2485 somnum
3455 2432 3709 2487 habebunt
3727 2474 3743 2500 ,

2153 2522 2205 2577 id
2241 2533 2342 2589 est,
2382 2523 2616 2593 quietem
2656 2531 2904 2592 tanquam
2940 2522 3184 2577 alienatis
3216 2523 3460 2578 sensibus
3497 2524 3564 2578 ab
3593 2527 3744 2580 omni

2151 2615 2372 2685 strepitu
2410 2615 2624 2681 saeculi;
2670 2615 2812 2670 intus
2860 2615 2930 2670 ibi
2972 2616 3338 2685 requiescent,
3368 2617 3420 2670 in
3458 2619 3579 2672 rivis
3608 2618 3651 2672 ³.
3686 2619 3744 2675 1η

2151 2705 2262 2773 ipsa
2285 2706 2425 2760 intus
2445 2720 2626 2760 eremo
2645 2715 2769 2760 sunt
2788 2705 2885 2760 rivi
2907 2705 3122 2775 quidam
3145 2707 3416 2762 memoriae
3435 2719 3738 2776 manantes,

2150 2797 2381 2866 liquores
2424 2796 2634 2852 divinos
2679 2798 3032 2852 scaturientes
3073 2813 3135 2853 es
3181 2807 3361 2855 mente
3405 2798 3743 2870 Scripturam

2151 2890 2380 2944 tenentis
2431 2896 2486 2944 et
2538 2889 2842 2944 recolentis.
2897 2889 3108 2945 Etenim
3154 2890 3294 2960 quod
3344 2890 3546 2961 legisti,
3597 2893 3742 2962 quod

2149 2980 2364 3048 audisti,
2411 2981 2456 3035 si
2497 2995 2688 3050 purum
2717 2989 2772 3035 et
2809 2981 3061 3050 liquidum
3102 2990 3157 3036 et
3194 2991 3435 3037 sanctum
3465 2984 3745 3039 memoria:

2149 3073 2511 3138 mandaveris;
2539 3089 2661 3128 cum
2687 3074 2913 3143 coeperis
2943 3074 2995 3128 in
3023 3074 3109 3128 illa
3150 3075 3412 3130 interiore
3437 3089 3652 3142 eremo,
3691 3077 3745 3132 id

2147 3173 2248 3229 est,
2268 3164 2321 3219 in
2341 3165 2479 3220 bona
2504 3165 2825 3219 conscientia
2853 3165 3208 3235 requiescere,
3229 3166 3489 3236 eliquatur
3511 3167 3578 3223 dc
3600 3167 3748 3224 inte-

2118 3315 2123 3320 .
2147 3255 2378 3310 rioribus
2405 3255 2601 3309 mentis
2631 3264 2732 3309 tua:
2751 3295 2767 3320 ,
2809 3263 2863 3310 et
2891 3263 3072 3310 manat
3098 3255 3326 3326 quodam
3355 3257 3514 3312 modo
3555 3272 3745 3313 recor-

2104 3359 2107 3362 '
2147 3347 2293 3404 datio
2319 3347 2466 3404 verbi
2496 3347 2616 3410 Dei,
2650 3357 2704 3402 et
2729 3361 2848 3401 cum
2870 3349 3082 3403 caeteris
3119 3350 3408 3419 requiescis
3437 3350 3488 3404 in
3517 3366 3613 3420 spe
3634 3393 3650 3416 ,
3688 3361 3746 3407 et

2147 3441 2280 3497 dicis
2308 3459 2320 3494 :
2350 3440 2548 3496 Verum
2587 3449 2690 3505 est,
2727 3439 2861 3495 bene
2897 3439 3024 3494 mihi
3052 3449 3153 3508 est,
3197 3441 3308 3510 ipsa
3335 3450 3416 3496 est
3443 3457 3566 3511 spes
3590 3458 3740 3510 mea,

2149 3533 2249 3588 hoc
2274 3533 2403 3588 mihi
2429 3532 2669 3602 promisit
2707 3531 2866 3598 Deus,
2897 3545 3001 3585 non
3042 3532 3313 3596 mentitur,
3343 3545 3563 3586 securus
3591 3549 3740 3588 sum.

2147 3624 2217 3678 Et
2243 3625 2340 3679 ista
2366 3625 2622 3678 securitas
2648 3637 2868 3678 somnus
2888 3629 2970 3677 cst
2993 3621 3046 3676 in
3072 3622 3217 3676 rivis.
3243 3621 3310 3676 Et
3334 3639 3562 3677 somnum
3584 3625 3746 3679 liabe-

2149 3717 2268 3771 buut
2295 3717 2348 3770 in
2379 3717 2520 3770 rivis.

2217 3808 2308 3862 ει.
2325 3806 2691 3862 Benedictionis
2704 3806 2876 3860 imber.
2894 3802 3040 3858 —Et
3065 3803 3194 3857 dabo
3210 3804 3279 3858 eis
3295 3805 3345 3857 in
3358 3805 3569 3858 circuitu
3580 3805 3742 3861 collis

2147 3900 2245 3953 mei
2295 3898 2703 3953 benedictionem.
2749 3897 2899 3952 Mons
2942 3896 3068 3952 licet
3112 3900 3201 3964 sit,
3243 3897 3394 3952 collis
3443 3897 3569 3952 licet
3619 3899 3743 3968 sit,

2149 3991 2203 4046 in
2229 3991 2451 4047 circuitu
2491 3990 2606 4060 ejus
2645 3991 2780 4044 bene
2822 3989 2891 4043 sit
2934 3988 3108 4043 nobis.
3149 3987 3311 4043 Collis
3348 3987 3462 4058 ipse
3489 3988 3745 4046 Christus

2149 4091 2252 4138 est.
2281 4082 2369 4137 Sic
2393 4082 2534 4136 enim
2563 4081 2676 4150 ipse
2704 4081 2756 4133 in
2795 4078 2972 4134 medio
3015 4087 3275 4146 nostrum,
3311 4095 3410 4134 nos
3455 4095 3636 4135 sumus
3687 4084 3744 4138 in

2149 4173 2369 4228 circuitu
2394 4171 2528 4242 ejus.
2561 4169 2876 4226 Jamdudum
2895 4170 3036 4225 enim
3057 4169 3285 4236 dixerat,
3315 4168 3481 4223 David
3502 4171 3747 4244 princeps

2149 4266 2204 4320 in
2231 4265 2395 4319 medio
2427 4280 2618 4318 eorum.
2648 4263 2713 4316 Et
2740 4263 2860 4332 quia
2894 4263 3158 4331 princeps,
3189 4261 3310 4316 ideo
3338 4261 3489 4316 collis
3523 4277 3536 4313 :
3575 4261 3742 4327 lenis,

2151 4374 2258 4414 non
2285 4357 2481 4412 arduus
2513 4365 2567 4411 et
2591 4354 2820 4410 difficilis
2844 4353 3152 4409 ascendenti
3179 4372 3192 4408 :
3215 4353 3308 4408 sed
3330 4354 3374 4408 si
3399 4369 3505 4408 non
3531 4351 3597 4408 de
3622 4353 3750 4407 alto

2152 4450 2314 4521 pedes
2342 4459 2520 4520 ponat.
2555 4447 2618 4502 Et
2650 4448 2778 4500 dabo
2812 4447 2880 4500 eis
2910 4447 2962 4499 in
2990 4445 3200 4500 circuitu
3229 4445 3370 4499 collis
3409 4444 3502 4498 mei
3533 4443 3751 4498 benedi-

2153 4545 2365 4598 ctionem
2395 4559 2412 4596 :
2440 4551 2483 4595 et
2509 4542 2732 4613 deferam
2757 4540 2965 4594 imbrem
3001 4541 3053 4592 in
3083 4549 3303 4608 tempore
3337 4555 3428 4592 suo
3448 4580 3463 4604 ,
3502 4537 3752 4608 pluviam

2155 4635 2302 4690 verbi
2337 4633 2448 4687 Dei.
2480 4632 2575 4686 Est
2601 4632 2740 4686 enim
2770 4639 2824 4685 et
2862 4632 3032 4686 imber
3067 4629 3262 4697 malus,
3293 4629 3382 4700 qui
3421 4628 3601 4700 deji‘cit
3633 4629 3752 4686 do-

2154 4740 2297 4778 mum
2325 4737 2484 4792 super
2512 4735 2726 4776 arenam
2758 4722 3129 4786 constitutam,
3163 4721 3246 4774 cui
3288 4715 3532 4790 magnum
3563 4731 3647 4775 est
3683 4730 3748 4775 ut

2154 4816 2368 4870 resistat
2411 4813 2599 4867 domus
2642 4827 2801 4882 supra
2851 4821 3058 4882 petram
3105 4809 3320 4864 fundata
3365 4808 3592 4878 (Matth.
3637 4825 3744 4875 νυ,

2153 4905 2342 4975 24-27)
2373 4924 2384 4958 :
2415 4903 2720 4959 tentationis
2744 4902 2884 4957 enim
2911 4902 3080 4956 imber
3099 4911 3198 4968 est,
3231 4899 3436 4954 ruinam
3463 4913 3751 4968 quarreus,

2157 5013 2259 5051 non
2295 5005 2489 5050 terram
2514 4995 2708 5064 rigans.
2733 4992 2847 5048 Non
2875 4993 2977 5047 erit
3005 4991 3123 5046 talis
3150 4990 3320 5045 imber
3339 4991 3456 5055 iste,
3486 5003 3640 5059 Quem
3679 5005 3753 5044 se

2156 5087 2501 5142 dicitdelerre
2516 5085 2790 5140 Dominus.
2824 5083 2962 5151 Quid
2988 5085 3130 5140 enim
3164 5083 3273 5138 ait?
3305 5079 3500 5135 Imbres
3537 5080 3759 5134 benedi~

2157 5180 2333 5234 ctionis
2354 5188 2518 5234 erunt.
2541 5177 2855 5249 Suspectum
2886 5187 2940 5233 te
2965 5179 3163 5234 fecerat
3191 5176 3492 5240 nquinatus
3521 5174 3703 5230 imber
3732 5193 3750 5228 :

2223 5310 3056 5379 ltits.t_-m.,ibiItabitamusinspe.
3266 5371 3277 5379 _
3347 5371 3357 5379 _
3443 5367 3483 5379 ,,
3602 5369 3614 5379 ,

2221 5380 2243 5410 ³
2265 5367 2491 5439 Ριειιὶίιιιε-
2507 5383 2635 5434 Mss,
2655 5372 2710 5439 in
2735 5387 2819 5439 re;
2842 5373 2956 5437 quia
2982 5367 3357 5439 'jam_conspicui
3377 5367 3508 5421 nobis
3538 5369 3758 5439 erimus.

2157 5444 2254 5499 Er.,
2285 5438 2336 5488 iu
2359 5428 2550 5500 requie,-
2718 5428 2828 5506 jarn
2855 5428 3122 5506 ἐοηερἱαᾴ,
3149 5428 3479 5506 ειεῖηιιιοκαυε
3511 5428 3647 5506 l'Jlim.
3698 5440 3760 5486 et

2157 5492 2288 5560 ωε,
2311 5492 2468 5549 etnon
2510 5492 2605 5549 erit
2623 5492 2754 5547 nobis
2779 5492 3001 5558 tanquam
3044 5495 3348 5560 abscondita;
3389 5492 3486 5557 quo
3519 5492 3620 5541 loco
3656 5507 3765 5544 nos

2157 5557 2474 5626 lirastnianam
2509 5562 2771 5626 editionem
2801 5557 3068 5626 sequimur,
3093 5558 3168 5606 cui
3207 5557 3530 5626 sull'ragantur
3569 5567 3764 5626 omnes:

2156 5614 2286 5690 'Mss,
2316 5637 2412 5690 uno
2437 5614 3193 5690 εχεεριορὶειειςςίειιείηἱε,ιιυο
3228 5614 3423 5682 legitur,
3453 5622 3501 5667 et
3535 5627 3628 5667 non
3648 5614 3764 5668 erit

2154 5683 2290 5737 ‘sobis
2314 5683 2594 5749 cujusquam
2613 5683 2890 5749 abscondita
2907 5683 3140 5749 cogitatio.

2225 5751 2244 5782 ³
2263 5741 2390 5798 Nunc
2412 5741 2645 5817 iu'grwco
2667 5751 2792 5806 LXX,
2819 5741 3048 5811 drtunbis,
3076 5741 3290 5797 saltibus.
