4012 6338
215 271 323 329 313

212 475 572 535 benedictionis
595 480 762 527 erant.

281 569 376 623 25.
424 566 591 636 Ligna
637 563 691 615 in
734 574 911 630 campo
952 554 1214 627 fructifera
1254 549 1538 622 allegorice.
1579 546 1646 602 Et
1679 544 1800 600 vide

210 676 321 733 quo
351 657 564 728 proﬁcit
591 654 683 708 ille
711 650 898 705 imber.
930 647 996 701 Et
1032 648 1170 716 ligna
1211 658 1322 713 qua:
1353 643 1405 695 in
1438 656 1615 708 campo
1643 644 1759 691 sunt
1780 676 1796 700 ,

212 728 403 805 dabunt
429 753 652 819 fructum
678 758 847 797 suum.
876 738 943 793 In
970 752 1169 806 campo,
1201 735 1251 788 in
1292 732 1509 804 planitie
1552 728 1795 798 quadam,

212 859 317 897 non
344 842 399 894 in
429 838 641 901 arduis;
676 836 728 888 in
757 831 1005 886 facilitate
1031 825 1255 897 quadam
1294 827 1436 878 vitm.
1469 820 1798 876 Facilitatem

209 933 501 1005 quamdam
530 930 654 983 vita:
686 925 866 995 hujus,
896 921 1025 977 nihil
1048 921 1098 974 in
1122 934 1179 973 se
1208 917 1489 972 habentem
1517 911 1687 975 ardui,
1724 910 1801 963 la-

211 1001 431 1088 boriosi,
466 1018 718 1084 difficilis,
750 1029 996 1083 campum
1026 1011 1159 1065 dixit
1187 1027 1199 1061 :
1234 1008 1402 1077 qualis
1432 1014 1512 1060 est
1542 1005 1649 1057 vita
1672 1001 1801 1056 mul-

213 1126 387 1171 torum
410 1112 649 1167 ﬁdelium
676 1110 730 1163 in
758 1106 990 1162 Ecclesia
1018 1104 1110 1158 Dei
1135 1143 1149 1167 ,
1178 1098 1484 1155 habentium
1505 1096 1757 1165 conjuges
1779 1104 1799 1161 ,‘

213 1210 370 1275 filios,
403 1206 596 1260 domos
616 1216 768 1265 suas;
799 1198 940 1253 velut
960 1197 1010 1251 in
1030 1208 1218 1263 campo
1246 1200 1369 1246 sunt
1394 1190 1554 1259 ligna,
1576 1187 1801 1242 arduum

212 1302 338 1357 nihil
366 1297 663 1353 ascendere
691 1295 987 1348 valuerunt.
1017 1287 1119 1344 Sed
1147 1286 1406 1355 accipiant
1436 1282 1681 1347 imbrem,
1708 1278 1803 1335 da-

213 1393 339 1448 bunt
366 1400 421 1445 et
453 1389 573 1443 hmo
617 1387 756 1455 ligna
804 1382 1030 1437 fructum
1076 1393 1250 1432 suum.
1302 1374 1499 1429 Horum
1539 1372 1799 1442 lignorum

215 1484 412 1539 fructus
444 1490 552 1545 est,
592 1476 792 1546 Frange
830 1470 1065 1528 esurienti
1105 1484 1285 1539 panem
1312 1474 1450 1520 tuum
1472 1506 1486 1529 ,
1517 1472 1563 1517 et
1590 1478 1801 1534 egenum

214 1581 315 1631 sine
332 1585 465 1629 tecto
495 1571 654 1626 induc
684 1570 735 1623 in
763 1568 967 1621 domum
992 1573 1130 1616 tuam
1148 1559 1301 1632 (Isai.
1326 1574 1466 1623 LVIII,
1488 1555 1563 1626 7).
1587 1554 1801 1609 Talibus

218 1668 365 1737 lignis
406 1663 627 1719 dicebat
656 1658 961 1729 Apostolus,
998 1654 1117 1707 Non
1142 1653 1260 1721 quia
1292 1665 1460 1720 quaero
1496 1647 1693 1711 datum,
1713 1642 1802 1699 sed

217 1761 407 1829 requiro
428 1761 655 1827 fractam
681 1752 936 1821 (Philipp.
961 1765 1033 1815 ιν,
1058 1747 1166 1817 17).
1188 1744 1253 1798 Et
1272 1744 1410 1813 ligna
1424 1757 1534 1811 qua:
1552 1741 1603 1794 in
1624 1753 1801 1808 campo

216 1863 340 1916 sunt,
371 1853 568 1905 dabunt
598 1849 818 1917 fractam
844 1860 991 1898 suam
1011 1859 1029 1897 :
1053 1842 1151 1896 etsi
1179 1854 1282 1893 non
1304 1836 1501 1890 habent
1522 1832 1798 1902 majorem,

219 1947 405 1999 habent
438 1954 620 1997 tamen
650 1935 934 2009 quemdam
962 1948 1135 1989 suum.
1170 1930 1235 1984 Et
1263 1938 1394 1982 terra
1421 1926 1559 1979 dabit
1589 1938 1801 1994 genera-

221 2040 395 2092 tionem
422 2050 577 2090 suam
598 2048 617 2085 :
638 2039 751 2085 tota
777 2039 934 2083 terra.
978 2024 1046 2078 Et
1079 2021 1424 2077 inhabitabant
1456 2019 1508 2071 in
1534 2027 1665 2069 terra
1688 2030 1801 2068 sua.

219 2130 326 2185 iam
349 2126 551 2196 campi,
585 2123 770 2188 colles,
799 2128 1007 2174 montes
1038 2115 1239 2171 dabunt
1263 2109 1631 2183 generationes
1656 2120 1800 2161 suas.

220 2220 345 2287 Quid
388 2225 571 2289 potest
597 2212 851 2283 campus?
881 2209 1006 2280 quid
1046 2214 1220 2278 potest
1258 2202 1445 2259 collis?
1479 2199 1602 2270 quid
1635 2206 1807 2268 potest

222 2313 400 2368 nions?
447 2310 610 2366 Solus
653 2306 883 2378 agricola
926 2309 1262 2373 agnoscatur.
1306 2296 1374 2349 Et
1419 2293 1715 2348 habitabant
1753 2291 1806 2344 in

223 2416 345 2459 terra
388 2419 485 2457 sua
532 2402 587 2454 in
632 2415 738 2468 spe.
778 2395 982 2451 Videtis
1011 2392 1133 2463 quia
1162 2406 1221 2444 ea
1256 2386 1533 2458 promittit,
1562 2399 1681 2454 quae
1708 2382 1808 2436 hoc

224 2507 458 2565 tempore
490 2492 656 2547 donat
680 2489 855 2544 nobis.
887 2484 1150 2554 Quamdiu
1193 2481 1340 2547 dicit,
1386 2479 1439 2532 in
1485 2494 1592 2548 spe,
1636 2474 1807 2529 adhuc

224 2589 269 2643 in
296 2588 396 2641 hoc
420 2596 667 2652 tempore
694 2579 950 2648 intelligo.
977 2577 1111 2631 Cum
1140 2573 1282 2628 enim
1314 2567 1716 2641 pervenerimus
1741 2563 1808 2619 ad

224 2679 504 2751 promissa,
533 2677 645 2746 jam
677 2689 782 2729 non
811 2672 913 2726 erit
941 2684 1084 2739 spes,
1116 2666 1211 2723 sed
1240 2680 1326 2720 res
1353 2663 1465 2734 ipsa
1490 2660 1612 2717 erit.

286 2767 517 2825 CAPUT
547 2764 666 2821 XV.
694 2795 766 2805 ——
790 2762 879 2818 26.
912 2760 1101 2815 Contra
1129 2755 1444 2811 Donatistas.
1472 2782 1543 2792 —-
1572 2750 1635 2804 Et
1657 2750 1810 2804 scient

223 2865 455 2932 quoniam
484 2878 576 2932 ego
596 2875 711 2915 sum
741 2857 1008 2917 Dominus,
1034 2853 1088 2906 in
1109 2867 1165 2905 eo
1186 2866 1299 2903 cum
1323 2846 1615 2916 confregero
1641 2844 1810 2913 furcas

223 2958 323 3029 iugi
373 2964 550 3009 eorum
590 2969 609 3006 :
650 2950 825 3004 furcas
862 2946 1052 3017 quibus
1090 2941 1347 3012 premitur
1379 2937 1571 2993 collum
1602 2948 1806 2990 eorum.

225 3025 470 3115 Domine,
506 3046 690 3114 frange
720 3044 896 3097 furcas
925 3037 1115 3109 quibus
1140 3031 1376 3088 haeretici
1403 3035 1648 3100 premunt
1675 3025 1810 3080 colla

225 3142 578 3197 inﬁrmorum.
608 3135 743 3202 Quid
773 3132 915 3188 enim
947 3140 1054 3183 tam
1082 3136 1361 3196 angustum
1402 3130 1455 3177 et
1492 3119 1639 3174 furca
1666 3131 1812 3171 com-

227 3247 489 3304 pressum,
521 3244 698 3299 quam,
727 3224 848 3280 Noli
877 3221 1061 3277 audire
1088 3217 1379 3278 Christum,
1401 3212 1523 3267 audi
1551 3210 1673 3265 me?
1703 3208 1810 3262 Re-

227 3340 379 3380 move
410 3323 637 3386 furcam,
671 3317 936 3386 respirare
980 3310 1245 3382 permitte.
1284 3306 1472 3361 Nescio
1493 3301 1617 3374 quid
1644 3301 1808 3355 dicas.

227 3418 395 3472 Audio
414 3429 604 3469 vocem
629 3409 856 3481 pastoris
886 3405 989 3460 mei
1013 3402 1143 3458 :Per
1173 3415 1341 3454 omnes
1363 3406 1550 3469 gentes,
1570 3394 1813 3464 incipien-

230 3498 354 3565 tibus
370 3510 431 3562 ab
447 3506 735 3561 Jerusalem
758 3500 905 3573 (Luc.
930 3512 1079 3561 xxw,
1096 3493 1206 3565 47).
1220 3492 1344 3548 Sine
1366 3505 1451 3544 me
1478 3488 1626 3557 sequi
1642 3494 1816 3556 pasto-

232 3619 361 3657 rem.
392 3598 532 3667 Quid
564 3592 795 3667 premis?
826 3590 976 3645 Tolle
1005 3586 1205 3642 furcam
1232 3582 1298 3638 de
1319 3580 1457 3636 collo
1473 3592 1613 3643 meo,
1635 3576 1813 3630 tollam

229 3694 407 3764 iugum
422 3692 542 3745 lene
560 3665 765 3742 Domini
780 3682 905 3737 mei.
931 3677 1057 3735 Haec
1077 3675 1240 3739 audit,
1262 3681 1315 3728 et
1335 3670 1544 3741 premit.
1574 3665 1812 3729 Domine,

234 3804 332 3841 non
382 3784 497 3838 vult
541 3778 823 3835 luereticus
870 3771 1071 3828 furcam
1116 3764 1478 3837 suspendere;
1520 3770 1575 3815 tu
1615 3758 1816 3814 furcam

235 3880 437 3948 frange.
470 3875 613 3929 Crux
655 3867 866 3927 Domini
915 3878 1124 3919 sursum
1172 3860 1346 3925 levat,
1397 3854 1542 3908 furca
1581 3850 1817 3907 haeretici

236 3945 482 4023 deorsum
516 3962 725 4034 premit.
764 3957 871 4015 Sed
909 3953 1308 4022 confringentur
1340 3964 1353 4000 :
1388 3945 1452 3999 In
1478 3960 1534 3997 eo
1565 3958 1675 3995 cum
1702 3957 1820 3993 con-

242 4066 433 4130 fregero
481 4060 650 4127 furcas
672 4052 791 4124 jugi
820 4065 1010 4104 eorum.
1043 4041 1467 4100 Dominationem
1498 4034 1640 4091 enim
1668 4048 1817 4088 suam

238 4154 421 4207 volunt
443 4146 751 4202 hominibus
778 4143 1072 4211 imponere,
1096 4135 1336 4190 volentes
1355 4143 1447 4185 eos
1474 4142 1592 4183 esse
1618 4124 1717 4180 sub
1738 4138 1817 4191 se,

240 4259 341 4298 non
366 4241 465 4295 sub
495 4238 622 4293 Deo.
650 4234 716 4288 1n
744 4251 799 4288 eo
826 4248 939 4286 cum
963 4232 1253 4297 confregero
1283 4226 1451 4294 furcas
1479 4219 1595 4290 jugi
1618 4232 1819 4271 eorum:

242 4345 282 4388 et
328 4333 549 4387 eximam
599 4344 679 4381 eos
732 4325 794 4378 de
834 4338 988 4377 ntanu
1029 4333 1218 4383 eorum,
1248 4314 1334 4384 qui
1358 4329 1439 4367 eos
1466 4312 1517 4365 in
1541 4309 1821 4363 servitutem

241 4425 550 4496 redigebant.
581 4418 718 4487 Quid
741 4427 840 4481 est,
864 4417 916 4468 in
940 4414 1225 4468 servitutem
1244 4406 1534 4477 redigebant
1553 4404 1577 4456 ἔ)
1599 4401 1679 4456 Ad
1702 4414 1824 4470 pec-

244 4528 413 4571 catum
440 4528 538 4569 eos
567 4509 844 4581 cogebant.
873 4505 1059 4561 Omnis
1086 4502 1226 4557 enim
1255 4499 1344 4569 qui
1374 4496 1497 4551 facit
1528 4502 1822 4563 peccatum,

243 4627 422 4666 servus
451 4618 537 4664 est
553 4604 757 4677 peccati
787 4601 963 4674 (Joan.
987 4615 1102 4663 vin,
1124 4596 1234 4665 54).
1261 4592 1450 4648 Videte
1464 4588 1587 4660 quid
1605 4588 1683 4643 eis
1702 4602 1823 4655 per-

244 4705 525 4765 suaserint,
555 4699 765 4763 fratres,
796 4703 853 4749 ut
878 4693 1077 4757 dicant,
1105 4688 1186 4743 llli
1212 4688 1278 4742 de
1312 4685 1465 4740 nobis
1494 4682 1719 4745 reddent
1744 4695 1827 4734 ra-

246 4801 436 4853 tionem
472 4814 487 4848 :
524 4807 620 4846 nos
660 4804 787 4845 oves
834 4802 1047 4850 sumus;
1078 4798 1183 4853 quo
1208 4779 1492 4845 duxerint,
1532 4775 1823 4847 sequimur.

244 4891 362 4946 Ovis
384 4888 482 4943 es?
506 4886 776 4941 Pastorem
801 4879 943 4944 audi,
970 4893 1074 4932 non
1102 4876 1283 4946 lupum
1316 4870 1414 4946 (a).

306 4982 399 5034 ‘27.
443 4978 487 5030 Α
565 4976 803 5040 luporum
867 4969 1096 5023 dentibus
1167 4972 1411 5019 eruantur
1452 4963 1537 5031 qui
1578 4966 1830 5030 pastorem

242 5072 555 5123 andinnt.——
581 5065 647 5118 Et
673 5080 773 5118 non
795 5069 941 5115 erunt
969 5058 1134 5112 adhuc
1164 5057 1215 5110 in
1240 5054 1562 5109 vastationem
1583 5048 1827 5122 gentibus.

247 5163 297 5215 ln
341 5161 594 5215 omnibus
643 5156 784 5210 enim
829 5150 1075 5222 gentibus
1104 5164 1211 5203 non
1242 5146 1454 5210 desunt,
1490 5142 1577 5196 alii
1606 5142 1713 5207 hic,
1743 5139 1831 5193 alii

246 5254 310 5306 ibi
341 5271 353 5305 :
390 5266 499 5305 non
528 5249 604 5304 illi
634 5247 703 5301 ibi
734 5244 825 5315 qui
855 5242 974 5308 hic;
1004 5240 1097 5295 sed
1126 5248 1302 5293 tamen
1324 5251 1430 5291 non
1454 5235 1645 5289 desunt
1671 5232 1833 5286 furcis

246 5351 552 5414 prementes
585 5339 720 5393 colla
758 5335 1016 5400 fidelium,
1064 5347 1163 5386 nec
1207 5330 1312 5395 hic,
1349 5343 1447 5383 nec
1470 5392 1471 5395 η
1495 5326 1585 5382 ibi.
1619 5326 1836 5380 Dissen-

248 5438 382 5489 tiunt
426 5433 568 5487 inter
611 5445 669 5485 se
693 5470 709 5496 ,
756 5434 939 5482 contra
978 5425 1232 5478 unitatem
1262 5434 1449 5475 omnes
1474 5417 1831 5473 consentiunt.

249 5526 435 5582 Unitas
476 5533 659 5578 autem
704 5535 811 5576 non
846 5517 1090 5573 dissentit
1114 5531 1144 5569 a
1170 5531 1255 5581 se;
1289 5512 1383 5568 sed
1422 5521 1605 5568 contra
1649 5522 1837 5564 omnes

248 5618 628 5675 dissentientes
652 5630 681 5668 a
704 5629 764 5669 se
789 5612 983 5682 ubique
1012 5616 1226 5681 pugnat,
1259 5606 1453 5677 ubique
1478 5604 1682 5659 laborat
1707 5619 1720 5659 :
1743 5599 1840 5657 scd

306 5731 383 5798 (α)
413 5730 517 5783 Vid.
543 5738 853 5794 superiorem
874 5734 1169 5782 sermonem,
1190 5733 1241 5769 ιι.
1266 5719 1340 5769 21.

1582 246 1811 304 SERMO
1848 246 2050 303 XLVII.

212 386 423 443 imbres
474 388 627 438 erunt
666 373 1069 440 benedictionis,
1117 383 1221 425 non
1254 364 1574 423 tentationis.
1605 361 1795 416 Imbres
1841 368 1850 376 '

3377 258 3480 316 3M

1908 371 1991 417 est
2036 363 2252 433 requies
2300 362 2353 419 in
2399 360 2603 423 eremoi
2630 365 2699 423 Et
2741 383 2841 423 non
2864 375 3008 422 erant
3054 367 3220 422 adhuc
3239 368 3291 423 in
3313 380 3482 426 vasta-

1905 454 2087 509 tionem
2113 457 2360 526 gentibus,
2390 467 2436 511 et
2462 457 2630 514 bestiae
2658 468 2804 516 terra:
2822 462 2937 531 jam
2960 478 3062 517 non
3087 465 3345 520 comedent
3377 482 3479 522 eos.

1902 545 2191 601 Audientes
2221 563 2404 603 vocem
2428 551 2671 618 pastoris,
2699 562 2950 606 eruentur
2970 553 2987 585 ί
3010 567 3038 607 a
3058 553 3307 611 dentibus
3333 558 3482 629 lupo-

1902 655 2041 694 rum.
2074 640 2264 696 Bestiae
2292 642 2396 697 illae
2420 644 2606 698 calami
2634 660 2735 699 non
2780 647 3060 703 comedent
3079 664 3191 715 eos,
3232 652 3476 709 volentes

1903 734 1969 787 ad
2000 749 2217 789 sensum
2248 750 2402 790 suum
2444 747 2754 794 convertere
2794 740 3126 810 Scripturas,
3169 743 3237 798 ab
3283 750 3482 815 apertis

1903 824 2189 895 Scripturis
2228 837 2529 884 avertentes
2563 845 2757 895 aures;
2798 834 3036 889 volentes
3078 850 3137 890 se
3176 837 3385 905 audiri,
3427 850 3482 895 et

1903 915 2200 988 Scripturas
2231 936 2337 975 non
2366 923 2555 977 audiri.
2598 922 2664 978 Et
2690 926 2856 979 bestia:
2900 936 3044 982 terra:
3081 947 3181 985 non
3222 934 3481 988 comedent

1904 1026 2008 1078 eos,
2024 1021 2070 1064 et
2085 1012 2431 1067 inhabitabant
2446 1016 2498 1069 in
2520 1032 2626 1086 spe.
2656 1016 2837 1072 Videte
2859 1020 3064 1087 quoties
3088 1023 3331 1078 ostendat
3356 1027 3480 1095 quia

1903 1107 2045 1175 quod
2082 1122 2222 1163 nunc
2241 1108 2516 1177 promittit,
2540 1109 2626 1162 hic
2649 1110 2940 1178 promittit:
2963 1112 3101 1167 Deus
3126 1115 3192 1169 de
3212 1116 3367 1170 rebus
3398 1119 3479 1171 lo-

1903 1200 2083 1267 quitur
2096 1215 2227 1269 quas
2246 1200 2420 1255 adhuc
2434 1200 2519 1255 hic
2533 1201 2836 1256 exhibet.Et
2853 1220 2950 1256 non
2968 1204 3063 1258 erit
3076 1206 3162 1276 qui
3178 1222 3259 1261 eos
3279 1217 3478 1261 terreat.

1903 1289 2179 1358 Quomodo
2198 1306 2301 1346 non
2327 1293 2429 1348 crit
2446 1293 2533 1362 qui
2550 1307 2642 1348 eos
2669 1294 3030 1350 terreat?Non
3048 1296 3399 1367 eritprorsus.
3427 1298 3483 1352 In

1906 1384 2129 1439 Domino
2154 1384 2383 1440 confido.
2425 1384 2541 1440 Jam
2583 1401 2703 1441 cum
2741 1388 2965 1456 coeperit
3003 1387 3181 1443 dicere
3210 1388 3386 1454 homo,
3420 1389 3481 1443 In

1904 1475 2014 1531 Deo
2042 1478 2259 1531 laudabo
2284 1494 2581 1546 sermonem,
2620 1479 2673 1532 in
2708 1478 2924 1532 Domino
2951 1479 3167 1533 laudabo
3192 1478 3391 1534 verbum
3413 1483 3432 1512 ²
3463 1522 3480 1535 .

1905 1582 2011 1621 non
2043 1570 2093 1622 in
2126 1584 2233 1623 me.
2269 1568 2345 1623 llli
2369 1567 2583 1622 laudant
2607 1570 2825 1623 verbum
2856 1571 2909 1624 in
2937 1586 3016 1637 se,
3050 1571 3308 1635 dicentes,
3332 1572 3483 1637 Quod

1904 1659 2056 1714 vobis
2080 1659 2323 1727 dicimus,
2350 1660 2549 1716 credite
2584 1677 2598 1714 :
2629 1675 2724 1714 nos
2755 1660 3027 1715 laudamus
3056 1661 3279 1716 verbum
3302 1663 3352 1716 in
3380 1663 3485 1715 Do-

1906 1752 2051 1805 mino
2069 1792 2083 1815 ,
2115 1752 2381 1817 dicentes,
2405 1751 2556 1819 Quod
2584 1752 2735 1806 nobis
2754 1751 2945 1807 dicitur
2970 1767 2999 1806 a
3028 1753 3268 1818 Domino,
3294 1753 3487 1807 creda-

1907 1858 2046 1901 mus.
2079 1843 2194 1898 Non
2230 1845 2333 1898 erit
2368 1846 2453 1915 qui
2490 1860 2589 1899 nos
2622 1852 2850 1909 terreat;
2878 1845 3022 1914 quia,
3051 1844 3119 1900 In
3142 1844 3252 1899 Deo
3272 1846 3487 1901 laudabo

1906 1951 2205 2001 sermonem,
2224 1935 2277 1989 in
2307 1934 2529 1989 Domino
2554 1935 2771 1990 laudabo
2795 1938 2995 1991 verbum
3018 1953 3036 1991 :
3061 1938 3113 1991 in
3140 1936 3247 1991 Deo
3270 1954 3485 2009 speravi,

1910 2044 2010 2081 non
2039 2027 2218 2082 timebo
2246 2028 2367 2097 quid
2393 2028 2547 2099 faciat
2576 2028 2700 2082 mihi
2725 2028 2873 2083 homo
2894 2028 3064 2102 (Psal.
3092 2044 3178 2096 ιν,
3205 2028 3296 2100 il)
3322 2047 3336 2084 :
3366 2028 3489 2085 Non

1910 2120 2002 2172 erit
2021 2120 2107 2188 qui
2133 2136 2216 2173 eos
2246 2128 2446 2173 terreat.

1980 2212 2072 2268 ‘28.
2124 2212 2445 2266 Plantariant
2470 2215 2627 2284 pacis.
2647 2244 2721 2255 -—
2739 2213 2807 2267 Et
2833 2214 3056 2268 excitabo
3093 2214 3163 2268 eis
3183 2214 3491 2285 plantarium

1912 2305 2072 2375 pacis.
2103 2303 2499 2359 Testamentum
2528 2306 2691 2374 pacis,
2726 2304 3044 2374 plantarium
3087 2306 3251 2374 pacis.
3285 2305 3490 2360 Germi-

1913 2405 2004 2450 net
2025 2395 2166 2465 quod
2194 2397 2395 2467 plantat
2416 2398 2577 2459 Deus,
2595 2407 2648 2450 et
2664 2397 2984 2466 exstirpetur
3008 2396 3028 2427 ³
3051 2397 3192 2466 quod
3214 2397 3494 2451 seminavit

1914 2484 2217 2541 haereticus.
2267 2486 2418 2554 Quod
2461 2486 2716 2555 plantavit
2762 2487 2901 2541 Deus
2929 2487 2996 2542 de
3036 2500 3123 2553 se,
3162 2486 3231 2541 de
3256 2487 3493 2541 Ecclesia

1914 2590 2042 2642 sua;
2071 2577 2138 2631 de
2162 2593 2220 2633 se
2242 2578 2291 2631 in
2315 2578 2470 2642 coelo,
2511 2577 2577 2632 de
2613 2578 2850 2632 Ecclesia
2888 2578 2939 2630 in
2975 2586 3140 2643 terra;
3166 2579 3233 2631 de
3258 2593 3315 2633 se
3336 2592 3495 2646 super

1914 2684 2099 2724 omnes
2141 2670 2304 2724 caalos
2331 2710 2347 2736 ,
2397 2669 2464 2724 de
2503 2669 2736 2723 Ecclesia
2784 2684 2879 2739 per
2919 2683 3104 2723 omnes
3149 2677 3319 2723 terras
3351 2687 3363 2721 :
3394 2668 3496 2722 huc

1916 2764 2171 2833 plantavit
2200 2764 2361 2819 Deus.
2384 2762 2519 2818 Veni
2543 2773 2719 2817 autem
2744 2761 2866 2829 huc,
2889 2770 3003 2816 esto
3031 2762 3081 2815 in
3112 2770 3258 2830 parte
3284 2760 3493 2827 Donati,

1918 2854 1971 2909 in
2003 2855 2114 2909 sola
2143 2854 2320 2909 Africa
2341 2863 2423 2909 est
2448 2854 2680 2908 Ecclesia
2712 2871 2725 2907 :
2754 2868 2858 2906 non
2899 2851 3153 2922 plantavit
3178 2853 3317 2906 Deus
3336 2895 3349 2917 ,
3394 2866 3497 2905 non

1917 2960 2146 3017 agnosco
2173 2946 2408 3015 plantam
2436 2945 2549 2999 Dei.
2573 2943 2963 2998 Eradicandum
2985 2941 3221 3012 estquod
3243 2942 3496 3012 loqueris,

1916 3054 2023 3094 non
2068 3037 2367 3109 rigandum.
2412 3033 2480 3091 Et
2516 3035 2739 3090 excitabo
2781 3035 2854 3089 eis
2898 3034 3204 3105 plantariam
3241 3034 3379 3104 pacis
3408 3048 3426 3086 :
3454 3043 3500 3087 et

1917 3133 2022 3200 iam
2049 3147 2151 3185 non
2177 3139 2323 3186 erant
2349 3130 2434 3200 qui
2461 3128 2849 3183 exterminentur
2875 3130 3008 3197 [ante
3042 3127 3097 3179 in
3139 3134 3293 3179 terra.
3320 3125 3458 3181 Vere
3481 3163 3500 3192 ,

1919 3223 2144 3291 fratres,
2188 3225 2309 3294 quia
2338 3222 2506 3278 fames
2535 3230 2648 3285 est;
2679 3220 2900 3290 quzerite
2939 3227 2993 3274 et
3028 3219 3202 3274 videte
3250 3225 3498 3288 quantam

1918 3315 2112 3371 famem
2134 3316 2433 3386 patiantur:
2462 3323 2516 3368 et
2535 3313 2674 3383 quod
2696 3312 2847 3381 pejus
2867 3320 2969 3378 est,
2992 3311 3190 3365 circum
3216 3324 3277 3364 os
3309 3309 3504 3363 habent

1920 3423 2096 3463 escam
2120 3449 2134 3473 ,
2175 3406 2271 3463 sed
2304 3422 2409 3461 non
2446 3405 2797 3469 manducant;
2826 3419 3045 3473 prorsus
3073 3401 3340 3473 quomodo
3375 3401 3502 3472 tegri

1921 3500 2134 3556 fastidio
2161 3515 2303 3569 szepe
2333 3500 2651 3562 moriuntur,
2691 3495 2939 3565 nonquia
2969 3494 3119 3548 deest
3145 3492 3286 3563 quod
3328 3507 3508 3547 come-

1921 3594 2091 3660 dant,
2123 3591 2216 3647 sed
2243 3592 2362 3660 quia
2388 3588 2671 3644 comedere
2712 3588 2897 3641 nolunt
2926 3595 2981 3640 et
3009 3594 3338 3640 aversantur.
3374 3584 3505 3639 Nam

1924 3684 2107 3753 utique
2148 3690 2203 3737 et
2242 3680 2530 3749 Scriptura:
2560 3680 2661 3732 ista
2691 3676 2980 3746 loquuntur
3013 3692 3025 3727 :
3055 3683 3109 3729 et
3133 3674 3220 3728 hic
3250 3673 3429 3749 utique
3455 3682 3508 3727 et

1925 3776 1996 3831 ibi
2025 3782 2178 3830 sonat
2202 3773 2477 3837 Psalmus,
2515 3767 3041 3824 Commemorabantur
3078 3777 3123 3819 et
3165 3746 3509 3819 convertentur

1926 3871 1993 3925 ad
2020 3869 2293 3923 Dominum
2319 3864 2533 3919 universi
2564 3864 2689 3933 fines
2720 3872 2864 3915 terra:
2883 3902 2898 3927 ,
2928 3868 2971 3913 et
3010 3858 3290 3912 adorabunt
3311 3858 3364 3911 in
3389 3874 3509 3911 con-

1926 3972 2098 4034 specta
2139 3961 2247 4031 ejus
2288 3958 2531 4011 universa:
2570 3955 2749 4026 patria:
2792 3952 3015 4024 gentiam
3060 3950 3227 4021 (Psal.
3255 3966 3360 4015 XXI,
3388 3948 3505 4020 28).

1928 4054 2069 4108 Ecce
2107 4066 2230 4107 esca
2275 4058 2356 4105 est
2396 4048 2567 4118 posita
2609 4046 2661 4100 in
2702 4046 2957 4099 vasculo:
2991 4043 3034 4097 si
3079 4057 3239 4096 sanus
3277 4056 3422 4096 esses
3455 4050 3510 4095 et

1927 4144 2279 4199 manducares
2304 4183 2317 4206 ,
2372 4136 2625 4208 numquid
2660 4136 2727 4189 ibi
2764 4133 3110 4189 remaneres?
3151 4131 3217 4186 Et
3252 4132 3365 4203 jam
3409 4147 3509 4185 non

1929 4246 2074 4292 erant
2108 4235 2195 4304 qui
2224 4232 2613 4289 exterminentur
2641 4231 2773 4300 fame
2790 4227 2843 4279 in
2871 4230 3023 4287 terra,
3048 4233 3092 4277 et
3109 4226 3222 4294 jam
3253 4240 3352 4277 non
3388 4238 3509 4291 por-

1932 4332 2107 4387 tabunt
2134 4328 2455 4383 maledictum
2484 4324 2726 4394 gentium.
2759 4321 2918 4384 Vere,
2959 4320 3179 4380 fratres,
3225 4318 3275 4371 in
3307 4326 3506 4371 tantum

1935 4424 2144 4478 culmen
2174 4421 2224 4473 in
2254 4417 2468 4472 nomine
2496 4414 2692 4469 Christi
2720 4420 2896 4467 erecta
2919 4419 3001 4465 est
3029 4410 3291 4476 Ecclesia,
3322 4419 3377 4462 ut
3401 4410 3509 4477 jam

1932 4510 2327 4568 confundantur
2360 4521 2547 4562 omnes
2582 4502 2848 4568 maledici,
2881 4516 2978 4555 nec
3019 4500 3248 4553 audeant
3289 4500 3510 4553 maledi—

1933 4620 2075 4660 cere.
2107 4602 2220 4657 Hoc
2249 4601 2421 4655 solum
2451 4597 2554 4652 illis
2583 4594 2875 4659 remansit,
2904 4591 3043 4661 quod
3075 4600 3257 4645 contra
3301 4605 3396 4645 nos
3434 4590 3513 4643 di-

1932 4706 2055 4752 cant
2095 4712 2108 4747 :
2145 4693 2320 4759 Quare
2359 4691 2494 4744 inter
2522 4702 2618 4742 vos
2658 4701 2765 4742 non
2793 4683 3133 4739 consentitis?
3159 4682 3394 4737 Gentiles
3428 4698 3513 4749 pur

1933 4787 2055 4860 gani
2072 4785 2161 4856 qui
2182 4788 2568 4848 remanserunt,
2588 4793 2693 4833 non
2717 4776 2972 4831 habentes
2992 4772 3115 4843 quid
3133 4771 3308 4827 dicant
3329 4780 3511 4824 contra

1936 4896 2130 4937 nomen
2157 4876 2371 4940 Christi,
2405 4872 2791 4929 dissensionem
2821 4865 3237 4924 Christianorum
3260 4862 3515 4916 Christia-

1937 4976 2019 5030 nis
2040 4970 2311 5041 objiciunt.
2334 4966 2474 5037 Ergo
2493 4963 2812 5034 quicumque
2837 4958 2904 5013 ab
2930 4954 3193 5010 haireticis
3213 4953 3518 5007 transierint

1939 5067 2004 5122 ad
2027 5062 2385 5123 Catholicam,
2416 5071 2526 5112 non
2563 5053 2833 5109 habebunt
2873 5051 2972 5104 hoc
3002 5045 3344 5117 opprobrium
3383 5059 3517 5114 gen-

1940 5160 2103 5222 tium;
2149 5166 2247 5208 nec
2293 5147 2580 5220 portabunt
2620 5141 2956 5199 maledictum
2986 5135 3332 5192 dissensionis
3353 5177 3367 5200 ,
3397 5135 3518 5204 quia

1941 5254 2254 5325 permanent
2273 5245 2325 5299 in
2346 5242 2524 5298 radice
2545 5238 2779 5303 unitatis,
2795 5236 2849 5290 in
2864 5229 3191 5305 plautatione
3206 5228 3513 5284 charitatis:

1946 5343 2032 5399 No
2055 5338 2320 5413 portabunt
2350 5332 2692 5389 maledictum.

2011 5523 2028 5554 ι
2054 5520 2190 5577 Editi,
2206 5519 2469 5577 serventur.
2490 5507 2823 5577 Emendantnr_
2846 5500 2913 5577 ad.
2925 5501 3110 5577 aliquot
3128 5507 3233 5577 itas.

2011 5585 2029 5614 '
2054 5563 2248 5643 iiiciiidi
2265 5563 2357 5627 hoc
2386 5576 2487 5623 loco
2508 5584 2681 5643 versus
2702 5565 2827 5629 apud
2849 5563 2984 5614 Ulim.
3011 5563 3074 5613 et
3094 5570 3203 5615 Lov.
3230 5563 3424 5627 omissi,
3444 5574 3529 5615 ro-

1948 5640 2210 5698 stitttuiitur
2236 5654 2296 5690 ex
2324 5646 2396 5686 Er.
2414 5645 2463 5685 et
2487 5649 2547 5683 ex
2574 5640 2681 5683 Mss.

2020 5691 2047 5742 ί
2065 5691 2199 5767 Editi,
2223 5698 2585 5754 exterminetur.
2611 5702 2665 5746 At
2688 5701 2815 5756 Mss,
2841 5691 3148 5757 exstirpetw'.
