3994 6456
502 404 606 461 315

571 513 795 574 CAPUT
831 513 1059 570 XVL—
1083 509 1170 565 29.
1228 508 1354 562 Oves
1392 502 1487 559 Dei
1532 511 1780 574 quisnam.
1813 502 1875 556 Et
1917 503 2074 557 scient

505 603 738 680 quoniam
759 621 848 677 ego
866 599 975 660 situt
998 601 1245 656 Dominus
1275 597 1407 654 Deus
1435 613 1626 661 eorum,
1657 606 1700 650 et
1720 597 1820 667 ipsi
1849 593 2069 666 populus

506 718 644 757 meus
681 702 856 755 domus
898 696 1077 760 Israel,
1125 695 1243 749 dicit
1287 693 1533 746 Dominus
1577 690 1728 744 Deus.
1773 686 1910 744 Ecce
1942 695 2066 742 sunt

505 808 648 858 oves;
672 795 794 847 ecce
815 799 896 845 est
918 797 971 842 et
990 789 1160 842 vinea.
1188 784 1462 852 Quomodo
1483 799 1600 838 cum
1622 782 1688 837 de
1707 782 1856 836 vinea
1885 781 2072 849 loque-

507 895 654 939 retur
683 880 862 945 Isaias,-
903 877 1130 948 arguens
1159 877 1437 946 quamdam
1479 876 1683 929 vineam
1724 873 1952 938 malam,
2008 887 2076 926 ne

505 975 703 1030 diceret
727 973 877 1034 vilis,
921 971 1031 1025 Non
1069 969 1304 1024 intellexi
1331 985 1345 1036 ;
1370 967 1612 1038 exposuit
1637 968 1688 1021 in
1720 967 1824 1021 tiue
1850 967 2070 1030 dicens;

514 1067 669 1120 Vinea
685 1076 846 1118 autem
869 1063 1074 1117 Domini
1099 1061 1325 1126 subnath,‘
1355 1060 1532 1114 domus
1558 1059 1722 1113 Israel
1747 1067 1819 1112 est
1849 1054 1999 1130 (Isai,
2019 1071 2071 1122 v;

506 1161 558 1228 7)
581 1177 592 1222 ;
627 1175 692 1213 ne
717 1157 974 1221 dicerent,
1003 1153 1118 1208 Non
1149 1153 1300 1208 nobis
1323 1153 1521 1206 dictum
1543 1154 1644 1218 eSt,
1669 1150 1760 1205 sed
1786 1150 1956 1204 vincte
1983 1163 2078 1201 ne-

505 1251 614 1304 scio
636 1250 718 1303 cui
746 1267 759 1302 :
783 1248 875 1302 sed
897 1257 948 1301 et
969 1246 1089 1317 hic,
1119 1245 1237 1299 cum
1277 1245 1486 1300 loeutus
1523 1247 1665 1298 esset
1686 1242 1752 1296 de
1780 1240 1984 1304 ovibus;
2009 1237 2078 1292 ad

508 1351 801 1395 extremum
826 1354 891 1392 ne
917 1339 1034 1407 quis
1062 1336 1221 1403 dicat,
1252 1335 1411 1390 Forte
1435 1343 1558 1388 sunt
1584 1334 1776 1403 aliqua:
1817 1345 1945 1386 oves
1982 1329 2078 1384 Dei

508 1434 687 1487 nescio
712 1431 817 1497 ubi,
850 1445 981 1502 quas
1020 1431 1167 1484 curat
1208 1430 1366 1494 Deus,
1409 1437 1465 1482 et
1501 1431 1599 1496 ego
1635 1426 1752 1482 illas
1779 1441 1881 1479 non
1911 1423 2031 1479 novi
2061 1440 2076 1477 :

503 1537 800 1592 quanquam
828 1521 1086 1576 absurdus
1120 1529 1201 1574 est
1231 1519 1386 1573 n’imis
1407 1517 1642 1573 humano
1662 1517 1840 1572 sensui
1864 1515 1952 1586 qui
1981 1516 2079 1569 ista

505 1614 814 1684 'cogitaverit
857 1630 870 1667 :
917 1621 1094 1668 tamen
1131 1614 1311 1681 pasto‘r
1353 1611 1440 1665 ille
1489 1609 1818 1680 compatieus
1855 1608 2081 1663 inﬁrmis

505 1721 669 1774 usque
698 1705 761 1758 ad
793 1705 922 1758 tales
947 1705 1291 1774 cogitationes
1325 1701 1628 1770 descendit,
1665 1709 1720 1757 et
1760 1717 1878 1772 qua:
1903 1708 2082 1755 essent

506 1813 632 1852 oves
660 1798 791 1865 ejus,
823 1798 1152 1866 apertissime
1178 1795 1442 1865 exposuit.
1486 1795 1551 1847 Et
1596 1809 1682 1849 vos
1709 1809 1822 1848 oves
1849 1808 1973 1846 mea:
1992 1831 2006 1856 ,
2035 1799 2082 1846 et

504 1906 616 1944 oves
662 1891 824 1962 gregis
871 1887 967 1946 m'ei
991 1931 1004 1955 ,
1053 1892 1275 1945 homines
1324 1891 1456 1944 estis.
1501 1888 1606 1944 Sed
1659 1888 1747 1958 qui
1796 1885 2081 1942 homines?

505 1999 694 2038 omnes
723 1981 1005 2037 homines?
1030 1983 1163 2037 Non.
1192 1982 1375 2036 Beatus
1394 1979 1534 2036 enim
1550 1978 1694 2050 cujus
1729 1988 1800 2034 est
1835 1977 2082 2032 Dominus

505 2073 642 2126 Deus
671 2072 782 2142 spes
800 2076 908 2145 ejus
930 2071 1097 2144 (Psril.
1134 2088 1312 2139 nm,
1335 2070 1391 2142 5)
1417 2089 1430 2124 :
1456 2073 1539 2138 et,
1569 2071 1734 2137 Quam
1765 2070 1920 2123 bonus
1942 2067 2081 2121 Deus

506 2162 668 2217 Israel
693 2166 837 2218 rectis
863 2166 1011 2218 corde
1034 2146 1201 2232 (Psal.
1230 2180 1386 2226 Lxxu,
1414 2163 1498 2234 ηε
1542 2161 1726 2215 Beatus
1749 2161 1823 2213 vir
1841 2160 1984 2230 cujus
2010 2168 2082 2213 est

504 2255 754 2309 Dominus
778 2255 915 2309 Deus
939 2257 1098 2327 ipsius
1123 2253 1289 2325 (Psal.
1318 2269 1473 2321 CXLV,
1500 2252 1577 2324 5).

577 2346 664 2401 50.
696 2345 834 2401 Deus
855 2347 1078 2399 omnium
1098 2355 1190 2408 est,
1216 2355 1261 2398 et
1287 2344 1348 2398 ab
1369 2343 1598 2398 omnibus
1627 2342 1732 2396 suis
1757 2345 1856 2394 non‘
1872 2339 2077 2406 divisus,

503 2436 592 2489 sed
645 2443 774 2490 totus
824 2436 1121 2505 possidetur.
1165 2436 1334 2504 Super
1362 2447 1546 2488 omnes
1582 2441 1660 2488 est
1693 2432 1872 2486 Deus:
1903 2438 2079 2485 tamen

504 2528 686 2583 nescio
720 2527 984 2597 quomodo
1018 2543 1120 2582 non
1156 2526 1308 2581 facile
1339 2525 1613 2595 quisquam
1665 2523 1826 2578 audet
1861 2521 2076 2588 dicere,

507 2620 646 2674 Deus
672 2624 840 2688 meus,
867 2621 966 2674 uisi
986 2620 1072 2689 qui
1099 2620 1150 2673 itt
1178 2634 1298 2673 eum
1323 2618 1510 2683 credit,
1534 2623 1586 2671 et
1606 2617 1694 2686 qui
1718 2631 1839 2670 eum
1873 2614 2075 2685 diligit;

505 2711 616 2778 ipse
660 2711 808 2776 dicit,
853 2711 990 2764 Deus
1020 2725 1190 2765 nteus.
1229 2710 1401 2763 Tuum
1431 2708 1522 2763 tibi
1565 2707 1773 2772 fecisti;
1804 2706 1956 2776 cujus
1979 2721 2036 2760 es
2059 2741 2074 2772 ,

503 2803 604 2857 hoc
629 2813 771 2858 amat
795 2804 927 2872 ipse.
951 2804 1172 2857 Prorsus
1205 2801 1482 2857 dulcedine
1512 2801 1735 2858 affectus
1775 2800 1881 2866 tui,
1915 2807 1968 2854 et
1995 2812 2080 2853 se-

503 2909 627 2946 cura
658 2903 708 2948 et
737 2893 1027 2962 prteftdenti
1047 2893 1332 2947 dilectione
1359 2893 1468 2957 die,
1496 2892 1634 2946 Deus
1657 2905 1825 2944 meus.
1848 2889 2078 2944 Securus

503 2984 654 3049 dicis,
687 3000 868 3038 verum
897 2984 1026 3038 dicis
1047 3002 1059 3037 :
1079 2984 1198 3052 quia
1225 2992 1342 3037 tuus
1362 2989 1463 3046 eSt,
1485 2988 1538 3036 et
1565 2997 1669 3035 non
1695 2980 1867 3035 fecisti
1895 2987 1953 3034 ut
1975 2994 2078 3034 non

503 3076 570 3130 sit
591 3075 824 3129 alterius.
851 3075 966 3129 Non
989 3075 1129 3128 enim
1152 3075 1227 3129 sic
1247 3074 1400 3140 dicis,
1422 3073 1561 3127 Deus
1581 3086 1761 3136 meus;
1789 3070 2076 3141 quomodo,

505 3168 684 3236 Equus
703 3179 870 3220 meus.
896 3167 1074 3237 Equus
1093 3167 1232 3220 enim
1255 3171 1378 3220 tuus
1393 3173 1495 3230 est,
1521 3173 1625 3218 n‘on
1647 3178 1815 3233 equus
1835 3162 2075 3219 alterius.

506 3260 642 3313 Deus
666 3268 716 3314 et
745 3269 863 3313 tuus
883 3268 986 3324 est,
1024 3266 1078 3313 et
1114 3259 1228 3325 ejus
1263 3258 1355 3326 qui
1387 3256 1465 3310 sic
1485 3255 1702 3319 dixerit,
1727 3256 1866 3310 Deus
1892 3268 2073 3320 meus,

503 3350 770 3420 quomodo
819 3359 873 3404 tu
931 3349 1080 3404 dicis.
1121 3347 1325 3418 Singuli
1365 3346 1573 3413 dicunt,
1603 3346 1748 3402 Deus
1785 3361 1956 3409 meus,
1983 3353 2076 3413 et,

504 3444 646 3499 Deus
673 3458 821 3498 meus
847 3461 859 3497 :
893 3443 982 3496 ille
1007 3441 1238 3496 omnium
1259 3449 1362 3507 est,
1383 3439 1735 3494 communiter
1752 3437 1998 3493 omnibus
2021 3452 2081 3493 se

503 3535 568 3588 ad
600 3534 872 3588 fruendum
906 3533 1166 3604 prmbens,
1205 3533 1257 3586 in
1287 3530 1532 3586 omnibus
1559 3531 1780 3600 integer,
1810 3529 1864 3584 in
1888 3530 2078 3600 singu-

504 3627 569 3680 lis
597 3626 818 3696 iuteger.
845 3625 957 3679 Non
986 3625 1122 3678 enim
1152 3624 1239 3693 qui
1265 3623 1480 3688 dicunt,
1511 3623 1652 3677 Deus
1681 3636 1851 3687 meus,
1882 3621 2074 3690 singuli

504 3718 744 3774 dividunt
770 3718 906 3770 inter
934 3730 1010 3769 se.
1038 3715 1091 3770 Si
1118 3725 1293 3769 sermo
1344 3715 1445 3771 iste
1489 3723 1644 3783 quem
1696 3712 1838 3782 jacto
1879 3711 2075 3781 lingua,

505 3819 558 3866 et
586 3825 718 3864 sono
741 3819 1016 3864 constante
1039 3808 1229 3862 litteris
1249 3816 1303 3862 et
1323 3806 1562 3877 syllabis,
1596 3814 1737 3860 totus
1757 3805 1821 3860 ad
1839 3805 2078 3875 singulos

508 3903 764 3972 pervenit,
790 3917 887 3956 nec
915 3900 1154 3954 dividunt
1177 3899 1324 3953 illum
1372 3898 1511 3952 inter
1538 3911 1596 3951 se
1631 3896 1721 3966 qui
1757 3895 2006 3959 audiunt;
2035 3895 2081 3949 si

505 3997 681 4050 sermo
708 3994 772 4048 ad
795 4009 950 4047 aures
979 3992 1215 4061 corporis
1241 3988 1587 4059 corporaliter
1604 4000 1822 4052 sonans,
1863 3987 1920 4041 in
1953 4001 2079 4056 pro-

507 4087 702 4155 pinquo
728 4085 942 4148 clarius,
971 4083 1022 4136 in
1049 4081 1334 4149 longinquo
1372 4078 1691 4148 languidius,
1738 4077 1806 4132 ab
1834 4076 2080 4132 omnibus

505 4186 683 4229 tamen
715 4173 1046 4228 audientibus
1077 4181 1219 4225 totus
1265 4169 1544 4238 ekeipitur,
1572 4183 1676 4222 non
1699 4168 1838 4222 inter
1879 4181 1940 4223 se
1967 4167 2079 4239 syl-

505 4267 719 4320 labatim
748 4280 869 4318 eum
901 4261 1276 4327 dividentibus,
1323 4259 1417 4316 sed
1446 4260 1695 4315 omnibus
1730 4267 1898 4313 totum
1942 4259 2080 4313 acci-

508 4359 800 4430 pientibus;
831 4362 1026 4424 quanto
1049 4354 1214 4424 magis
1258 4352 1348 4408 ille
1389 4352 1529 4406 Deus
1581 4351 1778 4421 ubique
1821 4363 2077 4419 praesens,

509 4453 734 4521 impleus
765 4449 964 4514 omnia,
992 4462 1094 4501 non
1143 4445 1436 4516 prepinqua
1465 4445 1678 4511 clarius,
1705 4453 1757 4499 et
1793 4443 2080 4513 longinqua

508 4541 824 4612 languidius,
855 4539 946 4594 sed
969 4537 1285 4607 pertendens
1305 4551 1335 4591 a
1365 4536 1470 4590 ﬁne
1492 4550 1656 4605 usque
1680 4535 1747 4590 ad
1777 4535 1934 4590 finem
1969 4534 2078 4590 for-

508 4636 648 4699 titer,
699 4642 748 4688 et
795 4633 1078 4702 disponens
1132 4631 1310 4685 omnia
1367 4629 1600 4684 suaviter
1663 4628 1816 4700 (Sap.
1858 4626 2074 4697 vut,i),

508 4725 779 4797 aequaliter
804 4725 1103 4796 possidetur
1148 4725 1215 4778 ab
1251 4722 1529 4778 omnibus?
1577 4721 1690 4776 Lux
1727 4721 1848 4786 ista,
1890 4720 2080 4782 fratres

507 4823 630 4885 mei,
660 4828 806 4876 certe
835 4832 1113 4888 corporea,
1145 4817 1212 4870 de
1233 4817 1370 4871 coelo
1396 4815 1594 4884 fulget;
1635 4813 1822 4878 oritur,
1864 4811 2074 4876 occidit,

503 4911 766 4982 circumit,
813 4914 881 4968 de
907 4913 1023 4967 loco
1049 4907 1100 4964 in
1144 4907 1319 4963 locum
1365 4915 1599 4961 mutatur
1629 4914 1839 4959 :tatnen
1889 4901 2076 4973 prece;

505 5007 639 5060 dunt
658 5006 710 5060 in
737 5017 854 5059 eam
895 5007 947 5058 et
974 5001 1275 5070 diriguntur
1295 4997 1533 5054 omnium
1560 4996 1717 5059 oculi,
1743 5003 1796 5050 et
1842 4996 2078 5066 omnium

507 5100 642 5154 oculi
671 5099 868 5168 pariter
895 5106 1011 5150 eam
1034 5092 1326 5163 possident,
1348 5105 1452 5145 non
1472 5103 1588 5145 eam
1608 5087 1878 5153 dividunt;
1903 5087 2076 5158 nullus

508 5191 557 5244 iu
585 5205 647 5245 ea
677 5189 822 5245 dives
849 5187 1070 5242 limitem
1101 5184 1234 5249 tixit,
1275 5199 1372 5238 nec
1398 5183 1544 5251 prior
1574 5179 1988 5250 przeoccupando
2025 5187 2081 5233 ut

506 5281 726 5347 videret,
750 5281 934 5336 oculos
972 5277 1220 5349 pauperis
1249 5281 1337 5330 aut
1361 5274 1608 5340 exclusit,
1642 5280 1732 5327 aut
1759 5270 2077 5340 angustavit.

509 5373 656 5428 Dicat
681 5387 894 5441 pauper,
923 5373 1064 5426 Deus
1099 5383 1278 5433 meus;
1309 5367 1451 5422 dicat
1479 5366 1648 5430 dives,
1702 5365 1844 5420 Deus
1882 5377 2031 5418 meus
2063 5381 2074 5416 :

510 5465 686 5518 minus
706 5463 793 5519 ille
813 5463 991 5529 habet,
1025 5463 1141 5532 plus
1170 5461 1253 5515 hic
1278 5459 1475 5523 habet;
1508 5457 1601 5512 sed
1640 5465 1938 5527 argentum,
1971 5471 2078 5509 non

507 5556 696 5630 Deum.
726 5555 796 5610 Ut
824 5553 1121 5625 perveniret
1140 5553 1204 5607 ad
1230 5553 1396 5607 Deum
1425 5550 1711 5630 Zaceltzeus
1736 5549 1905 5612 dives,
1934 5547 2078 5602 dedit

510 5629 783 5703 dimidium
811 5635 1110 5715 patrimonii
1150 5645 1228 5699 sui
1269 5643 1416 5714 (Luc.
1451 5645 1561 5712 sui,
1584 5629 1664 5714 8);
1696 5637 1751 5695 u‘t
1782 5637 2082 5718 perveniret

507 5740 716 5806 Petrus,
766 5738 897 5793 ret-ia
943 5743 996 5791 et
1044 5751 1230 5791 navem
1261 5735 1461 5792 dimisit
1507 5733 1720 5803 (Matth.
1758 5748 1827 5797 tv,
1855 5730 1969 5800 20);
2022 5725 2079 5784 ut

505 5833 809 5904 perveniret
831 5829 1006 5902 vidua,
1042 5827 1147 5886 duo
1190 5829 1388 5886 minuta
1434 5828 1580 5886 dedit
1622 5825 1771 5901 (Luc.
1796 5841 1903 5894 XXI,
1929 5821 2074 5898 2-4);

1705 386 1762 441 S.
1802 381 2165 438 AUGUSTINI
2208 380 2511 437 EPISCOPI

2183 508 2241 554 ut
2264 499 2561 568 perveniret
2591 499 2888 568 pauperior,
2935 500 3154 555 calicem
3205 515 3356 572 aqua:
3381 503 3584 574 frigidm
3629 521 3748 577 por-

2184 592 2320 646 rexit
2350 590 2562 664 (Matth.
2586 607 2641 658 x,
2671 591 2785 663 42);
2815 599 2870 646 ut
2899 595 3197 662 perveniret
3241 596 3449 665 penitus
3475 614 3674 670 pauper
3699 611 3750 658 et

2183 693 2400 754 egenus,
2421 685 2586 739 solam
2608 684 2799 740 bonam
2825 687 3148 742 voluntatem
3172 688 3355 744 tribuit
3379 688 3527 760 (Luc.
3552 708 3624 760 XI,
3641 692 3747 766 Η).

2182 777 2399 831 Diversa
2442 777 2720 842 dederunt,
2755 779 2850 834 sed
2913 780 2978 835 ad
3011 785 3171 836 unum
3209 794 3580 850 pervenerunt,
3633 789 3748 856 quia

2187 873 2292 923 nou‘
2323 866 2528 924 diversa
2580 873 2907 926 amaverunt.
2958 872 3046 928 Sic
3087 873 3140 928 et
3175 889 3290 941 vos,
3334 875 3578 933 homines
3629 893 3754 935 oves

2183 959 2297 1024 Dei,
2321 974 2449 1015 oves
2479 962 2652 1031 gregis
2683 961 2799 1026 Dei,
2832 963 2996 1019 nolite
3041 966 3334 1034 perturbari
3377 971 3753 1038 temporalibus

2182 1047 2572 1107 diversitatibus
2613 1055 2820 1120 vestris,
2852 1055 2989 1125 quod
3041 1057 3128 1113 alii
3171 1058 3224 1111 in
3271 1057 3496 1125 honore,
3524 1062 3613 1116 alii
3641 1063 3756 1119 sine

2184 1141 2401 1208 honore,
2436 1145 2522 1198 alii
2567 1159 2686 1200 cum
2717 1149 2958 1215 pecunia,
2987 1149 3073 1203 alii
3100 1153 3290 1218 praeter
3340 1155 3637 1222 pecuniam,
3667 1157 3755 1211 alii

2183 1233 2387 1303 pulchri
2417 1250 2660 1306 corpore;
2693 1239 2781 1292 alii
2806 1239 2979 1294 minus
3017 1242 3241 1309 pulchri,
3271 1245 3357 1298 alii
3411 1255 3572 1302 :etate
3607 1247 3754 1314 fessi,

2182 1324 2270 1379 alii
2294 1326 2536 1395 juvenes,
2583 1329 2673 1384 alii
2725 1331 2892 1400 pueri,
2920 1332 3010 1386 alii
3054 1333 3173 1399 viri,-
3212 1337 3300 1390 alii
3342 1336 3590 1394 feminte:
3621 1343 3758 1399 Deus

2183 1420 2428 1475 omnibus
2457 1422 2733 1490 mqualiter
2777 1424 2945 1478 adc3t.
2988 1426 3082 1480 Ille
3108 1427 3244 1495 apud
3281 1433 3400 1483 eum
3441 1431 3559 1500 plus
3603 1433 3763 1490 habet

2185 1511 2307 1577 loci,
2336 1514 2424 1582 qui
2452 1515 2570 1583 plus
2598 1515 2852 1583 attulerit,
2881 1515 2985 1572 nan
3017 1521 3240 1588 argenti,
3265 1521 3357 1576 sed
3387 1524 3530 1578 tidei.
3561 1525 3628 1580 Et
3649 1543 3756 1594 vos,

2186 1601 2376 1673 inquit,
2409 1620 2521 1658 oves
2549 1620 2692 1672 mete,
2743 1615 2787 1661 et
2814 1623 2927 1661 oves
2969 1610 3131 1679 gregis
3179 1612 3295 1677 mei,
3343 1613 3566 1670 homines
3607 1619 3763 1680 estis:

2185 1689 2235 1748 et
2252 1709 2340 1765 ego
2368 1693 2508 1749 Deus
2535 1705 2710 1760 vester,
2751 1699 2873 1752 dicit
2901 1697 3151 1755 Dominus
3179 1701 3330 1758 Deus.
3355 1705 3399 1759 Ο
3438 1704 3622 1762 beatos
3667 1725 3764 1765 nos

2187 1784 2276 1839 tali
2306 1785 2640 1854 possessione
2669 1794 2723 1841 et
2776 1788 2864 1842 tali
2896 1793 3235 1858 possessore!
3268 1793 3400 1847 Nam
3435 1804 3490 1850 et
3529 1800 3766 1866 possidet

2186 1891 2304 1941 nos,
2331 1885 2386 1931 et
2414 1877 2744 1947 possidemus
2773 1879 2920 1935 illum
2952 1898 2967 1933 :
2997 1883 3232 1950 possidet
3256 1893 3372 1951 nos,
3403 1895 3462 1940 ut
3477 1889 3617 1942 colat
3642 1906 3762 1956 nos;

2186 1968 2520 2038 possidemus
2547 1970 2717 2035 illum,
2749 1975 2808 2025 ut
2851 1974 3088 2027 colamus
3128 1974 3276 2028 illum
3308 1993 3321 2030 :
3351 1977 3444 2032 sed
3486 1993 3585 2033 nos
3635 1983 3768 2037 coli-

2185 2073 2308 2114 mus
2336 2061 2582 2130 tanquam
2616 2061 2803 2128 Deum,
2834 2062 2925 2116 ille
2947 2063 3072 2118 celit
3119 2073 3364 2134 tanquam
3413 2083 3598 2137 agrum
3630 2089 3644 2124 :
3680 2073 3770 2128 ille

2185 2166 2285 2208 nos
2314 2153 2460 2220 colit,
2493 2161 2551 2208 ut
2598 2153 2826 2210 fructum
2876 2154 3185 2222 aderamus;
3231 2167 3327 2213 nos
3357 2175 3476 2214 eum
3514 2163 3766 2227 colimus,

2186 2251 2242 2300 ut
2270 2245 2494 2301 fructum
2524 2245 2731 2302 demus.
2759 2248 2952 2303 Totum
2982 2249 3047 2303 ad
3069 2263 3166 2304 nos
3193 2252 3438 2319 recurrit,
3473 2253 3560 2307 ille
3591 2257 3766 2311 nostri

2186 2350 2290 2392 non
2316 2347 2454 2408 eget,
2480 2336 2626 2392 Dabo
2653 2339 2760 2403 tibi;
2794 2339 2983 2409 inquit,
3029 2340 3368 2396 [nereditatem
3395 2353 3531 2397 tuam
3576 2355 3623 2398 et
3653 2363 3772 2414 pos-

2183 2431 2450 2484 sessionem
2478 2438 2615 2484 tuam
2639 2431 2764 2500 fines
2795 2440 2940 2486 terra:
2970 2430 3141 2502 (Psal.
3171 2441 3227 2496 tt,
3249 2433 3328 2503 8).
3376 2433 3513 2489 Ecce
3548 2450 3770 2503 posses-

2183 2521 2263 2575 sio
2293 2521 2457 2592 ipsius
2497 2523 2700 2576 sumus.
2747 2521 3018 2590 Dominus,
3055 2523 3242 2594 inquit,
3291 2543 3413 2595 pars
3460 2527 3774 2585 Itazreditatis

2181 2625 2306 2667 mete
2328 2623 2374 2666 et
2399 2613 2570 2667 colicis
2595 2619 2691 2668 mei
2719 2612 2886 2682 (Psal.
2918 2631 3000 2680 xv,
3035 2614 3265 2689 5).Ecee
3296 2622 3562 2687 possessio
3587 2632 3773 2680 nostra

2182 2710 2266 2758 est
2291 2721 2302 2757 :
2333 2703 2426 2759 sed
2456 2712 2630 2759 tamen
2662 2721 2762 2775 qua
2785 2696 3301 2763 distinctioneiV'os
3345 2709 3590 2767 homines
3616 2716 3772 2782 estis,

2180 2810 2280 2867 ego
2306 2792 2560 2854 Dominus
2583 2799 2724 2854 Deus
2752 2798 2945 2865 vester,
2973 2801 3101 2856 dicit
3122 2802 3372 2858 Dominus
3399 2804 3536 2860 Deus
3564 2812 3775 2863 uoster.

2517 2985 2520 2990 _
2670 2908 2894 2969 SERMO
2921 2911 3124 2970 XLVII!
3147 2915 3266 2988 ·(α).

2182 2993 2262 3056 De
2286 2999 2445 3057 verbis
2473 2998 2706 3059 Michwa:
2757 2999 3035 3077 prephetre,
3091 3015 3207 3078 cap.
3242 3014 3314 3075 γι,
3343 3010 3462 3076 6-8,
3493 3011 3632 3079 Qtiid
3687 3013 3781 3068 (ll-'-

2252 3088 2412 3165 gnu'tii
2452 3092 2667 3151 offera'm
2721 3095 2963 3164 Domino,
2995 3107 3089 3154 etc.
3122 3091 3295 3170 Deqtie
3338 3097 3546 3157 Psatino
3596 3107 3778 3171 Lxxtt,

2255 3176 2422 3254 Quam
2448 3181 2618 3243 bonos
2648 3182 2808 3243 lSiael
2833 3185 2988 3244 Deus.
3018 3195 3093 3243 etc
3126 3190 3220 3263 (ὁ).

2581 3303 2776 3352 Habitus
2799 3303 2847 3353 in
2869 3303 3062 3355 basilica
3077 3289 3329 3357 Celerinze.

2257 3407 2482 3465 CAPUT
2507 3409 2930 3466 PRIMUM—1.
2962 3410 3279 3468 Prcedicator
3301 3403 3433 3470 verbi
3459 3403 3708 3488 operatur
3728 3399 3789 3474 in

2184 3503 2409 3567 auribus,
2457 3503 2594 3558 Deus
2647 3504 2701 3558 in
2753 3506 2921 3558 corde.
2967 3507 3246 3562 Lectiones
3299 3489 3600 3564 divinorum
3653 3497 3785 3569 eio-

2183 3594 2448 3664 quiorum,
2481 3610 2600 3649 cum
2629 3597 3003 3674 recitarentur,
3035 3589 3352 3653 audivimus.
3380 3583 3450 3652 Ea
3479 3581 3638 3676 nobis
3694 3595 3789 3658 est

2184 3688 2433 3743 materies
2463 3688 2712 3758 loquendi
2752 3689 3050 3760 proposita;
3101 3690 3223 3745 inde
3260 3691 3787 3768 sapere‘debemus,

2183 3778 2308 3848 inde
2333 3781 2600 3834 seminare
2637 3780 2777 3854 quod
2815 3780 3069 3858 sapimus,
3110 3781 3392 3850 adjuvante
3437 3769 3547 3850 ilio,
3585 3784 3646 3839 in
3680 3802 3795 3842 cu-

2181 3869 2268 3940 jus
2293 3887 2445 3924 ntanu
2469 3881 2616 3935 sunt,
2647 3871 2784 3925 sicut
2808 3871 3062 3941 scriptum
3091 3881 3193 3939 est,
3225 3881 3270 3926 et
3300 3890 3390 3927 nos
3438 3883 3482 3928 et
3511 3892 3795 3934 sermones

2187 3964 2345 4018 nostri
2373 3964 2524 4034 (Sap.
2559 3980 2650 4032 vtt,
2683 3965 2795 4036 16).
2827 3964 2935 4020 Nec
2962 3965 3155 4042 frustra
3201 3953 3450 4042 aiiOIIOCO
3499 3967 3795 4037 scriptum

2186 4065 2287 4121 est,
2313 4055 2382 4110 In
2402 4055 2621 4111 Domino
2647 4056 2862 4112 laudabo
2882 4073 3178 4124 sermonem,
3220 4058 3273 4112 in
3295 4033 3515 4113 Domino
3542 4058 3798 4116 laudabo

2248 4195 2266 4214 '
2291 4171 2631 4266 itece‘nsitusin‘
2647 4199 2749 4246 uss.
2774 4208 2839 4246 cs.
2867 4195 2928 4247 ci.
2957 4202 3008 4246 et
3028 4197 3078 4248 in
3100 4204 3199 4246 Am.
3219 4201 3292 4246 Er.
3314 4189 3450 4247 Ulim.
3474 4203 3578 4247 Par.
3605 4203 3741 4249 Low.

2247 4277 2320 4402 ξαζ
2355 4277 2492 4337 Alias,
2516 4277 2838 4339 de'T‘empore
2859 4277 2965 4328 256.

2271 4338 2299 4390 ὸ
2353 4346 2414 4402 Et:
2439 4341 2691 4402 Augustini
2713 4343 2761 4390 in
2794 4341 2965 4402 huneij

2227 4338 2414 4404 .(b)»l§1.x
2439 4341 2691 4404 Augustini
2713 4338 2761 4390 in
2794 4341 3096 4404 huneipsum
3120 4340 3501 4404 Micimueiocum
3537 4353 3807 4404 sermone

2184 4395 2398 4466 imittiiltil
2415 4395 2542 4464 quod
2560 4395 2760 4466 minime
2775 4395 2987 4466 continet
3009 4403 3316 4466 subsequens
3329 4395 3572 4466 tractatus,
3597 4401 3808 4466 decor-

2186 4462 2318 4535 pttu‘n
2345 4470 2420 4510 est
2433 4462 2465 4511 a
2479 4463 2619 4521 Beda,
2635 4463 2851 4524 elinipsa
2871 4465 2996 4572 ejus,
3009 4475 3103 4511 non
3122 4462 3318 4525 vulgata
3334 4464 3529 4525 quidem
3550 4463 3808 4546 falsoque

2187 4539 2232 4572 et
2256 4527 2451 4572 trtbuta.
2482 4526 2570 4572 sed
2596 4539 2711 4572 vera
2734 4532 2786 4572 et
2807 4527 2853 4572 in
2878 4539 2906 4572 υ
2927 4526 3094 4572 nribus
3112 4533 3212 4572 Mss.
3242 4524 3377 4572 libris
3398 4534 3593 4572 reuerta
3620 4528 3808 4572 enim-

2187 4524 2232 4576 εἰ
2256 4526 2451 4586 tributa,
2482 4526 2570 4589 sed
2596 4539 2711 4575 vera
2734 4532 2786 4589 et
2807 4527 2868 4589 ing
2878 4524 3094 4587 pluribus
3112 4524 3224 4574 tussi
3242 4524 3377 4575 libris
3398 4534 3593 4589 reperta
3620 4524 3808 4589 cone-

2183 4590 2344 4654 ctioue
2363 4579 2691 4654 sie'profertpr
2714 4579 2772 4636 ad
2791 4579 2935 4654 (salit.
2961 4589 3005 4654 iv
3027 4600 3037 4634 :
3067 4605 3089 4654 «5
3102 4592 3168 4654 ex
3188 4597 3413 4654 sermone
3436 4579 3498 4654 de
3525 4583 3630 4654 ιπηφῂ
3644 4589 3813 4640 theti-

2192 4603 2344 4653 suone
2363 4603 2430 4636 ste
2474 4603 2634 4636 lI'OICl‘l.
2669 4603 2691 4637 r
2714 4603 2772 4636 au
2791 4603 2935 4635 balal.
2961 4603 3005 4635 tv
3027 4603 3037 4634 :
3067 4605 3088 4630 «
3105 4603 3168 4634 ex
3188 4603 3413 4635 sermone
3436 4603 3498 4635 ue
3525 4603 3813 4648 propneu-

2192 4667 2214 4696 α
2236 4652 2306 4699 eis
2337 4603 2530 4709 verbis,
2555 4655 2607 4697 ut
2629 4603 2771 4697 iiomo
2791 4640 2960 4710 diligat
2976 4648 3207 4710 justitiam
3231 4654 3283 4698 et
3303 4649 3707 4698 misericordiam
3753 4662 3815 4702 et

2193 4729 2215 4764 tt
2235 4711 2466 4776 judicium
2481 4745 2495 4772 ,
2521 4718 2809 4776 paratusque
2830 4709 2895 4776 sit
2917 4709 3165 4776 ambulare
3187 4724 3300 4776 cum
3317 4711 3513 4776 Domino
3535 4716 3815 4776 i)eo__s_uo.

2192 4763 2353 4824 aifatu
2390 4763 2547 4822 autem
2585 4763 2706 4821 venit
2731 4763 2975 4834 plenitudo
3008 4769 3261 4834 temporis,
3291 4765 3418 4820 misit
3443 4770 3821 4834 Dettsf‘ilinm

2171 4835 2214 4880 it
2237 4834 2375 4886 suum
2396 4834 2574 4898 factum
2607 4845 2670 4898 ea:
2699 4830 2925 4898 muliere,
2949 4830 3129 4894 factum
3152 4830 3402 4898 subjege.
3425 4832 3515 4880 Sed
3539 4830 3786 4898 offendit
3803 4872 3819 4896 ,

2192 4915 2215 4944 α
2235 4893 2412 4960 faction
2433 4910 2496 4946 ea:
2531 4894 2761 4961 muliere;
2797 4893 3123 4961 quia‘natunr
3145 4893 3427 4961 comitentur
3459 4906 3523 4944 ex
3554 4893 3820 4958 virgine}

2192 4977 2214 5004 (ι
2235 4951 2426 5012 'Factutn
2449 4972 2545 5006 non
2573 4951 2853 5006 confitentur
2884 4951 2973 5003 nisi
2997 4951 3241 5003 hominem
3267 4969 3278 5003 :
3307 4951 3434 5002 Deus
3455 4961 3623 5002 autem
3644 4951 3822 5006 Scm-

2192 5019 2214 5064 ἁ
2236 5013 2324 5084 pei-
2349 5017 2653 5084 fugiensest,
2677 5020 2789 5084 tieri
2805 5017 2959 5065 nescit
2994 5023 3046 5065 ut
3075 5018 3152 5084 sit.
3177 5019 3298 5084 fieri
3321 5017 3479 5065 nescit
3499 5023 3638 5084 Deus
3662 5031 3680 5066 :
3708 5021 3826 5084 sed

2193 5099 2216 5134 β
2235 5077 2285 5133 iit
2305 5091 2360 5133 ut
2381 5081 2559 5144 aliquid
2581 5081 2840 5144 alicuilsit;
2879 5090 2977 5141 quo
3006 5078 3149 5144 modo
3179 5078 3370 5144 dicitur,
3396 5077 3616 5144 Domitio,
3637 5082 3828 5144 Τερι-

2192 5127 2367 5211 iiii"
2382 5127 2559 5207 7535‘?
2581 5127 2839 5211 εῖέἳιρίνίιέί
2875 5127 2956 5211 ξι,
3000 5127 3225 5204 Datum
3257 5127 3414 5211 [esse
3458 5127 3830 5211 e§t_a'rlj?t'tor

2192 5221 2214 5254 α
2235 5200 2582 5264 humationem
2605 5201 2782 5260 factus,
2821 5202 2904 5264 qui
2932 5201 3175 5263 nunquam
3199 5200 3275 5251 est
3309 5200 3497 5250 factus?
3539 5204 3828 5264 Dominus

2192 5287 2214 5316 α
2237 5276 2400 5321 autem
2419 5261 2631 5317 Christus
2652 5265 2792 5313 homo
2815 5261 2966 5328 factus
2989 5261 3064 5312 est
3080 5269 3174 5328 ,gut
3205 5268 3441 5328 esset;_ut
3465 5261 3548 5325 qui
3570 5267 3831 5328 ageam:

2193 5349 2215 5376 «
2237 5345 2431 5394 semper
2458 5336 2586 5394 erat,
2625 5334 2847 5394 creatura
2887 5325 3036 5394 esset.
3077 5325 3270 5373 Manens
3301 5325 3432 5392 enim
3452 5323 3582 5394 Deus
3617 5323 3836 5378 factus

2193 5408 2214 5438 α
2239 5389 2314 5442 est
2346 5385 2525 5450 'bomo,
2549 5385 2601 5438 tit
2623 5387 2769 5450 fieret,
2785 5386 2913 5449 quod
2943 5393 3168 5450 nouerat
3185 5419 3200 5444 ,
3225 5389 3321 5435 non
3343 5392 3398 5434 ut
3429 5385 3618 5446 periret
3650 5391 3837 5448 quod

2192 5472 2214 5502 α
2240 5463 2359 5506 erat.
2385 5462 2481 5506 Hoc
2503 5445 2621 5512 ergo
2642 5445 2916 5514 devirgine
2932 5447 3063 5514 quod
3083 5445 3257 5514 factum
3281 5445 3550 5514 est,_qilare
3568 5457 3650 5514 ex
3666 5445 3838 5514 ﬁnu-

2194 5535 2215 5574 α
2239 5505 2352 5566 (iere
2370 5516 2392 5566 ?
2405 5513 2532 5574 Quod
2550 5505 2674 5574 avpttd
2710 5505 3064 5574 iteli‘a'os,'_ubi
3088 5509 3164 5574 est
3190 5505 3338 5570 prima
3360 5505 3530 5574 litfgua
3559 5507 3841 5574 scriptu-

2193 5573 2215 5624 it
2236 5592 2321 5635 rce,
2346 5569 2519 5626 mulier
2543 5569 2718 5624 nomen
2737 5577 2811 5635 est
2829 5569 3118 5635 signiﬁcandi
3137 5569 3306 5629 sexus,
3324 5581 3418 5618 non
3439 5569 3644 5635 amissa
3667 5569 3843 5623 inte—

2192 5657 2214 5688 s
2237 5628 2439 5702 gritatis.
2459 5644 2585 5699 Lege
2608 5628 2984 5704 quandomuliep
3008 5632 3203 5704 formata
3215 5628 3316 5704 est:
3329 5628 3569 5704 gigas-ill,
3590 5629 3839 5704 igquit,

2193 5685 2215 5749 it
2237 5685 2585 5750 ‘iiéitl§"t}nahi’e
2609 5685 2749 5757 Fastis
2769 5696 2871 5757 ejus
2889 5732 2902 5755 ,
2929 5685 2974 5743 id
2999 5697 3075 5742 ext
3096 5687 3180 5757 viri
3196 5729 3210 5757 ,
3235 5685 3278 5742 ei
3305 5685 3565 5754 (ediﬁcat‘it
3583 5685 3740 5743 erit}:
3772 5685 3848 5748 ξιξ

2193 5783 2215 5810 (ι
2237 5763 2500 5812 mulierem.
2527 5761 2597 5808 Sic
2634 5756 2804 5807 tradier
2825 5759 2967 5824 maria
2986 5771 3000 5815 ;
3021 5757 3094 5808 sic
3118 5756 3164 5804 ei
3187 5756 3476 5824 dictutpgjest
3493 5758 3848 5824 autegpam

2194 5845 2218 5874 α
2241 5833 2452 5888 pareret,
2469 5830 2730 5885 antequam
2755 5812 3054 5882 conciperet,
3086 5822 3234 5868 Beata
3251 5821 3302 5868 tu
3323 5812 3446 5868 inter
3467 5812 3776 5872 muneres.
3801 5835 3839 5870 ι
