3994 6480
422 368 526 428 319

492 487 544 544 ϐ.
580 483 694 540 Hoc
723 481 995 540 Psalmista
1021 479 1237 551 suscepit
1263 491 1581 548 cognoscere.
1621 474 1757 543 Quid
1783 489 1912 545 ergo
1939 473 2016 528 fa-

421 577 599 636 ciam?
623 576 838 647 Suscepi
857 588 1170 645 cognoscere.
1196 569 1431 639 Suscepi,
1463 567 1655 636 inquit,
1683 583 1980 637 cognoscere
1996 583 2015 620 :

419 671 516 728 sed
538 686 786 741 magnum
817 675 901 723 est
932 666 1032 720 hoc
1064 677 1385 734 cognoscere
1406 702 1420 726 ,
1465 658 1681 716 difficile
1710 668 1792 714 est
1815 674 2016 729 cogno-

419 780 594 821 scere.
649 762 765 816 Hoc
789 803 802 825 ,
851 759 1048 828 inquit,
1083 764 1424 826 posteaquam
1465 752 1637 818 dixit,
1687 751 1901 822 Suscepi
1929 767 2015 805 co-
2057 765 2063 771 '

419 871 658 929 gnoscere
674 869 694 918 ,°
724 854 817 906 hoc
845 849 988 905 labor
1016 857 1088 904 est
1117 856 1232 900 ante
1253 863 1332 900 me
1359 861 1378 899 :
1404 843 1672 915 quomodo
1697 857 2012 913 cognoscam

417 961 467 1004 et
495 949 695 1018 justum
728 945 892 999 Deum
925 957 1064 1006 esse,
1097 949 1149 995 et
1177 955 1263 993 res
1293 937 1552 992 humanas
1581 949 1741 990 nosse
1761 974 1776 999 ,
1815 943 1869 989 et
1897 949 2017 1003 per-

424 1039 587 1092 versis
628 1037 765 1093 bene
802 1049 949 1100 esse,
980 1031 1140 1104 rectis
1180 1027 1464 1099 aliquando
1507 1027 1648 1082 male
1689 1041 1828 1081 esse.
1872 1025 2017 1091 Quo-

417 1131 577 1184 modo
616 1130 687 1185 sit
723 1128 961 1198 justum,
1003 1123 1210 1194 suscepi
1253 1135 1607 1192 cognoscere,
1655 1127 1710 1174 et
1751 1118 1900 1174 labor
1933 1125 2015 1172 est

415 1233 539 1278 ante
568 1239 675 1278 me.

487 1311 712 1368 CAPUT
760 1309 827 1366 V.
855 1340 927 1351 -—-
955 1310 1008 1362 7.
1044 1307 1307 1374 Quomodo
1338 1306 1415 1361 uel
1442 1303 1684 1376 quamdiu
1713 1301 1854 1356 Deus
1881 1301 2014 1356 sinat

417 1418 463 1462 et
493 1408 612 1461 bene
660 1423 766 1460 esse
810 1405 960 1460 malis
1007 1413 1052 1458 et
1095 1402 1227 1456 male
1258 1417 1365 1456 esse
1399 1399 1561 1454 bonis.
1615 1397 1902 1465 Quousque
1933 1394 2013 1447 la-

420 1500 554 1554 bor?
585 1499 754 1553 Donec
781 1499 1026 1552 introeam
1052 1497 1105 1550 in
1130 1494 1476 1550 sanctuarium
1504 1491 1602 1545 Dei
1621 1533 1635 1557 ,
1665 1499 1708 1545 et
1735 1489 2013 1558 intelligam

417 1611 466 1647 m
501 1594 788 1647 novissima.
823 1591 963 1645 lntra
1009 1603 1136 1658 ergo
1178 1587 1234 1642 in
1274 1585 1633 1640 sanctuarinm
1675 1582 1801 1645 Dei,
1834 1580 2010 1635 anima

419 1686 620 1749 ﬁdelis;
673 1685 809 1737 intra
859 1683 912 1736 in
957 1679 1316 1738 sanctuarium
1363 1677 1495 1741 Dei,
1536 1675 1711 1729 anima
1760 1673 1879 1744 pia,
1926 1671 2013 1727 cui

418 1795 524 1832 non
567 1777 815 1846 displicet
855 1775 997 1830 Deus
1039 1775 1092 1827 in
1137 1772 1290 1827 malis
1331 1771 1464 1836 tuis,
1494 1779 1548 1825 et
1578 1769 1629 1823 in
1661 1768 1812 1823 bonis
1841 1767 2013 1821 malo-

417 1885 538 1924 rum
577 1869 660 1923 cui
709 1883 816 1922 non
863 1865 1106 1934 displicet
1151 1864 1311 1918 Deus.
1358 1861 1427 1916 Et
1467 1861 1513 1916 si
1559 1861 1734 1915 nescis
1781 1874 1883 1929 qua
1929 1874 2014 1913 ra-

416 1961 562 2014 tione
595 1959 718 2023 ﬁat,
751 1957 911 2012 crede
942 1972 1046 2010 non
1078 1955 1270 2024 injuste
1304 1953 1417 2008 ﬁeri
1447 1953 1587 2023 quod
1618 1952 1744 2006 sinit
1771 1961 1861 2005 aut
1890 1951 2012 2005 facit

418 2051 582 2106 Deus.
621 2049 861 2104 Humana
906 2048 1112 2101 ratione
1143 2044 1453 2110 ducebaris,
1485 2043 1662 2098 divina
1702 2042 2014 2097 auctoritate

419 2157 694 2205 revocare,
724 2149 778 2195 et
799 2138 957 2194 crede
983 2136 1182 2208 aliquid
1211 2137 1281 2190 ibi
1307 2151 1426 2191 esse
1453 2135 1594 2206 quod
1625 2146 1674 2190 te
1701 2135 1848 2190 latet.
1881 2134 2013 2188 Nam

420 2233 591 2288 Deum
618 2246 926 2301 perversum
956 2239 1010 2284 et
1031 2228 1269 2296 iniquum
1295 2242 1415 2281 esse
1439 2242 1543 2280 non
1570 2242 1746 2296 posse,
1775 2225 1878 2280 ﬁde
1899 2241 2015 2280 cer-

418 2325 625 2380 tissima
646 2321 969 2378 credendum
992 2330 1092 2374 est.
1117 2318 1205 2374 Sic
1229 2319 1432 2372 intrans
1459 2318 1559 2372 lide
1582 2318 1634 2371 in
1657 2317 2013 2371 sanctuarium

419 2416 548 2478 Dei,
578 2415 784 2468 intrans
823 2411 1092 2466 credendo
1113 2452 1128 2476 ,
1172 2410 1334 2464 discis
1364 2409 1726 2478 intelligendo.
1756 2409 1843 2464 Sic
1869 2409 2014 2464 enim

418 2507 493 2561 ait
533 2523 546 2559 :
589 2504 767 2558 Donec
805 2504 1051 2556 introeant
1090 2502 1142 2555 in
1175 2500 1522 2555 sanctuarium
1565 2499 1692 2565 Dei,
1721 2515 1826 2570 quo
1857 2501 2016 2554 intrat

422 2599 554 2655 ﬁdes
584 2617 597 2652 :
627 2607 680 2653 et
706 2606 826 2667 post
857 2595 1015 2650 ﬁdem
1047 2594 1215 2666 quid?
1243 2593 1312 2648 Et
1337 2594 1616 2666 intelligam
1645 2596 1698 2647 in
1724 2594 2012 2647 novissima.

425 2693 652 2748 Venient
678 2690 986 2755 novissima,
1014 2690 1227 2760 quando
1253 2688 1383 2742 nulli
1409 2687 1550 2742 bono
1575 2688 1677 2742 erit
1701 2687 1861 2752 male,
1883 2686 2016 2740 nulli

419 2787 562 2842 malo
591 2785 694 2842 erit
719 2784 876 2840 bene.
915 2784 1158 2848 Venicnt,
1191 2782 1426 2853 inquam,
1461 2782 1771 2847 novissima,
1804 2780 2015 2850 quando

420 2879 795 2933 discernentur
822 2877 891 2946 pii
917 2876 984 2930 ab
1010 2875 1205 2944 impiis,
1225 2875 1353 2944 justi
1373 2874 1440 2928 ab
1461 2875 1689 2944 injustis,
1714 2873 2015 2928 laudatores

423 2971 518 3026 Dei
548 2986 577 3024 a
604 2968 1125 3040 blasphematoribus
1156 2967 1248 3022 Dei
1277 2985 1289 3020 :
1319 2966 1534 3022 venient
1560 2967 1772 3037 quando
1810 2967 2014 3022 discer-

420 3071 636 3128 nentur,
668 3069 726 3116 ut
753 3061 901 3126 nulli,
933 3060 1071 3114 sicut
1093 3058 1291 3114 dictum
1317 3066 1421 3123 est,
1447 3058 1587 3114 bono
1609 3059 1678 3113 sit
1702 3059 1858 3124 male,
1885 3059 2014 3113 nulli

423 3157 564 3212 malo
598 3155 666 3211 sit
700 3155 856 3209 bene.
888 3153 1064 3220 Quare
1101 3166 1228 3222 ergo
1269 3151 1428 3205 modo
1467 3166 1571 3206 non
1609 3149 1724 3206 sic?
1765 3149 1924 3206 Forte
1962 3160 2017 3205 et

421 3247 585 3304 modo
614 3247 691 3302 sic
720 3263 733 3298 :
767 3245 862 3300 sed
891 3243 1032 3315 quod
1060 3259 1203 3298 nunc
1228 3251 1310 3298 est
1339 3243 1390 3297 in
1417 3242 1626 3298 occulto
1645 3284 1660 3310 ,
1691 3250 1809 3312 post
1834 3242 1935 3298 erit
1960 3241 2012 3298 in

422 3337 723 3394 manifesto.

493 3430 546 3485 8.
577 3428 733 3484 Malis
763 3445 862 3482 non
887 3443 1056 3481 revera
1080 3426 1200 3480 bene
1223 3435 1293 3480 est
1311 3467 1328 3494 ,
1355 3442 1445 3479 nec
1468 3424 1611 3478 bonis
1635 3425 1784 3478 male.
1816 3423 2016 3478 Malum

422 3530 516 3587 est,
545 3519 735 3574 malum
757 3518 878 3590 pati.
912 3517 1054 3571 Bona
1074 3517 1252 3589 quibus
1271 3517 1431 3586 facias
1454 3515 1599 3583 bene,
1627 3525 1672 3570 et
1691 3531 1803 3586 qua:
1823 3517 2016 3586 faciunt

422 3611 628 3666 bonum.
673 3608 957 3680 Ingredere
998 3623 1224 3676 mecum,
1275 3608 1319 3662 si
1363 3617 1536 3678 potes,
1577 3609 1630 3662 in
1658 3609 2014 3664 sanctuarium

422 3701 554 3767 Dei;
590 3699 727 3756 forte
756 3699 856 3764 ibi,
891 3700 935 3754 si
963 3714 1177 3770 possum
1200 3739 1214 3765 ,
1246 3697 1450 3754 docebo
1477 3709 1528 3754 te
1553 3716 1566 3753 :
1591 3699 1700 3752 imo
1725 3699 1872 3754 disce
1897 3715 2014 3755 me-

422 3807 542 3848 cum
573 3792 641 3847 ab
669 3807 734 3848 eo
763 3791 852 3862 qui
882 3791 1038 3846 docet
1068 3806 1187 3856 me,
1219 3790 1379 3846 etiam
1410 3805 1552 3846 nunc
1579 3791 1734 3846 malis
1762 3807 1870 3846 non
1896 3807 2015 3848 esse

420 3885 579 3950 bene,
605 3896 657 3941 et
685 3886 875 3940 melius
900 3898 1020 3940 esse
1045 3883 1200 3940 bonis
1223 3900 1381 3955 quam
1404 3885 1591 3952 malis;
1619 3887 1860 3956 quamvis
1881 3901 2015 3940 non-

419 3976 544 4032 dum
595 3978 800 4031 venerit
842 3977 1102 4031 bonorum
1150 3977 1307 4047 plena
1331 3978 1347 4008 ³
1378 3976 1640 4047 felicitas,
1672 3977 2014 4049 nondumque

421 4070 624 4124 venerit
657 4069 914 4123 malorum
948 4084 1102 4138 ptena
1135 4071 1440 4125 novissima.

491 4159 714 4214 CAPUT
753 4159 838 4214 Vl.
877 4189 948 4198 —
985 4159 1145 4213 Forte
1184 4160 1447 4230 inteUiges
1490 4175 1850 4228 mecum,non
1893 4175 2013 4219 esse

419 4254 558 4310 bene
583 4253 755 4307 malis.
783 4252 931 4322 Rogo
956 4252 1097 4306 enim
1127 4259 1198 4318 te,
1232 4260 1284 4305 et
1309 4267 1489 4321 qutero
1514 4252 1609 4306 abs
1634 4261 1710 4320 te,
1737 4253 1830 4308 tibi
1851 4268 2013 4323 quare

419 4345 558 4400 male
582 4354 682 4398 est.
717 4343 1089 4412 Responsurus
1113 4358 1192 4408 es,
1219 4343 1438 4412 Egestas
1463 4344 1627 4414 angit,
1658 4344 1851 4414 premit
1875 4344 2014 4399 difﬁ-

419 4438 624 4501 cultas;
653 4436 804 4490 dolor
829 4436 1057 4490 fortasse
1087 4436 1466 4502 membrorum,
1500 4437 1658 4492 timor
1681 4437 1750 4492 ab
1773 4438 2006 4494 inimico.

420 4530 536 4584 'l‘ibi
562 4528 682 4584 ideo
710 4529 848 4584 male
873 4539 975 4596 est,
1005 4530 1124 4598 quia
1148 4530 1344 4599 pateris
1369 4530 1504 4584 mala
1529 4547 1544 4596 ;
1571 4540 1624 4586 et
1649 4531 1787 4588 bene
1808 4541 1891 4588 est
1910 4533 2008 4602 illi,

418 4625 507 4692 qui
538 4632 620 4676 est
647 4622 819 4690 ipsum
853 4621 1093 4676 malum?
1132 4621 1350 4675 Multum
1388 4621 1608 4678 interest
1647 4623 1784 4679 inter
1811 4624 2008 4679 malum

417 4731 557 4782 esse,
591 4724 644 4768 et
671 4715 866 4768 malum
891 4714 1017 4784 pati.
1048 4713 1126 4768 Tu
1151 4713 1291 4785 quod
1322 4716 1522 4785 pateris
1548 4730 1652 4769 non
1679 4731 1736 4770 es
1767 4734 1780 4770 :
1811 4716 2007 4772 malum

417 4810 557 4863 enim
586 4808 818 4880 pateris,
850 4806 944 4862 sed
975 4816 1028 4861 tu
1065 4807 1234 4862 malus
1261 4823 1363 4861 non
1395 4823 1474 4862 εε.
1506 4807 1698 4862 Malum
1723 4849 1736 4875 ,
1769 4808 2008 4879 inquam,

419 4902 642 4970 pateris,
675 4899 769 4954 sed
807 4908 864 4954 tu
900 4900 1068 4954 malus
1095 4915 1198 4954 non
1225 4914 1284 4954 es
1310 4917 1322 4952 :
1352 4899 1440 4955 ille
1469 4908 1644 4954 autem
1672 4901 1870 4954 malum
1901 4916 2008 4956 non

417 4995 615 5063 patitur
634 5035 649 5060 ,
678 5002 732 5047 et
762 4994 934 5047 malus
958 5001 1059 5047 est.
1088 4991 1208 5046 Noli
1239 5007 1365 5062 ergo
1395 4993 1537 5058 falli,
1573 4993 1682 5047 noli
1721 4993 1830 5048 falli
1858 5011 1871 5046 :
1901 5008 2007 5049 non

421 5093 593 5156 pulcsl
619 5085 731 5138 ﬁeri
761 5094 815 5138 ut
841 5083 933 5138 tibi
960 5084 1096 5138 male
1124 5084 1209 5150 sit,
1244 5084 1331 5154 qui
1359 5085 1554 5153 pateris
1584 5085 1816 5151 malum;
1848 5095 1900 5140 et
1931 5086 2007 5141 illi

421 5175 554 5228 bene
594 5175 696 5240 sit,
739 5176 826 5245 qui
854 5185 934 5229 est
962 5177 1151 5230 malus.
1182 5176 1312 5231 Cum
1339 5176 1481 5230 enim
1511 5187 1594 5232 est
1619 5179 1788 5232 malus
1808 5219 1823 5245 ,
1855 5187 2008 5248 putas

419 5266 538 5332 quia
575 5280 678 5318 non
709 5265 902 5333 patitur
932 5268 1149 5334 malum,
1183 5283 1301 5322 cum
1330 5269 1524 5338 patitur
1553 5284 1612 5323 se
1640 5269 1852 5340 ipsum?
1889 5270 2006 5324 Tibi

419 5355 556 5409 male
586 5366 685 5419 est,
715 5358 835 5426 quia
862 5360 1055 5414 malum
1081 5360 1309 5414 alienum
1340 5362 1536 5430 pateris
1559 5363 1610 5416 in
1633 5378 1856 5433 corpore
1877 5371 2002 5430 tuo;

417 5457 471 5502 ct
498 5448 567 5500 illi
606 5447 742 5501 bene
769 5459 879 5513 est,
913 5453 1000 5517 qui
1035 5453 1230 5506 malum
1262 5468 1320 5507 se
1347 5453 1518 5524 ipsum
1545 5455 1741 5524 patitur
1767 5456 1817 5509 in
1843 5455 2006 5512 corde

419 5540 552 5594 suo?
579 5539 694 5593 Tibi
723 5541 858 5596 male
880 5552 980 5608 est,
1008 5545 1125 5613 quia
1154 5545 1345 5600 malam
1373 5545 1536 5600 habes
1559 5547 1731 5600 villam
1754 5563 1768 5612 ;
1797 5555 1852 5602 et
1869 5547 2005 5606 bene

420 5642 500 5687 est
532 5633 642 5700 illi,
672 5633 760 5701 qui
789 5634 978 5687 malam
1009 5635 1167 5691 habet
1193 5638 1463 5693 animam?
1503 5638 1630 5694 Esto
1669 5637 1873 5705 bonus,
1913 5640 2003 5711 qui

421 5723 586 5781 habes
615 5727 767 5781 bona.
793 5725 948 5781 Bonae
972 5738 1095 5784 sunt
1119 5731 1334 5800 divitiae,
1358 5733 1554 5790 bonum
1573 5741 1654 5791 est
1671 5750 1879 5804 aurum,
1904 5733 2002 5792 bo-

485 5837 502 5870 ί
529 5835 602 5890 Sic
621 5838 671 5889 in
691 5843 796 5890 llas.
813 5844 870 5892 Δι
891 5839 942 5893 in
963 5841 1105 5898 editis
1125 5845 1378 5910 omittitur,
1411 5844 1568 5912 plena.

1632 356 1693 415 S.
1732 353 2101 414 AUGUSTlNl
2138 355 2443 413 EPISCOPI

3605 361 3709 416 3'20

2125 490 2252 530 num
2274 482 2356 530 est
2375 483 2672 546 argentum,
2695 475 2849 532 bona:
2870 474 3105 543 familiae,
3127 475 3283 532 bona;
3312 488 3708 548 possessiones:

2123 569 2300 622 omnia
2331 568 2429 623 ista
2457 570 2592 624 bona
2615 578 2760 636 sunt,
2792 570 2887 626 sed
2915 570 3054 626 unde
3079 570 3242 626 facias
3260 571 3396 626 bene
3417 613 3431 638 ,
3461 587 3566 626 non
3592 589 3712 642 quae

2123 669 2176 717 te
2197 661 2392 717 faciant
2410 663 2630 718 bonum.
2657 663 2862 718 l‘labeto
2881 664 3039 730 bona,
3063 681 3180 735 quae
3203 675 3255 721 te
3275 664 3471 721 faciant
3489 667 3710 722 bonum.

2121 752 2253 819 Qua:
2277 762 2436 821 sunt,
2465 754 2668 824 inquis,
2698 755 2837 810 ista?
2878 755 2986 810 Fac
3009 755 3296 824 judicium,
3326 756 3408 812 fac
3429 758 3711 824 justitiam.

2121 847 2266 902 Bona
2285 855 2408 903 sunt
2423 864 2540 918 quae
2562 846 2725 902 habes
2749 865 2762 901 :
2788 847 2869 902 fac
2885 847 3162 918 judicium,
3181 847 3263 904 fac
3277 849 3537 918 justitiam
3557 867 3572 914 ;
3596 858 3714 904 esto

2121 947 2175 992 et
2202 947 2255 992 tu
2278 938 2448 993 bonus
2473 939 2611 994 inter
2635 938 2772 993 bona
2797 948 2902 992 tua.
2941 939 3207 994 Erubesce
3242 939 3397 994 bonis
3428 941 3570 994 tuis:
3597 951 3716 994 esto

2121 1031 2290 1085 bonus
2327 1046 2610 1086 mansurus
2646 1031 2784 1085 inter
2813 1031 2952 1086 bona
2977 1031 3234 1100 peritura.
3263 1030 3532 1086 Erubesce
3559 1032 3717 1086 bonis

2121 1121 2228 1176 tuis
2254 1139 2268 1176 :
2300 1122 2404 1176 noli
2436 1122 2557 1177 esse
2587 1122 2759 1176 malus
2788 1121 2839 1175 in
2867 1123 2974 1187 eis,
3005 1137 3072 1176 ne
3096 1136 3284 1192 pereas
3310 1137 3431 1176 cum
3459 1122 3555 1176 eis.
3589 1121 3704 1176 Cn:-

2120 1220 2235 1268 tera
2263 1212 2534 1282 quomodo
2563 1228 2622 1268 se
2650 1213 2907 1276 habeant,
2939 1211 3131 1267 fratres
3171 1213 3311 1278 mei,
3347 1212 3616 1282 quomodo
3649 1215 3709 1268 sit

2120 1304 2380 1359 servanda
2409 1305 2634 1373 justitia,
2660 1314 2716 1360 et
2742 1304 3009 1376 quomodo
3035 1304 3302 1375 diligenda
3326 1304 3711 1369 misericordia,

2119 1403 2176 1451 ct
2199 1396 2470 1466 quomodo
2496 1396 2687 1452 debeat
2711 1397 2935 1466 quisque
2963 1405 3177 1467 paratus
3203 1412 3322 1452 esse
3350 1397 3426 1451 ire
3451 1412 3571 1451 cum
3605 1399 3684 1450 Dn

2119 1486 2266 1541 mino
2294 1487 2403 1542 Deo
2427 1501 2545 1554 suo,
2576 1488 2679 1542 alio
2706 1497 2964 1558 tempore,
2990 1487 3223 1543 donante
3251 1488 3496 1552 Domino,
3524 1488 3716 1558 dispu-

2120 1579 2349 1634 tabimus
2379 1578 2548 1634 vobis.
2579 1579 2778 1634 Tenete
2806 1595 2892 1635 me
2919 1579 3238 1646 debitorem,
3269 1596 3334 1634 ne
3358 1580 3449 1635 diu
3475 1580 3718 1636 habeatis

2120 1670 2473 1743 fatigatorem,
2509 1672 2602 1728 sed
2635 1687 2731 1743 pro
2755 1673 2957 1728 viribus
2982 1673 3114 1728 meis
3143 1672 3440 1744 adjutorem
3467 1675 3505 1727 ¹.

2614 1795 2845 1851 SERMO
2877 1795 3039 1851 XLIX
3065 1800 3082 1819 ‘
3115 1796 3212 1867 (a).

2118 1884 2189 1941 In
2213 1886 2442 1941 eumdem
2471 1885 2702 1941 Micluca:
2740 1887 2940 1956 locum,
2986 1887 3048 1943 de
3085 1889 3288 1958 justitia
3332 1903 3447 1959 qua:
3477 1889 3720 1959 facienda

2184 1981 2331 2052 iussa
2357 1987 2431 2033 est
2462 1994 2481 2034 :
2506 1987 2552 2033 et
2577 1981 2632 2034 in
2663 1978 2896 2035 Mattluei
2931 1989 3085 2051 caput
3134 1997 3198 2035 xx
3218 2022 3232 2047 ,
3266 1979 3330 2035 de
3358 1982 3620 2036 conductis
3664 1981 3724 2034 in

2189 2085 2354 2124 muea.

2213 2184 2413 2234 Habitus
2433 2184 2492 2234 ad
2511 2191 2724 2235 Mensam
2744 2187 2897 2236 sancti
2918 2187 3153 2250 Cypriani,
3170 2188 3221 2237 in
3249 2187 3333 2239 die
3355 2188 3621 2240 dominico.

2190 2287 2416 2345 CAPUT
2453 2289 2734 2348 PRIMUM.
2762 2321 2834 2331 —
2867 2291 3007 2346 Nunt.
3048 2293 3098 2345 1.
3142 2291 3431 2362 Superioris
3468 2294 3725 2348 sermonis

2122 2382 2328 2434 mentio.
2361 2381 2640 2436 Lectiones
2680 2390 2892 2437 sanctas
2933 2383 3132 2452 plures,
3181 2398 3302 2437 cum
3343 2384 3724 2450 recitarentur,

2121 2474 2451 2542 audivimus,
2482 2484 2538 2530 et
2569 2475 2635 2530 de
2665 2476 2745 2530 his
2773 2490 2871 2530 nos
2897 2485 3108 2546 Oportet
3132 2476 3340 2542 dicere,
3368 2477 3508 2547 quod
3540 2476 3730 2532 Domi-

2125 2579 2226 2618 nus
2256 2565 2412 2620 fuerit
2438 2565 2638 2621 donare
2672 2566 2936 2637 dignatus.
2969 2565 3075 2622 Sed
3112 2566 3396 2622 lectionum
3425 2568 3600 2623 omnis
3627 2584 3730 2623 au-

2122 2657 2263 2712 ditor
2289 2658 2428 2728 quod
2456 2659 2724 2714 recentius
2752 2660 2943 2714 lectum
2975 2669 3057 2714 est
3083 2661 3250 2728 magis
3281 2661 3554 2726 meminit,
3583 2669 3637 2715 et
3664 2647 3732 2716 ιιῖ

2122 2751 2244 2806 inde
2271 2751 2470 2821 aliquid
2501 2768 2529 2805 a
2554 2761 2838 2807 tractatore
2863 2753 3008 2807 verbi
3037 2751 3242 2807 dicatur
3261 2762 3560 2823 exspectat.
3585 2753 3730 2809 Cum

2121 2861 2249 2916 ergo
2279 2845 2520 2900 ultimum
2548 2847 2618 2901 sit
2642 2833 2884 2900 sanctum
2908 2847 3253 2916 Evangelium
3280 2849 3582 2912 recitatum,
3611 2865 3728 2904 non

2121 2936 2306 2991 dubito
2330 2948 2646 3007 exspectare
2665 2936 2991 2992 Charitatem
3019 2948 3282 3004 vestram,
3311 2947 3369 2993 ut
3405 2940 3470 2993 de
3507 2940 3608 2994 ista
3639 2941 3728 2994 vi-

2121 3047 2250 3095 nea,
2281 3041 2335 3086 et
2362 3032 2430 3086 de
2456 3031 2734 3086 conductis
2755 3075 2768 3099 ,
2803 3041 2856 3087 et
2895 3031 2962 3086 de
3003 3032 3249 3087 mercede
3278 3031 3481 3086 denarii
3517 3033 3731 3103 aliquid

2121 3123 2366 3178 audiatis.
2410 3123 2512 3178 Sed
2556 3139 2656 3194 ego
2699 3123 2916 3179 memini
2958 3123 3233 3193 superiore
3269 3123 3548 3179 Dominico
3587 3126 3730 3195 quid

2122 3217 2475 3287 promiserim.
2508 3217 2639 3272 Cum
2675 3219 2816 3272 enim
2857 3217 2922 3272 de
2960 3229 3144 3272 sancto
3171 3217 3435 3287 Propheta
3471 3217 3612 3288 quod
3647 3219 3731 3276 le-

2120 3318 2264 3362 ctum
2290 3306 2458 3364 fuerat
2478 3308 2673 3379 aliquid
2695 3324 2964 3378 exponere
2978 3309 3299 3375 voluissem;
3325 3309 3518 3364 lectum
3539 3321 3728 3366 autem

2120 3399 2327 3465 fuerat,
2373 3401 2629 3471 quaerenti
2677 3401 2879 3455 homini
2923 3401 3116 3472 quibus
3164 3401 3435 3456 sacriﬁciis
3483 3403 3732 3472 placaret

2122 3490 2310 3555 Deum,
2343 3493 2702 3547 renuntiatum
2730 3507 2869 3560 esse,
2903 3492 3032 3548 nihil
3057 3493 3126 3548 ab
3151 3493 3240 3548 illo
3263 3494 3430 3548 Deum
3451 3510 3726 3564 qumrere,

2121 3583 2222 3638 nisi
2264 3583 2438 3639 facere
2469 3584 2726 3654 judicium
2756 3594 2810 3640 et
2832 3585 3126 3655 justitiam,
3160 3593 3213 3640 et
3246 3584 3467 3656 diligere
3503 3586 3729 3642 miseri-

2119 3677 2376 3741 cordiam,
2412 3687 2755 3748 paratumque
2783 3692 2903 3733 esse
2932 3679 3009 3734 ire
3036 3693 3154 3733 cum
3188 3677 3412 3732 Domino
3441 3677 3552 3732 Deo
3580 3692 3729 3735 suo:

2121 3771 2362 3837 tractavi,
2388 3779 2640 3840 quantum
2664 3770 2831 3839 potui,
2855 3769 2922 3826 de
2938 3770 3171 3839 judicio;
3201 3779 3510 3841 tantumque
3537 3785 3732 3828 sermo

2120 3862 2406 3932 productus
2447 3871 2564 3928 est,
2597 3871 2654 3917 ut
2695 3878 2801 3918 non
2844 3874 3147 3918 remaneret
3176 3865 3430 3933 temporis
3459 3865 3728 3934 Spatium,

2118 3967 2224 4023 quo
2255 3968 2464 4023 possem
2512 3953 2580 4008 de
2623 3954 2831 4008 ueteris
2866 3953 3158 4024 disputare.
3195 3953 3348 4010 Unde
3377 3969 3464 4010 me
3494 3957 3732 4024 promisi

2119 4043 2376 4098 hodierno
2401 4043 2488 4099 die
2513 4044 2797 4113 dejustitia
2818 4057 2937 4098 esse
2958 4044 3242 4098 dicturum.
3275 4044 3379 4099 Sed
3406 4046 3494 4114 qui
3523 4060 3734 4115 cmpe-

2117 4134 2372 4198 ctabatis,
2401 4143 2460 4189 ut
2484 4134 2550 4189 de
2578 4135 2864 4205 Evangelio
2899 4135 3172 4205 loquerer,
3201 4135 3366 4192 nolite
3403 4151 3498 4190 vos
3527 4147 3734 4206 putare

2117 4225 2406 4281 fraudatos.
2436 4224 2583 4296 Opus
2607 4227 2748 4280 enim
2781 4227 2830 4280 in
2860 4227 2946 4281 illa
2973 4227 3146 4291 vinea,
3174 4227 3286 4296 ipsa
3317 4227 3642 4297 est'justitia.

2187 4314 2412 4372 CAPUT
2441 4315 2580 4371 ll.—
2606 4317 2660 4372 2.
2691 4315 2936 4373 Conducti
2973 4319 3027 4372 in
3062 4320 3226 4374 uinea.
3263 4316 3405 4389 Opus
3433 4319 3724 4388 indictum,

2107 4409 2332 4482 justitia.
2363 4409 2595 4476 Credere,
2611 4421 2682 4464 est
2724 4427 2850 4481 Opus
2888 4409 3021 4476 Dei,
3065 4421 3111 4465 et
3150 4413 3323 4465 eadem
3353 4412 3464 4483 ipsa
3487 4413 3728 4484 justitia,

2116 4502 2275 4559 Fides
2323 4522 2354 4557 a
2403 4507 2535 4576 facto
2582 4513 2628 4557 et
2672 4503 2823 4557 dicto.
2876 4504 3065 4559 Putate
3112 4519 3240 4575 ergo
3281 4519 3376 4560 vos
3415 4519 3533 4559 esse
3573 4521 3733 4561 con-

2115 4599 2322 4656 ductos.
2352 4600 2450 4668 Qui
2487 4601 2638 4671 pueri
2681 4608 2968 4665 venerunt,
3011 4600 3180 4670 prima
3210 4600 3337 4654 hora
3367 4615 3426 4654 se
3451 4599 3732 4657 adductus

2116 4700 2338 4762 putent;
2367 4692 2456 4762 qui
2484 4691 2887 4756 adolescentuli,
2915 4691 3102 4755 tertia;
3135 4691 3226 4760 qui
3250 4690 3492 4760 juvenes,
3521 4700 3683 4745 sexta
3711 4709 3729 4758 ;

2115 4785 2204 4857 qui
2229 4787 2521 4857 graviores,
2546 4800 2718 4850 nona;
2751 4784 2839 4854 qui
2861 4782 3138 4852 decrepiti,
3164 4781 3460 4836 undecima.
3485 4781 3561 4836 De
3583 4791 3735 4838 tem-

2114 4893 2242 4948 pore
2272 4878 2434 4932 nolite
2463 4877 2690 4932 causari.
2721 4876 2868 4945 Opus
2903 4874 3044 4945 quod
3082 4873 3286 4929 faciatis
3323 4873 3532 4939 audite,
3564 4890 3736 4930 mer-

2113 4969 2296 5026 cedem
2325 4969 2496 5024 securi
2523 4976 2853 5039 exspectate.
2881 4966 2948 5020 Et
2972 4965 3016 5022 si
3039 4965 3310 5020 attenditis
3334 4965 3589 5020 Dominus
3619 4981 3737 5024 vc—

2113 5072 2223 5118 ster
2247 5061 2418 5133 qualis
2445 5069 2548 5128 est,
2581 5060 2744 5115 nolite
2773 5057 3032 5125 invidere,
3064 5058 3108 5112 si
3137 5071 3343 5112 merces
3361 5055 3579 5127 aequalis
3599 5069 3732 5115 est.

2112 5155 2264 5224 Quod
2306 5163 2387 5210 est
2427 5169 2592 5224 opus,
2632 5153 2801 5207 nostis
2842 5170 2854 5206 :
2892 5150 2984 5206 sed
3027 5158 3204 5206 tamen
3246 5147 3730 5205 commemorabo.

2113 5247 2307 5303 Audite
2332 5246 2473 5317 quod
2503 5245 2670 5300 nostis
2689 5285 2704 5310 ,
2735 5253 2790 5299 et
2812 5242 2971 5299 facite
2995 5242 3137 5313 quod
3167 5241 3406 5298 audistis.
3439 5241 3730 5310 Diximus,

2111 5355 2244 5411 opus
2275 5338 2369 5392 Dei
2403 5351 2522 5393 esse
2543 5335 2823 5405 justitiam.
2854 5335 3212 5404 Interrogatus
3241 5342 3417 5388 autem
3444 5332 3734 5391 Dominus

2109 5432 2262 5488 Jesus
2293 5430 2434 5502 quod
2473 5437 2616 5486 esset
2653 5443 2789 5498 opus
2819 5428 2942 5494 Dei,
2971 5425 3245 5495 respondit
3282 5445 3295 5480 :
3334 5423 3445 5480 Hoc
3471 5435 3544 5479 est
3573 5442 3734 5494 opus

2113 5522 2228 5589 Dei,
2258 5532 2312 5576 ut
2337 5521 2552 5575 credatis
2579 5520 2634 5574 in
2657 5537 2772 5575 eum
2799 5535 2944 5590 quem
2972 5516 3059 5573 ille
3088 5518 3226 5572 misit
3255 5518 3436 5589 (Joan.
3460 5532 3548 5585 v1,
3580 5518 3725 5590 29).

2174 5659 2190 5691 ί
2213 5655 2468 5731 ιειιιφεεᾴ
2489 5669 2576 5729 pro
2596 5653 2778 5731 uiribus
2806 5654 2923 5707 meis
2945 5661 3240 5719 aajutorem,
3280 5653 3493 5706 additum
3515 5660 3595 5707 est
3613 5665 3731 5708 au-

2106 5727 2330 5775 ctoritate
2352 5727 2682 5769 Cisterciensis
2707 5727 2789 5769 Ms.

2172 5787 2189 5801 '
2216 5784 2554 5832 hecensuimus
2578 5784 2627 5832 in
2647 5795 2716 5832 cs.
2735 5780 2799 5832 cl.
2823 5791 2922 5833 Am.
2947 5787 3020 5832 Er.
3045 5780 3180 5834 Ulim.
3203 5788 3304 5832 Par.
3322 5785 3430 5832 Lor.

2172 5845 2246 5913 (a)
2276 5845 2420 5910 Alias,
2439 5845 2507 5898 de
2527 5852 2766 5911 Tempore
2781 5845 2889 5899 237.
