4012 6338
264 318 359 375 ’521

266 435 477 488 Poterat
510 430 689 489 dicere
716 432 755 499 ',
782 431 990 489 Iustitia
1020 437 1100 487 est
1124 445 1256 502 opus
1284 430 1399 488 Dei.
1428 429 1689 502 Numquid
1717 446 1844 502 ergo

264 542 361 581 nos
388 542 712 597 prmsumere
731 526 925 597 aliquid
947 525 1193 581 conducti
1212 535 1394 580 contra
1414 525 1844 596 patremfamilias

261 620 373 675 ausi
404 620 630 674 sumus?
660 619 715 673 Si
741 618 941 688 justitia
969 626 1052 673 est
1087 632 1222 687 opus
1250 618 1379 685 Dei,
1412 618 1548 672 sicut
1576 632 1672 687 ego
1698 616 1839 681 dixi;

262 713 528 782 quomodo
553 712 656 767 erit
682 726 817 781 Opus
843 710 934 765 Dei
962 709 1100 780 quod
1124 710 1376 764 Dominus
1393 708 1541 774 dixit,
1573 718 1632 763 ut
1658 707 1844 785 creda-

260 815 343 860 tur
370 808 422 859 iu
453 822 596 866 eum,
627 806 725 859 nisi
753 806 865 874 ipsa
892 804 960 859 sit
987 804 1186 873 justitia
1216 802 1433 857 credere
1459 803 1513 856 in
1539 802 1700 857 eum?
1735 799 1842 855 Sed

258 915 401 959 ecce.
438 898 631 967 inquis,
663 914 693 951 a
725 899 945 952 Domino
974 897 1287 961 audivimus,
1323 894 1437 949 Hoc
1465 906 1537 949 est
1565 911 1691 965 Opus
1724 894 1838 960 Dei,

258 1003 307 1043 2;!
333 994 599 1045 credamus
625 993 675 1045 in
704 1008 855 1054 eum;
885 1006 913 1044 a
940 1000 990 1045 te
1016 990 1306 1045 audivimus
1331 989 1473 1059 quod
1498 1004 1630 1059 opus
1654 989 1747 1043 Dei
1772 988 1842 1044 sit

276 1086 452 1138 ustitia
479 1102 492 1138 :
524 1085 686 1154 proba
724 1084 877 1138 nobis
903 1082 1119 1138 credere
1146 1084 1196 1136 in
1225 1081 1492 1137 Christum
1513 1123 1527 1146 ,
1558 1082 1691 1135 hanc
1719 1095 1838 1135 esse

252 1177 533 1245 justitiam.
559 1175 779 1230 Videtur
797 1175 946 1239 mihi,
970 1176 1217 1244 quoniam
1240 1176 1347 1244 jam
1374 1174 1667 1245 respondeo
1693 1190 1837 1243 εμπε-

256 1270 409 1333 renti,
443 1279 499 1324 et
521 1269 662 1339 justa
693 1268 975 1339 ﬂagitanti,
1008 1269 1211 1323 videtur
1237 1268 1330 1323 tibi
1356 1267 1572 1323 credere
1603 1268 1654 1321 in
1682 1267 1838 1321 Chri-

252 1370 388 1414 stum
420 1378 526 1415 non
558 1377 676 1416 esse
700 1360 989 1431 justitiam?
1014 1359 1149 1428 Quid
1179 1368 1260 1415 est
1284 1359 1444 1431 ergo?
1474 1360 1689 1428 lmpone
1714 1360 1836 1415 huic

252 1453 399 1521 operi
441 1471 657 1508 nomen.
691 1454 879 1508 Procul
911 1454 1069 1509 dubio
1111 1454 1155 1508 si
1198 1454 1333 1508 bene
1361 1454 1662 1508 consideras
1694 1453 1834 1523 quod

251 1546 463 1611 audisti,
497 1560 850 1615 responsurus
876 1561 933 1601 es
958 1546 1085 1600 mihi
1116 1563 1127 1599 :
1156 1544 1258 1599 Ista
1288 1544 1418 1599 ﬁdes
1443 1554 1692 1611 vocatur;
1720 1560 1837 1600 cre-

250 1637 377 1693 dere
407 1638 462 1691 in
490 1636 758 1693 Christum
779 1680 794 1703 ,
829 1638 958 1692 lides
994 1646 1232 1691 vocatur.
1264 1637 1479 1705 Accipio
1508 1636 1648 1707 quod
1679 1636 1831 1703 dicis,

251 1729 469 1784 credere
497 1729 548 1782 iu
579 1729 847 1784 Christum
870 1770 884 1793 ,
917 1728 1048 1783 ﬁdes
1077 1736 1314 1782 vocatur.
1348 1726 1482 1781 Audi
1511 1736 1563 1781 et
1594 1738 1645 1781 tu
1673 1727 1834 1781 alium

250 1819 537 1889 Scriptura:
578 1821 748 1874 locum
766 1862 780 1886 ,
807 1820 984 1873 Justus
1013 1836 1073 1873 ccc
1097 1820 1198 1887 ﬁde
1224 1820 1337 1872 vivit
1380 1817 1644 1891 (Habacuc
1669 1835 1702 1871 tt
1722 1859 1735 1882 ,
1762 1818 1831 1885 4;

251 1912 395 1965 Rom.
421 1928 439 1964 1
461 1954 477 1977 ,
507 1911 620 1980 l7).
650 1910 828 1965 Facite
849 1911 1106 1980 justitiam
1126 1952 1141 1977 ,
1175 1910 1375 1966 credite
1403 1927 1417 1964 :
1445 1911 1620 1964 Justus
1646 1927 1708 1964 ea:
1731 1910 1834 1979 fide

247 2006 378 2057 vivit.
411 2004 642 2059 Difﬁcile
673 2012 754 2059 est
783 2013 841 2058 ut
865 2005 1001 2059 male
1026 2005 1185 2071 vivat,
1214 2005 1300 2074 qui
1330 2005 1463 2060 bene
1486 2004 1673 2058 credit.
1700 2003 1830 2058 Cre-

249 2098 351 2151 dite
373 2113 439 2151 ex
462 2106 575 2151 toto
594 2098 773 2163 corde,
800 2097 999 2153 credite
1019 2114 1122 2153 non
1148 2099 1523 2164 claudicantes,
1549 2114 1651 2153 non
1677 2098 1833 2153 haesi-

248 2195 436 2252 tantes,
470 2203 575 2242 non
598 2197 779 2242 contra
807 2189 971 2258 ipsam
996 2190 1150 2243 ﬁdem
1174 2190 1416 2245 humanis
1444 2192 1830 2261 suspicionibus

246 2288 699 2348 argumentantcs.
730 2278 887 2334 Fides
907 2281 1163 2350 appellata
1190 2291 1271 2336 est
1294 2282 1360 2336 ab
1383 2298 1447 2338 eo
1468 2283 1587 2353 quia
1612 2285 1669 2338 ﬁt
1689 2285 1830 2354 quod

245 2370 455 2425 dicitur.
483 2371 611 2425 Dua:
632 2372 849 2442 syllaba:
870 2382 1080 2441 sonant,
1103 2389 1222 2428 cum
1251 2375 1443 2431 dicitur
1468 2375 1598 2431 ﬁdes
1624 2396 1634 2431 :
1663 2380 1828 2447 prima

243 2464 441 2534 syllaba
470 2472 553 2519 est
582 2480 610 2518 a
641 2464 800 2532 facto,
831 2465 1061 2521 secunda
1087 2483 1115 2521 a
1143 2467 1303 2523 dicto.
1336 2469 1604 2541 Interrogo
1628 2488 1754 2542 ergo
1776 2482 1828 2529 te

246 2568 417 2612 utrum
448 2558 658 2613 credas.
693 2558 864 2623 Dicis,
890 2559 1080 2614 Credo.
1114 2560 1218 2615 Fac
1248 2562 1387 2631 quod
1417 2563 1546 2618 dicis
1566 2606 1580 2631 ,
1618 2574 1670 2618 et
1696 2565 1827 2621 ﬁdes

242 2660 339 2704 εει.
368 2649 485 2719 Ego
506 2650 646 2704 enim
672 2650 1040 2719 respondentis
1066 2667 1245 2707 vocem
1269 2652 1453 2708 audire
1476 2670 1713 2724 possunt,
1735 2672 1829 2712 cor

242 2740 509 2795 credentis
547 2741 728 2796 videre
769 2756 876 2795 non
919 2758 1154 2811 possum.
1201 2743 1302 2798 Sed
1343 2746 1594 2813 nttmquid
1635 2762 1732 2817 ego
1759 2748 1827 2803 ad

242 2832 448 2885 vineam
474 2833 725 2898 conduxi,
754 2834 844 2903 qui
871 2849 964 2888 cor
986 2835 1166 2890 videre
1193 2852 1297 2889 non
1324 2852 1535 2905 possum
1553 2839 1575 2889 ?
1596 2838 1703 2894 Nec
1729 2855 1827 2911 ego

243 2922 503 2987 conduco,
535 2940 635 2978 nec
655 2940 753 2994 ego
774 2939 905 2994 opus
929 2925 1123 2992 iudico,
1154 2940 1252 2979 nec
1271 2942 1368 2996 ego
1388 2927 1662 2982 denarium
1687 2946 1827 2986 mer-

244 3014 425 3069 cedem
454 3030 715 3085 prmparo.
750 3014 1098 3085 CoOperarius
1124 3027 1302 3072 vester
1327 3034 1475 3083 sum;
1508 3035 1601 3090 pro
1625 3021 1825 3078 viribus

244 3118 370 3173 quas
395 3105 487 3160 ille
511 3105 710 3160 donare
735 3106 999 3177 dignatur,
1030 3108 1082 3162 in
1109 3109 1259 3163 vinea
1281 3109 1463 3165 laboro
1488 3128 1501 3164 :
1524 3128 1628 3181 quo
1648 3122 1823 3169 autem

242 3196 416 3249 animo
446 3197 717 3264 laborem,
750 3199 837 3268 qui
869 3215 953 3255 me
992 3200 1245 3256 conduxit
1288 3202 1448 3258 videt.
1494 3203 1625 3257 Mihi
1660 3207 1819 3272 enim,

243 3288 311 3342 ait
336 3289 628 3358 Apostolus
648 3331 663 3355 ,
695 3291 955 3345 minimum
980 3303 1084 3361 est,
1111 3304 1165 3347 ut
1190 3312 1220 3348 a
1245 3295 1379 3350 vobis
1401 3298 1601 3367 judicer
1629 3298 1648 3370 (
1665 3299 1677 3351 l
1706 3300 1821 3354 Cor.

243 3393 314 3441 tv,
344 3378 423 3448 3).
453 3380 524 3434 Et
551 3396 647 3435 vos
674 3397 857 3437 vocem
891 3399 1062 3457 meam
1103 3387 1320 3454 potestis
1350 3388 1559 3453 audire,
1593 3406 1694 3443 non
1728 3408 1823 3460 po-

242 3474 389 3526 testis
436 3488 532 3528 cor
582 3489 755 3529 meum
800 3476 998 3531 videre.
1049 3476 1246 3532 Omnes
1290 3495 1384 3534 cor
1426 3492 1665 3537 nostrum
1713 3485 1825 3541 Deo

244 3564 529 3620 videndum
578 3583 965 3637 proponamus,
998 3579 1053 3624 et
1079 3586 1211 3642 Opus
1245 3588 1306 3627 ex
1342 3574 1519 3627 animo
1548 3576 1820 3633 faciamus.

240 3656 638 3715 Conducentem
670 3677 774 3716 non
801 3663 1159 3733 offendamus,
1203 3675 1260 3721 ut
1289 3665 1453 3723 libera
1481 3668 1655 3725 fronte
1685 3688 1826 3727 mer-

239 3752 420 3807 cedem
453 3754 796 3823 accipiamus.

305 3845 535 3902 CAPUT
564 3847 651 3901 lll.
679 3879 749 3889 ——
770 3850 823 3904 5.
870 3848 1026 3904 Nunc
1068 3852 1300 3919 tenebrae,
1351 3864 1523 3924 pas-tea
1554 3855 1661 3909 lux.
1702 3856 1822 3912 Dies

238 3946 351 3989 sunt
402 3937 599 4006 ﬁdeles.
649 3939 715 3994 Et
759 3941 1218 4010 nos,charissimi,
1247 3944 1541 4001 videbimus
1594 3948 1820 4005 invicem

240 4028 398 4082 corda
448 4040 650 4095 nostra,
680 4032 771 4087 sed
820 4041 1198 4103 posteaznunc
1245 4048 1421 4092 autem
1470 4040 1640 4094 adhuc
1673 4050 1821 4098 tene—

239 4121 359 4178 bras
406 4125 741 4180 mortalitatis
783 4125 939 4197 hujus
982 4129 1424 4199 circumferimus,
1453 4143 1501 4187 et
1543 4134 1608 4189 ad
1641 4152 1820 4191 .uccr-

241 4229 358 4267 nam
386 4214 676 4283 Scriptura:
711 4218 1070 4286 ambulamus;
1099 4221 1233 4275 sicut
1262 4222 1391 4276 dicit
1419 4227 1686 4293 apostolus
1720 4229 1821 4284 Pe-

240 4315 379 4375 trus,
410 4308 669 4364 Habemus
712 4312 971 4366 certiorem
1011 4315 1357 4383 propheticum
1399 4334 1694 4384 sermonem,
1736 4321 1819 4374 cui

239 4400 527 4470 bcncfacitis
548 4403 856 4457 intendentes
873 4414 1109 4474 tanquam
1134 4405 1349 4460 lucerna:
1372 4408 1424 4461 in
1451 4409 1657 4463 obscuro
1686 4412 1817 4479 loco,

238 4491 393 4544 donec
416 4493 525 4545 dies
557 4493 792 4560 lucescat,
821 4504 869 4549 et
905 4495 1086 4566 lucifer
1128 4498 1320 4549 oriatur
1370 4498 1422 4550 in
1464 4500 1696 4555 cordibus
1739 4519 1821 4556 ve-

235 4586 348 4639 stris
377 4584 443 4657 (II
476 4585 616 4640 Pelr.
667 4602 705 4652 ι,
764 4586 875 4659 19).
928 4588 1173 4655 Proinde,
1226 4590 1543 4655 cbarissimi,
1604 4604 1819 4664 propter

236 4675 402 4745 ipsam
432 4677 594 4732 ﬁdem
620 4694 721 4748 qua
747 4680 1013 4735 credimus
1039 4682 1092 4735 in
1124 4683 1311 4749 Deum,
1346 4682 1396 4737 in
1423 4688 1817 4755 comparatione

234 4769 527 4825 inﬁdelium
556 4772 671 4826 dies
714 4787 916 4827 sumus.
943 4774 997 4828 ln
1048 4774 1353 4849 inﬁdelitate
1394 4793 1493 4831 nox
1538 4794 1656 4832 cum
1690 4780 1818 4848 ipsis

236 4858 452 4925 fuimus,
483 4861 643 4917 modo
674 4863 783 4928 lux,
804 4864 1013 4919 dicente
1037 4865 1314 4934 Apostolo,
1341 4865 1531 4921 Fuistis
1544 4870 1816 4939 aliquando

232 4952 469 5019 tenebraz,
514 4970 645 5008 nunc
688 4965 856 5010 autem
895 4956 984 5010 lux
1020 4958 1072 5010 in
1115 4957 1333 5013 Domino
1386 4958 1597 5032 (Ep/tes.
1644 4979 1692 5029 v,
1734 4963 1814 5034 8).

234 5041 495 5100 Tenebra:
525 5046 577 5099 in
607 5047 773 5112 vobis,
806 5048 894 5101 lux
925 5048 976 5102 in
1007 5049 1248 5103 Domino.
1286 5050 1412 5105 Item
1443 5052 1493 5105 in
1526 5053 1630 5107 alio
1655 5056 1811 5109 loco:

237 5136 420 5192 Omnes
443 5141 576 5193 enim
607 5157 692 5193 vos
715 5141 810 5209 filii
847 5141 970 5195 lucis
998 5144 1134 5206 estis,
1166 5153 1209 5196 et
1235 5143 1331 5211 ﬁlii
1355 5145 1489 5198 diei:
1514 5162 1613 5199 non
1642 5163 1821 5203 sumus

230 5235 412 5299 noctis,
436 5251 594 5304 neque
621 5236 933 5289 tenebrarum
963 5234 1014 5308 (Ι
1048 5235 1220 5289 Thess.
1252 5253 1305 5300 v,
1347 5238 1424 5307 5).
1465 5237 1608 5291 Sicut
1646 5239 1698 5291 in
1736 5240 1817 5293 die

230 5325 434 5380 honeste
466 5328 777 5381 ambulemus
805 5327 980 5396 (Rom.
1011 5344 1125 5387 xm.
1147 5329 1259 5397 15).
1289 5330 1411 5384 Dies
1437 5345 1564 5400 ergo
1592 5330 1643 5384 in
1668 5346 1815 5386 com-

228 5418 509 5486 paratione
534 5417 847 5473 inﬁdelium.
871 5418 925 5472 ln
950 5421 1345 5488 comparatione
1365 5437 1491 5475 vero
1522 5422 1663 5476 illius
1684 5423 1808 5487 diei,

227 5510 442 5577 quando
472 5520 749 5580 resurgent
778 5513 992 5577 mortui,
1020 5521 1074 5566 et
1099 5515 1440 5583 corruptibile
1483 5514 1582 5570 hoc
1628 5515 1812 5570 indue-

228 5610 312 5656 tur
341 5603 761 5672 incorruptione,
794 5612 848 5658 et
875 5605 1099 5661 mortale
1130 5606 1230 5661 hoc
1260 5607 1507 5662 induetur
1537 5610 1810 5663 immorta-

225 5695 372 5751 litate
401 5697 445 5767 (l
471 5696 589 5751 Cor.
617 5700 705 5761 xv,
738 5699 852 5769 55),
882 5699 1055 5753 adlmc
1098 5715 1201 5754 nox
1252 5717 1454 5755 sumus.
1486 5703 1646 5757 Nobis
1690 5714 1807 5760 tan-

289 5814 308 5845 ²
331 5814 416 5865 Hic
438 5814 774 5867 Cisterciensis
797 5822 874 5866 Ms.
899 5814 1048 5878 addit,
1079 5815 1186 5882 pius
1210 5816 1452 5869 Dominus.

1663 313 1893 373 SERMO
1931 313 2118 375 XLIX.

3426 327 3532 389 322

1954 446 2109 501 quam
2133 426 2242 501 jam
2276 430 2327 488 in
2348 432 2454 504 die,
2478 434 2605 492 dicit
2622 437 2892 508 apostolus
2907 438 3156 507 Joannes,
3182 442 3526 514 Dilectissimi,

1950 539 2083 576 nunc
2112 524 2207 592 ﬁlii
2231 522 2327 578 Dei
2356 542 2546 582 sumus.
2579 529 2645 583 Et
2690 539 2862 586 tamen
2908 535 3027 603 quia
3072 535 3244 592 adhuc
3289 548 3392 594 no‘x
3422 550 3523 607 est,

1948 614 2074 684 quid
2107 616 2380 686 sequitur?
2407 617 2474 672 Et
2512 621 2733 675 nondum
2760 627 2994 695 apparuit
3019 628 3140 697 quid
3162 628 3368 685 erimus.
3402 631 3526 687 Sci-

1948 721 2060 760 mus
2106 709 2341 775 quoniam
2378 725 2491 763 cum
2522 715 2834 781 apparuerit,
2861 716 3047 770 similes
3080 718 3127 771 ei
3163 719 3365 785 erimus,
3402 738 3527 790 quo-

1946 797 2083 850 niam
2107 799 2377 853 videbimus
2408 818 2520 855 eum
2549 803 2695 856 sicuti
2723 814 2793 858 est
2825 805 2874 877 (l
2894 805 3048 860 Joan.
3080 824 3155 873 nt,
3180 809 3260 880 2).
3290 809 3392 865 Sed
3423 811 3522 868 ista

1946 902 2153 944 merces
2182 898 2282 957 est,
2314 906 2418 946 non
2448 908 2600 963 opus.
2644 893 2928 951 Videbimus
2964 916 3073 953 eum
3118 902 3263 955 sicuti
3288 913 3377 965 est,
3408 903 3521 973 ipsa

1945 994 2153 1035 merces
2179 992 2278 1037 est.
2310 983 2457 1038 Tunc
2485 986 2587 1039 erit
2612 985 2743 1053 dies,
2773 1004 2878 1056 quo
2898 990 3089 1045 clarior
3114 1008 3232 1048 esse
3262 1011 3366 1049 non
3398 1011 3524 1064 pos-

1944 1069 2032 1124 sit.
2060 1069 2207 1125 Nunc
2230 1087 2358 1142 ergo
2390 1074 2439 1127 in
2480 1075 2583 1129 isto
2618 1077 2726 1146 jam
2766 1078 2851 1133 die
2880 1079 3103 1136 honeste
3138 1085 3470 1141 ambulemus
3501 1103 3519 1141 :

1943 1157 1996 1211 in
2024 1160 2121 1213 ista
2147 1160 2318 1217 adhuc
2341 1172 2496 1218 nocte
2523 1180 2624 1219 non
2647 1166 2713 1221 de
2741 1168 2965 1223 invicem
2986 1170 3304 1239 judicemus.
3336 1174 3523 1230 Videte

1942 1252 2083 1306 enim
2114 1262 2167 1308 et
2201 1254 2372 1323 ipsum
2403 1258 2698 1327 apostolum
2726 1258 2972 1325 Paulum,
3001 1261 3089 1331 qui
3114 1262 3265 1331 dixit,
3297 1264 3440 1319 Sicut
3466 1266 3521 1320 in

1941 1342 2023 1397 die
2065 1344 2268 1399 honeste
2307 1348 2633 1413 ambulemus,
2680 1365 2785 1404 non
2832 1352 3117 1417 resultare,
3147 1368 3320 1425 neque
3349 1355 3521 1411 disso-

1940 1449 2067 1490 nare
2090 1450 2120 1489 a
2144 1439 2449 1507 coapostolo
2474 1455 2571 1495 suo
2605 1440 2784 1510 Petro,
2814 1443 2902 1512 qui
2942 1443 3089 1509 dicit,
3118 1444 3212 1499 Cui
3235 1445 3522 1518 benefacitis

1938 1526 2267 1595 intendentes,
2297 1532 2533 1585 sermoni
2569 1533 2771 1588 scilicet
2807 1534 3005 1601 divino,
3031 1544 3272 1606 tanquam
3300 1538 3520 1594 lucerna

1939 1618 1991 1671 in
2018 1620 2225 1674 obscuro
2249 1621 2376 1686 loco,
2408 1623 2563 1678 donec
2587 1624 2691 1679 dies
2720 1626 2955 1695 lucescat,
2983 1637 3029 1682 et
3055 1628 3237 1701 lucifer
3255 1630 3448 1685 oriatur
3464 1631 3520 1686 in

1940 1709 2176 1763 cordibus
2201 1713 2396 1766 vestris.

2009 1796 2232 1854 CAPUT
2257 1800 2420 1854 IV.-—
2444 1802 2497 1857 4.
2522 1804 2724 1858 Amicus
2742 1816 2786 1859 et
2804 1806 3034 1862 inimicus
3062 1811 3291 1866 nuncvix
3316 1812 3500 1883 digno-

1938 1889 2113 1942 scitur.
2161 1890 2349 1947 Videte
2398 1893 2498 1948 hoc
2538 1896 2707 1964 ipsum
2745 1898 3007 1953 dicentem
3049 1903 3344 1970 apostolum
3376 1904 3519 1959 Pau-

1938 1978 2048 2034 lum
2083 1997 2095 2032 :
2129 1979 2307 2052 Itaque
2335 1985 2487 2038 nolite
2510 1996 2625 2040 ante
2653 1998 2843 2059 tempus
2871 1991 3143 2061 quidquam
3167 1994 3420 2062 judicare.
3453 1996 3523 2049 Ει

1936 2072 2145 2141 quando
2170 2075 2269 2128 erit
2293 2078 2536 2146 tempus?
2561 2077 2731 2133 Donec
2760 2082 2924 2134 veniat
2950 2081 3217 2151 Dominus,
3249 2096 3295 2140 et
3320 2087 3517 2140 illumi-

1937 2172 2016 2217 net
2042 2164 2330 2220 abscondita
2356 2170 2667 2224 tenebrarum
2693 2181 2738 2225 et
2764 2176 3044 2244 manifestet
3062 2177 3386 2245 cogitationes
3402 2195 3489 2232 cor
3514 2216 3517 2219 λ

1935 2255 2049 2319 dis;
2078 2266 2125 2310 et
2167 2266 2283 2310 tunc
2316 2259 2427 2314 laus
2458 2263 2551 2314 erit
2594 2262 2864 2332 unicuique
2896 2282 2928 2317 a
2962 2264 3071 2319 Deo
3100 2266 3155 2337 (Ι
3180 2268 3297 2322 (lor.
3332 2285 3403 2334 tv,
3430 2268 3516 2340 5).

1935 2345 2070 2411 Quid
2097 2356 2200 2414 est,
2232 2360 2345 2403 ante
2375 2360 2590 2422 tempus,
2618 2354 2718 2408 nisi
2758 2363 3041 2425 antequam
3084 2358 3243 2413 corda
3284 2360 3512 2417 invicem

1933 2437 2188 2493 videatis?
2214 2440 2472 2497 lntendite
2499 2446 2542 2497 si
2574 2443 2676 2500 hoc
2700 2455 2782 2500 est
2808 2448 2950 2517 quod
2975 2450 3083 2503 dixi
3109 2469 3121 2503 :
3145 2453 3324 2507 omnia
3350 2453 3512 2511 verba

1934 2527 2101 2595 ipsius
2126 2534 2401 2586 sententiae
2440 2535 2707 2605 paulisper
2730 2539 3007 2593 attendite.
3042 2539 3216 2595 Nolite
3237 2552 3353 2598 ante
3382 2554 3513 2599 tem-

1934 2635 2030 2689 pus
2056 2621 2326 2691 quidquam
2342 2624 2589 2695 judicare.
2615 2627 2678 2680 Et
2706 2628 2916 2697 quando
2942 2631 3042 2684 erit
3072 2636 3312 2701 tempus?
3342 2635 3517 2689 Donec

1934 2710 2098 2763 veniat
2135 2711 2411 2780 Dominus,
2439 2724 2485 2768 et
2509 2716 2759 2770 illuminet
2782 2718 3072 2774 abscondita
3098 2724 3441 2791 tenebrarum,
3465 2736 3516 2780 et

1933 2804 2270 2873 manifestabit
2297 2809 2620 2877 cogitationes
2641 2811 2841 2875 cordis;
2868 2822 2915 2865 et
2940 2822 3055 2867 tunc
3082 2815 3192 2867 laus
3208 2818 3299 2870 erit
3317 2818 3517 2872 unicui-

1933 2910 2027 2959 que
2054 2911 2084 2947 a
2106 2895 2232 2949 Deo.
2258 2897 2535 2964 Quomodo
2552 2909 2602 2954 te
2622 2902 3012 2972 reprehendent
3040 2908 3513 2977 tenebrae‘,quan~

1932 2986 2002 3041 do
2045 3002 2073 3041 a
2116 2988 2233 3044 luce
2282 2991 2621 3047 laudaberis?
2646 2994 2793 3049 Tunc
2841 2997 3094 3065 patebunt
3135 2999 3317 3067 corda,
3349 3002 3509 3057 modo

1932 3077 2121 3134 latent.
2149 3081 2438 3151 Suspectus
2486 3094 2567 3139 est
2612 3087 2793 3141 nescio
2832 3089 2949 3158 quis
2986 3091 3137 3159 quasi
3168 3092 3427 3171 inimicus,
3458 3103 3515 3150 et

1934 3169 2069 3224 forte
2104 3181 2187 3226 est
2223 3175 2455 3229 amicus:
2479 3176 2689 3231 videtur
2734 3179 2867 3233 alter
2911 3180 3062 3249 quasi
3100 3169 3321 3248 amicus,
3352 3194 3516 3241 etest

1932 3260 2149 3315 forsitan
2171 3265 2407 3320 occultus
2430 3266 2690 3321 inimicus.
2712 3269 2755 3323 Ο
2774 3271 3037 3325 tenebrae!
3066 3272 3244 3339 vait,
3265 3284 3320 3328 et
3337 3285 3511 3343 amat;

1934 3354 2219 3420 blanditur,
2253 3366 2307 3412 et
2334 3358 2465 3413 odit.
2498 3360 2551 3414 Si
2594 3377 2658 3415 ex
2700 3363 2915 3417 vocibus
2939 3364 3137 3433 judico,
3170 3368 3510 3437 tranquillum

1932 3447 2103 3502 vitans
2143 3451 2413 3518 scopulum
2447 3452 2689 3518 incurro;
2723 3454 2862 3523 fugio
2906 3456 3156 3525 amicum,
3191 3459 3367 3515 haereo
3409 3462 3510 3515 ini-

1933 3541 2089 3594 mico.
2122 3543 2232 3597 Hoc
2283 3544 2407 3598 fecit
2455 3559 2548 3599 cor
2592 3546 2783 3601 latens.
2825 3547 2897 3601 lbi
2941 3550 3263 3605 credendum
3305 3564 3407 3619 est,
3441 3555 3512 3609 ibi

1931 3632 2093 3693 intus.
2124 3635 2209 3688 ubi
2248 3636 2395 3701 latet,
2428 3637 2512 3690 ubi
2540 3640 2803 3692 occultum
2853 3648 2950 3694 est.
2995 3641 3075 3695 Ad
3112 3643 3212 3697 hoc
3256 3646 3508 3700 excolen-

1930 3723 2054 3777 dum
2077 3726 2367 3781 conductus
2392 3744 2469 3781 es.
2493 3726 2568 3783 lbi
2596 3730 2864 3785 credendo
2890 3748 3195 3802 cooperare,
3222 3735 3434 3791 ubi'non
3457 3745 3512 3793 te

1929 3816 2072 3871 videt
2115 3820 2453 3888 cooperarius
2484 3830 2621 3886 tuus,
2653 3821 2747 3876 sed
2785 3822 2928 3878 videt
2974 3832 3026 3880 te
3071 3826 3326 3883 Dominus
3369 3838 3510 3885 tuus.

1927 3910 2107 3966 Justus
2132 3930 2193 3966 ea:
2221 3914 2321 3981 ﬁde
2344 3914 2475 3967 vivit.
2504 3914 2614 3969 Hoc
2647 3931 2765 3984 age.

1999 4003 2225 4059 CAPUT
2250 4004 2310 4058 V.
2336 4006 2479 4061 -5.
2539 4006 2812 4075 Scriptura
2855 4018 3030 4064 sancta
3072 4014 3346 4081 speculum.
3390 4015 3507 4071 Jam

1929 4096 1995 4151 de
2031 4096 2231 4166 judicio
2280 4098 2453 4167 priore
2494 4098 2767 4154 Dominico
2809 4101 3069 4171 disputavi
3102 4103 3316 4176 (Supra,
3338 4107 3507 4162 Serm.

1928 4189 2042 4262 48),
2076 4198 2131 4243 ιιι
2174 4189 2444 4259 judicares
2474 4199 2525 4245 te
2553 4191 2758 4260 ipsum;
2787 4203 2839 4248 et
2866 4210 2985 4249 cum
3016 4205 3065 4250 te
3096 4197 3359 4255 invenires
3383 4216 3509 4270 per-

1928 4294 2163 4344 versum,
2195 4294 2298 4334 non
2351 4280 2444 4334 tibi
2489 4280 2824 4345 blandireris,
2858 4285 2949 4337 sed
2998 4288 3294 4355 corrigeres
3340 4302 3409 4355 te,
3457 4303 3511 4347 ct

1929 4369 2085 4425 ﬁeres
2111 4379 2308 4437 rectus,
2332 4370 2493 4425 ettibi
2521 4371 2755 4441 placeret
2780 4374 2922 4429 Deus
2949 4386 3143 4432 rectus.
3172 4380 3302 4435 Nam
3332 4394 3509 4438 rectus

1929 4461 2067 4516 Deus
2093 4478 2344 4530 perverso
2372 4478 2475 4517 non
2505 4465 2698 4534 placet.
2726 4465 2815 4521 Vis
2846 4477 2901 4522 ut
2948 4470 3038 4524 tibi
3084 4472 3287 4540 placeat
3330 4486 3509 4532 rectus

1928 4552 2105 4606 Deus?
2135 4552 2266 4607 Esto
2295 4562 2493 4608 rectus.
2524 4553 2705 4609 Judica
2735 4565 2784 4610 te
2812 4557 3004 4628 ipsum,
3030 4562 3136 4615 noli
3157 4564 3248 4617 tibi
3275 4565 3505 4633 placere.

1844 4674 1847 4677 λ
1926 4642 2076 4710 Quod
2101 4643 2189 4696 tibi
2219 4644 2268 4697 in
2296 4651 2348 4698 te
2373 4645 2562 4699 merito
2588 4645 2855 4715 displicet,
2885 4651 3102 4721 castiga,
3123 4654 3366 4720 emenda,
3391 4671 3509 4711 cor-

1926 4734 2057 4802 rige.
2107 4734 2376 4804 Scriptura
2428 4745 2607 4791 sancta
2655 4737 2724 4791 sit
2768 4738 2856 4793 tibi
2915 4750 3159 4812 tanquam
3209 4750 3499 4814 speculum.

1925 4822 2208 4893 Speculum
2260 4826 2359 4880 hoc
2412 4826 2569 4881 habet
2619 4829 2954 4896 splendorem
3012 4850 3115 4888 non
3169 4836 3499 4903 mendacem,

1925 4918 2260 4987 splendorem
2288 4935 2392 4973 non
2422 4919 2743 4988 adulantem,
2781 4926 2972 4981 nullius
3005 4943 3286 4996 personam
3317 4947 3503 4987 aman-

1924 5018 2051 5064 tem.
2085 5011 2372 5066 Formosus
2399 5028 2478 5079 es,
2510 5012 2800 5071 formosum
2828 5029 2877 5072 te
2909 5019 2975 5073 ibi
3004 5020 3151 5074 vides
3180 5041 3192 5073 :
3222 5022 3393 5079 foedus
3425 5043 3498 5092 es,

1923 5100 2122 5156 ftedum
2151 5110 2203 5155 te
2228 5102 2297 5156 ibi
2320 5102 2485 5159 vides.
2514 5103 2617 5160 Sed
2639 5121 2758 5161 cum
2790 5108 2962 5163 foedus
2983 5113 3292 5179 accesseris,
3323 5125 3375 5169 et
3402 5116 3501 5172 foe-

1923 5191 2047 5246 dum
2091 5202 2143 5247 te
2192 5193 2261 5246 ibi
2301 5194 2517 5260 videris,
2559 5199 2665 5252 noli
2708 5216 2958 5255 accusare
3006 5204 3407 5270 speculum:ad
3454 5220 3504 5265 tc

1922 5284 2055 5347 redi,
2082 5300 2187 5339 non
2219 5296 2269 5340 te
2295 5286 2428 5341 fallit
2456 5290 2751 5359 speculum,
2784 5300 2837 5345 tu
2876 5301 2924 5347 te
2952 5295 3057 5348 noli
3089 5294 3290 5352 fallere.
3318 5299 3502 5357 Judica

1920 5374 1988 5430 dc
2019 5383 2089 5443 te,
2119 5378 2434 5433 contristare
2461 5379 2528 5434 de
2555 5391 2639 5434 tua
2672 5381 2937 5449 foeditate;
2970 5395 3025 5438 ut
3064 5402 3183 5440 cum
3228 5391 3422 5447 abieris
3451 5404 3503 5449 et

1921 5467 2231 5525 discesseris
2261 5471 2445 5537 tristis,
2477 5472 2667 5539 foedus,
2691 5484 2964 5530 correctus
2988 5462 3158 5546 possis
3188 5484 3362 5540 redire
3390 5486 3501 5541 for-

1918 5572 2118 5612 mosus.
2141 5560 2271 5614 Cum
2300 5578 2424 5631 ergo
2432 5563 2753 5633 judicaveris
2776 5568 3018 5638 tc-ipsum
3039 5573 3153 5628 sine
3176 5575 3499 5638 adulatione.

1913 5647 2087 5718 judica
2133 5658 2187 5705 et
2230 5653 2528 5720 proximum
2572 5670 2691 5709 cum
2737 5658 3040 5717 dilectione.
3072 5664 3168 5719 Est
3194 5668 3334 5723 enim
3358 5672 3497 5740 quod

1914 5759 2329 5875 "agrambertittm
2368 5771 2466 5813 Ms.:
2512 5766 2738 5827 Quoniam
2774 5772 2917 5824 modo
2944 5779 2991 5827 te
3029 5774 3385 5843 repreliemtwu
3424 5788 3495 5837 ιε.
