3994 6466
475 347 578 410 5ὶὸ

471 463 688 534 indices,
721 456 862 530 quod
886 456 1053 513 vides.
1082 453 1221 514 Fieri
1241 451 1380 508 enim
1410 456 1584 522 potest
1605 453 1660 504 ιιι
1688 447 1885 518 aliquid
1916 447 2042 502 mali

471 554 671 619 videas,
701 551 839 616 unde
867 548 1194 615 sordescast
1218 544 1354 612 Fieri
1382 551 1558 613 potest
1584 550 1642 608 ut
1668 542 1862 596 malum
1886 555 2040 607 suum

473 647 587 716 ipse
623 645 900 716 proximus
943 650 1062 704 tuus
1102 638 1193 702 libi
1221 636 1554 703 οοιιιιιβιιιμν.
1581 643 1635 688 ει
1659 633 1846 703 Prodat
1870 631 2042 696 ξιιιίἰϐο

470 736 609 808 quod
634 744 834 801 texerat
860 733 1088 796 inimic0-
1112 727 1259 798 Quod
1280 727 1471 793 videris
1491 727 1531 791 ἰ
1553 725 1747 794 indica:
1769 723 1909 793 quod
1936 736 2040 788 non

473 830 640 891 vides,
673 828 782 891 Deo
810 824 1033 889 dimitte.
1065 820 1286 888 Quando
1315 828 1490 882 autem
1508 817 1736 886 iudicas,
1765 815 1920 883 dilige
1946 813 2042 874 bo-

473 921 690 986 minem,
721 917 897 978 oderis
924 913 1127 978 vitium.
1159 911 1275 974 Noli
1301 917 1514 980 propter
1537 907 1803 977 hominem
1825 905 2042 974 diligere

472 1012 676 1076 vitium,
715 1023 814 1064 nec
860 1015 1076 1077 propter
1100 1005 1284 1070 vitium
1324 1002 1500 1067 odisse
1543 1000 1828 1066 hominem.
1871 998 2041 1066 Homo

470 1102 739 1171 proximus
790 1107 910 1162 tuus
955 1107 1037 1161 est
1065 1114 1077 1150 :
1104 1096 1286 1158 vitium
1330 1093 1601 1159 inimicum
1641 1089 1879 1160 proximo
1927 1097 2035 1154 tuo.

469 1194 618 1250 Tunc
659 1207 807 1254 amas
833 1190 1078 1260 amicum,
1109 1189 1152 1244 si
1182 1187 1359 1250 oderis
1396 1185 1535 1256 quod
1575 1192 1730 1244 nocet
1767 1183 1957 1245 amico.
1982 1180 2040 1243 Si

467 1287 660 1353 credis,
688 1285 846 1350 facis;
873 1284 992 1355 quia
1006 1283 1178 1353 justus
1207 1297 1268 1338 ea:
1292 1280 1390 1350 ﬁde
1417 1279 1550 1334 vivit.

537 1378 762 1435 CAPUT
791 1376 875 1436 VI.
905 1405 978 1417 --
1001 1377 1054 1432 6.
1087 1374 1153 1432 In
1194 1372 1447 1434 discordia
1472 1371 1687 1431 duorum
1714 1367 1962 1435 quomodo
1991 1381 2042 1422 se

467 1485 636 1541 gerere
688 1467 827 1525 debet
875 1468 1065 1524 amicus
1115 1464 1393 1538 amborum.
1437 1461 1586 1529 Quod
1616 1458 1845 1516 abundat
1875 1458 1925 1514 in
1957 1473 2040 1512 re-

467 1562 566 1617 bus
593 1560 860 1626 humanis,
889 1559 991 1618 boc
1028 1558 1167 1614 dico.
1197 1555 1495 1626 Aliquando
1525 1554 1696 1610 amico
1724 1561 1810 1606 tuo
1841 1549 2042 1609 charis-

467 1652 604 1711 simo
635 1651 881 1726 inimich
907 1659 988 1708 est
1023 1649 1233 1717 aliquis,
1261 1647 1352 1716 qui
1377 1655 1492 1704 erat
1517 1645 1718 1700 amicus
1742 1641 2037 1702 amborum.

468 1743 730 1813 Incipiunt
757 1757 875 1798 esse
904 1742 971 1797 de
995 1742 1161 1796 tribus
1187 1741 1368 1794 amicis
1407 1739 1512 1792 duo
1542 1739 1678 1792 inter
1723 1751 1782 1792 se
1820 1734 2038 1797 inimici,

467 1836 593 1906 quid
622 1835 780 1892 faciat
815 1834 1020 1889 medius
1045 1833 1133 1902 qui
1158 1831 1442 1887 remansit?
1465 1830 1606 1896 Vult,
1638 1829 1816 1898 exigit,
1847 1827 2043 1896 ﬂagitat

469 1943 498 1980 a
541 1935 596 1982 te
635 1936 692 1981 ut
733 1926 912 1981 oderis
950 1940 1070 1980 cum
1115 1925 1204 1980 illo
1245 1939 1402 1994 quem
1439 1922 1614 1988 odisse
1639 1920 1818 1989 erepit,
1847 1928 1900 1973 et
1928 1919 2042 1973 lucc

467 2019 628 2074 verba
653 2018 747 2074 tibi
772 2018 902 2086 dicit
932 2034 946 2070 :
977 2016 1094 2084 Non
1119 2031 1178 2086 es
1230 2016 1433 2070 amicus
1461 2029 1629 2080 meus,
1661 2014 1779 2083 quia
1821 2026 1878 2066 es
1911 2012 2042 2064 ami-

467 2126 561 2166 cus
598 2110 798 2166 inimici
827 2110 954 2164 mei.
982 2109 1112 2176 Quae
1138 2122 1244 2162 vox
1273 2106 1427 2175 hujus
1455 2113 1535 2160 est
1559 2105 1624 2162 ad
1656 2115 1725 2170 te,
1754 2105 1864 2173 ipsa
1885 2112 1967 2158 est
1987 2112 2041 2158 et

469 2205 606 2258 illius
627 2203 693 2258 ad
721 2211 792 2258 te.
820 2203 951 2267 Tres
980 2202 1122 2256 enim
1145 2199 1326 2256 eratis.
1359 2199 1488 2254 Tres
1518 2199 1694 2263 eratis,
1726 2197 1831 2251 duo
1859 2211 2040 2265 cmpe-

468 2302 591 2350 runt
615 2308 733 2350 esse
755 2291 1045 2358 discordes,
1073 2290 1371 2346 remansisti
1394 2300 1468 2344 tu.
1490 2289 1545 2345 Si
1567 2290 1686 2342 huic
1709 2298 1758 2342 te
1778 2287 2038 2357 junxcris,

467 2387 614 2441 illum
654 2385 872 2440 habebis
914 2384 1215 2452 inimicum:
1240 2382 1286 2436 si
1327 2383 1422 2447 illi,
1452 2381 1609 2460 istum
1635 2397 1647 2432 :
1673 2380 1716 2434 si
1745 2379 2037 2444 ambobus,

468 2477 626 2532 ambo
655 2476 1076 2531 murmurabunt.
1108 2476 1244 2529 Ecce
1270 2475 1486 2529 tentatio
1510 2492 1522 2527 :
1547 2487 1670 2528 ecce
1698 2473 1862 2542 spina}
1884 2471 1935 2524 in
1961 2470 2039 2523 vi-

469 2583 568 2624 nea
597 2582 702 2638 quo
744 2567 992 2623 conducti
1037 2581 1240 2621 sumus.
1269 2566 1558 2635 Exspectas
1603 2566 1737 2619 forte
1765 2579 1793 2616 a
1823 2579 1907 2616 me
1949 2578 2042 2616 an-

467 2660 582 2716 dire
608 2659 736 2731 quid
763 2659 944 2714 facias.
977 2659 1236 2714 Permane
1273 2659 1475 2712 amicus
1513 2657 1810 2722 amborum.
1838 2655 1936 2718 Qui
1961 2654 2042 2708 di-

468 2750 719 2806 scordant
755 2749 893 2804 inter
933 2763 1012 2816 se,
1053 2746 1381 2803 concordent
1423 2761 1516 2816 per
1557 2757 1628 2800 te.
1659 2745 1790 2799 Mala
1830 2745 1874 2799 si
1923 2759 2041 2814 quae

469 2841 622 2897 audis
646 2843 714 2896 ab
732 2842 901 2896 altero
921 2841 988 2896 de
1006 2841 1196 2908 altero,
1220 2840 1326 2894 noli
1352 2837 1577 2909 prodere
1605 2837 1758 2893 alteri
1783 2853 1799 2891 :
1821 2852 1888 2891 ne
1908 2835 2042 2890 forte

471 2933 580 2988 sint
609 2941 790 3003 postea
815 2932 970 2988 amici
1001 2933 1090 3002 qui
1124 2933 1282 2986 modo
1311 2942 1432 2994 sunt
1470 2929 1689 2994 inimici,
1721 2939 1775 2986 et
1808 2928 2043 2999 prodito-

475 3039 559 3082 res
585 3040 710 3088 suos
739 3025 966 3094 prodant
990 3025 1112 3079 sibi.
1141 3023 1244 3081 Sed
1277 3023 1375 3077 hoc
1406 3031 1620 3092 propter
1646 3021 1885 3075 homines
1909 3019 2037 3086 dixi,

472 3131 576 3172 non
602 3126 818 3188 propter
846 3117 1027 3171 oculos
1048 3115 1161 3185 ejus
1187 3115 1273 3185 qui
1299 3130 1396 3169 nos
1425 3114 1696 3168 conduxit.
1721 3114 1860 3168 Ecce
1885 3128 2042 3167 nemo

471 3218 524 3265 te
548 3208 722 3279 prodit
748 3209 921 3264 :Deus
958 3207 1048 3278 qui
1075 3206 1238 3270 videt,
1267 3206 1379 3274 ipse
1405 3213 1456 3260 te
1492 3204 1709 3274 iudicat.
1741 3204 1945 3258 Audisti
1975 3204 2042 3260 ab

472 3300 608 3356 irato
635 3298 876 3364 verbum,
910 3312 941 3352 a
977 3296 1210 3362 dolente,
1241 3311 1268 3347 a
1296 3303 1674 3358 suecensente;
1703 3294 1959 3348 moriatur
1988 3294 2042 3348 in

471 3401 544 3446 te.
577 3392 753 3460 Quare
797 3390 1058 3461 proditur,
1089 3404 1252 3459 quare
1281 3387 1579 3458 profertur?
1605 3385 1718 3441 Non
1749 3389 1890 3441 enim
1919 3387 1961 3440 si
1987 3387 2040 3440 in

473 3489 524 3536 te
556 3481 736 3549 fuerit,
769 3481 1061 3548 disrumpet
1103 3488 1171 3534 te.
1209 3480 1298 3534 Dic
1325 3494 1452 3533 sane
1481 3478 1650 3532 amico
1678 3487 1786 3545 tuo,
1813 3479 1901 3548 qui
1931 3478 2044 3532 vuIt

471 3581 524 3630 te
551 3571 727 3628 facere
761 3572 1034 3629 inimicum
1063 3571 1216 3626 amici
1247 3571 1318 3627 tui
1352 3588 1364 3624 :
1397 3571 1684 3639 alloquere,
1716 3577 1770 3623 et
1795 3579 2044 3638 tanquam

471 3672 814 3734 aegrotantem
840 3664 1072 3718 animum
1103 3662 1378 3718 medicinte
1404 3662 1614 3716 lenitate
1639 3669 1924 3732 pertracto.
1951 3661 2044 3716 Dic

472 3755 782 3822 illi:Quare
830 3755 912 3816 vis
959 3762 1016 3824 ut
1063 3754 1162 3809 sim
1206 3753 1453 3808 inimicus
1491 3753 1664 3808 illius?
1704 3751 2039 3821 Respondet:

468 3846 602 3914 Quia
637 3847 880 3907 inimicus
908 3862 1058 3903 meus
1080 3857 1179 3901 est.
1214 3845 1301 3900 Vis
1327 3861 1452 3914 ergo
1477 3855 1531 3899 ιιι
1553 3845 1652 3898 sim
1676 3845 1918 3914 inimicus
1943 3844 2044 3900 ini.

467 3937 591 3992 mici
635 3938 746 3992 tui?
774 3936 1020 3991 Inimicus
1059 3952 1177 3991 esse
1217 3936 1386 3997 debeo
1415 3937 1524 3990 vitii
1561 3937 1653 3990 tui.
1683 3935 1784 3991 Iste
1829 3936 1912 3992 cui
1956 3950 2043 3992 me

469 4029 548 4083 vis
599 4027 776 4093 facere
823 4028 1112 4097 inimicum,
1152 4026 1311 4082 homo
1353 4036 1470 4081 est:
1498 4035 1580 4081 est
1622 4028 1752 4081 alius
1796 4027 2040 4082 inimicus

471 4130 610 4187 tuus,
654 4121 740 4184 cui
782 4120 952 4184 debeo
991 4135 1109 4176 esse
1154 4121 1425 4183 inimicus,
1457 4120 1500 4176 si
1530 4120 1728 4182 amicus
1758 4127 1875 4176 tuus
1902 4135 2040 4176 sum.

449 4213 828 4283 Respondebit
851 4231 863 4266 :
887 4211 1015 4278 Quis
1053 4221 1136 4268 est
1179 4212 1312 4265 alius
1348 4212 1590 4266 inimicus
1631 4212 1818 4266 meus?
1850 4212 2040 4266 \‘itinm

465 4313 637 4360 tuum.
668 4302 1029 4371 Respondebit
1054 4321 1066 4358 :
1091 4302 1241 4369 Quod
1265 4303 1450 4358 vitium
1477 4303 1690 4356 meum?
1719 4301 1906 4357 Odium
1937 4317 2042 4372 quo

468 4393 634 4450 odisti
683 4393 908 4454 amicum
945 4400 1110 4448 tuum.
1146 4393 1270 4446 Esto
1297 4408 1422 4462 ergo
1453 4393 1640 4446 similis
1667 4391 1892 4446 medico.
1937 4393 2043 4448 Mc-

462 4488 618 4542 dieus
646 4502 751 4542 non
775 4495 918 4546 amat
938 4495 1302 4556 :egrotantem,
1327 4486 1370 4540 si
1393 4501 1497 4542 non
1521 4485 1632 4541 odit
1655 4487 2040 4555 aegritudinem.

462 4578 530 4633 Ut
567 4578 758 4634 liberet
784 4587 1062 4647 :cgrotum,
1092 4578 1423 4653 persequitur
1453 4578 1671 4633 febrem.
1700 4578 1872 4634 Nolite
1898 4594 2043 4633 ama~

461 4687 514 4723 re
542 4670 668 4724 vitia
686 4669 978 4740 amicorum
997 4676 1313 4734 vestrorum,
1333 4669 1376 4722 si
1397 4670 1584 4723 amatis
1601 4670 1798 4724 amicos
1814 4678 2039 4724 vestros.

535 4760 758 4824 CAPUT
787 4760 974 4822 VII.——-
999 4761 1050 4814 7.
1074 4759 1304 4816 Iustitia.
1333 4759 1357 4812 l
1368 4777 1444 4824 ra,
1469 4763 1695 4832 festuca;
1717 4762 1909 4832 odium,
1933 4772 2041 4817 tra-

460 4854 562 4907 tus.
595 4852 890 4918 Homicida,
927 4853 1012 4923 qui
1051 4855 1255 4924 fratrem
1303 4854 1425 4907 odit.
1471 4853 1578 4909 Sed
1631 4857 1718 4925 qui
1767 4856 1906 4922 dico,
1937 4873 2040 4926 pu-

464 4958 612 5000 tasne
643 4945 779 5009 facio
808 4946 921 5016 ipse
953 4945 1092 5017 quod
1118 4946 1274 5001 dico?
1301 4946 1512 5003 Fratres
1545 4949 1668 5013 mei,
1701 4947 1858 5015 facio,
1897 4950 1942 5004 si
1988 4951 2042 5007 in

465 5052 546 5090 me
581 5037 728 5106 prius
755 5037 894 5094 facio
913 5037 954 5096 Ξ.
985 5037 1042 5092 In
1068 5053 1154 5092 me
1179 5047 1353 5094 autem
1382 5037 1537 5105 facio,
1561 5041 1604 5095 si
1642 5056 1671 5094 a
1701 5041 1923 5096 Domino
1954 5057 2042 5097 ac-

463 5127 624 5196 cipio,
656 5127 811 5184 facio.
841 5129 938 5193 Qdi
959 5129 1082 5184 vitia
1111 5143 1248 5195 mea,
1291 5145 1384 5185 eor
1421 5131 1715 5186 sanandum
1741 5132 1905 5188 offero
1925 5148 2041 5186 me-

470 5218 588 5274 dico
631 5235 775 5284 meo.
809 5220 1106 5290 Persequor
1132 5235 1214 5284 ea,
1246 5230 1500 5289 quantum
1528 5237 1766 5290 possum,
1795 5239 1949 5293 gemo
1976 5224 2043 5278 de

468 5309 593 5374 illis,
622 5311 879 5374 confiteor
917 5312 1038 5380 quia
1086 5319 1210 5368 sunt
1252 5312 1304 5368 in
1343 5328 1452 5377 me,
1480 5323 1534 5371 et
1579 5328 1701 5368 cccc
1730 5329 1829 5384 ego
1852 5330 2043 5369 accuso

468 5415 574 5454 me.
608 5399 651 5466 ί)
679 5401 766 5469 qui
797 5417 880 5456 me
910 5404 1357 5472 reprehendebas,
1377 5407 1581 5475 corrige
1604 5415 1673 5460 te.
1707 5407 1831 5462 Ηωο
1859 5407 2046 5477 cstjtt-

470 5491 634 5561 stitia,
660 5506 726 5556 ne
759 5491 960 5557 dicatur
1001 5495 1464 5566 nobis:Stiputam
1506 5497 1558 5552 in
1604 5497 1750 5551 oculo
1777 5501 1944 5568 fratris
1973 5499 2042 5552 tui

533 5603 548 5634 ι
575 5603 904 5653 Cistercieusis
921 5611 1021 5663 Msa,
1047 5605 1172 5656 unde
1191 5607 1450 5658 sordescat.

533 5664 553 5728 ξ
578 5671 759 5728 "missu:
797 5668 1032 5728 Quomodo
1055 5668 1248 5720 tidcris.

534 5723 563 5808 ξε
579 5724 781 5808 ἷι-ιιιξξινἒ
791 5724 993 5808 _et'|.'~tss.:
1013 5727 1214 5808 'I-‘i'itt‘res
1253 5730 1364 5791 mei,
1393 5732 1540 5808 latio,
1559 5731 1607 5803 in
1632 5747 1704 5782 me
1729 5734 1861 5799 prius
1880 5735 2043 5808 ﬁnio;

469 5789 665 5855 omisso,
687 5789 746 5852 si.
771 5789 878 5849 t'aul
893 5804 988 5852 quc
1005 5799 1112 5854 post
1134 5793 1338 5847 habent:
1354 5789 1476 5844 Odia
1497 5789 1638 5856 titia;
1655 5789 1738 5859 prd
1763 5813 1773 5849 ε
1801 5789 1900 5852 ο(ιὲ
1913 5789 2036 5854 Nm:

1708 332 1767 388 s.
1807 326 2174 402 AUGUSTINI
2213 325 2511 404 Episcort
3626 330 3722 393 set

2148 447 2301 513 vides,
2322 455 2368 500 ct
2389 445 2580 506 trabem
2607 445 2660 500 in
2686 446 2830 508 oculo
2855 453 2940 502 tuo
2965 461 3064 502 non
3090 446 3251 503 uides?
3273 446 3572 520 Ilypocrita,
3603 455 3721 522 cjicc

2148 540 2366 608 primum
2387 538 2574 610 trabem
2599 538 2661 592 de
2689 538 2834 608 oculo
2856 548 2957 612 tuo,
2983 549 3028 602 et
3061 549 3178 616 tunc
3219 541 3405 608 videbis
3427 543 3603 613 ejicere
3648 545 3718 614 {e-

2147 640 2338 690 stucam
2366 629 2429 682 de
2454 629 2599 694 oculo.
2621 631 2792 701 fratris
2813 630 2885 692 tui
2901 630 3113 704 (Manli.
3132 648 3224 704 vn,
3245 633 3388 704 5-5).
3419 634 3499 700 Ira
3523 635 3716 708 festuca

2145 732 2260 790 est;
2287 721 2488 788 odium,
2535 722 2712 788 trabes
2757 732 2857 794 est.
2902 722 3004 790 Sed
3048 727 3217 796 ,“lltris
3259 725 3538 800 festucam,
3567 739 3620 782 et
3663 730 3718 792 fit

2146 813 2358 881 trabes:
2388 813 2463 880 ira
2501 814 2794 887 inveterata
2838 816 2898 878 fit
2945 815 3148 883 odium,
3175 815 3377 886 festuca
3421 820 3613 874 nutrita
3664 819 3720 877 fit

2145 903 2344 968 trabes.
2379 903 2448 964 Ut
2490 920 2617 980 ergo
2666 905 2864 973 festuca
2903 923 3009 980 non
3039 909 3130 978 fiat
3157 910 3353 978 trabes,
3383 927 3487 966 non
3516 913 3720 969 occidat

2145 995 2224 1050 sol
2251 1011 2408 1068 super
2434 998 2761 1070 iracundiam
2794 1009 3025 1074 vestram
3050 1002 3265 1072 (Ephes.
3302 1020 3372 1072 tv,
3399 1004 3512 1074 26).
3538 1005 3714 1072 Vides,

2145 1089 2310 1167 sentis
2366 1096 2417 1143 te
2465 1089 2587 1152 odio
2633 1091 2920 1160 liventem,
2972 1095 3316 1166 reprehendis
3367 1098 3720 1153 irascentem?

2145 1177 2293 1245 Tolle
2329 1180 2530 1249 odium,
2559 1191 2611 1238 ct
2651 1193 2793 1240 recte
2837 1186 3201 1260 reprehendis.
3233 1187 3312 1245 Ira
3354 1197 3435 1244 est
3481 1190 3532 1260 in
3569 1192 3721 1245 oculo

2143 1272 2280 1342 ejus,
2310 1273 2362 1326 in
2412 1282 2502 1328 tuo
2544 1275 2739 1344 trabes.
2764 1276 2893 1338 Nam
2922 1282 2965 1334 si
2992 1279 3149 1348 odisti
3179 1289 3252 1346 tu,
3283 1282 3547 1352 quomodo
3578 1283 3723 1338 vides

2144 1364 2280 1434 quod
2306 1364 2591 1428 detrahas?
2621 1367 2820 1424 Trabes
2847 1378 2927 1426 est
2956 1371 3006 1434 in
3035 1372 3189 1426 oculo
3219 1380 3326 1444 tuo.
3350 1372 3520 1441 Quare
3545 1374 3722 1430 trabes

2143 1465 2224 1525 est
2253 1456 2302 1522 in
2329 1457 2481 1512 oculo
2512 1459 2634 1512 tuo?
2661 1459 2790 1527 Quia
2846 1461 3096 1530 festucam
3141 1463 3211 1520 ibi
3259 1474 3436 1524 natam
3489 1477 3727 1522 content-

2145 1545 2313 1618 psisti.
2347 1545 2478 1616 Cum
2506 1548 2592 1618 illa
2620 1549 2882 1617 dormisti,
2913 1568 3031 1608 etnn
3063 1554 3146 1624 illa
3180 1555 3452 1618 surrexisti
3481 1572 3631 1610 :eam
3678 1557 3724 1612 in

2145 1646 2198 1724 te
2229 1638 2341 1707 ipso
2369 1641 2666 1708 excoluisti,
2698 1641 2845 1712 falsis
2872 1644 3259 1722 suspicionibus
3287 1647 3538 1718 irrigasti,
3566 1651 3726 1708 verba

2145 1729 2468 1796 adulantium
2495 1743 2548 1802 et
2567 1734 2630 1788 ad
2665 1743 2715 1788 te
2741 1737 2875 1800 mala
2906 1737 3062 1804 verba
3091 1738 3157 1792 de
3180 1739 3350 1795 amico
3376 1740 3727 1812 deferendum

2144 1824 2430 1892 credendo,
2460 1826 2691 1892 nutristi.
2727 1828 3003 1903 chtucam
3048 1846 3150 1904 non
3191 1833 3428 1888 avulsisti
3457 1833 3729 1904 diligentia

2146 1924 2253 1983 tua,
2285 1916 2490 1972 trabem
2523 1917 2714 1984 fecisti.
2750 1920 2899 1996 Tolle
2932 1921 3130 1997 trabem
3174 1924 3239 1976 de
3283 1924 3437 1994 oculo
3480 1933 3589 1991 tuo,
3619 1924 3731 1978 noli

2145 2010 2320 2075 odisse
2347 2011 2564 2086 fratrem
2595 2022 2762 2088 tuum.
2782 2017 3123 2086 Expavescis,
3151 2031 3219 2072 an
3245 2032 3349 2090 non
3381 2017 3731 2087 expavescis?

2144 2101 2272 2180 Dico
2326 2104 2440 2171 tibi,
2493 2105 2611 2182 Noli
2662 2107 2861 2174 odisse,
2914 2123 3133 2184 securus
3183 2110 3390 2182 es‘:et
3436 2109 3732 2184 respondes

2144 2194 2296 2270 mihi,
2337 2204 2391 2252 et
2435 2196 2568 2252 dicis
2615 2198 2767 2270 mihi,
2800 2200 2934 2272 Quid
2978 2209 3060 2274 est
3104 2200 3319 2272 odisse?
3347 2201 3413 2266 Et
3442 2202 3566 2272 quid
3603 2202 3734 2277 mali

2145 2295 2246 2367 est,
2282 2287 2402 2364 quia
2435 2288 2546 2346 odit
2588 2288 2747 2344 homo
2791 2291 3060 2366 inimicum
3097 2295 3290 2365 suum?
3316 2295 3482 2366 Odisti
3513 2295 3732 2358 fratrem

2145 2384 2291 2456 tqum
2314 2395 2326 2430 :
2351 2379 2444 2444 sed
2477 2379 2521 2434 si
2551 2380 2729 2448 odium
2757 2384 3076 2461 contemnis,
3102 2385 3222 2454 andi
3249 2385 3390 2458 quod
3418 2401 3521 2460 non
3547 2395 3734 2452 atten-

2145 2469 2265 2546 dis:
2299 2469 2399 2537 Qui
2429 2472 2533 2546 odit
2576 2477 2784 2543 fratrem
2813 2491 2960 2553 suum
2996 2477 3250 2540 homicida
3277 2487 3349 2532 est
3383 2477 3434 2550 (l
3457 2477 3614 2542 Joan.
3653 2495 3732 2548 ιιι,

2145 2558 2256 2632 15).
2291 2562 2390 2630 Qui
2413 2563 2538 2633 odit,
2567 2565 2820 2622 homicida
2852 2576 2942 2622 est.
2972 2568 3240 2640 Numquid
3262 2570 3420 2644 modo
3466 2580 3617 2644 potes
3657 2572 3737 2644 di-

2144 2666 2286 2726 cere,
2317 2654 2453 2728 Quid
2493 2654 2559 2708 ad
2599 2672 2704 2724 me,
2735 2666 2794 2712 ut
2823 2657 3086 2732 homicida
3116 2661 3250 2736 sign?
3275 2661 3371 2736 Qui
3403 2647 3736 2737 οιιίμιιοηιί-

2145 2745 2259 2798 cida
2284 2755 2372 2800 est.
2405 2745 2522 2802 Non
2549 2762 2812 2804 venenum
2845 2751 3060 2826 parasti,
3096 2768 3200 2828 non
3229 2753 3293 2824 ad
3327 2737 3734 2828 percutiendum

2145 2834 2416 2906 inimicum
2466 2852 2584 2910 cum
2631 2839 2808 2908 gladio
2848 2842 3185 2910 processisti;
3237 2859 3342 2900 non
3392 2845 3735 2910 ministrum'

2146 2924 2360 2999 sceleris
2388 2930 2717 2998 praeparasti,
2752 2945 2855 3006 non
2887 2931 3082 3004 locum,
3113 2949 3217 3010 non
3249 2942 3488 3004 tempus;
3519 2948 3736 3006 postre—

2145 3029 2235 3068 mo
2279 3016 2450 3084 ipsum
2491 3018 2663 3088 scelus
2702 3034 2806 3074 non
2842 3019 3045 3076 fecisti:
3072 3033 3271 3092 tantum
3302 3025 3478 3092 odisti,
3509 3029 3738 3098 etprius

2148 3115 2202 3162 te
2226 3123 2382 3178 quam
2408 3109 2554 3164 illum
2583 3111 2840 3172 occidisti.
2869 3113 3064 3194 Discite
3090 3130 3217 3194 ergo
3240 3115 3518 3195 justitiam,
3547 3127 3602 3172 ut
3627 3103 3738 3193 non

2145 3197 2366 3254 oderitis
2395 3199 2494 3255 nisi
2521 3201 2666 3267 vitia,
2697 3203 2937 3282 homines
2963 3207 3172 3260 ametis.
3204 3207 3322 3280 iloc-
3353 3208 3395 3260 si
3429 3209 3734 3286 tetigeritis,

2146 3300 2200 3344 et
2224 3289 2362 3345 hanc
2397 3291 2655 3361 justitiam
2683 3292 2933 3370 feceritis,
2960 3307 3016 3366 ut
3051 3298 3294 3376 homines
3319 3300 3476 3354 etiam
3506 3302 3738 3376 vitiosos

2146 3382 2322 3435 sanari
2350 3383 2544 3439 malitis
2588 3387 2760 3462 potius
2798 3403 2956 3464 quam
2997 3387 3257 3456 damnari,
3289 3391 3483 3464 bonum
3519 3408 3659 3462 opus
3685 3394 3739 3468 ιιι

2146 3474 2298 3542 vinea
2324 3473 2543 3528 fecistis.
2579 3475 2684 3532 Sed
2709 3487 2952 3534 exercete
2982 3495 3076 3534 vos
3108 3483 3159 3548 in
3192 3480 3314 3546 hoc,
3343 3481 3532 3538 fratres
3562 3485 3698 3539 mei.

2219 3564 2444 3620 CAPUT
2491 3555 2618 3632 VIII.
2669 3597 2738 3608 --
2801 3568 2854 3625 8.
2922 3568 3216 3626 Debitorum
3280 3573 3524 3644 dimissio.
3591 3575 3742 3644 Ecce

2147 3669 2267 3726 post
2309 3673 2609 3740 sermonem
2657 3660 2711 3714 fit
2751 3661 2909 3742 missa
2953 3662 3348 3734 cathccumenis
3385 3683 3397 3718 :
3438 3667 3740 3746 manebimt

2148 3747 2352 3813 fideles,
2385 3735 2625 3804 vcnictnr
2648 3750 2710 3804 ad
2741 3735 2914 3806 locum
2941 3755 3215 3807 orationis.
3237 3755 3393 3824 Scitis
3417 3735 3740 3827 qno'aee'cs-

2147 3838 2257 3892 suri
2295 3854 2497 3903 sumus,
2538 3839 2661 3910 quid
2703 3841 2847 3910 prius
2895 3842 3004 3920 Deo
3041 3844 3231 3906 dicturi
3269 3847 3486 3900 sunms?
3519 3847 3743 3918 Dimitte

2147 3931 2287 3984 nobis
2318 3932 2482 3986 debita
2527 3933 2716 4010 nostra;
2750 3935 2878 4004 sicut
2907 3945 2953 3988 et
2986 3951 3076 4004 uos
3103 3921 3397 4013 dimittimus
3424 3939 3742 4013 debitoribus

2147 4023 2330 4076 nostris
2364 4021 2571 4094 (Matth.
2599 4007 2667 4088 vt,
2701 4023 2812 4094 12).
2844 4013 2995 4095 Agite
3023 4036 3079 4099 ut
3105 4007 3402 4102 dimittatis,
3429 4007 3591 4100 agite.
3622 4017 3738 4098 Ye;

2146 4112 2303 4167 nietis
2327 4114 2467 4167 enim
2495 4114 2560 4168 ad
2589 4116 2746 4168 verba
2776 4115 2872 4169 ista
2901 4115 3152 4170 orationis
3174 4135 3185 4171 :
3206 4119 3470 4188 quomodo
3499 4135 3561 4173 ea
3589 4120 3740 4176 diei-

2150 4204 2252 4258 tis?
2281 4205 2543 4273 quomodo
2573 4221 2676 4259 non
2710 4205 2922 4260 dicitis?
2952 4192 3227 4263 Postremo
3261 4209 3557 4280 interrogo:
3585 4193 3743 4285 Diei-

2148 4297 2237 4364 tis,
2263 4312 2328 4350 an
2350 4312 2454 4351 non
2481 4297 2690 4352 dicitis?
2712 4297 2899 4364 Odisti,
2919 4311 2972 4353 et
2995 4301 3158 4355 dicis?
3187 4302 3550 4371 Respondebis
3573 4276 3744 4369 mihi,

2147 4387 2260 4457 Ego
2306 4404 2408 4442 non
2446 4388 2581 4456 dico.
2615 4388 2767 4454 Oras,
2801 4399 2854 4443 et
2896 4407 3002 4444 non
3043 4391 3210 4445 dicis?
3241 4393 3428 4462 odisti,
3461 4402 3513 4448 et

2148 4493 2289 4544 oras,
2309 4489 2486 4535 etnon
2511 4480 2677 4534 dicis?
2698 4481 2811 4535 Cito
2830 4483 3146 4558 respondeo.
3174 4483 3311 4556 Ergo
3329 4487 3369 4537 si
3397 4483 3546 4551 dicis,
3572 4473 3744 4556 men-

2149 4572 2262 4625 tiris
2287 4589 2298 4624 :
2325 4572 2368 4625 si
2413 4588 2518 4626 non
2547 4572 2696 4638 dicis,
2729 4573 2856 4626 nihil
2885 4575 3124 4628 mereris.
3155 4573 3384 4629 Observa
3415 4563 3485 4640 te,
3512 4561 3748 4632 attende

2148 4671 2234 4720 te:
2259 4664 2415 4719 modo
2446 4679 2505 4719 es
2530 4677 2792 4729 oraturus,
2825 4665 3030 4719 dimitte
3058 4683 3123 4720 ex
3153 4675 3260 4719 toto
3281 4667 3460 4720 corde.
3495 4665 3745 4744 Litignre

2146 4758 2228 4813 vis
2251 4773 2368 4812 eum
2398 4757 2610 4811 inimico
2634 4767 2741 4821 tuo,
2775 4758 2919 4828 prius
2963 4757 3104 4827 litigo
3146 4774 3263 4812 eum
3308 4759 3466 4814 corde
3498 4767 3608 4838 tuo.
3647 4761 3748 4838 Li-

2149 4850 2274 4920 tiga,
2306 4850 2538 4919 inquam,
2583 4849 2725 4918 Iiliga
2753 4866 2896 4924 -cum
2941 4849 3101 4904 corde
3136 4859 3247 4904 tuo.
3287 4851 3378 4904 Die
3416 4833 3564 4924 cordi
3616 4833 3744 4924 ιιιιι,

2148 4939 2263 4995 Noli
2289 4941 2483 4995 odisse.
2514 4940 2643 4996 Illud
2671 4951 2844 4996 autem
2884 4925 3178 5009 coetuum,
3208 4929 3420 4996 animus
3458 4949 3579 4996 tuus
3619 4925 3750 5010 odit

2148 5031 2319 5086 adhuc
2356 5049 2368 5084 :
2410 5031 2495 5086 dic
2538 5031 2772 5098 animo",
2821 5031 2932 5084 Noli
2979 5031 3175 5086 odisse.
3213 5013 3489 5100 Quomodo
3537 5017 3744 5109 orabo,

2149 5122 2414 5192 quomodo
2439 5122 2631 5190 dicam,
2663 5123 2864 5176 Dimitte
2909 5123 3048 5177 nobis
3077 5125 3241 5177 debita
3269 5107 3476 5176 nostra?
3502 5107 3750 5184 Possum

2149 5212 2360 5282 quidem
2378 5214 2490 5266 .hoc
2531 5213 2733 5278 dicere,
2762 5213 2854 5268 sed
2893 5197 3032 5283 quoii
3077 5215 3311 5283 sequitur
3350 5215 3616 5284 quomodo
3648 5216 3748 5269 di-

2149 5303 2300 5357 cam?
2331 5303 2479 5358 Sicut
2503 5313 2548 5358 et
2578 5321 2685 5358 nos.
2713 5304 2884 5372 Quid?
2915 5301 3059 5359 Sicut
3085 5315 3130 5359 et
3161 5293 3256 5360 nos
3279 5303 3594 5374 dimittimus.
3629 5305 3750 5363 Ubi

2149 5404 2232 5449 est
2258 5384 2420 5449 fides“.l
2442 5393 2546 5450 Fac
2572 5394 2710 5465 quod
2732 5396 2884 5463 dicis,
2917 5394 3061 5451 Sicut
3087 5406 3132 5450 et
3156 5413 3265 5451 nos.
3319 5385 3324 5390 ’
3453 5385 3472 5392 ι’

2221 5483 2274 5539 9.
2324 5483 2623 5556 Exemplum
2687 5485 2890 5539 Clu-isti.
2948 5485 3052 5541 Sed
3118 5503 3222 5542 non
3289 5486 3399 5544 vult
3459 5487 3760 5566 dimittere

2216 5616 2229 5645 ¹
2258 5616 2328 5664 Sic
2350 5623 2454 5665 Mss.
2478 5617 2592 5666 Editi
2619 5631 2750 5676 vero,
2776 5621 2821 5669 et
2844 5632 3037 5671 securus
3059 5621 3172 5674 eris.

2213 5679 2233 5708 ι
2258 5677 2327 5724 sit:
2350 5687 2448 5726 vss.
2477 5687 2529 5727 At
2554 5679 2687 5736 editi,
2710 5679 3041 5730 ministerium.

2152 5807 2166 5850 ι
2217 5739 2555 5848 3Collbertiuus
2593 5749 2692 5801 διε,
2718 5740 2900 5792 anticus
2941 5750 3047 5794 titus
3082 5743 3241 5795 adhuc
3264 5746 3382 5798 odit.
3420 5746 3511 5798 Dic
3549 5747 3753 5800 tam

2175 5813 2262 5850 ure.
2293 5814 2319 5847 e
2342 5815 2384 5847 c.

2175 5813 2262 5856 ure,
2293 5813 2384 5848 etc.

3541 5934 3563 5959 ἢ
