4012 6338
256 376 365 435 329

256 492 451 547 crimen
512 488 644 543 male
685 486 933 542 utentium
976 484 1030 539 in
1069 499 1149 539 res
1194 482 1333 554 ipsas
1390 480 1680 550 transferre.
1736 476 1843 534 Sed

257 600 367 640 non
398 592 482 639 est
500 581 618 637 hazc
646 582 760 636 auri
790 580 941 650 culpa
970 587 1025 634 et
1051 578 1276 648 argenti.
1306 574 1416 631 Fac
1452 574 1593 630 enim
1640 573 1847 628 miseri-

252 675 474 731 cordem
508 673 741 743 aliquem
767 670 1033 727 invenisse
1056 669 1364 725 thesaurum
1388 683 1400 719 :
1421 681 1597 721 nonne
1619 681 1846 736 Operan-

252 778 305 822 te
331 764 701 821 misericordia
721 763 989 834 praebetur
1008 759 1343 829 hospitalitas
1359 756 1673 829 peregrinis,
1693 758 1844 811 alun-

251 867 339 912 tur
384 856 616 911 famelici
650 896 664 921 ,
705 854 831 909 nudi
874 852 1213 917 vestiuntur,
1256 851 1442 921 inopes
1489 850 1843 920 adjuvantur,

248 949 451 1019 captivi
476 947 829 1012 redimuntur,
844 952 1225 1000 construuntur
1244 942 1507 1007 ecclesia-‘2,
1533 940 1843 996 reﬁciuntur

249 1041 415 1107 lassi,
448 1048 704 1109 pacantur
724 1036 936 1108 litigiosi
957 1078 971 1103 ,
996 1042 1310 1105 reparantur
1342 1033 1615 1104 naufragi,
1647 1048 1841 1088 curan-

250 1140 340 1188 tur
370 1132 595 1203 azgroti,
621 1130 928 1200 corporales
953 1143 1083 1199 opes
1128 1127 1509 1198 dispertiuntur
1560 1124 1615 1180 in
1669 1134 1840 1190 terra,

249 1223 558 1294 spirituales
600 1221 962 1277 reconduntur
1010 1221 1063 1275 in
1108 1218 1284 1275 coelo?
1329 1218 1456 1287 Quis
1500 1217 1617 1273 haec
1680 1216 1842 1271 facit?

248 1315 556 1371 Misericors
582 1324 636 1370 et
658 1313 850 1369 bonus.
873 1312 1027 1368 Unde
1054 1311 1221 1367 facit?
1250 1311 1325 1366 De
1353 1325 1482 1364 auro
1515 1318 1570 1364 et
1597 1316 1838 1380 argento.

249 1405 347 1462 Cui
375 1406 619 1462 serviens
640 1404 757 1459 hinc
780 1402 947 1460 facit?
968 1403 1028 1457 Ei
1056 1404 1147 1473 qui
1172 1402 1325 1468 dixit,
1348 1401 1520 1455 Meum
1544 1410 1616 1455 est
1636 1417 1838 1465 aurum,

249 1508 295 1552 et
318 1513 491 1551 meum
507 1506 579 1551 est
608 1505 890 1566 argentum.
911 1493 1117 1549 Videtis
1149 1494 1257 1564 jam
1279 1535 1293 1561 ,
1346 1501 1403 1547 ut
1429 1493 1681 1558 arbitror,
1730 1492 1840 1547 fra-

250 1604 385 1657 tres,
416 1604 576 1660 quam
601 1604 794 1658 magno
822 1603 1004 1644 errore
1036 1602 1330 1657 magnaque
1350 1586 1615 1642 dementia
1655 1587 1707 1641 in
1755 1602 1841 1643 res

249 1684 396 1752 ipsas
446 1683 640 1753 quibus
680 1682 928 1738 homines
983 1681 1119 1736 male
1148 1690 1387 1749 utuntur,
1447 1680 1649 1737 crimen
1702 1681 1840 1734 male

250 1775 517 1829 utentium
547 1772 916 1829 transferatur.
947 1772 1077 1827 Nam
1118 1772 1162 1827 si
1203 1780 1485 1842 propterea
1514 1775 1841 1841 vituperatur

248 1883 441 1923 aurum
468 1877 523 1924 ct
546 1874 845 1937 argentum,
872 1868 993 1938 quia
1013 1865 1258 1921 homines
1286 1864 1505 1919 avaritia
1528 1864 1837 1934 depravati,

250 1959 513 2028 neglectis
537 1958 820 2028 prazceptis
846 1956 1346 2028 omnipotentissimi
1375 1954 1641 2011 Creatoris
1657 1996 1672 2021 ,
1702 1954 1754 2009 in
1777 1970 1839 2010 ea

248 2066 370 2121 quae
401 2049 641 2104 condidit
682 2048 979 2103 detestabili
1031 2047 1320 2117 cupiditate
1350 2046 1660 2115 rapiuntur;
1699 2045 1839 2100 vitu-

251 2150 475 2211 peretur
497 2140 657 2195 etiam
685 2140 859 2195 omnis
886 2140 979 2195 Dei
1006 2148 1270 2202 creatura,
1303 2138 1421 2207 quia
1441 2179 1456 2205 ,
1510 2137 1648 2191 sicut
1696 2139 1838 2206 Apo-

248 2232 421 2288 stolus
448 2231 619 2298 dicit,
647 2231 883 2301 perversi
942 2230 1151 2300 quidam
1198 2229 1441 2284 homines
1483 2228 1744 2281 coluerunt
1793 2235 1841 2281 et

248 2324 529 2377 servierunt
548 2332 791 2377 creatura:
813 2322 977 2393 potius
997 2339 1149 2394 quam
1174 2320 1398 2375 Creatori
1417 2362 1432 2387 ,
1453 2321 1537 2390 qui
1586 2328 1659 2373 est
1686 2317 1840 2373 bene-

250 2416 416 2470 dictus
441 2416 496 2469 in
519 2417 705 2470 sarcula
737 2415 912 2487 (Rom.
943 2416 995 2478 l,
1027 2415 1142 2485 25).
1171 2414 1512 2484 Vituperetur
1536 2413 1693 2467 etiam
1742 2411 1841 2467 iste

250 2507 329 2562 sol
364 2525 377 2559 :
408 2522 568 2577 quem
595 2517 743 2562 certe
782 2506 942 2562 iidem
968 2506 1239 2560 Manichzei
1264 2547 1278 2571 ,
1308 2506 1558 2575 quoniam
1609 2519 1715 2559 non
1759 2505 1843 2559 in-

250 2598 499 2669 telligunt
518 2613 637 2654 esse
664 2608 993 2664 creaturam,
1018 2607 1265 2667 tanquam
1295 2598 1466 2668 ipsum
1509 2594 1836 2664 Creatorem,

250 2693 335 2747 vel
376 2701 628 2762 tanquam
650 2692 765 2762 ejus
787 2693 1015 2762 aliquam
1041 2703 1247 2762 partem
1294 2692 1471 2747 colere
1520 2702 1678 2762 atque
1705 2690 1839 2747 ado-

249 2798 377 2838 rare
402 2800 510 2838 non
539 2783 808 2839 desinunt.
834 2783 942 2839 Cur
987 2800 1112 2855 ergo
1139 2785 1308 2854 ipsum
1358 2800 1462 2840 non
1505 2784 1837 2855 vituperant,

248 2889 372 2929 cum
421 2875 743 2945 plerumque
785 2875 1030 2931 homines
1074 2876 1141 2931 de
1177 2890 1276 2932 usu
1304 2875 1432 2931 solis
1453 2887 1507 2931 et
1543 2876 1756 2931 luminis
1784 2876 1839 2931 in

250 2968 494 3022 aediﬁciis
514 2968 622 3022 suis
647 2967 768 3022 lites
787 2968 1167 3038 injustissimas
1192 2969 1480 3033 concitant;
1512 2975 1645 3023 etut
1692 2966 1839 3022 fene-

252 3062 378 3115 stris
404 3062 517 3116 suis
530 3061 663 3116 radii
680 3061 958 3117 liberiores
976 3062 1244 3131 aliquanto
1261 3062 1457 3132 largius
1472 3059 1835 3128 infundantur,

252 3150 441 3207 domos
462 3153 665 3208 alienas
696 3153 926 3223 dejicere
957 3168 1099 3223 saepe
1141 3154 1457 3219 moliuntur;
1512 3160 1567 3209 et
1603 3168 1696 3207 eos
1746 3152 1838 3223 qui

253 3247 699 3313 contradixerint,
725 3247 933 3302 etiamsi
953 3247 1074 3317 jure
1099 3248 1396 3302 certissimo
1433 3245 1797 3302 contradicant
1819 3287 1835 3312 ,

254 3337 549 3392 inimicitiis
574 3338 936 3393 acerbissimis
962 3337 1335 3393 insectantur?
1372 3336 1428 3393 Si
1474 3353 1632 3407 quem
1682 3336 1839 3406 igitur

254 3431 595 3488 inﬁrmorum
620 3433 887 3503 potentior
913 3433 1105 3503 aliquis
1141 3432 1335 3503 injuste
1360 3448 1423 3488 ac
1451 3432 1652 3487 nefarie
1680 3442 1841 3502 pr0p-

255 3535 336 3580 ter
364 3511 539 3581 nsunt
572 3526 704 3582 solis
731 3527 1096 3597 oppresserit,
1144 3525 1454 3595 diripuerit,
1486 3527 1538 3580 in
1590 3525 1838 3581 exsilium

254 3619 415 3674 etiam
465 3628 761 3674 mortemve
784 3618 1130 3688 compulerit,
1159 3617 1285 3673 solis
1317 3627 1400 3672 est
1445 3618 1646 3673 crimen
1668 3659 1683 3683 ,
1733 3632 1838 3687 quo

252 3710 342 3766 ille
356 3709 714 3766 abundantius
735 3711 811 3765 uti
831 3710 1117 3776 desiderat,
1146 3726 1212 3763 an
1240 3709 1417 3779 potius
1444 3708 1583 3764 male
1636 3711 1835 3765 utentis

253 3803 526 3874 iniquitas,
555 3804 645 3874 qui
695 3804 822 3859 dum
860 3804 1005 3873 cupit
1049 3804 1289 3871 corporis
1317 3802 1490 3856 oculis
1540 3802 1839 3873 temporale

254 3899 435 3955 lumen
477 3900 673 3971 largius
702 3902 1015 3972 acquirere,
1062 3900 1359 3957 cubiculum
1398 3900 1573 3956 cordis
1600 3900 1703 3956 luci
1729 3916 1835 3957 non

253 3992 425 4061 aperit
450 3992 748 4061 aequitatis?

322 4084 553 4141 CAPUT
581 4084 829 4141 Vl.—8.
869 4086 1131 4152 Aurum_a
1167 4086 1463 4140 Maniclueis
1500 4085 1690 4157 injuria
1744 4102 1834 4139 ac-

258 4176 448 4230 cusari.
488 4177 611 4230 Auri
638 4176 886 4246 cupiditas
911 4177 1199 4245 damnatur,
1230 4186 1394 4231 rectus
1418 4193 1538 4231 usus
1557 4193 1587 4229 a
1614 4175 1834 4231 Domino

252 4268 652 4321 commendatur.
684 4267 765 4322 Ex
807 4282 912 4338 quo
935 4268 1054 4335 isti,
1101 4268 1147 4322 si
1198 4277 1458 4336 possunt,
1503 4267 1832 4337 intelligant,

252 4367 343 4412 aut
371 4373 561 4413 aurum
600 4366 655 4413 et
695 4368 972 4430 argentum
1017 4372 1076 4414 se
1118 4373 1370 4414 accusare
1418 4373 1524 4412 non
1551 4368 1829 4428 oportere,

251 4449 499 4517 quamvis
521 4448 589 4504 de
612 4463 744 4505 auro
790 4458 845 4505 et
869 4458 1088 4521 argento
1116 4464 1258 4519 saepe
1283 4448 1526 4504 homines
1553 4449 1835 4519 cupidissi-

251 4540 325 4594 mi
363 4540 649 4607 dimicent;
690 4551 781 4596 aut
807 4542 1173 4597 accusationes
1224 4558 1345 4597 suas
1375 4541 1443 4597 de
1468 4549 1607 4597 terra
1629 4542 1681 4596 in
1725 4557 1837 4598 caa-

252 4633 361 4687 lum
383 4674 398 4698 ,
428 4642 483 4688 et
510 4633 579 4688 de
598 4634 825 4691 metallis
848 4634 1166 4705 fulgentibus
1211 4634 1267 4688 in
1302 4633 1477 4689 sidera
1501 4674 1516 4698 ,
1569 4644 1729 4704 atque
1780 4636 1833 4689 in

250 4723 424 4794 ipsum
475 4725 644 4781 solem
698 4741 757 4782 se
799 4726 999 4781 debere
1047 4725 1369 4790 transferre;
1412 4725 1625 4796 quando
1667 4728 1834 4797 iniqui

248 4812 496 4870 homines
517 4816 820 4884 inexpiabili
849 4832 992 4887 stupe
1022 4817 1284 4873 discordia
1310 4819 1377 4873 de
1406 4820 1720 4889 possidenda
1742 4834 1832 4874 so-

249 4908 313 4964 lis
337 4909 458 4964 luce
478 4909 789 4980 confligunt.
821 4910 990 4965 Simul
1020 4911 1177 4966 etiam
1208 4912 1413 4967 discant
1456 4914 1579 4983 quid
1626 4914 1833 4969 intersit

248 5002 389 5057 inter
408 5002 548 5057 hanc
574 5004 743 5058 lucem
770 5004 1030 5060 visibilem
1054 5046 1068 5067 ,
1096 5005 1372 5075 lucemque
1395 5007 1631 5076 justitize.
1665 5008 1831 5078 Siqui-

247 5094 367 5149 dem
396 5093 513 5148 ﬁeri
537 5104 708 5163 potest
732 5103 789 5149 ut
816 5104 1015 5164 quanto
1049 5096 1234 5164 majori
1262 5098 1512 5152 aviditate
1550 5100 1650 5153 frui
1679 5102 1828 5169 quis-

248 5202 354 5254 que
382 5187 485 5241 hac
512 5187 630 5242 luce
654 5188 879 5243 voluerit
902 5229 915 5250 ,
947 5196 1095 5242 tanto
1134 5190 1319 5259 majori
1346 5192 1584 5247 caecitate
1612 5208 1640 5245 a
1671 5194 1830 5259 justi-

248 5279 335 5332 tiae
363 5278 485 5332 luce
510 5277 741 5332 deficiat.
770 5278 919 5332 Nulla
947 5279 1087 5333 enim
1115 5290 1356 5334 creatura
1372 5281 1528 5336 homo
1548 5282 1825 5351 justiﬁcari

248 5378 462 5439 potest:
511 5369 603 5425 sed
631 5378 690 5423 ut
716 5372 973 5425 creaturis
997 5371 1243 5426 omnibus
1275 5371 1418 5441 juste
1457 5374 1531 5426 uti
1579 5375 1765 5441 possit,
1798 5391 1830 5430 a

247 5461 507 5517 Creatore
571 5461 940 5532 justiﬁcandus
984 5474 1084 5519 est.
1137 5464 1316 5533 Itaque
1364 5464 1476 5534 ipse
1539 5466 1827 5533 Dominus,

248 5551 495 5621 quamvis
519 5553 792 5608 avaritiam
838 5554 973 5609 sicut
992 5555 1167 5623 justus
1205 5554 1368 5625 judex
1395 5556 1587 5626 ubique
1629 5559 1829 5613 conde-

255 5652 407 5697 mnet
445 5659 460 5707 ;
508 5658 662 5697 usum
713 5654 888 5699 tamen
931 5646 1201 5715 copiarum
1231 5655 1559 5700 terrenarum
1582 5654 1828 5717 tanquam

244 5748 405 5790 verus
432 5738 684 5805 magister
702 5736 970 5802 ostendit,
1015 5738 1153 5794 ineo
1181 5739 1298 5810 ipso
1337 5737 1487 5805 loco,
1535 5755 1691 5809 quem
1742 5741 1829 5796 isti

245 5834 502 5899 tanquam
554 5829 877 5884 contrarium
922 5828 1200 5899 Pr0pheta:
1242 5831 1474 5902 objicere
1521 5832 1822 5890 voluerunt.

527 5916 752 5982 Sanus.
784 5921 1061 5983 AUGUST.
1089 5921 1166 5983 V.

1746 358 1979 417 SERMO
2017 359 2080 417 L.

3431 378 3535 437 330

1956 475 2044 530 Ait
2063 475 2229 543 enim,
2261 476 2437 534 Facite
2465 481 2600 536 vobis
2625 484 2810 541 amicos
2839 486 2901 541 de
2921 503 3207 545 mammona
3232 490 3511 563 iniquitati;

1954 566 2055 623 hoc
2070 578 2151 624 est
2179 568 2355 626 dicere
2379 613 2393 637 ,
2418 572 2547 641 Qua:
2576 590 2877 633 mammona
2905 579 3194 652 iniquitatis
3215 592 3320 651 est,
3352 562 3529 642 vestra

1950 675 2251 718 mammona
2279 680 2398 720 esse
2431 683 2538 721 non
2562 667 2738 724 debet.
2775 671 2923 728 Tunc
2953 675 3093 729 enim
3122 677 3262 746 juste
3289 681 3531 749 poteritis

1950 752 2025 806 uti
2073 767 2250 808 rerum
2276 758 2429 826 copia
2455 765 2783 816 terrenarum
2803 805 2819 830 ,
2851 773 2905 819 et
2932 766 3131 822 amicos
3168 768 3290 825 inde
3319 771 3493 827 facere
3511 815 3526 840 ,

1949 843 2037 913 qui
2066 859 2159 899 vos
2183 847 2436 917 recipiant
2462 850 2516 903 in
2547 850 2878 909 tabernacula
2901 866 3120 927 interna,
3151 861 3195 914 si
3221 877 3525 919 mammona

1948 934 2099 989 vobis
2130 936 2227 990 ista
2250 953 2354 992 non
2384 939 2570 1009 fuerit,
2605 942 2655 997 id
2674 954 2775 1012 est,
2806 946 2848 999 si
2877 963 2979 1002 non
3010 965 3076 1004 ex
3104 966 3168 1004 ea
3205 968 3300 1008 vos
3336 954 3529 1012 divites

1948 1022 2061 1079 ﬁeri
2094 1030 2427 1097 putaveritis.
2455 1031 2713 1098 Quoniam
2751 1036 2947 1091 divitia:
2976 1050 3188 1111 vestrae,
3233 1060 3352 1114 qua:
3403 1057 3530 1101 sunt

1947 1128 2087 1171 vera:
2116 1117 2332 1187 divitiis,
2366 1137 2484 1191 qua:
2512 1124 2579 1179 ab
2605 1127 2748 1181 omni
2779 1143 2872 1184 vos
2899 1129 3184 1202 indigentia
3203 1136 3521 1206 liberabunt,

1947 1222 2052 1262 non
2083 1219 2207 1266 sunt
2227 1215 2453 1269 terrenis
2490 1216 2825 1275 facultatibus
2871 1228 3258 1294 comparandas.
3315 1229 3420 1287 Sed
3470 1243 3529 1289 ut

1945 1298 2051 1354 illis
2081 1299 2183 1356 frui
2225 1305 2416 1361 merito
2451 1309 2705 1378 possitis,
2754 1313 2901 1381 prius
2928 1314 3042 1370 istis
3083 1316 3222 1375 bene
3266 1323 3524 1380 utendum

1945 1402 2045 1487 cst,
2074 1410 2191 1464 quae
2216 1412 2320 1452 non
2353 1409 2477 1454 sunt
2523 1401 2720 1459 divitiae
2753 1420 2892 1461 verte
2921 1449 2936 1473 ,
2979 1424 3078 1465 nec
3128 1420 3356 1469 vestrae:
3405 1418 3526 1487 quia

1945 1483 2139 1552 injuste
2176 1488 2425 1547 dicuntur
2458 1493 2654 1552 divitiae
2684 1498 2737 1563 ¹;
2770 1514 2875 1555 non
2930 1503 3072 1557 enim
3102 1506 3350 1563 auferunt
3398 1483 3526 1581 ege-

1945 1584 2157 1647 statem,
2180 1590 2236 1636 et
2262 1597 2351 1639 eas
2378 1584 2590 1644 divitias
2632 1589 2798 1661 iniqui
2830 1604 3036 1662 putant.
3074 1597 3194 1654 Istis
3215 1602 3356 1657 enim
3383 1618 3441 1659 se
3460 1607 3529 1659 ab

1945 1670 2229 1742 indigentia
2277 1676 2489 1733 liberari
2536 1682 2900 1740 arbitrantur:
2945 1704 3039 1745 vos
3064 1701 3243 1747 autem
3284 1695 3439 1759 alias,
3475 1697 3527 1753 id

1944 1772 2025 1818 est
2054 1781 2206 1821 veras
2232 1778 2286 1823 et
2313 1779 2521 1827 vestras
2559 1774 2764 1831 debetis
2806 1777 3111 1837 desiderare
3158 1784 3387 1840 divitias.
3423 1787 3528 1843 Sed

1943 1856 2058 1947 siin
2082 1858 2271 1928 injuste
2322 1878 2608 1918 mammona
2644 1868 2817 1935 ﬁdeles
2859 1888 2960 1925 non
2986 1873 3174 1942 fuistis,
3199 1891 3368 1930 verum
3419 1881 3529 1947 quis

1944 1946 2080 2000 dabit
2117 1950 2289 2006 vobis?
2318 1952 2385 2005 Et
2412 1955 2457 2007 si
2485 1956 2537 2009 in
2565 1956 2730 2012 alieno
2753 1961 2926 2028 ﬁdeles
2952 1980 3051 2018 non
3081 1966 3267 2035 fuistis,
3314 1946 3528 2025 vestrum

1942 2041 2055 2107 quis
2080 2042 2215 2095 dabit
2239 2044 2374 2099 vobis
2391 2044 2539 2117 (Luc.
2570 2065 2680 2116 xvr,
2722 2051 2920 2124 9-12)?

2015 2131 2068 2187 9.
2130 2131 2406 2191 Manichwi
2463 2138 2838 2211 PrOp/ietarum
2881 2147 3290 2207 calumniatores.
3354 2152 3529 2221 Quan-

1943 2237 2100 2292 quam
2133 2224 2450 2283 Manichazos
2480 2233 2692 2301 proprio
2722 2250 2871 2291 more
2911 2240 3234 2310 propheticis
3259 2245 3417 2302 dictis
3440 2263 3530 2302 ca-

1945 2317 2195 2375 lumniari
2234 2323 2575 2380 manifestum
2627 2328 2715 2383 sit.
2778 2331 3027 2403 Quisquis
3096 2338 3237 2392 enim
3290 2340 3526 2410 ejusdem

1944 2408 2231 2479 Scriptura:
2258 2413 2710 2473 circumstantiam
2740 2422 2823 2476 vel
2851 2426 3194 2485 mediocriter
3213 2408 3524 2503 inspexerit,

1946 2500 2181 2557 inveniet
2206 2520 2311 2561 non
2349 2506 2417 2562 de
2442 2508 2545 2564 hoc
2567 2522 2788 2581 argento
2827 2516 2908 2571 vel
2957 2534 3106 2587 auro,
3159 2538 3265 2593 quo
3300 2500 3529 2583 avaritia

1945 2595 2311 2665 imprudenter
2347 2600 2566 2669 insanit,
2594 2602 2791 2660 dixisse
2818 2607 3167 2678 Pr0pbetam;
3212 2617 3305 2671 sed
3332 2618 3399 2673 de
3440 2620 3529 2674 illo

1943 2687 2141 2756 potius,
2173 2690 2324 2758 cujus
2365 2692 2525 2747 etiam
2562 2694 2855 2767 Apostolus
2883 2702 3151 2779 meminit,
3206 2705 3411 2777 dicens,
3467 2710 3529 2766 Si

1942 2780 2053 2848 quis
2086 2790 2253 2836 autent
2300 2784 2521 2853 azdiﬁcat
2565 2804 2720 2859 supra
2759 2792 3141 2858 fundamentum
3164 2838 3179 2862 ,
3225 2816 3409 2855 aurum
3482 2814 3529 2858 et

1944 2885 2241 2944 argentum,
2284 2877 2478 2948 lapides
2506 2882 2749 2951 pretiosos
2771 2882 2815 2954 (Ι
2839 2884 2955 2939 Cor.
2988 2903 3064 2957 ιιι,
3094 2890 3203 2960 12).
3255 2892 3371 2960 Quo
3395 2910 3528 2951 auro

1944 2974 1999 3019 et
2026 2975 2246 3037 argento
2275 2968 2424 3025 dives
2480 2982 2563 3027 cst
2603 2973 2689 3029 ille
2738 2975 3036 3047 thesaurus,
3088 2996 3248 3051 quem
3293 2986 3348 3040 in
3400 3002 3529 3057 agro

1940 3057 2059 3130 ipse
2110 3059 2365 3117 Dominus
2410 3065 2717 3131 inventum,
2755 3078 2809 3123 et
2850 3085 2879 3124 a
2933 3072 3163 3141 quodam
3213 3077 3530 3135 mirabiliter

1944 3148 2383 3223 laudabiliterque
2407 3170 2570 3212 avaro
2596 3158 2825 3215 venditis
2854 3163 3102 3219 omnibus
3128 3168 3239 3222 suis
3287 3181 3522 3242 emptum

1942 3256 2061 3296 esse
2084 3250 2308 3300 testatur
2323 3244 2534 3319 (Matth.
2560 3264 2657 3305 xm
2680 3290 2696 3319 ,
2727 3250 2840 3323 44).
2868 3252 2998 3309 Nam
3025 3257 3196 3326 ipsum
3244 3260 3525 3320 Dominum

1943 3335 2343 3404 pricnuntians,
2401 3345 2456 3393 et
2510 3339 2633 3394 novi
2685 3344 2907 3408 saeculi,
2949 3344 3051 3403 hoc
3097 3358 3212 3415 est,
3271 3352 3527 3412 Ecclesiae

1945 3429 2186 3492 tempora
2221 3425 2462 3496 ﬁgurate,
2492 3437 2548 3484 ut
2573 3430 2729 3499 solet,
2777 3432 3060 3505 designans
3109 3438 3408 3510 Propheta,
3450 3446 3530 3503 sic

1926 3514 2070 3593 dicit
2088 3534 2100 3569 :
2119 3517 2296 3571 Adliuc
2311 3535 2465 3575 unum
2481 3522 2734 3578 modicum
2749 3536 2839 3591 est,
2855 3536 2900 3581 et
2915 3544 3005 3598 ego
3019 3534 3333 3589 commovebo
3345 3539 3529 3594 caelum

1942 3614 1987 3659 et
2015 3615 2219 3675 terram,
2250 3618 2298 3661 et
2324 3626 2462 3664 mare
2479 3620 2525 3664 et
2548 3613 2783 3681 aridam,
2806 3625 2852 3669 et
2892 3619 3095 3674 movebo
3119 3638 3291 3680 omnes
3313 3637 3484 3696 gentes
3509 3645 3530 3685 :

1943 3706 1989 3750 et
2009 3698 2168 3751 veniet
2214 3697 2543 3755 Desideratus
2595 3705 2786 3759 cunctis
2824 3708 3071 3776 gentibus,
3103 3720 3153 3764 et
3203 3713 3422 3785 implebo
3443 3718 3528 3773 do-

1941 3804 2080 3843 mum
2107 3790 2257 3843 istam
2304 3792 2487 3862 gloria,
2519 3795 2641 3848 dicit
2687 3795 2938 3852 Dominus
2983 3803 3308 3860 exercituum.
3355 3808 3529 3865 Meton

1940 3890 2012 3935 est
2032 3897 2233 3949 aurum,
2262 3893 2308 3936 et
2336 3901 2501 3939 meum
2520 3896 2593 3942 est
2620 3898 2879 3959 argentum
2898 3933 2913 3958 ,
2937 3893 3059 3947 dicit
3086 3894 3336 3955 Dominus
3381 3919 3527 3959 επεν-

1941 3974 2153 4027 cituum.
2181 3974 2375 4048 Magna
2410 3979 2504 4031 erit
2533 3980 2694 4050 gloria
2715 3982 2894 4038 domus
2912 3985 3056 4041 istius
3081 3991 3364 4050 novissimis
3412 3998 3528 4067 plus

1941 4082 2097 4136 quam
2120 4068 2314 4137 primoa,
2341 4069 2463 4123 dicit
2487 4070 2737 4127 Dominus
2761 4077 3067 4133 exercituum
3088 4096 3110 4146 ;
3134 4092 3181 4136 et
3210 4083 3263 4138 in
3306 4087 3417 4142 loco
3432 4088 3529 4145 isto

1942 4159 2073 4255 dabo
2097 4178 2299 4255 pit—cem,
2309 4163 2438 4255 dicit
2466 4164 2711 4221 Dominus
2730 4171 3038 4228 exercituum
3054 4174 3254 4248 (Aggtei
3292 4196 3352 4248 ll,
3375 4181 3525 4255 750).

2012 4252 2239 4309 CAPUT
2278 4253 2389 4311 vn.
2439 4286 2511 4296 —
2558 4257 2648 4313 ιο.
2702 4258 2877 4331 Αασωι
2922 4263 3060 4319 locus
3114 4268 3417 4327 vindicatur.
3468 4252 3527 4331 Si

1942 4343 2142 4400 vellent
2170 4346 2258 4401 isti
2281 4362 2386 4402 non
2416 4363 2536 4404 esse
2561 4364 2724 4407 canes
2750 4361 2806 4409 et
2833 4356 3018 4424 porci,
3040 4359 3234 4430 quibus
3276 4377 3522 4425 sanctum

1940 4436 2071 4494 dare
2105 4447 2160 4494 et
2180 4441 2491 4510 margaritas
2514 4442 2773 4513 projicere
2794 4447 3178 4519 prohibemur;
3207 4456 3301 4511 sed
3333 4470 3522 4528 ρθιεη-

1940 4537 2021 4585 tes
2059 4530 2320 4601 accipere,
2349 4542 2403 4589 et
2430 4545 2731 4604 quaerentes
2752 4536 3009 4609 invenire,
3027 4552 3083 4598 et
3102 4547 3376 4615 pulsantes
3397 4566 3527 4621 ape-

1941 4622 2036 4677 riri
2062 4622 2163 4679 sibi
2187 4623 2552 4682 desiderarent
2576 4627 2789 4701 (Matth.
2822 4647 2917 4699 vn,
2948 4633 3070 4706 6-8)
3093 4652 3108 4702 ;
3132 4653 3287 4708 quam
3306 4653 3527 4711 possent

1941 4715 2168 4774 fortasse
2194 4720 2351 4775 etiam
2392 4721 2508 4776 sine
2542 4723 2650 4777 ullo
2675 4724 2984 4794 interprete,
3031 4729 3165 4785 duce
3194 4732 3311 4802 ipso
3337 4747 3525 4793 sancto

1942 4808 2143 4879 Spiritu
2170 4812 2369 4866 sentire
2388 4829 2506 4882 qua:
2540 4813 2678 4869 dicta
2700 4826 2843 4881 sunt,
2875 4818 2941 4873 ad
2993 4822 3115 4875 novi
3169 4825 3369 4891 populi,
3421 4828 3522 4883 hoc

1943 4910 2062 4969 est,
2094 4902 2159 4957 ad
2181 4905 2457 4960 christiani
2489 4908 2699 4977 populi,
2729 4910 2881 4980 cujus
2903 4916 3155 4969 sacerdos
3177 4932 3399 4987 magnus
3441 4932 3522 4976 est

1942 4996 2096 5051 Jesus
2118 4997 2284 5053 Filius
2312 4999 2434 5064 Dei;
2464 5002 2581 5054 sine
2626 5002 2729 5055 ulla
2776 5004 2999 5074 caligine
3024 5008 3291 5076 pertinere
3323 5029 3335 5063 :
3378 5024 3523 5068 certe

1940 5087 2025 5140 vel
2055 5104 2119 5142 eo
2147 5088 2264 5143 loco
2294 5090 2380 5143 ubi
2407 5090 2602 5145 dictum
2631 5104 2732 5156 est,
2767 5093 2946 5148 Adhuc
2965 5112 3123 5150 unum
3147 5100 3395 5154 modicum
3425 5115 3519 5167 est,

1940 5188 1986 5232 et
2013 5196 2101 5250 ego
2125 5180 2437 5234 commovebo
2460 5182 2637 5236 cwlum
2672 5193 2718 5237 et
2745 5194 2930 5249 terram
2953 5227 2969 5251 ,
2997 5197 3041 5239 et
3073 5200 3274 5241 marcet
3300 5192 3519 5257 aridum,

1940 5282 1985 5324 et
2013 5273 2212 5325 movebo
2232 5290 2401 5327 omnes
2430 5284 2635 5343 gentes;
2669 5286 2716 5329 et
2762 5277 2918 5329 veniet
2965 5275 3292 5335 Desideratus
3330 5290 3521 5338 cunctis

1939 5364 2186 5433 gentibus.
2219 5364 2290 5416 Dc
2320 5364 2613 5419 novissimo
2639 5367 2777 5419 enim
2806 5368 3008 5422 Domini
3034 5411 3047 5432 ,
3080 5370 3129 5423 id
3147 5382 3249 5436 est,
3289 5379 3523 5429 secundo

1939 5456 2189 5519 adventu,
2220 5472 2324 5524 quo
2354 5456 2403 5508 in
2425 5456 2661 5507 claritate
2686 5467 2937 5511 venturus
2958 5468 3057 5523 est,
3075 5476 3256 5516 versus
3283 5465 3383 5519 iste
3404 5483 3525 5534 pro-

1941 5551 2076 5604 latus
2104 5558 2214 5615 cst,
2237 5564 2355 5602 cum
2380 5548 2453 5601 ait
2484 5547 2771 5617 Propheta,
2804 5547 2868 5601 Et
2885 5550 3038 5603 veniet
3067 5550 3389 5608 Desideratns
3411 5574 3525 5609 cuu-

1940 5643 2030 5696 ctis
2073 5641 2316 5711 gentibus.
2361 5638 2583 5705 Quando
2612 5639 2752 5693 enim
2787 5641 2957 5709 primo
2995 5640 3046 5695 in
3097 5658 3258 5699 carne
3312 5649 3522 5703 mortali

2004 5780 2019 5809 ι
2046 5776 2180 5836 Editi,
2213 5776 2324 5836 quin
2355 5773 2548 5835 injustw
2585 5774 2810 5826 dicuntur
2850 5775 3049 5827 divitia}.
3092 5786 3148 5828 At
3182 5782 3524 5832 Germanensis

1938 5842 2061 5894 alter
2085 5838 2441 5926 vetustissimus
2462 5838 2637 5890 coch
2662 5838 2774 5891 auia
2794 5838 2970 5902 injuste
2992 5838 3218 5890 dicwuur
3242 5839 3439 5894 divitiis.

2928 5921 3202 6011 Mnes.)
