3994 6462
521 329 622 384 551

524 458 618 514 per
637 442 853 497 Mariam
881 442 1138 513 virginem
1166 442 1343 508 venit,
1386 440 1619 496 nondum
1647 431 2048 496 desiderabatur
2071 455 2102 495 a

520 535 724 590 cunctis
744 536 1026 605 gentibus;
1055 536 1174 605 quia
1202 534 1434 588 nondum
1457 533 1809 589 crediderant.
1843 532 2100 587 Dissemi-

517 635 646 682 nato
674 623 853 684 autem
879 628 1164 697 Evangelio
1208 643 1300 696 per
1325 639 1510 683 omnes
1531 636 1716 696 gentes
1736 667 1750 691 ,
1781 626 1833 680 in
1857 625 2102 681 omnibus

516 719 763 790 gentibus
787 719 1106 774 desiderium
1133 719 1250 789 ejus
1279 718 1602 774 accenditur.
1631 718 1732 774 Per
1751 733 1936 773 omnes
1957 718 2101 772 enim

515 822 706 884 gentes
735 821 787 868 et
815 821 937 868 sunt
963 855 976 875 ,
1009 823 1064 869 et
1087 823 1243 868 erunt
1273 814 1426 868 electi
1469 813 1584 882 ejus
1613 814 1652 877 ⁸,
1684 814 1772 882 qui
1802 820 1913 866 toto
1939 812 2100 866 corde

513 906 567 966 in
595 907 836 963 oratione
864 907 1079 972 dicant,
1110 908 1354 960 Adveniat
1379 917 1589 977 regnum
1611 917 1753 959 tuum
1780 905 1992 976 (Matth.
2019 919 2093 973 vr,

509 998 624 1071 10).
651 999 757 1056 Sed
795 1002 997 1071 primus
1021 998 1278 1054 adventus
1303 995 1720 1053 misericordiam
1751 993 2096 1068 praesemina-

511 1092 589 1150 vit
610 1092 819 1163 judicio
850 1111 862 1147 :
901 1093 952 1148 in
985 1109 1089 1163 quo
1110 1091 1310 1162 judicio
1339 1090 1556 1146 scaundi
1587 1090 1844 1145 adventus
1881 1087 2095 1143 claritas

511 1187 786 1246 eminebit.
827 1187 1139 1255 l’riusergo
1168 1175 1448 1254 oportebat
1475 1183 1673 1237 moveri
1704 1182 1894 1235 coelum
1917 1221 1931 1246 ,
1972 1193 2092 1233 cum

508 1297 628 1338 eum
660 1277 893 1350 Angelus
922 1283 1252 1347 conceptum:
1275 1273 1474 1345 Virgini
1506 1272 1804 1338 nuntiavit,
1833 1286 1953 1326 cum
1983 1268 2095 1323 Ma-

507 1388 602 1444 gos
622 1374 687 1428 ad
718 1387 838 1428 eum
876 1367 1205 1424 adorandum
1249 1367 1402 1422 stella
1429 1359 1708 1435 perduxit,
1747 1359 1868 1418 eum
1908 1373 2091 1416 rursus

507 1465 696 1535 Angeli
726 1451 907 1518 naium
937 1459 1237 1532 pastoribus
1267 1453 1568 1514 indicarunt
1597 1456 1840 1512 :‘mOveri
1869 1463 2085 1520 terram,

505 1569 626 1616 eum
644 1553 760 1624 eius
781 1553 1048 1611 miraculis
1071 1553 1373 1608 turbaretur
1394 1569 1406 1606 :
1427 1551 1630 1604 moveri
1653 1549 1819 1613 mare,
1845 1562 1964 1601 cum
1988 1545 2090 1602 iste

505 1652 735 1708 mundus
745 1646 1204 1721 persecutionibus
1219 1646 1466 1700 fremeret
1485 1661 1496 1696 :
1517 1643 1715 1698 moveri
1729 1633 1951 1706 aridam,
1965 1655 2087 1695 cum

506 1745 558 1800 in
581 1759 703 1801 eum
725 1739 1004 1799 credentes
1021 1738 1285 1795 esurirent
1308 1737 1622 1805 sitirentque
1638 1726 1897 1803 justitiam
1923 1749 1937 1785 :
1967 1745 2085 1785 mo-

503 1837 613 1892 veri
626 1835 1049 1905 denique‘bmnes
1060 1840 1264 1901 gentes,
1279 1845 1401 1884 cum
1414 1827 1755 1897 Evangelium
1773 1829 1887 1894 ejus
1904 1839 2086 1893 usque-

501 1943 710 2000 quaque
735 1927 1077 1982 discurreret.
1106 1923 1255 1976 Tunc
1277 1919 1470 1975 deinde
1508 1917 1712 1974 veniret
1744 1915 2084 1971 Desideratus

500 2022 746 2077 omnibus
761 2018 1027 2090 gentibus,
1047 2018 1181 2071 sicut
1201 2013 1466 2084 Propheta
1485 2011 1877 2082 pronuntiante,
1899 2017 2084 2063 ventu-

500 2130 592 2169 rus
607 2123 706 2168 est.
722 2113 792 2168 Et
809 2110 1113 2180 implebitur
1128 2108 1319 2163 domus
1335 2107 1432 2160 ista
1449 2103 1692 2175 gloria,id
1706 2109 1804 2166 est,
1822 2099 2053 2154 EccleSia
2064 2138 2077 2151 .

569 2205 797 2262 CAPUT
835 2202 973 2259 Vill.
997 2232 1068 2242 —-
1089 2202 1173 2256 ll.
1204 2199 1400 2253 Aurum
1424 2206 1470 2250 et
1508 2203 1767 2266 argentum
1792 2192 2076 2263 allegorice.

497 2300 896 2368 Conseqtienter
962 2295 1139 2362 itaque
1189 2289 1446 2360 subjecit,
1519 2285 1692 2341 Meum
1744 2295 1816 2340 est
1861 2301 2075 2349 aurum,

497 2397 544 2446 et
573 2407 738 2446 meum
759 2397 829 2444 est
857 2393 1137 2458 argentum.
1165 2381 1354 2438 Omnis
1383 2377 1525 2434 enim
1551 2377 1807 2446 sapientia
1836 2391 1951 2445 quae
1978 2389 2076 2429 no-

495 2483 640 2538 mine
659 2481 773 2536 auri
805 2481 1022 2550 iigur'ate
1051 2474 1415 2547 signiﬁcatur,
1449 2481 1502 2526 et
1525 2469 1724 2542 eloquia
1750 2467 1956 2522 Domini
1976 2467 2078 2520 elo-

493 2577 611 2645 quia
639 2583 779 2627 casta
802 2613 816 2637 ,
856 2577 1120 2640 argentum
1148 2567 1262 2636 igne
1298 2562 1562 2634 probatum
1590 2571 1764 2626 terrae,
1806 2566 2076 2628 purgatum

495 2663 786 2736 septuplum
813 2659 987 2731 (Psal.
1015 2674 1091 2724 χι,
1121 2655 1201 2729 7):
1235 2663 1393 2710 omne
1424 2667 1552 2720 ergo
1590 2651 1694 2706 tale
1721 2649 1997 2719 argentum
2022 2656 2076 2702 et

491 2773 676 2813 aurum
709 2767 812 2809 non
843 2761 926 2808 est
969 2750 1272 2816 hominum,
1305 2747 1397 2802 sed
1439 2744 1685 2809 Domini;
1718 2751 1778 2798 ut
1824 2744 2074 2812 quoniam

490 2849 795 2922 implebiltir
820 2847 1009 2900 domus
1034 2843 1231 2914 gloria,
1279 2841 1368 2910 qui
1417 2839 1698 2909 gloriatur,
1746 2838 1798 2890 in
1849 2834 2073 2889 Domino

488 2941 744 3014 glorietur
769 2939 833 3012 (ll
855 2937 983 2992 "Cor.
1014 2953 1072 3001 κ,
1102 2937 1212 3006 17).
1248 2935 1382 2999 Quia
1411 2931 1551 2987 enim
1583 2930 1829 2985 sacerdos
1849 2929 1939 2984 ille
1960 2943 2072 2982 ma-

487 3049 651 3106 gnus,
685 3033 874 3089 domus
906 3030 1057 3098 hujus
1084 3027 1431 3092 inbabitator,
1479 3023 1732 3078 Dominus
1774 3031 1955 3076 noster
1981 3022 2072 3078 Je-

487 3129 579 3183 s'u's
610 3125 851 3182 Christus
872 3165 885 3189 ,
922 3129 1136 3192 propter
1179 3119 1408 3173 reditum
1441 3117 1702 3182 hominis,
1743 3117 1830 3186 qui
1864 3133 1957 3185 per
1981 3131 2091 3170 su-*

486 3217 722 3290 perbiam
753 3217 818 3271 de
842 3213 1081 3285 paradiso
1108 3213 1302 3265 exierat
1325 3252 1337 3271 ,
1365 3225 1420 3263 se
1448 3207 1618 3277 ipsum
1645 3207 1940 3276 exemplum
1973 3207 2069 3261 hu-

485 3311 725 3367 militatis
767 3309 1005 3379 praebere
1057 3305 1301 3372 dignatus
1339 3309 1467 3366 est;
1529 3300 1668 3369 quod
1728 3308 1948 3353 testatur
2014 3301 2066 3355 in

486 3405 770 3474 Evangelia
798 3403 1052 3463 clamans,
1077 3396 1262 3450 Discite
1303 3412 1334 3448 a
1379 3403 1456 3448 me
1493 3394 1731 3463 quoniam
1761 3393 1894 3445 mitis
1923 3410 2056 3460 sum,

483 3507 530 3552 et
557 3487 759 3550 humilis
789 3491 940 3548 corde
983 3485 1200 3560 (Matth.
1254 3503 1304 3540 ιι
1332 3528 1346 3552 ,
1389 3485 1512 3556 9.9):
1561 3499 1629 3539 ne
1677 3485 1796 3553 quis
1827 3484 1959 3538 forte
2013 3485 2062 3537 in

487 3589 646 3643 domo
670 3585 785 3655 ej‘u‘s
809 3628 823 3650 ,
859 3581 926 3637 'id
954 3591 1070 3644 est,
1118 3580 1174 3633 in
1206 3576 1445 3632 Ecclesia
1466 3620 1479 3642 ,
1532 3576 1577 3631 si
1621 3575 1744 3644 quid
1798 3575 2067 3643 sapienter

481 3671 714 3744 potuerit
732 3669 817 3724 vel
846 3667 1154 3723 se'ntire’vel
1177 3661 1389 3729 dicere,
1433 3662 1580 3732 quasi
1611 3663 1713 3714 sua
1740 3661 1953 3730 propria
1981 3660 2063 3714 vi-

469 3757 1141 3824 lderi‘vblens'ext'ollatur;
1177 3756 1352 3811 videte
1383 3759 1582 3826 quanta
1611 3749 1871 3809 medicina
1902 3753 1950 3808 ei
1979 3752 2061 3807 di:

478 3857 671 3914 cit'tir'a
703 3853 930 3911 D‘oihino
961 3846 1104 3917 Deo,
1138 3845 1307 3903 Meum
1349 3855 1420 3900 est
1448 3861 1658 3912 aurum,
1691 3853 1736 3899 et
1780 3859 1943 3898 meum
1990 3851 2064 3897 est

478 3953 760 4020 argentum.
813 3943 906 3999 Sic
935 3941 1078 3997 enim
1121 3937 1214 3994 ﬁet
1262 3937 1403 4008 quod
1429 3935 1669 4006 sequitUr
1687 3937 1731 4002 ³,
1781 3942 1839 3989 ut
1879 3939 2064 4004 magna

477 4043 546 4097 sit
588 4037 757 4112 'glo'i‘ia
784 4037 961 4091 domus
987 4033 1150 4087 'ittius
1189 4029 1480 4085 novissima:
1521 4028 1635 4100 plus
1674 4043 1824 4096 quam
1864 4028 2059 4096 prima}.

479 4135 654 4188 Prima
684 4131 825 4186 enim
852 4127 1074 4190 domus,
1098 4123 1149 4177 i‘d
1172 4129 1253 4177 est
1271 4163 1287 4188 ,
1311 4121 1702 4175 civeste‘rrenze
1723 4117 2020 4172 Jerusalem
2043 4159 2058 4184 ,

479 4230 616 4282 sicut
637 4209 931 4294 Apostolus
951 4219 1098 4285 dicit,
1122 4218 1408 4287 ignorantes
1427 4212 1528 4265 Dei
1542 4211 1822 4282 justitiam,
1851 4215 2061 4264 et‘suam

472 4318 723 4394 justitiam
751 4319 1024 4385 quaerentes
1067 4306 1366 4361 cbnstituere
1385 4345 1399 4371 ,
1426 4303 1643 4374 justitiw
1667 4300 1772 4357 ‘Dei
1811 4303 1916 4355 non
1936 4303 2061 4355 sunt

474 4409 683 4478 subjecti
716 4405 889 4476 (Rem.
919 4419 974 4469 x,
1004 4396 1288 4470 5).V'idete
1303 4398 1349 4452 si
1375 4395 1479 4450 non
1506 4395 1591 4450 isti
1613 4395 1738 4449 dum
1759 4409 1912 4450 suum
1939 4407 2060 4450 esse

1765 321 1821 377 s.
1864 294 2224 378 AUGUSTINI
2265 323 2561 383 EPISCOPI

3691 343 3790 404 333

2213 457 2322 495 cem
2338 490 2352 509 ,
2377 443 2498 497 dicit
2523 443 2770 501 Dominus
2794 451 3117 506 exercituum.
3144 450 3280 518 Quid
3300 461 3416 523 est,
3444 455 3498 510 in
3524 456 3632 513 loco
3661 459 3786 530 isto,

2210 535 2311 589 nisi
2345 546 2610 591 terrenum
2641 538 2775 594 forte
2803 541 2997 611 aliquid
3025 550 3272 613 tanquam
3317 541 3482 617 digito
3521 550 3787 609 ostendit?

2203 627 2344 694 Quid
2374 632 2515 682 enim
2548 639 2723 700 potest
2765 635 3025 689 contineri
3055 636 3207 703 loco,
3258 639 3357 692 nisi
3398 643 3628 710 corpus?
3673 644 3786 704 Non

2207 719 2435 775 absurde
2460 736 2586 792 ergo
2615 721 2852 778 ultimam
2889 729 3329 783 resurrectionem
3359 733 3599 802 corporis
3629 735 3757 792 intel
3782 771 3784 773 ›

2205 810 2453 882 ligimus,
2508 829 2609 884 qua
2665 816 2942 872 beatitudo
2995 815 3379 888 perfectissima
3437 829 3786 897 terminatur,

2203 904 2413 974 quando
2443 906 2551 976 jam
2583 923 2685 962 non
2713 910 3039 979 Concupiscit
3067 927 3191 966 caro
3218 913 3473 970 adversus
3499 917 3746 986 Spiritum
3766 961 3784 986 ,

2201 1009 2300 1050 nec
2326 998 2541 1066 Spiritus
2571 1000 2821 1055 adversus
2850 1016 3084 1056 carnem.
3117 996 3230 1059 Hec
3267 1005 3408 1060 enim
3439 1009 3786 1078 corruptibile

2201 1085 2384 1142 induet
2425 1089 2913 1160 incorruptionem,
2945 1103 2998 1148 et
3046 1095 3269 1153 mortale
3313 1098 3414 1152 hoc
3457 1095 3638 1156 induet
3685 1101 3784 1157 lm-

2198 1182 2575 1271 mortalitatem
2631 1183 2820 1255 (lCor.
2876 1195 2970 1251 sv,
3018 1188 3131 1258 55).
3161 1189 3276 1244 Non
3325 1192 3427 1246 erit
3461 1194 3562 1248 alia
3593 1195 3680 1250 lex
3728 1197 3784 1252 in

2198 1267 2450 1361 membris
2478 1287 2778 1345 repugnans
2796 1277 2896 1347 legi
2921 1281 3113 1334 mentis
3141 1295 3153 1334 ε
3182 1282 3302 1351 quia
3321 1283 3371 1336 in
3397 1284 3506 1338 loco
3533 1286 3627 1341 isto
3649 1283 3784 1344 dabo

2197 1359 2402 1430 pacem,
2425 1361 2544 1417 dicit
2574 1364 2822 1421 Dominus
2849 1371 3171 1424 exercituum.

2259 1453 2352 1509 '15.
2395 1455 2520 1508 Auri
2535 1465 2844 1527 contemptus
2857 1459 2908 1512 in
2932 1461 3238 1530 propheticis
3259 1457 3435 1518 litteris
3457 1461 3783 1523 commendas

2194 1553 2292 1601 tus.
2333 1543 2463 1602 Nam
2503 1548 2570 1604 de
2599 1555 2903 1620 contemptu
2951 1551 3146 1607 terreni
3188 1548 3301 1608 auri
3334 1561 3385 1611 et
3424 1561 3625 1628 argenti
3657 1575 3778 1632 qua.

2192 1632 2469 1709 Prophetas
2509 1640 2720 1709 dicant,
2774 1643 2892 1712 quis
2940 1643 3195 1701 adversus
3241 1645 3447 1703 divinas
3478 1663 3636 1704 voces
3668 1657 3783 1708 tam

2190 1731 2384 1786 surdus
2425 1740 2535 1798 est,
2568 1743 2626 1786 ut
2655 1733 2894 1803 ignoret?
2938 1733 3030 1790 Sic
3056 1735 3195 1790 enim
3229 1735 3303 1792 illi
3341 1739 3405 1792 ad
3433 1740 3783 1810 decipiendos

2189 1819 2431 1878 homines
2457 1822 2522 1878 de
2552 1823 2808 1893 hpostolo
2849 1823 3122 1896 proferunt
3150 1821 3290 1896 'thod
3337 1829 3437 1893 ait,
3479 1833 3657 1886 Radix
3703 1843 3784 1888 est

2187 1924 2352 1967 autem
2382 1916 2603 1968 omnium
2626 1917 2873 1970 malorum
2902 1919 3144 1971 avaritia:
3172 1935 3321 1989 quam
3351 1923 3553 1992 quidam
3579 1929 3783 1981 sectan-

2187 2003 2287 2072 les,
2334 2023 2367 2058 a
2395 2005 2495 2074 ﬁde
2538 2018 2943 2076 pererraverunt,
2994 2017 3040 2062 et
3083 2009 3394 2065 inseruerunt
3423 2031 3475 2068 se
3517 2014 3784 2073 doloribus

2185 2098 2354 2151 multis
2384 2096 2428 2168 (Ι
2457 2096 2587 2150 Tim.
2619 2113 2693 2164 vi,
2728 2099 2839 2169 10),
2873 2101 3021 2169 quasi
3071 2101 3224 2158 facile
3255 2104 3494 2173 invenias
3537 2108 3781 2179 aliquem

2185 2186 2380 2243 librum
2407 2188 2645 2244 veterum
2673 2189 3064 2260 Scripturarum
3087 2235 3102 2260 ,
3131 2194 3218 2248 ubi
3249 2210 3354 2250 non
3377 2197 3622 2267 culpetur
3649 2215 3784 2257 ava-

2183 2280 2337 2348 ritia,
2368 2292 2421 2336 et
2463 2282 2619 2352 digna
2663 2285 3029 2339 exsecratione
3058 2286 3358 2343 damnetur.
3403 2290 3508 2345 Sed
3553 2291 3676 2361 quia
3704 2293 3783 2351 de

2182 2379 2390 2427 a‘uroet
2416 2383 2636 2443 argento
2674 2390 2814 2429 nunc
2856 2376 3082 2444 quaestio
3111 2387 3227 2444 est,
3263 2393 3371 2434 'eur
3398 2379 3503 2434 non
3550 2383 3784 2440 audiunt

2182 2465 2492 2535 prophetam
2513 2465 2811 2534 dicentem,
2843 2468 2947 2522 Sed
2962 2479 3007 2522 et
3032 2479 3292 2541 argentum
3320 2469 3494 2527 eorum
3520 2485 3564 2530 et
3590 2487 3784 2533 aurum

2181 2565 2353 2610 eorum
2380 2573 2477 2610 non
2499 2560 2680 2628 poterit
2701 2559 2912 2614 liberare
2925 2571 3008 2615 eos
3034 2562 3085 2615 in
3112 2563 3193 2616 die
3217 2563 3308 2618 ira:
3323 2563 3528 2621 Domini
3551 2566 3779 2640 (Ezech.

2183 2661 2274 2712 vn,
2301 2648 2420 2719 i9)?
2435 2648 2548 2705 Hoc
2567 2651 2734 2704 solum
2759 2650 2803 2704 si
2829 2651 3106 2722 quisquam
3132 2653 3322 2709 sitiens
3347 2651 3547 2722 audiat,
3581 2669 3636 2714 et
3655 2663 3781 2718 ani-

2178 2751 2279 2794 mae
2303 2755 2415 2794 sua:
2433 2740 2688 2795 medullis
2715 2741 2958 2796 inlimdat
2977 2785 2990 2808 ,
3020 2747 3197 2798 nonne
3221 2759 3278 2800 se
3305 2755 3472 2801 totum
3501 2757 3532 2802 a
3561 2749 3783 2808 blandi-

2176 2831 2369 2886 mentis
2408 2830 2550 2886 i‘aisa:
2579 2832 2844 2887 felicitatis
2875 2833 3143 2900 alienans,
3197 2837 3249 2890 in
3292 2839 3597 2907 amplexum
3629 2843 3776 2911 Dei,

2175 2931 2355 2977 Vetere
2383 2922 2596 2977 homine
2625 2927 2816 2979 exutus
2842 2935 2898 2979 ut
2946 2941 3005 2980 se
3033 2925 3426 2986 immortalitate
3451 2931 3736 3001 cboperiat
3755 2977 3774 3004 ,

2174 3013 2491 3070 advocabit?
2537 3015 2640 3070 Sed
2670 3017 2795 3085 quid
2837 3017 2947 3086 jam
2992 3018 3188 3073 diutius
3217 3019 3284 3074 de
3313 3021 3413 3077 hac
3470 3027 3776 3092 quaestione

2174 3105 2501 3160 tractemus?
2529 3104 2701 3162 Credo
2730 3120 2849 3161 esse
2872 3107 3208 3162 manifestum
3235 3109 3503 3166 'Charitati
3535 3124 3739 3171 vestra:
3757 3158 3772 3182 ,

2171 3199 2581 3254 Manichaeorum
2609 3208 2808 3254 sectam
2841 3211 2948 3254 non
2985 3203 3223 3268 veritate,
3252 3204 3346 3258 sed
3375 3203 3561 3261 fraude
3581 3224 3771 3278 agere,

2172 3306 2292 3346 eum
2319 3291 2581 3360 imperitis
2603 3334 2620 3355 ,
2659 3299 2717 3346 ut
2746 3291 3046 3361 Scripturas
3074 3309 3180 3347 non
3209 3296 3348 3350 totas
3369 3297 3494 3352 totis
3522 3300 3561 3365 ι,
3596 3315 3774 3358 novas

2172 3381 2438 3437 veteribus
2466 3382 2782 3450 pneferant;
2813 3383 2904 3436 sed
2934 3385 3224 3438 sententias
3240 3388 3592 3457 excerpendo,
3629 3406 3773 3462 quas

2171 3473 2316 3527 velut
2345 3473 2598 3528 adversas
2622 3474 2721 3527 sibi
2751 3488 2871 3528 esse
2899 3486 3159 3530 conantur
3179 3479 3462 3533 ostendere
3483 3522 3498 3545 ι
3525 3491 3584 3534 ιιι
3615 3481 3774 3539 deci-

2171 3567 2317 3635 piant
2347 3567 2640 3636 imperitos.
2664 3566 2816 3620 Nulla
2839 3576 2922 3622 est
2952 3575 3130 3623 autem
3155 3571 3224 3624 de
3253 3571 3366 3641 ipso
3394 3571 3542 3626 Novo
3572 3574 3776 3632 Testa-

2169 3667 2351 3712 mento
2375 3657 2458 3712 vel
2486 3658 2727 3727 Apostoli
2771 3657 3010 3728 Epistola
3033 3701 3049 3726 ,
3079 3663 3166 3716 vel
3209 3663 3367 3717 etiam
3413 3664 3549 3722 liber
3585 3667 3774 3724 Evan-

2167 3749 2324 3819 geiii,
2368 3748 2436 3803 de
2475 3763 2581 3817 quo
2622 3763 2739 3802 non
2771 3750 2976 3818 possint
3015 3750 3115 3806 ista
3141 3752 3286 3819 ﬁeri;
3335 3762 3394 3808 ut
3438 3755 3770 3825 quibusdam

2168 3841 2445 3895 sententiis
2486 3842 2766 3913 ipselunus
2796 3842 2929 3896 liber
2957 3843 3057 3897 sibi
3101 3844 3342 3900 videatur
3388 3857 3507 3903 esse
3536 3858 3771 3907 contra-

2168 3935 2312 4002 rius,
2341 3935 2444 3990 nisi
2487 3935 2739 4006 ejustota
2785 3922 3486 4010 contextiodiligentissima
3525 3941 3773 4001 laeteris

2168 4026 2459 4082 intentione
2486 4035 2758 4082 tractetur.

2672 4159 2898 4216 SERMO
2935 4162 2998 4216 Ll
3028 4166 3048 4187 α
3082 4160 3181 4234 (α).

2235 4272 2318 4330 De
2343 4275 2613 4329 concordia
2642 4273 3078 4345 Evangelistarum
3109 4275 3341 4331 Matt/uti
3365 4284 3413 4331 et
3439 4276 3599 4332 Luca:
3630 4279 3693 4336 in

2549 4367 2980 4437 generationibus
3024 4368 3230 4424 Domini
3265 4368 3358 4440 (ὁ).

2233 4479 2459 4536 CAPUT
2498 4477 2782 4535 PRIMUM.
2805 4508 2878 4519 --
2911 4481 2961 4532 1.
2991 4479 3282 4534 Tmetanda
3308 4480 3529 4548 'quwstio
3566 4497 3777 4554 prope-

479 4504 664 4559 dicunt
685 4513 873 4554 aurum
897 4506 953 4551 et
979 4491 1250 4564 argentum
1272 4533 1287 4557 ,
1339 4503 1445 4544 non
1489 4487 1774 4558 potuerunt
1801 4487 1868 4543 ad
1896 4497 2055 4543 teter»

477 4599 598 4651 na'm
649 4593 866 4663 gloriam
917 4588 1105 4642 domus
1159 4583 1458 4638 novissima:
1509 4583 1807 4651 pervenire.
1856 4579 2058 4637 Tamen

473 4705 593 4745 cum
642 4687 769 4742 dicit
811 4683 1108 4753 PrOpheta,
1141 4678 1346 4748 Magna
1374 4678 1466 4730 erit
1505 4677 1666 4748 gloria
1711 4673 1887 4732 domus
1913 4678 2058 4752 istius

474 4783 756 4839 novissima:
786 4777 900 4849 plus
928 4792 1077 4847 quam
1107 4772 1286 4844 prima:
1307 4813 1322 4837 ,
1367 4785 1464 4825 nec
1491 4771 1657 4839 ipsam
1690 4771 1912 4839 primam
1943 4769 2057 4825 sine

474 4877 646 4946 aliqua
665 4873 830 4946 gloria
871 4870 1031 4925 fuisse
1051 4868 1403 4946 demonstrat.
1435 4862 1567 4918 Nam
1590 4862 1654 4918 de
1683 4861 1771 4917 illa
1802 4863 2056 4932 loqueba-

473 4945 741 5025 turietiam
769 4961 1052 5034 Apostolus
1075 5002 1089 5024 ,
1116 4945 1235 5013 cum
1262 4957 1463 5012 diceret
1493 4973 1508 5010 :
1542 4954 1602 5010 Si
1628 4956 1759 5010 enim
1778 4955 1914 5026 quod
1938 4971 2056 5010 eoa.

406 5075 410 5078 '
472 5069 670 5126 cuatur,
696 5074 784 5130 per
803 5055 1014 5126 gloriam
1043 5059 1151 5116 est;
1181 5051 1338 5104 multo
1358 5048 1516 5118 magis
1569 5046 1710 5118 quod
1758 5058 1947 5117 manet,
2000 5049 2055 5102 in

472 5154 631 5224 gloria
660 5151 752 5205 erit
783 5147 847 5220 (ll
873 5145 993 5203 Cor.
1021 5160 1100 5210 ιιι,
1133 5142 1246 5213 Η).

540 5241 766 5298 CAPUT
802 5238 892 5294 1X.
918 5236 1098 5290 ——1‘2.
1127 5232 1245 5288 Pax
1292 5233 1538 5304 promissa
1578 5240 1688 5303 post
1725 5233 2049 5286 resurrectio-

472 5351 606 5390 nem.
671 5332 868 5387 Versus
922 5341 1097 5383 autem
1146 5325 1403 5390 ultimus,
1449 5340 1556 5394 quo
1623 5323 1721 5378 iste
1771 5322 2053 5393 PrOpheta:

473 5440 649 5484 sermo
675 5422 1002 5478 concluditur
1022 5460 1036 5485 ,
1073 5417 1138 5472 Et
1164 5423 1216 5470 in
1261 5417 1368 5470 loco
1395 5417 1490 5468 isto
1510 5456 1525 5481 ,
1556 5415 1760 5485 inquit,
1789 5413 1917 5468 dabo
1956 5431 2050 5486 pa-

2165 4574 2262 4628 sita
2285 4574 2338 4628 in
2365 4572 2621 4627 dienatali
2667 4572 2867 4626 Christi.
2925 4572 3341 4643 Spectaculorum
3386 4573 3510 4629 dies.
3537 4573 3779 4648 ‘EXSpeo

2164 4666 2447 4721 ctationem
2476 4661 2756 4718 Cbaritatis
2783 4673 2972 4718 vestra:
3003 4665 3090 4719 ille
3118 4665 3368 4735 impleat,
3401 4666 3489 4736 qui
3543 4669 3775 4724 excita-

2165 4755 2258 4811 vit.
2283 4755 2395 4810 Etsi
2439 4755 2580 4809 enim
2626 4770 2744 4824 qua:
2771 4755 2996 4809 dicenda
3025 4764 3149 4810 sunt
3169 4757 3320 4812 vobis
3341 4799 3356 4824 ,
3389 4772 3494 4811 non
3525 4768 3730 4816 nostra
3770 4803 3789 4828 ,

2164 4848 2257 4903 sed
2291 4847 2382 4902 Dei
2412 4863 2529 4902 esse
2575 4847 2946 4915 praesumimus
2970 4859 3193 4913 ;-tamen
3237 4849 3406 4902 multo
3447 4850 3621 4919 magis
3657 4867 3778 4907 nos

2162 4939 2388 4994 dicimus
2408 4981 2422 5005 ,
2451 4937 2592 5008 quod
2629 4938 2899 4991 humiliter
2923 4938 3052 4992 dicit.
3077 4939 3360 5008 Apostolus
3386 4940 3407 4972 ³
3437 4957 3453 4994 :
3477 4939 3783 4998 Habemus

2162 5033 2453 5086 thesaurum
2481 5031 2632 5084 istum
2656 5031 2707 5083 in
2723 5031 2853 5084 vasis
2881 5032 3118 5098 ﬁctilibus
3137 5073 3152 5099 ,
3181 5041 3235 5084 ut
3261 5034 3527 5086 eminentia
3554 5036 3783 5093 virtutis

2165 5123 2257 5178 Dei
2277 5125 2373 5191 sit,
2405 5131 2450 5176 et
2475 5139 2574 5176 non
2605 5139 2666 5177 ea:
2694 5123 2834 5176 nobis
2860 5122 2925 5192 (ll
2949 5123 3063 5176 Cor.
3091 5140 3162 5190 tv,
3193 5125 3269 5194 7).
3301 5124 3412 5180 Non
3441 5126 3783 5189 dubitamus

2161 5219 2335 5289 itaque
2363 5217 2671 5274 meminisse
2697 5231 2793 5271 vos
2842 5217 3233 5287 pollicitationis
3273 5227 3490 5272 nostrae.
3539 5220 3594 5273 In
3636 5221 3783 5294 ipso

2158 5371 2700 5488 msictcermanensis
2738 5376 2821 5418 Ms.
2851 5376 2906 5418 At.
2941 5369 3078 5432 ediit,
3102 5377 3153 5422 ut
3175 5375 3449 5436 scripturas
3487 5377 3611 5425 totas
3659 5389 3784 5431 non

2272 5473 2286 5488 ,
2313 5450 2339 5484 e
2365 5450 2408 5484 ε.

2177 5449 2286 5494 ous,
2313 5449 2408 5484 etc.

535 5561 550 5589 ¹
574 5556 709 5612 Editi,
738 5561 825 5600 Per
860 5562 1019 5600 onmes
1042 5546 1165 5597 enim
1189 5554 1349 5612 gentes
1369 5551 1508 5594 erunt
1530 5544 1667 5612 electi
1698 5543 1832 5606 ejus;
1855 5546 2048 5606 omisso,
2264 5519 2425 5569 οοάθῐ
2458 5532 2532 5579 v..
2554 5529 2640 5566 nos
2658 5513 3133 5612 dicimt'ts'lttaniliter
3155 5515 3282 5579 quod
3442 5513 3737 5581 Apostolus.

470 5627 515 5672 et
537 5599 752 5673 sunt-iet,
775 5599 902 5674 quod
921 5625 980 5658 ex
1006 5599 1315 5674 Germatiensi
1351 5617 1428 5656 its.
1454 5599 1768 5674 restituimu's.
1817 5599 1827 5606 ⁷
2220 5607 2238 5674 ξ
2266 5612 2311 5652 In
2347 5610 2452 5674 tiss.
2477 5615 2518 5674 ι’ἶ
2547 5615 2592 5649 ν.
2613 5607 2668 5674 et
2694 5601 2752 5670 ἱη⁸
2776 5599 2987 5674 editione
3011 5607 3118 5648 Lov.
3144 5600 3423 5662 recognitus
3461 5607 3554 5650 est.

535 5663 1003 5728 5Qi¢itd~nianensis
1023 5679 1104 5720 Ms.
1143 5673 1258 5718 Editi
1297 5679 1477 5719 autem.
1547 5668 1670 5718 idete
1693 5675 1868 5729 (ptanta
1898 5669 2052 5719 medi-
2220 5668 2293 5729 (α)
2329 5667 2466 5722 Alias,
2491 5665 2553 5712 de
2574 5664 2784 5729 Diversis
2800 5663 2873 5729 (55Ἴ

471 5723 645 5794 cina-diei
667 5723 805 5788 detur
830 5751 859 5784 α
889 5733 1096 5804 contine.
1138 5742 1293 5781 Maian
1313 5740 1398 5794 est,
1430 5749 1522 5781 cu.
1549 5730 1622 5781 sic
1649 5723 1776 5781 enim
1808 5745 2050 5797 conseqta-
2220 5723 2292 5789 (θ)
2323 5731 2556 5797 Possm“?
2595 5728 2642 5804 ξιιι
2677 5730 2837 5790 οίιιιίι-θ,
2867 5723 2896 5770 8
2921 5723 3128 5804 ,ίιιάίουιί
3149 5724 3448 5804 ,κροτάλων
3485 5731 3790 5795 sermoni-3s

469 5787 578 5857 '
600 5787 658 5855 ξε
672 5787 853 5862 magna
869 5797 929 5849 sit
945 5795 1118 5860 gloria,
1150 5805 1244 5846 etc.
1384 5787 1395 5794 ’
1958 5787 1970 5797 ’
2165 5810 2190 5841 ι
2209 5787 2282 5840 De
2311 5790 2724 5844 uetieratinnmus,
2749 5787 3017 5836 secundum
3040 5789 3322 5837 Matthaeum.
3345 5805 3365 5832 »
