4012 6338
1726 327 1955 386 SERMO
1996 327 2083 384 Ll.

3425 335 3534 397 336

256 460 600 535 promisimus
620 500 634 524 ,
666 468 765 529 per
796 462 970 526 quem
984 460 1138 508 Inunc
1152 448 1456 506 reddimus.
1484 447 1614 502 Nam
1642 454 1695 500 et
1723 459 1843 499 cum
1952 443 2104 499 Adsit
2133 443 2309 514 itaque
2345 445 2512 511 Deus,
2554 445 2687 501 dans
2716 456 2772 501 ut
2806 445 2992 502 amicis
3016 448 3207 504 vestris
3233 464 3363 521 quos
3383 451 3530 510 dole-

256 558 709 633 promitteremus,
738 552 807 607 ab
823 552 937 619 ipso
958 548 1300 618 petebamus:
1326 552 1379 597 et
1404 557 1524 597 cum
1556 540 1842 603 reddimus,

254 652 323 703 ab
342 651 461 718 ipso
479 647 790 715 accipimus.
823 640 1062 696 Meminit
1079 647 1255 692 autem
1280 637 1524 691 Charitas
1551 642 1725 687 vestra
1752 645 1850 685 nos

256 739 522 797 matutina
546 737 747 791 Natalis
794 733 1001 787 Domini
1034 730 1318 785 distulisse
1347 738 1507 797 quam
1538 722 1852 779 solvendam

260 829 639 905 proposuimus
694 826 1081 897 qutestionem;
1147 821 1269 891 quia
1318 818 1472 873 multi
1535 817 1851 881 nobiscum,

258 925 425 979 etiam
452 922 650 991 quibus
676 919 815 972 solet
833 926 954 970 esse
980 922 1239 968 oneresus
1262 912 1442 966 sierint)
1465 909 1579 975 Dei,
1601 905 1858 961 solemni-

262 1023 426 1069 atem
444 1012 590 1066 illam
619 1009 724 1063 diei
750 1007 983 1061 debitam
1005 1003 1366 1059 celebrabant.
1396 999 1545 1054 Nunc
1570 1011 1696 1052 vero
1726 1005 1857 1066 puto

263 1104 536 1160 neminem
565 1098 909 1161 convenisse,
958 1096 1059 1150 nisi
1089 1094 1177 1162 qui
1200 1091 1387 1146 audire
1412 1088 1699 1143 desiderat.
1741 1085 1859 1140 Non

265 1198 445 1265 isique
476 1192 744 1261 loquimur
771 1187 1022 1243 cordibus
1050 1184 1225 1239 surdis
1246 1224 1260 1249 ,
1311 1196 1420 1236 non
1475 1177 1861 1233 fastidientibus

266 1287 482 1343 animis.
518 1284 643 1342 Hinc
676 1290 858 1336 autem
890 1274 1454 1345 vestra'exspecuitio,
1483 1286 1580 1341 pro
1608 1287 1694 1326 me
1739 1284 1863 1323 ora-

269 1380 342 1434 tio
363 1388 470 1432 est.
500 1374 741 1429 Accessit
786 1370 1017 1440 aliquid;
1049 1368 1169 1437 quia
1198 1375 1250 1419 et
1268 1366 1385 1419 dies
1410 1363 1642 1417 Muneris
1671 1360 1865 1415 multos

270 1471 399 1525 hinc
427 1466 734 1532 ventilavit,
786 1480 881 1533 pro
911 1472 1138 1531 quorum
1168 1458 1381 1529 quidem
1412 1458 1582 1511 salute
1611 1463 1865 1523 quantum

270 1563 565 1632 attigimus
586 1601 600 1624 ,
635 1566 839 1612 tantum
885 1556 1075 1609 fratres
1105 1561 1162 1607 ut
1188 1552 1439 1620 satagatis
1470 1549 1781 1613 hortamur;
1815 1554 1870 1601 et

274 1670 374 1725 pro
404 1655 485 1707 his
510 1652 601 1722 qui
628 1649 860 1703 nondum
890 1645 1074 1701 intenti
1101 1652 1225 1698 sunt
1258 1640 1574 1712 spectaculis
1594 1637 1831 1693 veritatis
1850 1679 1866 1706 ,

273 1746 371 1801 sed
396 1744 564 1801 dediti
590 1750 716 1797 sunt
746 1739 1062 1810 spectaculis
1082 1736 1259 1792 carnis
1279 1777 1293 1802 ,
1343 1736 1541 1789 intenta
1564 1739 1743 1786 mente
1771 1730 1870 1786 de-

275 1836 571 1908 precemini
601 1835 787 1888 Deum.
820 1830 958 1884 Novi
988 1828 1151 1893 enim,
1183 1837 1236 1882 et
1262 1835 1407 1880 certe
1435 1824 1548 1879 scio
1573 1836 1693 1877 esse
1713 1821 1872 1877 modo

278 1930 331 1984 in
360 1941 591 1983 numero
617 1933 800 1980 vestro
826 1937 919 1979 eos
960 1922 1050 1991 qui
1095 1920 1254 1974 hodie
1281 1922 1751 1986 contempserunt:
1780 1914 1872 1969 sed

276 2028 538 2090 rumpunt
578 2033 643 2073 ea
678 2032 798 2087 qua:
826 2019 1153 2071 consuerunt
1173 2012 1213 2064 ί.
1236 2010 1503 2064 Mutantur
1528 2008 1667 2062 enim
1696 2006 1872 2060 homi-

279 2127 379 2167 nes
400 2154 415 2178 ,
447 2121 504 2165 et
531 2111 582 2164 in
612 2108 801 2163 melius
822 2116 875 2162 et
901 2107 953 2159 in
980 2103 1232 2159 deterius.
1263 2098 1595 2166 Quotidianis
1624 2097 1873 2166 hujusce-

280 2203 427 2259 modi
457 2198 839 2271 experimentis
864 2196 1096 2250 vicissim
1139 2201 1194 2248 et
1220 2193 1463 2246 laetamur
1488 2197 1541 2243 et
1583 2187 1873 2241 contrista-

281 2309 437 2359 mur;
486 2293 728 2345 laetamur
772 2287 1061 2351 correctis,
1125 2282 1506 2339 contristamur
1547 2278 1873 2349 depravatis.

283 2385 518 2455 Ideoque
545 2382 798 2437 Dominus
829 2395 935 2433 non
986 2379 1059 2431 ait
1101 2376 1305 2430 salvum
1347 2373 1581 2427 futurum
1631 2385 1752 2424 esse
1786 2370 1876 2439 qui

282 2478 543 2548 coeperit;
568 2475 700 2541 sed,
734 2474 831 2539 Qui
857 2468 1276 2542 perseveraverit,
1309 2464 1511 2535 inquit,
1548 2477 1706 2532 usque
1726 2462 1780 2515 in
1807 2461 1873 2530 [i-

282 2588 434 2638 nsm,
467 2570 549 2622 hic
572 2568 737 2623 salvus
761 2567 856 2619 erit
883 2562 1092 2637 (Matth.
1126 2576 1185 2626 Χ,
1215 2558 1331 2629 22).

378 2665 435 2717 2.
489 2660 792 2732 Spectacula
846 2656 1272 2711 Christianorum.
1338 2650 1627 2721 Martyrum
1668 2655 1878 2701 mortem

285 2758 437 2810 aliter
462 2761 689 2826 spectant
728 2750 990 2815 caritates,
1054 2748 1202 2800 aliter
1249 2742 1557 2815 spirituales.
1605 2739 1742 2808 Quid
1780 2754 1877 2793 au-

288 2857 396 2902 tem
429 2845 601 2916 potuit
627 2841 986 2897 admirabilius
1013 2838 1166 2893 nobis
1188 2834 1486 2890 concedere
1517 2830 1773 2886 Dominus
1794 2828 1875 2884 Je«

287 2954 382 2994 sus
407 2936 653 2993 Christus
702 2933 870 2988 Filius
922 2931 1046 2995 Dei,
1081 2930 1170 2999 qui
1214 2938 1298 2983 est
1343 2935 1396 2981 et
1447 2924 1585 2979 ﬁlius
1611 2922 1873 2989 hominis,

287 3033 414 3102 quia
454 3037 513 3084 et
553 3028 654 3082 hoc
692 3040 810 3081 esse
835 3025 1081 3094 dignatus
1118 3028 1232 3087 est;
1273 3018 1399 3089 quid
1427 3016 1595 3086 potuit
1640 3014 1881 3085 magniﬁ-

290 3123 531 3185 centius,
570 3134 728 3189 quam
773 3127 833 3171 ut
873 3132 976 3170 nou
1005 3114 1179 3167 solum
1234 3118 1558 3181 spectatores
1599 3104 1881 3174 nugacium

290 3228 577 3270 munerum
608 3217 918 3281 aggregaret
942 3206 1067 3261 ovili
1113 3218 1240 3269 suo,
1268 3201 1361 3257 sed
1392 3201 1551 3255 etiam
1597 3196 1881 3251 nonnullos

292 3306 383 3376 qui
438 3303 550 3357 illic
578 3302 806 3370 Spectari
842 3297 1053 3352 solent?
1088 3293 1204 3348 Non
1244 3293 1384 3346 enim
1416 3298 1639 3353 tantum,
1671 3295 1876 3340 amato-

294 3410 381 3451 res
415 3403 728 3449 venatorum
753 3432 767 3456 ,
816 3389 910 3443 sed
947 3388 1105 3442 etiam
1146 3385 1290 3453 ipsos
1331 3388 1612 3436 venatores
1660 3388 1882 3432 venatus

296 3498 381 3545 est
400 3488 469 3542 ad
496 3488 722 3540 salutem
749 3501 760 3535 :
787 3482 910 3551 quia
949 3489 1002 3535 et
1028 3481 1141 3548 ipse
1164 3483 1432 3545 spectatus
1460 3479 1560 3525 est.
1585 3469 1720 3523 Audi
1751 3483 1884 3537 quo-

294 3581 476 3635 modo.
511 3580 629 3648 Ipse
655 3577 818 3637 dixit,
854 3575 966 3644 ipse
1011 3579 1292 3640 antequam
1328 3572 1662 3634 spectaretur
1692 3561 1884 3630 przcdi-

296 3673 403 3737 xit,
432 3680 488 3726 et
516 3679 764 3737 tanquam
796 3665 989 3719 factum
1013 3669 1158 3717 esset
1184 3658 1325 3728 quod
1352 3656 1587 3710 futurum
1616 3663 1730 3708 erat
1757 3667 1882 3722 pro-

298 3764 513 3834 phetico
558 3760 774 3829 eloquio
824 3753 1227 3827 praenuntiavit,
1280 3749 1464 3803 dicens
1515 3747 1567 3800 in
1611 3745 1819 3800 Psaimo
1865 3761 1881 3798 :

300 3855 565 3909 Fuderunt
590 3862 768 3907 titanas
794 3854 930 3910 mea;
974 3857 1017 3900 et
1048 3845 1196 3916 pedes
1240 3857 1408 3906 meos,
1450 3839 1885 3891 dinumeraverunt

302 3948 470 4000 omnia
496 3961 612 3999 ossa
640 3959 767 3996 mea.
793 3941 928 3995 Ecce
957 3934 1223 4009 quomodo
1249 3938 1516 4002 spectatus
1542 3937 1622 3982 est
1639 3968 1655 3994 ,
1676 3934 1735 3980 ut
1763 3939 1886 3980 ossa

302 4041 419 4109 eius
448 4039 931 4092 dinumerarentur.
954 4028 1023 4085 Et
1050 4028 1179 4084 dicit
1200 4025 1437 4095 apertius
1478 4022 1652 4091 ipsum
1676 4028 1884 4089 specta-

300 4135 480 4187 culum
538 4149 551 4183 :
593 4127 703 4198 Ipsi
734 4142 849 4179 vero
891 4122 1327 4177 consideravemnt
1369 4124 1417 4169 et
1462 4114 1784 4183 inspexerunt
1809 4112 1887 4163 me

302 4223 472 4296 (Psaf.
499 4238 617 4287 XXI,
651 4218 901 4287 t7ett8.)
928 4212 1276 4285 Spectabatur
1318 4206 1645 4271 illudendus,
1674 4211 1884 4273 Specta-

301 4315 457 4369 batur
481 4313 552 4365 ab
581 4312 660 4365 eis
702 4310 793 4379 qui
819 4324 922 4361 non
954 4306 1001 4360 ei
1026 4304 1211 4357 saltem
1255 4300 1495 4353 faverent
1544 4297 1596 4350 in
1624 4296 1711 4348 illo
1759 4308 1885 4362 spe-

302 4405 515 4459 ctaculo
534 4443 547 4463 ,
596 4400 687 4455 sed
719 4399 967 4453 saevirent
1003 4412 1014 4448 :
1042 4390 1310 4463 quomodo
1335 4386 1564 4459 spectari
1593 4384 1718 4439 fecit
1743 4398 1885 4437 mar-

302 4493 908 4567 tyres-snosiprimitus,
948 4490 1158 4542 dicente
1200 4482 1483 4553 Apostolo,
1530 4477 1888 4548 Spectacujum

302 4566 422 4658 {seu
451 4592 624 4640 sumus
670 4583 897 4647 mundo,
946 4586 992 4632 ετ
1018 4577 1220 4646 Angelis
1272 4584 1320 4627 et
1370 4569 1653 4625 haminibns
1694 4567 1734 4637 (l
1766 4566 1883 4620 Cor.

304 4656 393 4744 iv,
436 4678 515 4745 9).
560 4673 668 4729 Sed
704 4675 809 4725 duo
851 4678 1042 4739 genera
1089 4665 1364 4719 hominum
1410 4661 1529 4713 talia
1585 4656 1883 4728 spectacula

302 4774 582 4838 specum;
628 4776 799 4817 unum
857 4758 1178 4821 carnalium,
1234 4755 1459 4807 alterum
1515 4748 1885 4818 spiritualium.

302 4858 560 4914 Carnales
606 4861 879 4923 spectant,
916 4850 1138 4903 iniseros
1180 4853 1422 4914 putantes
1451 4854 1543 4895 e05
1586 4848 1885 4908 martyres,

304 4956 392 5021 qui
422 4949 605 5004 bestiis
630 4944 856 5013 subjecti
890 4950 1040 5005 sunt,
1070 4939 1157 5008 qui
1188 4937 1360 5006 capite
1385 4932 1537 4998 caesi,
1565 4931 1656 5000 qui
1683 4930 1887 4999 ignibus

304 5039 662 5103 concremati,
692 5037 1015 5089 detestantes
1044 5044 1137 5084 eos
1164 5036 1218 5083 et
1263 5026 1627 5080 exhorrentes.
1662 5022 1763 5074 Alii
1790 5034 1887 5073 ve-

307 5150 367 5188 ro
394 5130 535 5186 sicut
564 5138 621 5184 et
666 5126 834 5181 sancti
866 5123 1053 5192 Angeli
1098 5127 1376 5189 spectant,
1408 5130 1513 5169 non
1557 5112 1887 5167 attendentes

305 5238 591 5295 corporum
634 5221 892 5282 laniatus,
920 5215 1023 5269 sed
1057 5215 1310 5266 mirantes
1340 5209 1463 5262 ﬁdei
1504 5206 1882 5275 integritatem.

302 5319 552 5388 Hagnum
596 5310 957 5384 spectaculum
1002 5308 1201 5376 p‘rmbet
1246 5303 1416 5357 oculis
1458 5299 1634 5354 cordis
1684 5298 1891 5365 integer

307 5412 549 5474 artiums,
596 5420 819 5473 corpore
847 5402 1123 5470 dissipato.
1156 5397 1280 5451 Haec
1305 5411 1399 5449 vos
1425 5402 1547 5448 cum
1581 5393 1631 5445 in
1661 5389 1888 5444 ecclesia

308 5504 584 5572 leguntur,
610 5490 1297 5563 libenterspectatis‘oculis
1322 5488 1517 5543 cordis.
1550 5485 1603 5539 Si
1636 5484 1787 5539 enim
1808 5484 1889 5535 ni-

309 5595 383 5648 hil
428 5590 775 5663 spectaretis,
826 5587 955 5640 nihil
1006 5583 1282 5638 audiretis.
1342 5580 1537 5634 Videtis
1582 5594 1706 5647 ergo
1753 5575 1892 5646 quod

309 5686 469 5742 hodie
508 5681 815 5754 spectacula
862 5686 967 5731 non
1013 5674 1438 5746 contempsistis,
1497 5670 1590 5726 sed
1630 5669 1889 5739 "elegistis.

376 5802 390 5829 τ
415 5799 590 5859 Regius
608 5804 712 5855 315.,
737 5796 1091 5845 cmtsueveruut.
1122 5780 1134 5789 “

1957 537 2020 591 tis
2050 536 2206 591 hodie
2244 537 2309 591 ad
2339 538 2781 607 amphitheatrum
2810 542 3108 595 cucurrisse
3129 584 3143 609 ,
3186 552 3237 597 et
3266 542 3328 597 ad
3356 546 3533 600 eccleo

1956 632 2089 685 siam
2114 632 2293 685 venire
2314 632 2545 685 noluisse
2562 672 2577 698 ,
2606 632 2847 687 referatis
2875 632 3101 687 dulciter
3126 642 3298 689 vestra
3329 646 3537 705 specta-

1958 726 2076 777 cula
2111 742 2123 778 :
2157 735 2214 778 ut
2239 732 2291 779 et
2314 724 2413 778 illis
2438 725 2690 793 incipiant
2720 726 2977 781 vilescere
3008 727 3095 781 illa
3118 769 3132 794 ,
3162 745 3277 797 qua:
3306 731 3536 787 amando

1959 818 2061 888 ipsi
2098 818 2398 884 viluerunt;
2442 826 2494 873 et
2542 827 2720 872 ament
2767 819 3038 873 vobiscum
3092 820 3288 888 Deum,
3323 822 3388 877 de
3434 838 3539 893 quo

1960 920 2119 964 nemo
2167 918 2339 979 potest
2386 918 2593 964 amator
2643 909 2990 975 erubescere,
3042 913 3161 981 quia
3214 913 3359 966 illum
3398 924 3543 971 amat

1963 1001 2052 1070 qui
2103 1016 2209 1054 non
2260 1010 2434 1070 potest
2490 1001 2648 1054 vinci.
2696 1002 2889 1054 Ament
2924 988 3192 1057 vobiscum
3238 1004 3540 1071 Christum,

1964 1091 2053 1161 qui
2112 1107 2178 1145 eo
2244 1091 2359 1160 ipso
2423 1106 2527 1162 quo
2584 1090 2859 1144 videbatur
2903 1092 3104 1155 victus,
3168 1093 3294 1147 vicit
3357 1095 3543 1150 orbem

1968 1192 2249 1236 terrarum.
2280 1182 2418 1237 Vicit
2436 1184 2576 1236 enim
2604 1183 2785 1237 orbem
2817 1190 3075 1237 terrarum
3101 1185 3237 1238 sicut
3263 1186 3501 1242 videmus
3526 1228 3542 1254 ,

1968 1271 2157 1327 fratres
2181 1293 2193 1325 ι
2223 1274 2441 1343 subjecit
2469 1289 2653 1328 omnes
2682 1283 2996 1343 potestates,
3032 1274 3331 1345 subjugavit
3360 1295 3508 1349 reges
3527 1321 3542 1346 ,

1970 1378 2075 1421 non
2117 1368 2347 1436 superbo
2377 1367 2575 1431 milite,
2602 1367 2699 1421 sed
2741 1367 2889 1421 irrisa
2914 1374 3113 1429 ‘cruce;
3164 1383 3268 1422 non
3321 1372 3547 1427 szeviens

1970 1456 2115 1513 ferro
2137 1502 2150 1525 ,
2180 1458 2273 1512 sed
2300 1458 2535 1527 pendens
2564 1458 2739 1527 ligno;
2771 1458 3016 1527 patiendo
3056 1460 3432 1528 corporaliter,
3466 1462 3544 1516 fa-

1971 1549 2160 1604 ciendo
2189 1551 2548 1619 Spiritualiter.
2582 1550 2723 1605 Illius
2752 1565 2943 1620 corpus
2991 1552 3290 1621 erigebatur
3335 1554 3389 1607 in
3426 1570 3550 1609 cru-

1970 1646 2035 1694 ‘ce
2065 1658 2076 1693 :
2107 1641 2195 1695 ille
2224 1650 2429 1696 mentes
2450 1642 2593 1696 cruci
2620 1642 2897 1696 subdebat.
2940 1642 3173 1713 Denique
3198 1660 3314 1714 quae
3340 1662 3547 1715 gemma

1974 1734 2255 1803 pretiosior
2296 1735 2346 1787 in
2378 1734 2674 1789 diademate
2694 1777 2708 1800 ,
2757 1749 2911 1804 quam
2937 1750 3065 1789 crux
3093 1736 3286 1792 Christi
3332 1754 3555 1810 regnan-

1976 1824 2106 1878 tium
2138 1826 2187 1878 in
2232 1824 2621 1880 fronteiﬂunc
2665 1828 2680 1858 ί
2726 1842 2820 1880 vos
2845 1828 3099 1893 amando,
3143 1845 3405 1900 nunquam
3434 1846 3556 1887 cru-

1974 1914 2211 1970 ﬁescitis.
2237 1916 2401 1982 Quam
2428 1920 2575 1973 multi
2602 1920 2739 1973 enim
2780 1920 2845 1974 de
2888 1920 3278 1989 amphitheatro
3309 1926 3428 1979 victi
3468 1941 3555 1981 rc-

1974 2018 2293 2078 'vertuntur,
2359 2013 2513 2068 victis
2571 2014 2648 2067 eis
2708 2029 2802 2082 pro
2843 2013 3033 2084 quibus
3097 2018 3400 2072 insaniunt?
3457 2020 3557 2086 Qui

1974 2103 2147 2171 magis
2176 2103 2545 2168 vincerentur,
2591 2106 2635 2158 si
2686 2106 2974 2160 vincerent.
3024 2106 3387 2164 Subdcrentur
3416 2112 3557 2165 enim

1979 2200 2131 2250 vanm
2166 2196 2396 2262 iretitiaa,
2431 2197 2781 2252 subderentur
2822 2200 3157 2254 exsultationi
3189 2216 3369 2271 prava:
3407 2205 3558 2273 cupi-

1975 2286 2160 2341 ‘dltatis
2188 2306 2199 2341 :
2232 2289 2322 2357 qui
2363 2287 2465 2343 hoc
2513 2288 2627 2358 ipso
2660 2305 2762 2358 quo
2808 2289 2932 2345 illuc
2975 2301 3217 2356 currunt,
3250 2295 3373 2348 victi
3417 2304 3559 2350 sunt.

1983 2378 2153 2445 Quam
2182 2380 2375 2433 multos
2404 2380 2547 2434 enim
2577 2381 2804 2449 putatis,
2829 2381 3019 2435 fratres
3040 2424 3052 2445 ,
3085 2380 3354 2439 dubitasse
3383 2383 3559 2451 hodie,

1981 2478 2161 2526 utrum
2199 2470 2301 2524 huc
2324 2471 2491 2537 irent,
2528 2480 2596 2525 an
2640 2471 2801 2526 illuc?
2826 2471 2895 2526 Et
2934 2474 3020 2542 qui
3053 2474 3104 2525 in
3133 2475 3244 2543 ipsa
3275 2474 3561 2531 dubitatio-

1981 2577 2051 2618 ne
2092 2562 2490 2617 considerantcs
2530 2562 2829 2629 Christum,
2882 2563 2948 2617 ad
2982 2564 3261 2618 ecclesiam
3311 2580 3561 2622 cucurre-

1980 2661 2135 2722 runt,
2164 2654 2401 2707 vicerunt
2431 2664 2535 2707 non
2572 2654 2860 2722 quemlibet
2891 2653 3157 2707 hominem
3179 2697 3193 2720 ,
3238 2656 3330 2709 sed
3376 2657 3561 2712 diabo‘

1982 2745 2092 2799 lum
2158 2743 2357 2815 ipsum,
2409 2746 2570 2798 totius
2630 2744 2813 2798 mundi
2881 2746 3165 2813 pessimum
3235 2755 3562 2802 venatoreh.

1982 2837 2084 2905 Qui
2128 2846 2305 2891 autem
2356 2837 2407 2890 in
2461 2836 2547 2890 illa
2593 2836 2917 2891 dubitatione
2963 2838 3237 2907 elegerunt
3277 2841 3450 2907 potius
3497 2842 3563 2899 ad

1982 2930 2430 3001 amphitheatrum
2479 2946 2722 2996 currere,
2779 2932 2846 2984 ab
2902 2933 2991 2986 illo
3036 2934 3215 3001 utique
3240 2933 3359 2987 victi
3406 2943 3562 2998 sunt,

1985 3041 2139 3096 quem
2174 3024 2259 3080 isti
2302 3024 2562 3078 vicerunt.
2609 3024 2859 3078 Viccrunt
2907 3032 3081 3078 autem
3130 3025 3180 3077 in
3214 3025 3302 3078 illo
3334 3027 3563 3095 quiait:

1987 3115 2240 3182 Gaudete,
2272 3117 2390 3187 quia
2432 3132 2519 3186 ego
2548 3117 2639 3169 vici
2660 3118 2899 3169 mundum
2935 3116 3109 3189 (Joan.
3143 3134 3225 3170 XVI
3248 3162 3260 3183 ,
3294 3117 3402 3189 55).
3434 3120 3565 3187 Quia

1985 3217 2267 3278 prOpterea
2298 3208 2485 3261 tentari
2517 3223 2573 3261 se
2618 3224 2801 3276 passus
2828 3219 2907 3263 est
2940 3209 3259 3279 Imperator,
3295 3219 3348 3263 ttt
3403 3212 3563 3265 doce.

1987 3309 2068 3353 t'et
2099 3299 2317 3351 militi-tn
2340 3299 2611 3353 dimicare.

2059 3388 2279 3445 CAPUT
2322 3390 2383 3442 ll.
2416 3420 2485 3429 ——
2508 3392 2558 3443 5.
2592 3389 2815 3443 Christus
2860 3390 2921 3443 de
2954 3391 3140 3459 femina
3188 3393 3328 3446 nasci
3354 3409 3442 3445 cur
3484 3410 3568 3446 r0-

1990 3482 2156 3535 luerit.
2212 3479 2315 3532 Per
2370 3481 2606 3550 feminam
2662 3497 2928 3544 vermium,
2980 3498 3068 3550 per
3119 3484 3354 3549 feminnn
3409 3485 3566 3539 salus.

1989 3574 2101 3627 Hoc
2131 3588 2258 3641 ergo
2281 3581 2336 3625 nt
2366 3572 2561 3626 faceret
2594 3572 2846 3625 Dominus
2887 3582 3067 3628 noster
3096 3572 3253 3628 Jesns
3282 3575 3525 3629 Christus
3549 3618 3565 3642 ,

1982 3667 2170 3735 \ttique
2198 3664 2463 3718 nascendo
2487 3664 2553 3717 de
2578 3664 2798 3722 femina,
2830 3668 2965 3717 linis
3005 3665 3233 3717 hominis
3261 3667 3426 3721 factus
3466 3678 3568 3721 est.

1990 3758 2060 3810 At
2088 3756 2226 3810 enim
2278 3755 2322 3807 si
2365 3768 2468 3807 non
2518 3767 2824 3807 nasceretur
2864 3755 2929 3807 de
2979 3754 3137 3807 Maria
3171 3757 3401 3823 virgine,
3442 3757 3570 3825 quid

1990 3857 2132 3902 esset
2176 3846 2389 3900 minus?
2420 3846 2551 3899 Dicit
2577 3846 2762 3913 aliquis
2797 3865 2809 3898 :
2846 3847 3010 3898 llnmo
3035 3861 3152 3901 esse
3186 3849 3349 3901 voluit
3382 3867 3393 3901 :
3427 3850 3573 3905 esset

1992 3940 2185 3999 homo,
2213 3954 2317 3993 non
2344 3947 2519 3993 tamen
2561 3937 2627 3993 de
2668 3939 2859 3992 ft'tninu
2912 3947 3379 3994 nascereturznon
3423 3942 3567 3996 enim

1989 4041 2044 4087 et
2076 4031 2301 4102 primum
2331 4029 2598 4083 hominem
2625 4046 2778 4099 quem
2811 4031 2961 4098 fecit,
2999 4045 3065 4083 ex
3092 4030 3282 4085 femina
3315 4030 3454 4087 fecit.
3486 4033 3572 4087 Ad

1992 4124 2093 4179 hoc
2114 4123 2232 4177 ﬁde
2255 4122 2380 4193 quid
2419 4122 2820 4191 rBSpOIldratnr.
2851 4122 2925 4175 Tn
2956 4122 3116 4187 dicis,
3154 4122 3222 4175 ad
3248 4124 3570 4179 nascendum

1992 4214 2175 4283 utquid
2205 4213 2421 4282 elegerit
2474 4212 2739 4266 feminam.
2791 4211 3158 4266 Resuondetur
3198 4214 3288 4267 tibi
3320 4230 3333 4267 :
3368 4214 3478 4269 lino
3500 4215 3575 4271 ad

1991 4304 2317 4357 nascendum
2350 4317 2445 4357 cur
2473 4302 2671 4370 fugeret
2701 4303 2986 4355 feminam?
3012 4303 3141 4356 Puta
3174 4319 3259 4358 me
3282 4318 3385 4357 non
3415 4319 3575 4376 posse

1993 4394 2276 4448 ostendere
2300 4391 2423 4461 quid
2450 4392 2694 4460 elegerit,
2728 4402 2780 4444 ut
2808 4393 2874 4445 de
2916 4391 3109 4446 femina
3134 4404 3443 4461 nasceretur
3469 4412 3483 4448 :
3518 4403 3575 4450 tu

1992 4483 2214 4538 ostende
2242 4460 2366 4552 quid
2410 4481 2587 4550 fugere
2634 4484 2682 4533 in
2711 4481 2903 4534 femina
2934 4482 3133 4537 debuit.
3161 4460 3267 4538 Sed
3288 4485 3572 4553 aliquando

1988 4575 2097 4645 jam
2126 4574 2264 4627 dicta
2314 4580 2469 4636 sunt,
2501 4571 2623 4639 quia
2665 4572 2845 4640 utique
2871 4573 2913 4624 si
2946 4572 3160 4642 fugeret
3198 4574 3417 4629 ‘vfetuim:
3446 4583 3568 4631 ute-

1992 4680 2111 4720 rum
2133 4706 2147 4730 ,
2174 4665 2318 4719 velut
2339 4662 2659 4732 significaret
2687 4676 2744 4716 se
2772 4678 2837 4718 ex
2869 4664 2957 4716 illa
2980 4664 3336 4719 contaminari
3360 4667 3568 4734 potuis-

1994 4770 2072 4811 se.
2102 4756 2308 4822 Quanto
2334 4764 2511 4808 autem
2541 4763 2657 4807 erat
2685 4769 2777 4822 per
2815 4754 3160 4808 substantiam
3200 4762 3352 4809 suam
3378 4757 3574 4810 immaé

1994 4846 2290 4911 culabilior,
2326 4853 2469 4897 tanto
2497 4858 2598 4897 non
2626 4844 2805 4898 debuit
2828 4845 3110 4898 formidare
3138 4853 3343 4900 uterum
3366 4847 3568 4915 carnis,

1993 4939 2145 5007 quasi
2194 4945 2377 5005 posset
2430 4936 2552 4989 inde
2614 4937 2865 4991 maculari
2901 4954 2912 4989 :
2946 4937 3040 4991 sed
3090 4946 3243 4991 natus
3292 4938 3362 4993 de
3412 4936 3573 4993 femi-

1994 5046 2063 5085 na
2083 5071 2097 5095 ,
2128 5029 2411 5085 ostendere
2437 5028 2588 5081 nobis
2615 5028 2795 5081 debuit
2835 5030 3009 5099 magni
3035 5030 3230 5098 aliquid
3267 5038 3575 5087 sacramen-

1996 5123 2056 5177 ti.
2086 5121 2217 5175 Nam
2266 5135 2491 5185 revera,
2538 5120 2758 5186 fratres,
2792 5129 2844 5173 et
2892 5134 2989 5173 nos
3020 5121 3279 5185 fatemur,
3337 5122 3479 5192 quod
3526 5123 3577 5178 si

1996 5216 2153 5271 vellet
2175 5214 2430 5268 Dominus
2457 5213 2533 5265 sic
2564 5214 2675 5266 fieri
2704 5214 2891 5279 homo,
2926 5222 2981 5266 ut
3006 5226 3110 5266 non
3138 5228 3201 5267 ex
3235 5213 3426 5269 femina
3448 5230 3577 5270 nas‘
3611 5203 3617 5213 ’

1996 5316 2233 5367 ceretur,
2265 5313 2381 5358 erat
2417 5304 2599 5373 utique
2630 5302 2781 5357 facile
2818 5303 3095 5371 Majestati.
3124 5305 3401 5372 Quomodo
3431 5308 3575 5362 enim

1992 5398 2169 5467 potuit
2196 5412 2261 5450 ex
2292 5396 2483 5449 femina
2514 5394 2627 5447 sine
2664 5395 2809 5458 viro;
2840 5396 2915 5446 sic
2944 5405 3121 5463 posset
3151 5409 3248 5450 nec
3288 5412 3380 5466 per
3422 5399 3576 5454 l'emib

2000 5503 2120 5541 nam
2167 5488 2332 5541 nasci.
2382 5485 2487 5540 Sed
2538 5484 2637 5536 hoc
2687 5485 2834 5537 nobis
2882 5487 3144 5555 ostendit,
3194 5497 3250 5541 ut
3293 5489 3577 5545 scilicetin

2000 5581 2145 5634 nullo
2178 5595 2307 5633 sexu
2339 5580 2404 5632 de
2434 5594 2491 5633 se
2514 5579 2823 5645 desperaret
2851 5578 3076 5632 lttunana
3103 5592 3362 5635 creatura.
3407 5582 3578 5637 Sexus

1996 5671 2143 5726 enim
2188 5670 2445 5723 humanus
2492 5670 2711 5719 marium
2758 5678 2839 5720 est
2885 5677 2935 5720 et
2978 5669 3315 5725 {etuiuaruun
3348 5672 3399 5727 Si
3451 5680 3580 5743 ergo

2065 5782 2082 5812 ι
2110 5788 2238 5840 Lov.,
2268 5777 2583 5838 I!mzc;cujus
2601 5776 2703 5826 loco
2723 5784 2851 5841 Mss,
2892 5790 3045 5829 mute.
