4012 6338
468 245 578 311 855

471 364 556 422 vir
598 362 834 419 existens
854 403 869 429 ,
893 363 1035 435 quod
1063 364 1245 436 utique
1271 379 1392 423 esse
1431 364 1683 436 deberet,
1714 385 1822 426 non
1864 386 2052 428 nasce-

470 464 620 512 retur
636 471 700 511 ex
732 455 961 522 femina;
993 455 1338 525 desperarent
1355 456 1424 513 de
1446 473 1505 513 se
1531 458 1759 528 feminae,
1784 476 2049 518 memores

467 548 626 620 primi
654 548 857 620 peccati
887 548 998 614 sui,
1049 549 1172 618 quia
1218 564 1317 620 per
1354 549 1605 607 feminam
1656 553 1913 658 deceptus
1965 563 2050 658 est

463 640 669 712 primus
692 640 883 707 homo;
911 648 967 694 et
1001 640 1220 695 omnino
1249 643 1449 698 nullam
1483 658 1542 700 se
1583 661 1734 716 spem
1766 646 1962 702 habere
1990 647 2046 702 in

461 732 678 789 Christo
718 732 1119 787 arbitrarentur.
1161 733 1321 790 Venit
1346 751 1474 806 ergo
1500 738 1578 793 vir
1604 753 1788 793 sexum
1837 739 2048 808 praeeli-

460 838 590 896 gere
614 822 818 878 virilem
839 864 854 889 ,
883 831 937 878 et
964 833 1119 879 natus
1147 840 1213 881 ex
1237 824 1433 881 femina
1458 843 1646 883 sexum
1673 830 1939 885 consolari
1965 830 2045 886 fe-

459 914 723 979 mineum,
759 921 1007 984 tanquam
1036 915 1312 987 alloquens
1340 926 1395 972 et
1420 917 1603 974 dicens
1633 937 1646 973 :
1688 920 1759 977 Ut
1787 922 2042 977 noveritis

459 1004 600 1075 quod
630 1021 736 1060 non
767 1004 861 1060 Dei
906 1014 1148 1062 creatura
1185 1007 1319 1061 mala
1350 1017 1461 1076 est,
1489 1010 1583 1066 sed
1612 1012 1850 1082 voluptas
1882 1028 2042 1082 prava

458 1094 715 1168 pervertit
737 1111 853 1150 eam
875 1137 890 1162 ,
923 1095 976 1150 in
1002 1096 1260 1167 principio
1284 1114 1405 1153 cum
1427 1099 1526 1155 feci
1554 1099 1824 1157 hominem
1845 1143 1861 1169 ,
1892 1119 2039 1159 nias-

456 1190 633 1243 culum
664 1200 719 1244 et
747 1189 995 1243 feminam
1021 1189 1141 1245 feci.
1165 1189 1283 1246 Non
1301 1201 1598 1247 creaturam
1623 1193 1818 1249 damno
1835 1238 1852 1262 ,
1880 1211 2038 1266 quam

457 1281 578 1338 feci.
602 1282 740 1338 Ecce
768 1292 921 1338 natus
941 1297 1058 1337 sum
1077 1283 1158 1338 vir
1175 1324 1191 1350 ,
1223 1299 1348 1339 ecce
1373 1294 1527 1340 natus
1563 1300 1627 1342 ex
1674 1287 1889 1343 femina.
1921 1288 2036 1344 Non

454 1389 582 1445 ergo
634 1382 932 1429 creaturam
972 1374 1198 1442 damno,
1247 1391 1406 1447 quam
1455 1377 1591 1444 feci;
1646 1379 1741 1435 sed
1780 1392 2035 1451 peccata,

452 1482 573 1536 qua:
602 1483 706 1522 non
751 1467 868 1522 feci.
902 1466 1133 1539 Uterque
1159 1483 1318 1524 sexus
1363 1470 1537 1527 videat
1562 1472 1817 1530 honorem
1846 1491 1998 1531 suum
2018 1516 2034 1542 ,

453 1568 507 1614 et
553 1566 773 1629 uterque
792 1558 1107 1614 confiteatur
1149 1559 1474 1631 iniquitatem
1502 1577 1651 1618 suam
1676 1605 1689 1631 ,
1736 1575 1788 1620 et
1818 1576 2036 1637 uterque

453 1660 634 1720 speret
682 1650 930 1705 salutem.
972 1651 1294 1721 Decipiendo
1324 1652 1524 1709 homini
1561 1656 1896 1728 propinatum
1952 1667 2036 1715 est

449 1758 715 1798 venenum
746 1759 842 1813 per
878 1742 1128 1799 feminam
1167 1761 1181 1799 :
1213 1747 1510 1815 reparando
1555 1749 1752 1805 homini
1782 1752 2032 1823 propine-

449 1843 538 1890 tur
589 1835 735 1890 salus
775 1850 869 1905 per
912 1835 1184 1891 feminam.
1244 1838 1564 1908 Compenset
1592 1841 1786 1897 femina
1823 1843 2032 1915 decepti

445 1939 544 1997 per
572 1940 631 1981 se
655 1924 885 1981 hominis
908 1935 1181 1996 peccatum
1204 1970 1220 1994 ,
1260 1931 1564 2000 generando
1582 1931 1873 2021 Christum.
1903 1933 2031 1992 lude

445 2025 502 2073 ct
538 2027 900 2088 resurgentem
928 2018 1095 2073 Deum
1121 2020 1324 2089 priores
1350 2020 1562 2077 feminae
1594 2018 1867 2094 Apostolis
1901 2043 2032 2083 nun—

443 2112 659 2163 tiarunt.
699 2107 970 2164 Nuntiavit
1002 2109 1117 2165 viro
1153 2126 1250 2166 suo
1291 2124 1520 2168 mortem
1549 2113 1746 2170 femina
1785 2118 1839 2172 in
1870 2133 2028 2189 para-

441 2199 561 2256 diso
588 2216 601 2253 :
631 2202 1008 2256 nuntiaverunt
1035 2210 1090 2257 et
1120 2200 1329 2257 femina:
1353 2206 1577 2260 salutem
1604 2208 1732 2263 viris
1761 2209 1813 2263 in
1844 2209 2029 2268 Eccle-

444 2293 542 2348 sia.
590 2292 1058 2348 Resurrectionem
1104 2293 1304 2348 Christi
1330 2296 1569 2364 Apostoli
1607 2308 1760 2354 erant
1779 2301 2026 2370 gentibus

440 2384 730 2440 nuntiaturi
758 2399 770 2435 :
803 2384 1074 2454 Apostolis
1095 2383 1305 2440 femina:
1346 2387 1673 2443 nuntiarunt.
1700 2389 1870 2446 Nemo
1895 2406 2025 2463 ergo

440 2479 791 2535 calumnietur
814 2476 1028 2536 Christo
1055 2493 1180 2536 nato
1215 2497 1284 2537 ex
1310 2482 1500 2540 femina
1517 2527 1534 2554 ,
1559 2485 1628 2542 de
1655 2503 1761 2559 quo
1784 2503 1915 2545 sexu
1934 2490 2021 2546 Li-

435 2573 657 2630 berator
683 2573 938 2628 maculari
984 2589 1087 2628 non
1118 2585 1327 2644 posset,
1353 2587 1408 2632 et
1443 2593 1604 2649 quem
1643 2594 1832 2636 sexum
1854 2582 2020 2638 Crea-

437 2672 521 2720 tor
545 2664 922 2721 commendare
950 2665 1191 2721 deberet.

503 2754 729 2812 CAPUT
768 2755 855 2810 Ill.
881 2758 1026 2811 -4.
1059 2756 1319 2828 Evangelii
1341 2759 1467 2827 ﬁdes
1506 2768 1611 2815 toto
1651 2761 1767 2815 orbe
1799 2773 2015 2834 recepta.

430 2847 569 2913 Sed,
634 2847 904 2919 inquiunt,
949 2848 1217 2917 quomodo
1281 2848 1540 2905 credituri
1598 2866 1785 2908 sumus
1835 2865 2018 2910 natum

430 2955 496 2995 ex
541 2938 739 2996 femina
763 2940 1070 2995 Christum?
1116 2940 1492 3011 Respondeam
1540 2959 1553 2995 :
1602 2943 1684 2998 Ex
1731 2945 2019 3018 Evangelio

429 3031 573 3103 quod
621 3030 964 3101 prtedicatum
1009 3041 1092 3086 est
1135 3039 1188 3087 et
1229 3032 1553 3103 praedicatur
1603 3035 1857 3090 universo
1899 3037 2016 3094 orbi

429 3133 712 3179 terrarum.
750 3121 855 3178 Sed
893 3122 973 3177 rei
1013 3123 1124 3193 jam
1150 3122 1368 3179 creditae
1419 3139 1516 3194 per
1559 3139 1773 3183 onmem
1818 3138 2014 3188 terram

428 3214 778 3283 qumstionem
804 3222 1068 3269 conantur
1101 3214 1343 3285 ingerere
1379 3216 1539 3283 caeci,
1566 3232 1836 3274 excaecare
1878 3220 2015 3277 alios

428 3307 762 3371 affectantes,
782 3316 837 3362 et
858 3322 961 3361 non
986 3306 1227 3362 videntes
1260 3307 1399 3377 quod
1426 3307 1711 3364 videndum
1740 3321 1856 3379 est,
1884 3312 2009 3368 dum

425 3398 729 3454 convellere
748 3407 1007 3454 conantur
1025 3398 1167 3469 quod
1190 3398 1514 3454 credendum
1539 3411 1642 3455 est.
1669 3401 2014 3473 Respondent

424 3490 568 3547 enim
588 3531 604 3557 ,
631 3499 684 3545 et
709 3489 890 3544 dicunt
922 3506 934 3543 :
962 3488 1077 3543 Noli
1110 3504 1206 3544 nos
1229 3490 1546 3547 auctoritate
1570 3492 1716 3549 orbis
1744 3503 2005 3552 terrarum

423 3596 705 3654 premere;
734 3566 900 3651 ipsam
937 3579 1262 3650 Scripturain
1303 3581 1721 3639 consideremus.
1762 3585 1878 3641 Noli
1914 3602 2010 3656 po-

422 3671 682 3743 pulariter
711 3688 905 3743 agere:
936 3672 1218 3727 multitudo
1248 3673 1340 3727 tibi
1379 3673 1598 3729 seducta
1622 3674 1785 3732 favet.
1828 3678 2007 3734 Primo

422 3763 512 3821 hic
553 3765 854 3835 respondeo
888 3783 901 3819 :
932 3764 1212 3820 Multitudo
1258 3765 1475 3821 seducta
1514 3767 1644 3822 mihi
1676 3767 1849 3824 favet?
1883 3771 2006 3827 llmc

420 3857 729 3922 multitudo,
759 3857 998 3928 paucitas
1034 3856 1150 3911 fuit.
1192 3856 1341 3913 Unde
1363 3858 1529 3914 crevit
1568 3858 1685 3915 haec
1721 3862 2004 3920 multitudo

419 3964 540 4019 quae
573 3948 627 4003 in
666 3948 780 4004 istis
805 3948 1145 4004 incrementis
1165 3957 1314 4003 tanto
1337 3959 1462 4005 ante
1486 3952 1723 4006 nuntiata
1750 3954 2001 4010 est?Non

418 4039 563 4096 enim
589 4054 835 4095 crescere
875 4039 989 4095 visa
1020 4048 1135 4106 est,
1175 4055 1295 4109 quae
1332 4056 1437 4096 non
1483 4051 1567 4097 est
1605 4046 1846 4112 praevisa.
1885 4045 1999 4103 Non

418 4131 569 4198 dico,
615 4130 860 4185 Paucitas
897 4137 1015 4185 erat
1042 4147 1055 4184 :
1084 4145 1220 4185 unus
1262 4138 1378 4185 erat
1420 4131 1708 4187 Abraham.
1753 4133 2001 4192 Conside-

415 4230 564 4289 rate,
612 4222 836 4287 fratres,
870 4236 1007 4276 unus
1034 4230 1148 4276 erat
1193 4220 1461 4277 Abraham
1506 4239 1601 4293 per
1639 4234 1811 4282 totum
1841 4244 2000 4284 mun-

414 4312 542 4368 dum
574 4312 666 4368 illo
696 4321 967 4382 tempore,
1006 4328 1102 4382 per
1144 4322 1308 4367 totum
1339 4315 1522 4371 orbem
1573 4325 1833 4375 terrarum
1861 4320 2000 4378 inter

413 4419 604 4461 omnes
629 4403 906 4469 homines,
934 4404 1074 4459 inter
1093 4419 1281 4461 onmes
1298 4415 1517 4477 gentes,
1546 4410 1630 4465 cui
1675 4410 1874 4467 homini
1919 4415 2000 4469 di-

411 4505 559 4553 ctum
603 4505 687 4552 est
703 4533 719 4562 ,
767 4494 835 4550 In
881 4497 1069 4551 sentiae
1115 4507 1200 4552 tuo
1253 4498 1605 4557 benedicentur
1629 4519 1801 4561 omnes
1829 4517 1998 4578 gentes

415 4585 572 4659 (Gen.
600 4602 735 4654 xxn,
765 4586 878 4658 l8).
908 4586 1061 4656 Quod
1090 4588 1316 4644 credidit
1343 4606 1480 4646 unus
1502 4591 1572 4648 de
1598 4608 1696 4652 sua
1718 4599 1997 4669 singulari—

410 4687 522 4736 tate
545 4720 562 4748 ,
590 4676 885 4735 exhibitum
927 4687 1009 4734 est
1051 4680 1234 4735 multis
1278 4681 1344 4736 de
1371 4684 1590 4740 seminis
1637 4688 1992 4748 multitudine.

410 4768 561 4835 Tunc
590 4785 694 4826 non
721 4768 1026 4837 videbatur,
1052 4778 1107 4826 et
1129 4769 1475 4838 credebatur;
1506 4790 1646 4832 nunc
1672 4778 1881 4847 videtur
1903 4824 1919 4850 ,
1941 4792 1996 4839 et

409 4860 755 4933 impugnatur
782 4876 797 4914 :
829 4869 885 4915 et
909 4860 1049 4931 quod
1093 4861 1182 4915 uni
1209 4870 1336 4918 tunc
1359 4863 1634 4922 dicebatur
1671 4878 1727 4925 et
1772 4871 1840 4927 ab
1886 4889 1994 4931 uno

407 4953 753 5021 credebatur;
784 4967 927 5008 nunc
950 4962 1284 5024 Oppugnatur
1310 4970 1341 5010 a
1369 4959 1572 5027 paucis,
1601 4962 1817 5030 quando
1835 4965 1990 5021 exhi-

407 5046 567 5105 betur
588 5047 642 5102 in
669 5046 869 5102 multis.
901 5045 997 5103 Ille
1019 5047 1109 5118 qui
1149 5046 1438 5120 discipulos
1457 5065 1583 5109 suos
1609 5054 1734 5113 fecit
1774 5058 1994 5127 piscato-

409 5153 499 5195 res
527 5139 800 5195 hominum
817 5181 834 5207 ,
866 5139 1006 5195 intra
1049 5141 1182 5197 retia
1207 5157 1302 5197 sua
1330 5157 1489 5200 omne
1512 5161 1681 5216 genus
1699 5152 1991 5208 auctorita-

342 5240 367 5255 ί
410 5229 479 5286 tis
536 5229 768 5284 inclusit.
827 5231 884 5286 Si
939 5231 1261 5287 multitudini
1308 5235 1639 5293 credendum
1699 5250 1813 5307 est;
1864 5244 1993 5313 quid

408 5321 680 5393 copiosius
698 5320 938 5377 Ecclesia
961 5331 1073 5377 toto
1101 5323 1232 5379 orbe
1260 5324 1483 5381 diffusa?
1509 5327 1565 5384 Si
1595 5328 1847 5389 divitibus
1872 5349 1991 5390 cre-

407 5411 644 5470 dendum
672 5419 790 5476 est;
827 5412 1101 5469 attendant
1135 5424 1265 5484 quot
1299 5414 1489 5472 divites
1514 5420 1656 5489 cepit
1681 5437 1694 5473 :
1723 5423 1767 5477 si
1790 5440 1989 5497 paupe-

409 5504 561 5561 ribus
575 5502 897 5558 credendum
936 5513 1050 5570 est,
1077 5505 1356 5562 attendant
1383 5524 1670 5579 pauperum
1711 5517 1873 5571 millia
1904 5538 1917 5574 :
1944 5520 1992 5576 si

408 5593 703 5657 nobilibus;
734 5594 877 5648 intus
899 5604 982 5649 est
1013 5595 1122 5664 jam
1161 5612 1297 5666 pene
1328 5607 1433 5653 tota
1462 5602 1708 5659 nobilitas
1755 5625 1768 5660 :
1812 5610 1856 5664 si
1901 5628 1989 5667 re-

408 5688 592 5763 gibus;
655 5685 868 5742 videant
914 5704 1100 5745 outncs
1149 5691 1390 5748 subditos
1458 5693 1676 5753 Christo
1716 5716 1731 5754 :
1780 5703 1827 5762 si
1878 5706 1989 5762 elo-
2040 5780 2043 5783 ν

1685 257 1743 312 s.
1783 233 2153 315 incusum
2187 259 2490 323 EPISCOPI

2159 378 2525 444 quentioribus
2543 423 2558 449 ,
2587 383 2946 461 doctioribus,
2973 396 3442 472 prudentioribus;
3487 407 3502 463 i

2159 474 2244 522 tur
2267 473 2451 540 quanti
2475 485 2745 547 oratores;
2776 486 2957 555 quanti
2987 491 3177 561 periti,
3204 498 3388 565 quanti
3428 500 3737 577 philosophi

2155 557 2314 630 hujus
2341 564 2527 620 mundi
2572 567 2642 624 ab
2679 571 2785 628 illis
2810 557 3169 646 piscatoribus
3187 557 3378 642 nam
3407 557 3737 661 anniti};

2152 653 2378 710 salutem
2417 657 2485 714 de
2514 662 2774 731 profundo
2824 671 3247 742 attraherentur;
3287 653 3583 751 cogitantes
3609 702 3744 744 eum

2150 745 2241 814 qui
2286 762 2535 820 magnum
2571 755 2771 813 malum
2795 761 2989 817 animm
3012 763 3257 824 humana:
3274 811 3291 838 ,
3337 745 3391 827 id
3418 784 3520 842 est,
3548 793 3737 849 super-

2148 833 2291 891 biam
2311 879 2327 905 ,
2352 853 2464 895 sua:
2493 843 2805 906 humilitatis
2847 855 3091 925 exemplo
3129 833 3321 917 sanare
3356 833 3730 936 descendens,

2148 923 2356 983 infirma
2387 933 2569 990 mundi
2604 938 2793 1010 elegit,
2822 951 2883 999 ut
2905 923 3254 1005 confunderet
3274 951 3463 1023 fortia;
3492 967 3547 1013 et
3573 923 3733 1018 stulta

2147 1013 2307 1087 hujus
2351 1023 2533 1079 mundi
2558 1027 2747 1098 elegit,
2794 1040 2854 1087 ut
2896 1035 3246 1097 confunderet
3293 1013 3731 1115 sapientesttmn

2146 1106 2237 1176 qui
2262 1121 2472 1179 essent,
2501 1116 2599 1171 sed
2626 1122 2716 1189 qui
2744 1136 2865 1178 esse
2890 1124 3196 1185 viderentur
3225 1148 3240 1185 :
3275 1142 3330 1188 et
3354 1106 3606 1206 ignobilia
3630 1106 3730 1197 1...;

2142 1194 2231 1265 jus
2270 1201 2453 1270 mundi
2480 1204 2677 1277 elegit,
2722 1219 2781 1265 et
2806 1226 2871 1267 ea
2912 1230 3032 1284 qua:
3083 1232 3189 1274 non
3215 1232 3338 1278 sunt
3356 1194 3403 1292 ,ν
3418 1235 3474 1281 ut
3515 1243 3579 1285 ea
3606 1246 3729 1302 quae

2144 1298 2268 1345 sunt
2286 1306 2565 1352 evacuaret
2588 1298 2631 1370 (ι
2657 1299 2776 1357 Cor.
2807 1320 2826 1359 ι
2840 1345 2855 1370 ,
2883 1305 2953 1361 27
2968 1306 3013 1378 ).
3536 1376 3539 1379 .

2213 1380 2438 1441 CAPUT
2477 1385 2564 1443 IV.
2591 1420 2663 1431 —-
2689 1393 2743 1448 5.
2770 1392 3099 1455 Dissonantt'a
3147 1402 3541 1478 Euangeliorum
3582 1414 3727 1470 nulla

2142 1487 2249 1543 esse
2267 1491 2440 1532 secure
2466 1480 2689 1537 creditur
2705 1524 2721 1552 ,
2750 1486 2907 1543 donec
2933 1492 3264 1566 intelligatur.
3298 1499 3508 1558 Utiliter
3525 1509 3723 1563 secreti.

2150 1562 2276 1621 Vela
2326 1585 2552 1641 appensa
2595 1577 2650 1630 in
2704 1579 2875 1635 domo.
2924 1562 3188 1658 Quidquid
3227 1593 3361 1650 velis
3413 1596 3590 1665 dicas,
3644 1562 3726 1656 in-

2140 1656 2364 1726 quiunt,
2393 1677 2493 1718 uos
2530 1664 2979 1735 deprehendimus
3005 1656 3094 1734 ubi
3132 1680 3308 1751 legitis
3335 1696 3520 1742 natum
3573 1656 3722 1748 Chri-

2137 1753 2311 1816 stum,
2338 1748 2614 1811 dissonare
2660 1757 2799 1816 intcr
2856 1776 2916 1819 se
2957 1748 3275 1841 Evangelia,
3319 1784 3375 1830 et
3415 1793 3521 1833 non
3563 1796 3718 1851 posse

2139 1844 2417 1912 utrumque
2458 1861 2638 1903 verum
2668 1864 2788 1909 esse
2811 1857 2953 1925 quod
2989 1858 3247 1920 dissouat.
3274 1866 3408 1924 Cum
3439 1844 3582 1929 enim
3625 1890 3719 1932 os-

2136 1931 2379 2004 tendero,
2411 1936 2613 2010 inquit,
2634 1942 3038 2021 dissonantiam,
3071 1967 3215 2015 recte
3250 1961 3494 2034 improbo
3516 1969 3675 2043 fidem
3699 2012 3716 2037 ,

2134 2030 2227 2078 aut
2246 2032 2302 2079 tu
2325 2029 2414 2097 qui
2455 2033 2653 2104 accipis
2677 2036 2868 2108 fidem,
2891 2046 3114 2103 ostende
3156 2029 3516 2115 concordiam.

2133 2127 2314 2183 quteso
2341 2118 2724 2182 dissonantiam
2745 2129 3172 2196 demonstrabis?
3203 2146 3456 2215 Apertam
3476 2191 3493 2217 ,
3524 2118 3714 2225 inquit,

2132 2206 2218 2260 cui
2260 2223 2417 2266 nemo
2447 2224 2619 2282 potest
2658 2223 3041 2285 contradicere.
3069 2206 3267 2298 Quam-
3285 2241 3460 2295 securi
3477 2206 3712 2315 auditis:

2129 2298 2253 2367 quia
2297 2301 2482 2361 fideles
2507 2311 2655 2366 estis.
2701 2315 3005 2388 Attendite,
3045 2322 3405 2398 dilectissimi,
3441 2343 3497 2390 et
3535 2298 3715 2396 videte

2131 2404 2287 2460 quam
2318 2395 2606 2476 salubriter
2654 2406 2939 2474 Apostolus
2977 2427 3226 2484 moneat,
3270 2395 3453 2480 dicens
3501 2445 3518 2483 :
3563 2430 3712 2488 Sicut

2128 2498 2245 2555 ergo
2272 2488 2536 2557 accepistis
2568 2492 2821 2552 Christum
2857 2500 3031 2559 Jesum
3056 2504 3330 2565 Dominum
3364 2526 3584 2573 nostrum
3608 2560 3626 2587 ,
3656 2523 3714 2579 in

2126 2573 2237 2643 ipso
2276 2577 2527 2635 ambulate
2548 2622 2564 2648 ,
2612 2587 2827 2653 radianti
2866 2600 2913 2645 et
2955 2598 3349 2668 superadiﬁcatt'
3387 2605 3440 2659 in
3470 2608 3579 2679 ipso
3599 2573 3626 2676 ,’

2125 2669 2411 2736 conﬁrmati
2434 2673 2486 2727 in
2514 2676 2634 2742 ﬁde.
2666 2677 2781 2749 Ipsa
2802 2683 2943 2739 enim
2971 2686 3196 2758 simplici
3222 2702 3275 2748 et
3299 2708 3443 2753 certa
3470 2701 3573 2757 fide
3593 2746 3610 2770 ,
3654 2706 3709 2763 in

2122 2754 2217 2811 illo
2244 2759 2466 2816 firmiter
2509 2780 2819 2833 permanere
2860 2754 3143 2846 debemus,
3187 2792 3245 2837 ut
3268 2784 3382 2855 ipse
3408 2754 3613 2858 aperiat
3637 2796 3705 2849 fi-

2123 2846 2328 2905 delibus
2353 2854 2494 2923 quod
2524 2857 2575 2911 in
2605 2872 2665 2913 se
2691 2861 3059 2923 absconditum
3087 2881 3170 2927 est
3205 2890 3220 2928 :
3251 2846 3375 2945 quia
3402 2846 3539 2937 sicut
3563 2846 3702 2941 idem

2113 2937 2249 2995 dicit
2285 2945 2589 3012 apostolus,
2618 2947 2686 3003 In
2719 2951 2811 3006 illo
2854 2966 2972 3011 sunt
2996 2975 3167 3016 omnes
3193 2937 3413 3023 tlte-eauti

2120 3043 2168 3086 et
2215 3034 2437 3091 scientia:
2476 3039 2752 3098 absconditi
2783 3045 2996 3116 (Colore.
3029 3067 3098 3120 ιι,
3128 3056 3161 3110 6
3179 3099 3194 3123 ,
3218 3059 3249 3112 7
3270 3098 3287 3123 ,
3317 3061 3395 3133 5).
3422 3034 3567 3132 Quos
3593 3084 3703 3126 non

2119 3134 2400 3195 propterea
2439 3129 2749 3202 abscondit,
2800 3149 2857 3193 ut
2895 3152 3083 3212 neget,
3126 3148 3229 3203 .sed
3271 3160 3330 3205 ιιι
3355 3129 3705 3218 absconditis

2119 3217 2314 3271 excitet
2354 3217 2696 3278 desiderium.
2751 3226 2877 3284 Haec
2912 3242 2997 3287 est
3020 3235 3222 3294 utilitas
3246 3245 3459 3300 secreti.
3488 3247 3700 3306 Honora

2112 3303 2170 3369 in
2200 3322 2265 3360 eo
2285 3309 2425 3375 quod
2453 3312 2688 3369 nondum
2737 3316 3016 3391 intelligis;
3057 3335 3112 3381 et
3157 3335 3303 3386 tanto
3327 3336 3497 3406 magis
3540 3303 3704 3396 hono-

2115 3412 2173 3452 ra
2194 3438 2210 3465 ,
2258 3412 2457 3471 quanto
2488 3405 2635 3473 plura
2663 3409 2781 3464 vela
2820 3415 3016 3472 cernis.
3046 3417 3258 3484 Quanto
3287 3405 3437 3482 enim,
3470 3432 3700 3505 quisque

2115 3486 2423 3548 honoratior
2465 3505 2572 3563 est,
2616 3507 2763 3556 tanto
2801 3504 2954 3573 plura
3000 3511 3119 3566 vela
3166 3516 3398 3584 pendent
3442 3486 3505 3576 in.
3536 3486 3700 3585 doluo

2113 3583 2249 3649 ejus.
2278 3582 2407 3639 Vela
2427 3586 2626 3644 faciunt
2650 3590 2909 3651 honorem
2933 3604 3123 3658 secreti
3154 3582 3181 3657 ε*
3197 3607 3290 3663 sed
3310 3608 3699 3676 honorantibus

2112 3672 2354 3730 levantur
2381 3680 2515 3734 vela.
2533 3680 2818 3742 lrridentes
2842 3700 3020 3746 autem
3046 3696 3185 3761 vela,
3215 3709 3269 3754 et
3290 3716 3321 3756 a
3347 3705 3584 3764 velorum
3612 3712 3697 3766 vi-

2109 3765 2326 3821 cinitate
2351 3768 2641 3838 pelluntur.
2666 3775 2800 3842 Quia
2822 3795 2952 3850 ergo
2975 3787 3264 3859 transimus
3287 3793 3354 3848 ad
3379 3794 3693 3872 Christum,

2107 3855 2345 3912 aufertur
2378 3861 2617 3917 velamen
2646 3864 2715 3935 (ll
2741 3865 2860 3924 Cor.
2888 3886 2977 3940 tu,
3009 3855 3122 3947 16).

2104 3998 2109 4001 _
2177 3948 2403 4004 CAPUT
2444 3951 2508 4006 V.
2543 3984 2616 3994 —
2640 3958 2694 4011 6.
2725 3957 2972 4030 Ρὶαράεε
2998 3964 3403 4040 Scripturarum.
3451 3981 3695 4055 Λαρωε.

2105 4052 2200 4090 nus
2223 4039 2292 4090 ad
2331 4040 2525 4096 divinas
2567 4045 2860 4118 Scripturas
2905 4069 3007 4110 non
3047 4039 3186 4129 piam
3225 4078 3438 4124 mentem
3475 4039 3693 4140 aitarens

2104 4130 2407 4200 aliquando,
2454 4134 2715 4207 decipitur.
2761 4140 3049 4219 Proferunt
3091 4154 3383 4216 calumnias
3429 4130 3554 4222 suas
3575 4130 3694 4239 qui;

2103 4217 2259 4287 dam,
2302 4232 2357 4276 et
2399 4224 2583 4282 dicunt
2618 4245 2634 4282 :
2678 4229 2958 4292 Matthatus
3000 4252 3145 4298 certe
3202 4253 3523 4323 evangelista
3571 4217 3691 4314 ἔδιῖ

2101 4309 2541 4383 Respondemus,
2572 4319 2676 4387 ita,
2705 4322 2795 4392 pio
2836 4341 2959 4395 ore,
2989 4332 3152 4389 corde
3196 4309 3390 4403 devoto
3409 4384 3424 4409 ,
3458 4345 3512 4401 in
3538 4351 3689 4407 nullo

2103 4404 2324 4460 oiuuino
2351 4406 2656 4468 dubitantes
2682 4430 2695 4466 :
2724 4419 3115 4487 respondemus
3135 4427 3291 4497 plane
3308 4471 3327 4500 ,
3348 4404 3688 4509 Evangelista

2102 4503 2187 4559 ea
2207 4494 2514 4556 malum“
2544 4500 2730 4560 credis
2753 4506 2835 4575 θί»
2864 4494 3153 4582 inquiunt'f
3173 4494 3320 4587 Quis
3331 4538 3437 4581 non

2101 4585 2260 4654 deat,
2286 4589 2501 4647 Credo?
2524 4593 2805 4661 Quomodo
2827 4599 2896 4657 de
2919 4585 3397 4672 murmure-vestro
3418 4620 3508 4690 pio
3726 4615 3743 4630 ’

2101 4680 2249 4733 nuit?
2273 4679 2348 4736 Ita
2369 4722 2386 4749 ,
2415 4683 2604 4741 fratres
2625 4728 2642 4754 ,
2685 4688 2733 4744 si
2769 4704 2960 4751 secure
2983 4699 3199 4757 creditis
3227 4705 3243 4736 ⁸
3261 4745 3280 4772 ,
3307 4679 3516 4768 nonest
3545 4679 3688 4774 unde

2099 4773 2447 4839 erubescatis.
2469 4777 2684 4849 Loquor
2711 4783 2897 4853 vobis,
2923 4788 3207 4861 aliquando
3246 4798 3534 4874 deceptus,
3561 4823 3685 4864 cum

2103 4866 2276 4935 primo
2301 4883 2434 4937 puer
2470 4870 2537 4925 ad
2563 4871 2770 4932 divinas
2795 4876 3097 4950 Scripturas
3135 4897 3261 4945 ante
3282 4866 3476 4952 vellem

2098 4972 2328 5015 acumen
2365 4960 2682 5020 discutiendi
2702 5008 2718 5034 ,
2750 4983 2909 5039 quam
2948 4973 3200 5043 pietatem
3238 4989 3552 5052 quaerendi:
3582 5008 3686 5065 ego

2098 5049 2217 5118 ipse
2240 5059 2425 5107 contra
2453 5066 2541 5109 me
2565 5061 2830 5126 perversis
2867 5066 3104 5123 moribus
3129 5049 3441 5132 claudebam
3462 5049 3683 5151 janua‘t'n

2098 5139 2309 5197 Domini
2337 5143 2445 5199 mei
2476 5161 2490 5198 :
2522 5160 2643 5201 cum
2664 5150 2685 5180 ¹
2713 5151 2924 5220 pulsare
2942 5154 3193 5215 deberem
3218 5202 3235 5227 ,
3263 5175 3319 5219 ut
3347 5139 3682 5242 aperiretur;

2098 5229 2355 5288 addebam
2373 5275 2390 5302 ,
2433 5243 2492 5290 ut
2512 5238 2881 5304 ,‘clauderetur.
2926 5245 3200 5319 Superbus
3232 5229 3399 5313 enim-
3417 5229 3683 5323 audebam

2098 5337 2374 5393 quarere,
2432 5328 2573 5397 quod
2624 5330 2730 5388 nisi
2772 5332 2987 5394 humilis
3039 5356 3146 5398 non
3194 5358 3371 5417 potest
3418 5354 3680 5417 invenire.

2098 5413 2306 5481 Quanto
2331 5432 2425 5473 vos
2453 5416 2721 5479 beatiores
2738 5427 2867 5482 estis
2894 5430 3086 5489 modo!
3114 5413 3274 5507 quam
3313 5447 3490 5501 securi
3517 5448 3675 5507 disci-

2097 5599 2310 5712 dGLHMss.
2332 5566 2355 5659 .'
2388 5599 2604 5653 dacem
2634 5604 2849 5660 creditis.
2890 5615 3152 5681 Partimda,
3187 5622 3264 5686 εἰ,
3298 5627 3577 5690 manna.”
3612 5640 3680 5693 vi.

2162 5725 2512 5789 'Iss.,quarn.
