4012 6338
293 347 398 405 337

292 464 395 529 tis,
424 476 583 532 quam
621 461 719 515 tuti
746 460 797 527 ¹,
828 459 1149 530 quicumque
1197 457 1371 523 adhuc
1417 458 1621 529 parvuli
1672 465 1801 512 esus
1831 457 1885 511 in

290 555 415 609 nido
442 554 605 621 ﬁdei,
631 564 685 609 et
711 553 1046 624 spiritualcm
1068 567 1246 608 escam
1269 552 1533 622 accipitis!
1567 553 1677 624 Ego
1705 560 1883 605 autem

288 648 473 714 miser,
492 663 612 703 cum
648 661 735 701 me
750 646 815 701 ad
832 646 1113 701 velandum
1131 646 1378 701 idoneum
1404 656 1666 716 putarem,
1692 643 1883 714 reliqui

290 740 505 804 nidum;
533 749 590 795 et
613 740 762 810 prius
790 738 993 806 cecidi,
1025 755 1184 809 quam
1206 739 1465 793 volarem.
1497 736 1602 793 Sed
1630 738 1882 791 Dominus

286 834 595 889 misericors
616 848 724 899 me,
749 848 780 887 a
808 832 1207 887 transeuntibus
1233 847 1299 887 ne
1322 832 1663 887 conculcarer
1688 838 1741 885 et
1764 842 1881 884 mo-

286 943 457 994 rerer,
489 927 717 991 levavit,
749 926 874 982 etin
900 925 1027 980 nido
1048 925 1304 996 reposuit.
1334 924 1459 979 Haec
1478 923 1621 978 enim
1650 936 1736 978 me
1761 935 1883 992 per-

282 1020 651 1085 turbaverunt,
680 1034 800 1088 quze
831 1017 990 1073 modo
1017 1017 1168 1072 vobis
1198 1032 1417 1073 securus
1444 1018 1493 1070 in
1527 1015 1743 1071 nomine
1770 1014 1877 1069 Do-

282 1111 414 1164 mini
453 1120 510 1165 et
536 1124 781 1181 propono
802 1152 816 1176 ,
841 1117 895 1164 et
918 1124 1149 1181 expono.

351 1203 406 1255 7.
478 1201 705 1257 Christus
762 1201 1012 1269 quomodo
1084 1201 1221 1270 ﬁlius
1261 1201 1516 1255 Abraham
1583 1209 1630 1255 et
1689 1198 1877 1254 David.

279 1294 349 1350 Ut
404 1309 534 1363 ergo
571 1294 752 1349 dicere
816 1308 1114 1364 cmperam,
1169 1292 1241 1347 ita
1306 1293 1383 1347 illi
1444 1291 1875 1347 calumniantur:

278 1388 593 1453 Matthzeus,
618 1388 891 1457 inquiunt,
923 1388 1252 1457 evangelista
1292 1397 1375 1441 est
1395 1427 1410 1452 ,
1440 1394 1497 1442 et
1540 1386 1759 1441 creditis
1789 1385 1878 1440 ei?

277 1478 689 1549 Conscquenter
734 1480 914 1549 utique
961 1495 1120 1549 quem
1178 1478 1407 1533 fatemur
1455 1479 1873 1548 evangelistam,

281 1571 406 1624 huic
468 1572 777 1625 necessario
824 1570 1112 1625 credimus.
1170 1570 1443 1625 Attendite
1504 1570 1876 1640 generationes

275 1663 499 1728 Christi,
522 1678 654 1733 quas
685 1663 863 1732 posuit
883 1662 1159 1717 Matthteus
1184 1682 1198 1717 :
1221 1660 1372 1715 Liber
1390 1664 1725 1733 generationis
1749 1661 1875 1717 Iesu

278 1754 503 1821 Christi,
529 1757 622 1823 ﬁlii
641 1755 828 1822 David,
849 1756 944 1824 ﬁlii
964 1754 1239 1808 Abraham.
1264 1754 1543 1821 Quomodo
1561 1756 1654 1821 ﬁlii
1685 1753 1871 1823 David,

275 1848 547 1917 quomodo
580 1848 675 1917 ﬁlii
706 1846 999 1901 Abraham?
1024 1846 1135 1901 Nisi
1172 1846 1315 1901 enim
1360 1861 1455 1917 per
1480 1845 1871 1901 successionem

272 1942 488 2010 generis
507 1983 522 2007 ,
547 1939 756 1995 ostendi
778 1954 880 1994 non
910 1948 1105 2009 potest.
1139 1938 1356 1993 Constat
1390 1938 1583 2007 quippe
1609 1952 1730 1992 cum
1762 1937 1870 1992 Do-

275 2032 453 2085 minus
481 2038 791 2086 nasceretur
818 2030 885 2085 de
910 2030 1115 2100 virgine
1137 2029 1329 2093 Maria,
1364 2044 1533 2098 neque
1560 2027 1829 2083 Abraham
1851 2070 1868 2097 ,

275 2140 451 2193 neque
480 2124 648 2178 David
675 2125 726 2177 in
756 2124 913 2179 rebus
943 2122 1188 2176 humanis
1209 2122 1391 2176 fuisse.
1427 2123 1489 2176 Et
1529 2131 1583 2175 tu
1622 2122 1870 2176 eumdem

273 2216 411 2272 dicis
458 2218 623 2271 lilimn
677 2216 883 2282 David,
914 2216 1266 2286 eumdemque
1306 2214 1437 2269 dicis
1486 2214 1652 2268 ﬁlium
1696 2215 1869 2270 Abra-

274 2309 441 2361 ham?
486 2308 760 2378 Tanquam
783 2307 1021 2362 dicamus
1052 2306 1302 2360 Matthaco
1321 2348 1337 2371 ,
1376 2306 1547 2359 Proba
1572 2321 1700 2375 ergo
1728 2306 1870 2375 quod

272 2400 430 2455 dicis.
478 2401 743 2469 Exspecto
785 2400 927 2454 enim
974 2398 1367 2453 successionem
1407 2397 1616 2466 generis
1654 2396 1868 2452 Christi.

274 2490 565 2557 Abraham,
610 2490 813 2561 inquit,
862 2489 1032 2561 genuit
1075 2487 1259 2552 Isaac,
1296 2486 1448 2541 Isaac
1491 2497 1658 2542 autem
1704 2488 1871 2559 genuit

273 2582 455 2637 Iacob.
486 2582 649 2636 Iacob
677 2590 842 2635 autem
867 2582 1038 2651 genuit
1066 2579 1292 2645 Iudam,
1323 2587 1367 2634 et
1404 2582 1586 2649 fratres
1615 2579 1743 2649 ejus.
1773 2577 1874 2631 Iu-

273 2675 366 2729 das
386 2688 555 2729 autem
584 2676 753 2746 genuit
781 2674 979 2729 Phares
1011 2684 1056 2728 et
1094 2672 1283 2727 Zaram
1311 2672 1374 2726 de
1397 2671 1643 2725 Thamar.
1676 2670 1873 2726 Phares

276 2778 444 2822 autem
467 2769 639 2838 genuit
677 2767 861 2821 Esron.
894 2767 1057 2821 Esron
1100 2775 1265 2819 autem
1291 2766 1461 2837 genuit
1503 2764 1678 2818 Aram.
1718 2764 1873 2818 Aram

273 2872 444 2915 autem
471 2861 642 2932 genuit
671 2859 975 2913 Antinadab.
1001 2859 1283 2912 Aminadab
1310 2868 1475 2910 autem
1500 2858 1669 2926 genuit
1697 2854 1869 2909 Νικαε-

274 2970 386 3007 son.
420 2952 661 3005 Naasson
700 2960 868 3004 autem
893 2951 1063 3021 genuit
1099 2949 1335 3003 Salmon.
1360 2947 1574 3015 Salmon
1598 2956 1761 2999 autem
1781 2963 1870 3017 ge-

273 3046 383 3098 nuit
404 3044 547 3098 Booz
565 3061 629 3097 ex
659 3044 858 3098 Ita/tab.
893 3042 1031 3097 Βοοι
1058 3056 1224 3096 autem
1255 3041 1420 3111 genuit
1450 3040 1588 3093 Obed
1616 3057 1679 3094 ea:
1714 3040 1867 3095 Ruth.

280 3138 423 3193 Ubed
446 3147 619 3192 autem
643 3138 811 3207 genuit
845 3136 1006 3190 Iesse.
1038 3133 1183 3188 Iesse
1202 3144 1368 3187 autem
1406 3133 1575 3203 genuit
1603 3130 1767 3185 David
1795 3148 1875 3186 rc-

273 3250 405 3305 gem.
434 3232 553 3286 Jam
596 3232 717 3285 hinc
743 3231 999 3285 attendite
1023 3227 1468 3300 quemadmodum
1494 3242 1524 3281 a
1556 3228 1715 3281 David
1748 3244 1871 3297 pcr-

277 3326 523 3380 vcniatur
551 3323 617 3377 ad
643 3322 946 3389 Christum,
975 3322 1066 3391 qui
1109 3320 1281 3375 dictus
1329 3328 1412 3374 est
1440 3318 1577 3373 ﬁlius
1606 3318 1871 3373 Abraham

273 3427 326 3472 et
350 3418 492 3472 ﬁlius
528 3416 712 3470 David.
745 3414 909 3468 David
936 3422 1106 3467 autem
1126 3454 1141 3478 ,
1165 3411 1369 3481 inquit,
1399 3412 1572 3481 genuit
1628 3409 1871 3465 Salomo-

275 3526 388 3563 nem
416 3525 481 3561 ea:
508 3525 568 3561 ea
596 3523 711 3576 qua:
736 3506 829 3577 fuit
875 3505 1032 3560 Urite.
1075 3503 1321 3559 Salonton
1357 3514 1522 3556 autent
1548 3503 1715 3573 genuit
1762 3500 1869 3555 Ro-

278 3603 447 3654 boam.
480 3600 709 3654 Roboam
736 3607 900 3651 autem
922 3597 1088 3669 genuit
1113 3596 1312 3649 Abiam.
1336 3595 1489 3648 Abias
1509 3605 1674 3648 autem
1704 3595 1872 3663 genuit

275 3692 401 3746 Asa.
432 3693 535 3745 Asa
559 3699 726 3745 autem
753 3690 923 3761 genuit
949 3688 1217 3757 Iosophat.
1236 3686 1489 3757 Iosophat
1508 3698 1675 3741 autem
1700 3688 1873 3758 genuit

276 3781 481 3837 Ioram.
511 3782 691 3836 Ioram
711 3791 876 3835 autem
916 3780 1083 3849 genuit
1108 3779 1304 3834 Oziam.
1340 3777 1491 3832 Ozias
1517 3790 1679 3832 autem
1704 3780 1873 3849 genuit

274 3871 544 3925 Ioatham.
584 3870 827 3925 Ioatham
856 3880 1021 3924 autem
1060 3870 1231 3942 genuit
1262 3869 1450 3922 Achaz.
1499 3869 1671 3922 Achaz
1707 3880 1872 3923 autem

276 3965 449 4033 genuit
498 3961 792 4015 Ezechiam.
847 3959 1092 4014 Ezechias
1140 3969 1310 4013 autem
1360 3959 1530 4030 genuit
1575 3957 1868 4013 Manassen.

277 4055 546 4109 Manasses
570 4064 736 4108 autent
771 4054 940 4124 genuit
970 4054 1152 4107 Anton.
1186 4053 1348 4106 Aman
1390 4061 1555 4105 autem
1582 4052 1751 4121 genuit
1773 4050 1871 4106 Io-

276 4148 424 4199 siam.
452 4145 628 4199 Iosias
652 4155 818 4199 autem
859 4146 1027 4215 genuit
1068 4144 1369 4198 Iechoniant
1414 4154 1457 4197 et
1500 4144 1681 4213 fratres
1723 4147 1869 4216 ejus,

276 4238 327 4290 in
354 4238 799 4307 transmigratione
826 4235 1119 4307 Babylonis.
1149 4234 1215 4288 Et
1242 4244 1351 4303 post
1381 4237 1873 4306 transmigrationem

277 4327 586 4398 Babylonis,
619 4328 889 4382 Iechonias
910 4329 1078 4398 genuit
1122 4326 1394 4382 Salathiel.
1428 4327 1682 4382 Salathiel
1702 4339 1870 4382 autem

276 4424 445 4492 genuit
472 4422 773 4476 Zorobabel.
802 4420 1082 4475 Zorobabel
1110 4431 1275 4474 autem
1300 4421 1467 4491 genuit
1490 4420 1673 4474 Abiud.
1707 4421 1870 4474 Abiud

276 4526 441 4569 autem
483 4515 654 4585 genuit
701 4514 975 4568 Eliachim.
1022 4513 1273 4567 Eliachim
1318 4522 1480 4565 autem
1508 4502 1677 4582 genuit
1716 4514 1866 4566 Δία.

278 4607 408 4661 Aser
431 4618 599 4661 autem
644 4608 815 4677 genuit
846 4606 1037 4661 Sadoc.
1079 4606 1250 4661 Sadoc
1274 4616 1438 4659 autem
1466 4606 1635 4676 genuit
1668 4606 1867 4659 Achim.

277 4703 653 4765 Achimautem
681 4702 849 4771 genuit
878 4698 1057 4756 Eliud.
1079 4697 1237 4753 Eliud
1254 4709 1419 4752 autent
1445 4698 1615 4769 genuit
1633 4698 1865 4752 Eleazar.

278 4792 493 4854 Eleum-
533 4802 698 4846 autem
741 4793 909 4863 genuit
958 4790 1191 4843 Mathan.
1241 4788 1453 4843 Mathan
1497 4799 1665 4842 autent
1700 4791 1869 4860 genuit

272 4882 453 4937 Iacob.
502 4882 665 4937 Iacob
712 4894 877 4937 autent
922 4882 1088 4953 genuit
1108 4881 1318 4952 Ioseph,
1350 4882 1514 4933 virum
1559 4880 1778 4934 Mariae:
1808 4881 1870 4935 de

271 4992 369 5041 qua
400 4984 551 5029 natus
577 4985 649 5029 est
672 4973 841 5041 Iesus,
867 4977 951 5045 qui
983 4983 1188 5028 vocatur
1216 4972 1466 5029 Christus.
1499 4973 1587 5028 Sic
1612 4987 1741 5042 ergo
1772 4988 1868 5042 per

272 5067 519 5123 ordinem
556 5067 1057 5136 successionemque
1095 5073 1371 5135 parentum
1392 5074 1445 5119 et
1472 5065 1865 5135 progenitorum

274 5159 542 5213 invenitur
569 5157 817 5214 Christus
844 5157 985 5211 ﬁlius
1017 5156 1179 5211 David
1200 5198 1214 5222 ,
1248 5156 1384 5209 ﬁlius
1410 5154 1700 5210 Abraham.

340 5250 398 5305 8.
452 5249 812 5303 Generationes
857 5248 918 5301 ab
969 5247 1225 5301 Abraham
1267 5263 1424 5317 usque
1470 5246 1537 5300 ad
1592 5246 1864 5301 Christum.

268 5342 365 5395 Cui
411 5342 488 5396 rei
532 5340 760 5397 ﬁdeliter
814 5350 1114 5403 enarratae,
1166 5339 1320 5394 istam
1386 5339 1702 5394 calumniam
1755 5338 1865 5409 pri-

270 5450 413 5488 mam
442 5442 659 5487 movent
678 5475 692 5498 ,
716 5433 835 5503 quia
867 5433 1104 5503 sequitur
1128 5431 1266 5487 idem
1294 5431 1592 5497 Mattbrcus,
1622 5440 1677 5486 et
1700 5431 1862 5486 dicit:

270 5525 462 5579 Omnes
487 5525 831 5594 generationes
856 5525 917 5578 ab
946 5524 1200 5577 Abraham
1229 5540 1385 5592 usque
1406 5524 1473 5576 ad
1501 5521 1683 5587 David,
1712 5539 1864 5593 gene-

266 5618 493 5671 rationes
538 5615 918 5687 quatuordecim
945 5631 962 5668 :
991 5624 1035 5669 et
1060 5633 1090 5667 a
1124 5614 1290 5668 David
1331 5631 1483 5684 usque
1530 5616 1596 5665 ad
1627 5615 1862 5667 transmi-

266 5709 556 5778 grationem
588 5707 888 5777 Babylonis,
930 5708 1274 5778 generationes
1314 5706 1688 5775 quatuordccim
1717 5722 1734 5758 .·
1764 5715 1809 5761 et
1834 5723 1864 5759 a

375 5820 451 5873 Sic
479 5820 655 5884 Regius
677 5827 757 5869 Ms.
792 5827 847 5871 At
868 5827 994 5883 lov.,
1029 5833 1173 5884 quam
1191 5817 1387 5871 utiliter.

1816 340 2042 398 SERMO
2079 344 2161 399 ιι.

3467 356 3571 414 538

1996 462 2433 533 transmigratione
2470 465 2742 537 Babylonis
2767 485 2923 537 usque
2956 470 3023 523 ad
3045 470 3336 539 Christum,
3360 490 3573 541 genera-

1991 552 2148 606 tiones
2169 555 2563 623 quatuordecim.
2595 559 2793 615 Deinde
2814 562 3067 631 subjecit,
3098 573 3156 617 ut
3185 574 3423 619 narraret
3442 580 3573 636 quo-

1989 645 2149 701 modo
2190 657 2344 703 natus
2381 657 2463 703 cst
2489 650 2731 707 Christus
2782 653 2849 709 de
2879 654 3041 710 Maria
3080 656 3286 727 virgine
3309 698 3324 722 ,
3353 656 3573 727 subjun-

1948 750 2152 805 gens,
2198 748 2253 793 et
2305 740 2489 795 dicens
2526 740 2751 798 :Christi
2805 755 2971 799 autem
3020 748 3273 818 generatio
3318 749 3391 803 sic
3440 758 3568 804 erat.

1986 829 2196 886 Etenim
2248 833 2434 889 ordine
2476 844 2751 904 parentum
2799 840 3127 895 enumeravit
3163 856 3328 911 quare
3364 841 3573 899 dicatur

1985 921 2225 979 Christus
2254 924 2388 979 ﬁlius
2420 926 2605 993 David,
2635 927 2773 983 ﬁlius
2805 929 3087 985 Abraham.

2000 1050 2018 1063 κ
2055 1012 2283 1073 CAPUT
2321 1018 2409 1073 Vl.
2443 1020 2815 1089 —Quomodo
2840 1032 3017 1078 autem
3062 1034 3217 1081 natus
3263 1028 3362 1092 sit,
3405 1037 3459 1082 et
3486 1028 3570 1083 in-

1985 1112 2068 1160 ter
2089 1106 2330 1163 homines
2377 1112 2681 1179 apparuerit
2703 1154 2717 1176 ,
2751 1116 2953 1167 narrari
2984 1114 3092 1184 jam
3130 1116 3326 1182 debet;
3358 1128 3412 1173 et
3436 1134 3566 1173 con-

1983 1211 2211 1267 sequens
2236 1210 2317 1253 est
2356 1201 2469 1271 ipsa
2494 1204 2724 1257 narratio
2743 1245 2758 1269 ,
2788 1220 2883 1273 per
2911 1220 3067 1275 quam
3092 1208 3357 1262 credimus
3383 1210 3565 1263 Domi-

1983 1305 2108 1343 num
2137 1302 2371 1347 nostrum
2411 1292 2590 1347 Iesum
2618 1294 2886 1349 Christum
2916 1313 3018 1351 non
3064 1298 3233 1352 solum
3277 1309 3460 1355 natum
3500 1299 3568 1355 de

1983 1380 2094 1435 Deo
2122 1383 2476 1453 sempiterno,
2502 1395 2823 1440 coccternum
2850 1389 2898 1442 ei
2923 1390 3011 1458 qui
3037 1391 3220 1459 genuit
3238 1401 3361 1446 ante
3386 1393 3565 1446 omnia

1985 1479 2242 1541 tempora,
2272 1483 2393 1529 ante
2418 1491 2630 1531 omnem
2650 1488 2964 1543 creaturam,
2990 1495 3087 1549 per
3109 1496 3264 1550 quem
3288 1482 3421 1535 facta
3440 1494 3566 1537 sunt

1979 1563 2156 1616 omnia
2182 1580 2195 1627 ;
2226 1563 2319 1618 sed
2339 1566 2497 1620 etiam
2516 1567 2623 1634 jam
2650 1577 2828 1622 natum
2858 1568 2925 1625 de
2946 1570 3142 1639 Spiritu
3164 1580 3348 1625 sancto
3373 1587 3437 1627 ex
3461 1574 3565 1627 vir-

1978 1653 2099 1722 gine
2124 1655 2319 1722 Maria,
2350 1658 2489 1727 quod
2541 1661 2739 1729 pariter
2776 1662 3108 1717 conﬁtemur.
3143 1663 3564 1721 Reminiscimini

1978 1746 2120 1799 enim
2165 1755 2218 1801 et
2274 1750 2441 1803 nostis
2483 1751 2503 1819 (
2526 1750 2811 1807 Catliolicis
2847 1754 3041 1824 quippe
3084 1756 3273 1826 loquor
3315 1757 3564 1813 fratribus

1977 1836 2141 1902 meis)
2171 1838 2307 1894 hanc
2335 1856 2454 1896 esse
2480 1842 2636 1897 ﬁdem
2678 1852 2952 1910 nostram,
2985 1847 3084 1901 hoc
3124 1864 3219 1902 nos
3245 1849 3479 1917 proﬁteri
3510 1860 3565 1905 et

1976 1930 2239 1984 conliteri.
2276 1932 2376 1986 Pro
2418 1934 2513 1989 ista
2542 1934 2645 1990 ﬁde
2676 1935 2949 1991 interfecta
3001 1948 3124 1993 sunt
3161 1941 3321 1994 millia
3358 1952 3561 2012 marty-

1977 2038 2115 2090 rum,
2145 2032 2257 2079 toto
2283 2028 2411 2080 orbe
2433 2036 2712 2083 terrarum.

2048 2117 2102 2171 9.
2161 2117 2430 2189 Conceptio
2466 2118 2651 2175 Christi
2719 2124 2781 2176 de
2849 2124 3046 2193 Spiritu
3096 2136 3289 2180 sancto.
3353 2127 3563 2183 Iustitia

1974 2206 2166 2277 Ioseph
2211 2210 2441 2278 sincera,
2489 2229 2587 2266 non
2637 2231 2787 2268 suam.
2845 2216 2953 2269 Hoc
2991 2220 3129 2271 enim
3192 2218 3331 2288 quod
3386 2222 3563 2290 sequi-

1978 2308 2060 2353 tur
2090 2300 2271 2354 volunt
2300 2302 2372 2356 illi
2402 2302 2703 2375 ridere,qui
2726 2306 2906 2360 volunt
2924 2308 3078 2361 ﬁdem
3106 2309 3364 2379 derogare
3389 2310 3563 2366 Libris

1975 2393 2291 2461 evangelii-is
2316 2410 2329 2445 :
2360 2404 2416 2447 ut
2437 2410 2533 2449 nos
2560 2397 2723 2451 veluti
2743 2399 3025 2453 ostendant
3051 2408 3249 2455 temere
3273 2402 3563 2458 credidisse

1975 2483 2115 2553 qtnod
2157 2485 2385 2540 dicitur:
2417 2487 2541 2541 Cum
2570 2500 2693 2543 esset
2733 2492 3035 2561 desponsata
3075 2505 3232 2548 mater
3256 2498 3365 2564 ejus
3394 2496 3563 2550 Maria

1973 2575 2191 2648 Ioseph,
2222 2590 2487 2651 antequam
2524 2585 2871 2649 convenirent,
2899 2586 3097 2639 inventa
3116 2598 3187 2640 est
3214 2589 3265 2640 in
3296 2597 3434 2641 utero
3465 2589 3562 2642 ha-

1976 2669 2092 2723 bens
2112 2671 2174 2724 de
2202 2672 2401 2742 Spiritu
2429 2685 2620 2727 sancto.
2643 2674 2835 2745 Ioseph
2862 2688 3029 2731 autent
3063 2679 3135 2731 vir
3172 2682 3280 2749 ejus
3300 2697 3412 2733 cum
3433 2690 3565 2735 esset

1968 2765 2136 2831 justus
2161 2804 2175 2827 ,
2211 2772 2258 2816 et
2286 2765 2437 2819 nollet
2460 2781 2570 2819 eam
2608 2767 2897 2832 traducere,
2934 2768 3086 2822 voluit
3129 2786 3237 2822 eam
3274 2772 3463 2823 occulte
3482 2770 3566 2824 di—

1976 2853 2185 2907 mittere.
2210 2854 2340 2922 Quia
2365 2857 2506 2909 cnim
2538 2856 2603 2910 de
2648 2873 2705 2911 se
2730 2858 2999 2927 gravidam
3052 2875 3156 2914 non
3180 2875 3297 2914 esse
3321 2861 3519 2915 sciebat
3542 2901 3562 2926 ,

1972 2942 2080 3011 jam
2111 2945 2253 2999 velut
2294 2957 2684 3016 consequenter
2708 2948 3003 3004 adulteram
3041 2950 3393 3005 existimabat.
3432 2950 3565 3007 Cum

1975 3048 2103 3089 esset
2139 3039 2337 3107 justus,
2369 3039 2505 3093 sicut
2546 3040 2818 3110 Scriptura
2852 3042 3017 3108 dicit,
3045 3053 3091 3097 et
3140 3045 3292 3098 nollet
3318 3061 3429 3098 eam
3457 3056 3568 3099 tra-

1976 3127 2174 3194 ducere,
2208 3129 2256 3182 id
2283 3140 2362 3184 est
2391 3129 2682 3201 divulgare,
2713 3149 2833 3187 nam
2858 3133 2958 3189 hoc
2981 3136 3141 3189 etiam
3172 3136 3321 3190 multi
3350 3137 3564 3193 codices

1980 3220 2176 3275 habent
2200 3238 2213 3286 ;
2240 3223 2393 3276 voluit
2417 3239 2529 3277 eam
2557 3226 2748 3279 occulte
2767 3226 3031 3281 dimittere.
3058 3227 3326 3283 Turbatur
3346 3229 3563 3299 quidem

1977 3315 2231 3383 maritus,
2259 3316 2351 3369 sed
2402 3332 2505 3371 non
2558 3317 2712 3371 smvit
2732 3317 2925 3387 justus.
2960 3318 3125 3373 Tanta
3172 3320 3313 3374 enim
3358 3320 3563 3389 justitia

1980 3405 2227 3460 tribuitur
2258 3406 2379 3461 huic
2405 3408 2546 3473 viro,
2580 3419 2635 3463 ut
2658 3425 2759 3465 nec
2799 3410 2958 3466 vellet
3003 3410 3200 3467 habere
3224 3412 3517 3468 adulteram
3543 3456 3559 3479 ,

1980 3512 2075 3552 nec
2102 3498 2321 3552 auderet
2365 3501 2550 3569 punire
2571 3502 2854 3571 vulgatam.
2898 3502 3069 3557 Voluit
3099 3521 3226 3569 eam,
3248 3504 3418 3576 inquit
3440 3548 3454 3571 ,
3477 3522 3564 3559 oc-

1977 3590 2110 3642 culte
2160 3590 2407 3645 dimittere
2436 3609 2456 3647 :
2486 3593 2606 3662 quia
2657 3609 2761 3649 nou
2788 3596 2958 3649 solum
2989 3612 3106 3651 eam
3129 3599 3315 3667 punire
3362 3601 3561 3666 noluit,

1977 3680 2070 3737 sed
2123 3696 2220 3734 nec
2265 3682 2510 3751 prodere.
2553 3685 2823 3739 Attendite
2846 3687 3107 3742 sinceram
3137 3688 3415 3758 justitiam.
3447 3692 3565 3747 Non

1977 3772 2118 3826 enim
2151 3782 2428 3842 propterea
2457 3790 2675 3844 parcere
2704 3776 2948 3841 volebat,
2973 3778 3115 3847 quod
3155 3778 3353 3835 habere
3373 3783 3561 3851 cupie-

1977 3866 2083 3919 bat.
2113 3865 2260 3920 Multi
2284 3868 2424 3921 enim
2456 3883 2639 3923 amore
2667 3870 2865 3924 carnali
2892 3870 3148 3927 adulteris
3167 3875 3419 3930 uxoribus
3438 3891 3562 3945 par-

1976 3968 2141 4026 cunt,
2173 3960 2412 4015 volentes
2460 3976 2551 4016 eas
2594 3971 2647 4016 et
2687 3962 2954 4018 adulteras
2979 3964 3203 4028 habere,
3249 3976 3307 4020 ut
3344 3967 3423 4021 eis
3463 3982 3563 4038 per

1975 4051 2241 4104 carnalem
2264 4052 2744 4122 concupiscentiam
2774 4054 3130 4123 perfruantur.
3161 4055 3257 4111 llic
3282 4067 3457 4112 autem
3480 4058 3562 4113 vir

1971 4143 2146 4210 justus
2167 4142 2359 4198 habere
2390 4158 2507 4198 eam
2538 4159 2644 4198 non
2686 4145 2799 4199 vult
2824 4164 2837 4201 :
2858 4162 2984 4217 ergo
3022 4164 3125 4202 non
3165 4150 3448 4205 carnaliter
3473 4152 3559 4205 di-

1978 4236 2106 4305 ligit.
2156 4237 2221 4290 Et
2248 4245 2425 4291 tamen
2465 4237 2650 4306 punire
2665 4254 2770 4292 non
2799 4240 2949 4293 vult:
2982 4256 3109 4310 ergo
3143 4242 3561 4300 misericorditer

1976 4328 2163 4398 parcit.
2196 4327 2377 4395 Qualis
2420 4327 2506 4381 hic
2527 4332 2701 4397 justus
2739 4330 2860 4384 est?
2886 4330 2994 4385 Nec
3034 4340 3178 4387 tenet
3221 4333 3515 4389 adulteram
3539 4378 3557 4403 ,

1976 4435 2075 4475 nec
2092 4428 2365 4489 propterea
2384 4435 2599 4489 parcere
2616 4420 2901 4493 videtur(a)
2913 4464 2927 4488 ,
2941 4422 3063 4492 quia
3084 4423 3365 4481 libidinose
3376 4425 3559 4496 dilige-

1975 4520 2055 4565 ret
2090 4529 2101 4564 :
2136 4520 2189 4564 ct
2215 4520 2385 4564 tamen
2435 4526 2533 4565 nec
2582 4512 2765 4580 punit,
2798 4529 2895 4567 nec
2938 4513 3131 4582 prodit.
3165 4514 3353 4571 Merito
3398 4518 3559 4588 plane

1976 4604 2124 4658 testis
2146 4604 2344 4657 electus
2379 4612 2461 4658 est
2483 4604 2797 4673 virginitatis
2827 4606 3028 4662 uxoris.
3048 4607 3145 4676 Qui
3169 4624 3296 4679 ergo
3327 4609 3555 4665 humana

1973 4697 2277 4752 inﬁrmitate
2297 4697 2621 4763 turbabatur,
2644 4696 2818 4751 divina
2847 4701 3157 4755 auctoritate
3188 4702 3425 4758 ﬁrmatus
3447 4714 3554 4761 est.

2042 4786 2266 4843 CAPUT
2304 4786 2415 4841 Vll.
2469 4818 2539 4827 —
2577 4789 2662 4842 10.
2715 4787 3071 4859 lnterpretatio
3134 4794 3349 4846 nominis
3407 4794 3553 4848 Iesu.
3617 4778 3627 4852 ξ

1971 4878 2219 4948 Sequitur
2254 4878 2395 4932 enim
2418 4921 2432 4945 ,
2464 4888 2518 4933 et
2559 4878 2688 4933 dicit
2738 4879 3072 4951 Evangelista
3104 4900 3116 4937 :
3147 4882 3268 4936 Iltec
3306 4901 3363 4937 eo
3412 4887 3554 4956 cogi-
3610 4881 3620 4905 '

1972 4979 2132 5036 tante,
2186 4987 2294 5024 ecce
2329 4972 2536 5041 angelus
2571 4971 2774 5025 Domini
2814 4975 2865 5025 in
2893 4976 3080 5028 somnis
3119 4977 3359 5045 apparuit
3398 4978 3443 5031 ei
3478 4980 3558 5032 di-

1972 5077 2127 5115 cens:
2152 5059 2373 5129 Ioseph,
2407 5062 2511 5115 noli
2556 5063 2729 5116 timere
2770 5065 2995 5133 accipere
3040 5064 3256 5118 Mariam
3292 5069 3556 5139 conjugem

1972 5164 2129 5207 tuam.
2162 5153 2308 5219 Quod
2334 5154 2465 5206 enim
2491 5154 2543 5206 in
2584 5171 2641 5207 ea
2692 5165 2865 5209 natum
2902 5166 3001 5221 est,
3048 5157 3109 5209 de
3137 5156 3336 5227 Spiritu
3383 5171 3557 5215 sancto

1968 5255 2059 5299 est.
2095 5244 2267 5298 Pariet
2292 5255 2458 5297 autem
2485 5245 2647 5313 ﬁlium
2669 5288 2682 5311 ,
2717 5257 2763 5300 et
2789 5249 2982 5302 vocabis
3016 5265 3193 5303 nomen
3227 5252 3334 5321 ejus
3357 5250 3553 5307 Iesum.

1969 5336 2143 5403 Quare
2176 5334 2397 5390 Iesum?
2424 5334 2545 5405 Ipse
2569 5337 2736 5404 enim,
2762 5338 2961 5408 inquit,
2988 5339 3182 5393 salvum
3224 5342 3372 5412 faciet
3393 5360 3556 5413 popu-

1968 5430 2073 5483 lum
2099 5446 2243 5483 suum
2274 5446 2305 5481 a
2328 5430 2544 5499 peccatis
2579 5447 2750 5484 eorum
2782 5431 3003 5503 (Matth.
3034 5449 3084 5499 ι,
3118 5434 3306 5505 1-9.1).
3354 5436 3555 5491 Intelli-

1966 5521 2107 5589 gitur
2126 5536 2254 5591 ergo
2287 5522 2467 5576 Iesum
2511 5521 2721 5577 hebraea
2762 5523 2935 5594 lingua
2961 5566 2975 5588 ,
3007 5525 3166 5581 latine
3215 5527 3555 5597 interpretari

1965 5612 2313 5677 Salvatorem,
2343 5612 2483 5683 quod
2531 5628 2593 5668 ex
2636 5615 2749 5685 ipsa
2801 5617 3028 5673 nominis
3085 5623 3417 5690 expositione
3457 5623 3555 5677 ad-

1968 5705 2238 5758 vertimus.
2278 5704 2548 5773 Tanquam
2586 5706 2729 5760 enim
2760 5720 3117 5781 quaereretur,
3141 5727 3303 5784 quare
3331 5714 3555 5770 Iesum?

2029 5819 2102 5885 (a)
2123 5826 2278 5885 Forte,
2300 5830 2459 5870 ne.....
2476 5816 2733 5875 videretur.
