3994 6460
410 408 665 464 continuo
699 404 958 477 subjecit,
981 402 1244 457 rationem
1276 397 1519 455 vocabuli
1560 398 1808 469 aperiens
1828 437 1843 464 ,
1873 396 1996 468 Ipse

411 499 579 566 «ire,
608 496 821 567 inquit,
847 494 1043 551 tabum
1081 492 1229 562 faciet
1270 490 1517 561 populum
1554 504 1753 544 ωκπηι
1781 489 1997 560 peccatis

410 586 747 649 meanunc
770 583 1168 656 ﬂemus,
1201 581 1303 636 hoc
1330 581 1633 637 ﬁrmissime
1670 581 1995 649 retinemus,

412 689 599 741 nam
620 678 905 745 Christum,
921 675 999 733 de
1036 674 1243 745 Spiritu
1279 681 1465 729 saneto
1490 686 1560 729 οι
1582 672 1785 742 virgine
1814 671 1993 727 Maria.

484 754 573 829 iis
621 769 833 827 (1m
866 768 1228 824 hereticorum.
1285 762 1491 820 Utiliter
1536 779 1630 834 per
1666 761 1999 833 Mammo-

415 863 649 925 ditenem.
694 860 775 927 illi
827 873 961 928 ergo
991 856 1120 928 quid
1155 854 1760 921 dicunt'tSiinvenero,
1789 852 1993 923 inquit,

411 954 777 1019 mendacium,
801 936 971 1009 totum
1008 961 1151 1006 certe
1196 964 1303 1004 non
1331 947 1525 1006 credis.
1567 946 1787 1012 Inveni,
1821 946 1999 1000 videa-

343 1041 359 1057 “
412 1062 553 1103 mus.
578 1044 809 1101 Numero
842 1043 1234 1113 generationes.
1274 1038 1369 1093 ltii-
1399 1037 1543 1091 enim
1570 1052 1665 1106 per
1705 1034 1996 1090 calumnias

409 1150 536 1191 suas
561 1135 629 1191 ad
656 1134 711 1190 id
731 1148 829 1189 nos
852 1133 1073 1188 invitant
1097 1171 1112 1195 ,
1140 1138 1195 1185 et
1212 1128 1496 1184 adducunt.
1532 1126 1589 1182 Si
1616 1127 1705 1196 pie
1717 1114 1955 1180 vivamus
1974 1163 1992 1192 ,

416 1229 463 1289 si
501 1228 770 1284 Christum
814 1225 1115 1291 credamus,
1147 1224 1325 1277 sinon
1351 1221 1419 1276 de
1464 1220 1587 1275 nido
1621 1227 1745 1273 ante
1787 1228 1996 1288 tempus

412 1323 691 1392 cupiamus
722 1321 925 1385 volare,
969 1317 1037 1373 ad
1079 1316 1132 1371 id
1180 1330 1281 1371 nos
1319 1314 1618 1376 adducunt,
1651 1322 1712 1365 ut
1744 1310 1995 1382 mysteria

410 1426 815 1484 cognoscamus.
841 1408 1084 1467 linendat
1107 1408 1281 1476 itaque
1305 1405 1569 1460 Sanctitas
1591 1411 1769 1458 vestra
1800 1402 1995 1456 utilita-

410 1515 519 1562 tem
563 1506 974 1567 haereticorum;
1019 1510 1075 1556 et
1119 1500 1399 1554 utilitatem
1443 1496 1654 1566 quidem
1702 1492 1992 1550 secundum

410 1597 616 1662 Deum,
649 1597 807 1650 etiam
857 1594 1011 1647 malis
1054 1591 1190 1646 bene
1227 1598 1483 1644 utentem.
1509 1585 1809 1643 Secundum
1848 1585 1993 1654 ipsos

405 1704 540 1747 vero
572 1688 672 1743 hoc
717 1686 983 1750 redditur,
1026 1684 1175 1755 quod.
1196 1682 1512 1737 voluerunt‘
1542 1697 1557 1747 ;
1587 1696 1692 1735 non
1720 1679 1822 1734 hoc
1849 1678 1991 1749 quod

405 1781 477 1839 de
504 1781 634 1850 ipsis
660 1780 802 1835 Deus
828 1779 963 1832 bene
986 1776 1128 1832 facit.
1150 1776 1299 1831 Sicut
1339 1774 1405 1829 de
1423 1773 1556 1829 Juda
1582 1782 1836 1844 quantum
1865 1772 1991 1826 boni

404 1873 563 1930 fecit?
603 1873 856 1927 Passione
890 1870 1093 1924 Domini
1123 1870 1283 1924 salvat
1312 1867 1465 1922 lactat
1503 1875 1629 1921 sunt
1653 1874 1858 1936 gentes.
1885 1863 1992 1920 Sed

358 1998 365 2007 -
403 1974 465 2022 ut
491 1974 762 2035 pateretur
784 1962 1065 2026 Dominus,-
1097 1960 1261 2016 Judas
1288 1975 1411 2014 eum
1440 1958 1674 2012 tradidit.
1697 1958 1838 2012 Deus
1864 1969 1992 2026 ergo

402 2065 457 2112 et
500 2065 686 2127 gentes
738 2055 929 2109 liberat
976 2068 1131 2122 passo
1177 2051 1345 2115 Filio,
1373 2059 1429 2105 et
1467 2049 1661 2105 Judam
1704 2048 1858 2118 punit
1895 2062 1992 2119 pro

401 2146 607 2207 εωιθτθ
632 2160 750 2200 Suo.
778 2145 1121 2198 Sacramenta
1150 2141 1290 2196 enim
1312 2156 1430 2210 quae
1459 2140 1568 2193 illic
1604 2140 1804 2203 latent,
1834 2153 1991 2193 nemo

401 2239 711 2303 discuteret,
734 2236 1059 2304 simpliciore
1073 2240 1353 2289 contentus
1376 2232 1499 2297 llde;
1515 2240 1571 2287 et
1587 2232 1710 2287 ideo
1724 2245 1883 2286 nemo
1904 2230 1989 2285 in-

402 2332 632 2394 veniret,
648 2329 777 2398 quia
812 2342 971 2381 nemo
990 2325 1306 2389 discuteret,
1326 2324 1431 2378 nisi
1443 2323 1773 2393 pulsantibus
1784 2322 1988 2377 calum-

401 2421 714 2482 niatoribus.
741 2419 873 2476 Cum
897 2419 1037 2474 enim
1055 2417 1289 2472 haeretici
1328 2417 1720 2471 calumniantur
1736 2457 1751 2483 ,
1783 2415 1991 2486 parvuli

400 2517 808 2588 perturbantur:
830 2529 950 2569 cum
972 2514 1364 2583 perturbantur,
1392 2512 1663 2583 inquirunt
1686 2530 1700 2565 :
1720 2510 1992 2581 inquisitio

401 2624 608 2675 eorum,
627 2606 777 2678 quasi
796 2605 1068 2676 percussio
1084 2614 1167 2660 est
1181 2604 1250 2660 de
1267 2605 1445 2674 capite
1457 2604 1509 2658 in
1530 2603 1690 2660 ubera
1704 2603 1907 2669 matris,
1931 2609 1991 2656 ut

401 2711 604 2767 tantum
638 2711 892 2770 manent,
917 2712 1168 2774 quantum
1192 2703 1423 2772 parvulis
1446 2708 1531 2755 sat
1553 2708 1654 2755 est.
1685 2699 1765 2754 llli
1795 2697 1990 2753 turbati

400 2806 680 2866 quaerunt;
711 2798 804 2867 qui
830 2806 1004 2852 autem
1035 2803 1230 2851 norunt
1248 2805 1299 2850 et
1328 2792 1626 2849 didicerunt
1644 2835 1657 2859 ,
1686 2792 1807 2862 quia
1837 2805 1990 2845 scru-

402 2891 496 2953 tati
522 2898 678 2956 sunt,
712 2899 767 2944 et
811 2890 1015 2959 aperuit
1056 2889 1160 2942 illis
1190 2888 1521 2958 pulsantibus
1553 2886 1714 2950 Deus,
1741 2883 1990 2953 aperiunt

402 2978 459 3037 ut
479 2979 581 3050 ipsi
601 2981 844 3035 turbatis.
877 2981 945 3036 Et
972 2981 1049 3035 sic
1073 2980 1130 3034 ﬁt
1147 2987 1206 3033 ut
1230 2980 1301 3033 illi
1323 2980 1427 3033 sint
1448 2978 1602 3033 utiles
1629 2977 1694 3030 ad
1715 2977 1988 3030 invenien-

403 3069 527 3127 dam
552 3072 829 3127 veritatem
855 3113 869 3137 ,
892 3071 1017 3126 dum
1047 3071 1433 3125 calumniantur
1457 3069 1525 3123 ad
1552 3066 1907 3124 seducendum
1936 3067 1986 3120 in

401 3177 662 3225 errorem.
681 3162 1041 3232 Negligentius
1053 3162 1197 3216 enim
1208 3162 1401 3215 veritas
1417 3168 1762 3230 quaereretur,
1776 3160 1819 3214 si
1834 3174 1989 3215 men-

400 3253 562 3315 doces
578 3255 914 3310 adversarios
943 3269 1048 3308 non
1068 3254 1304 3309 haberet.
1331 3253 1539 3323 Oportet
1558 3252 1710 3320 enim,
1734 3252 1924 3323 inquit,
1940 3262 1988 3307 et

399 3346 615 3405 Iura“
657 3363 782 3402 esse.
809 3347 878 3401 Et
922 3347 1073 3417 quasi
1099 3361 1458 3416 quaereremus
1485 3359 1698 3400 causam
1719 3385 1733 3411 ,
1763 3345 1990 3416 subjecit

397 3439 600 3503 statim,
619 3438 689 3494 Ut
702 3437 895 3510 probati
910 3438 1164 3511 manifesti
1178 3438 1305 3507 ﬁant
1318 3438 1451 3491 inter
1466 3450 1551 3491 vos
1567 3436 1609 3507 (Ι
1622 3435 1740 3492 Cor.
1770 3451 1845 3501 ιι,
1871 3434 1983 3510 l9).

458 3528 695 3586 CAPUT
723 3529 858 3584 Vill.
885 3557 956 3571 —-
985 3528 1072 3582 12.
1114 3527 1468 3583 Genet-aliena
1505 3537 1577 3582 ter
1610 3526 1987 3597 quatuordecim

396 3621 534 3694 apud
562 3620 861 3677 Manlianum
903 3620 1220 3674 invenimur
1242 3661 1257 3686 ,
1285 3618 1534 3673 Jechmu'a
1576 3618 1650 3672 bis
1697 3627 1983 3674 numerato.

396 3712 533 3781 Quid
582 3728 715 3786 ergo
753 3714 829 3769 illi
872 3712 1087 3768 dicum?
1122 3713 1259 3767 Ecce
1295 3710 1571 3766 Hatthaaus
1600 3718 1845 3764 numerat
1889 3724 1985 3780 ge-

398 3806 705 3863 nerationes
724 3845 740 3870 ,
759 3804 969 3861 et'dicit
989 3804 1056 3859 ab
1085 3803 1350 3859 Abraham
1387 3817 1554 3873 usque
1583 3801 1649 3856 ad
1680 3801 1843 3856 David
1864 3816 1985 3858 esse

395 3899 792 3969 quetuordecini
816 3939 832 3966 ,
862 3905 919 3952 et
944 3912 975 3951 a
1005 3896 1166 3951 David
1187 3911 1355 3967 usque
1380 3895 1447 3950 ad
1470 3894 1983 3964 transmigrationem

344 3978 350 3984 h
394 3991 681 4062 Babylonis
703 3990 1100 4061 quatuordecim
1120 4031 1134 4055 ,
1163 3999 1217 4043 et
1243 4004 1273 4042 a
1302 3987 1765 4057 transmigratione
1804 3987 1855 4041 in
1878 3987 1982 4041 Ba-

394 4081 665 4155 byloniam
689 4094 855 4151 usque
874 4080 948 4134 ad
969 4080 1235 4134 Christum
1259 4078 1679 4148 quatuordecim.
1705 4077 1816 4132 Duc
1839 4078 1891 4130 in
1923 4091 1982 4133 se

395 4180 480 4228 ter
520 4170 919 4242 quatuordecim
943 4211 959 4235 ,
990 4170 1123 4224 {lunt
1150 4169 1496 4239 quadraginta
1535 4169 1661 4223 duo.
1691 4168 1981 4224 Numerant

396 4271 581 4327 autem
599 4303 616 4330 ,
638 4271 693 4321 et
719 4262 995 4317 inveniunt
1017 4261 1365 4331 quadraginta
1407 4270 1463 4314 et
1490 4276 1647 4314 unam
1675 4261 1979 4330 generatio-

399 4369 559 4420 nem,
586 4362 642 4409 et
688 4362 904 4410 movent
943 4353 1295 4417 calumniam,
1322 4359 1376 4406 et
1400 4351 1679 4406 irridentes
1705 4352 1976 4407 insultant.

397 4444 535 4513 Quid
557 4445 655 4503 sibi
678 4459 807 4517 ergo
823 4445 937 4500 vult
951 4485 968 4508 ,
997 4459 1117 4500 cum
1138 4443 1346 4499 dicatur
1370 4443 1424 4498 in
1444 4444 1727 4513 Evangelio
1753 4452 1834 4500 ter
1859 4459 1981 4501 esse

395 4536 835 4609 quatuordecim,
860 4545 1037 4591 tamen
1064 4550 1255 4591 omnes
1301 4544 1590 4590 numeratae
1637 4535 1980 4591 inveniuntur

396 4643 507 4689 non
524 4627 875 4699 quadraginta
884 4627 1025 4694 dum,
1042 4626 1141 4681 sed
1153 4626 1494 4697 quadraginta
1506 4635 1561 4681 et
1581 4642 1683 4681 una
1696 4625 1854 4681 ?Sine
1881 4627 1977 4681 du-

395 4720 486 4776 bio
524 4735 773 4791 magnum
810 4726 1204 4774 sacramentum
1236 4730 1336 4774 est.
1367 4719 1434 4774 Et
1476 4720 1763 4789 gaudemus
1782 4720 1977 4790 gratias

397 4824 620 4884 agentes
641 4813 897 4882 Domino,
926 4813 1047 4883 quia
1086 4824 1139 4867 et
1161 4828 1257 4883 per
1283 4812 1621 4869 occasionem
1648 4814 2001 4893 calumnian-r

396 4906 530 4962 tium
557 4906 859 4963 invenimus
895 4905 1091 4976 aliquid
1136 4903 1279 4977 quod
1323 4914 1521 4975 quanto
1563 4907 1730 4976 magis
1756 4906 1972 4976 tegeba-

396 5005 486 5052 tur
508 4996 872 5068 quaerendum,
904 5004 1059 5052 tanto
1084 4997 1252 5067 magis
1278 4994 1502 5052 delectet
1532 4997 1823 5052 inventum.
1860 4996 1976 5053 Sic-

396 5097 456 5144 ut
480 5089 625 5144 enim
668 5089 940 5159 praelocuti
960 5104 1173 5153 sumus,
1200 5088 1405 5144 edimus
1435 5088 1792 5158 spectaculum
1818 5104 1972 5145 men-

396 5180 550 5237 tium.
581 5179 664 5235 Ah
708 5170 975 5236 Abraham
1021 5179 1367 5249 igitur‘usque
1392 5178 1458 5233 ad
1498 5179 1658 5233 David
1679 5221 1694 5246 ,
1720 5188 1972 5250 quatuor-

395 5272 570 5329 decim
595 5282 739 5328 sunt.
769 5272 903 5328 Indo
934 5273 1116 5342 incipit
1154 5287 1408 5327 numerus
1450 5287 1479 5325 a
1506 5271 1788 5327 Salomone
1817 5290 1831 5327 :
1862 5273 1968 5326 Da-

394 5361 485 5416 vid
505 5363 646 5418 enim
672 5364 857 5432 genuit
893 5362 1251 5418 Salmmmem.
1296 5363 1480 5433 Incipit
1508 5372 1682 5416 autem
1719 5378 1971 5419 numerus

395 5468 427 5507 a
474 5452 797 5517 Salomone,
845 5462 901 5509 et
929 5455 1166 5523 pervenit
1216 5454 1279 5509 ad
1326 5454 1665 5518 Jechoniam,
1715 5456 1802 5523 qui
1849 5469 1969 5509 cum

399 5552 607 5600 viveret
648 5541 784 5599 facta
836 5553 919 5599 est
968 5547 1361 5614 transmigratio
1403 5546 1455 5600 in
1507 5544 1885 5615 Babyloniam;
1917 5553 1966 5598 et

397 5643 523 5692 sunt
568 5635 685 5701 alia;
732 5636 1124 5705 quattuordecim
1169 5639 1541 5708 generationes
1566 5678 1579 5705 ,
1619 5643 1968 5692 annumerato

431 5738 478 5784 ’ί
504 5746 633 5813 tt...
664 5748 792 5818 quod
815 5750 1082 5803 notuerunt.

1650 284 1709 341 s.
1749 282 2111 357 incusum
2150 283 2452 342 EPISCOPI

3568 290 3687 363 ξω

2100 398 2384 458 Salomone
2435 415 2465 455 a
2504 401 2681 474 capite,
2726 402 2944 477 alterius
2990 404 3304 477 intervalli,
3326 419 3682 481 annumerato

2101 492 2263 549 etiam
2287 492 2570 560 Jechonia,
2595 494 2660 549 ad
2683 509 2840 566 quem
2883 496 3144 567 clauditur
3180 500 3293 571 ipse
3321 516 3596 571 numerus,
3624 511 3686 559 ut

2102 586 2423 655 impleantur
2458 586 2880 657 quatuordecim.
2910 589 3146 663 Tertium
3177 605 3303 661 vero
3345 591 3684 665 intervallum

2101 677 2169 732 ab
2190 677 2305 746 ipso
2330 676 2588 734 Jecbonia
2614 678 2818 750 incipit.

2173 770 2260 824 15.
2303 768 2407 825 Cur
2443 770 2714 826 Jecltom'as
2756 772 2843 833 bis,
2876 781 3180 839 numeretur.
3250 774 3675 845 Interrogans»;-

2100 859 2256 915 ct'rtas
2296 870 2471 914 vestra
2507 876 2621 916 rem
2667 862 2941 941 mysticam
2984 871 3038 923 et
3075 862 3289 930 dulcem
3325 883 3338 920 :
3370 863 3544 935 lateor
3580 880 3727 968 VQc‘

2098 950 2183 1008 bis
2217 961 2482 1024 gustauim
2520 954 2696 1009 cordis
2715 954 2852 1021 mei;
2883 953 3025 1022 unde
3050 954 3213 1011 credo
3236 955 3357 1027 quia
3385 972 3518 1026 cum
3544 972 3681 1029 pro,-
3716 950 3739 1049 ἰ

2099 1042 2273 1097 tulero
2291 1085 2307 1111 ,
2338 1053 2393 1099 et
2412 1044 2746 1115 gustaveritis
2766 1086 2780 1111 ,
2814 1044 3041 1116 idipsum
3070 1045 3466 1115 renuntiabitis.
3494 1046 3683 1117 Inten—

2100 1134 2209 1190 dite
2244 1151 2390 1207 ergo.
2422 1137 2468 1191 Α
2495 1137 2748 1192 Jcclionia
2794 1138 2910 1209 ipso
2949 1138 3236 1212 incipiente
3266 1156 3490 1207 numero
3534 1142 3684 1203 tertii

2100 1226 2396 1295 intervalli,
2427 1243 2596 1299 usque
2624 1228 2690 1283 ad
2717 1229 2997 1284 Dominum
3021 1229 3203 1286 Jesum
3245 1231 3514 1301 Christum
3545 1233 3688 1301 ﬁunt

2099 1319 2494 1389 quatunrdecim
2530 1340 2544 1374 :
2575 1322 2697 1391 quia
2722 1320 3003 1377 Jeclionias
3031 1323 3122 1379 ille
3147 1333 3202 1379 et
3227 1322 3399 1380 ﬁnalis
3434 1327 3686 1396 superius-

2098 1412 2173 1467 ris
2200 1413 2495 1481 intervalli,
2525 1422 2580 1468 et
2626 1414 2840 1469 initialis
2868 1416 3139 1487 sequentis
3166 1416 3425 1481 intervalli
3455 1419 3539 1484 bis
3579 1434 3685 1472 nuo

2097 1514 2352 1559 meratur.
2399 1504 2504 1561 Sed
2545 1505 2740 1561 dixerit
2785 1506 3016 1576 aliquis:
3049 1507 3221 1577 Quare
3264 1507 3553 1578 Jechonias
3594 1509 3686 1573 bis

2097 1597 2450 1651 numeratur?
2476 1597 2616 1652 Nihil
2639 1608 2844 1670 gestum
2874 1608 2955 1655 est
2979 1609 3133 1656 antea
3162 1600 3216 1655 in
3248 1601 3441 1673 populo
3467 1598 3636 1663 Israel
3661 1640 3679 1664 .

2061 1718 2068 1727 -
2096 1689 2238 1759 quod
2266 1703 2369 1745 non
2397 1698 2540 1745 esset
2565 1692 2874 1763 mysterium
2904 1690 3221 1749 futurorum.
3249 1691 3532 1759 Jechonias
3559 1692 3685 1763 qui.-

2095 1782 2220 1838 dem
2242 1797 2347 1837 non
2374 1783 2803 1839 irrationabiliter
2829 1783 2912 1840 bis
2937 1794 3282 1840 numeratur:
3314 1785 3436 1855 quia
3464 1792 3518 1839 et
3538 1784 3581 1838 si
3602 1784 3681 1841 sit

2095 1878 2356 1933 terminus
2383 1878 2520 1933 inter
2540 1877 2675 1933 duos
2699 1892 2873 1948 agros,
2903 1878 2991 1933 vel
3016 1877 3183 1953 lapis,
3196 1878 3281 1937 vel
3306 1877 3557 1943 discretio
3579 1877 3685 1941 ali-

2094 1982 2198 2038 qua
2227 1970 2500 2035 maceriae,
2531 1978 2585 2024 et
2622 1969 2711 2025 ille
2736 1969 2825 2039 qui
2864 1978 2946 2025 est
2980 1984 3045 2025 ex
3075 1968 3174 2025 hac
3200 1976 3347 2043 parte
3367 2010 3381 2034 ,
3412 1983 3578 2038 usque
3607 1965 3685 2025 ad

2094 2059 2265 2130 ipsam
2306 2061 2589 2117 maceriam
2632 2063 2880 2129 metitur,
2914 2069 2970 2118 et
2998 2062 3085 2117 ille
3109 2061 3196 2132 qui
3239 2076 3306 2116 ex
3330 2046 3683 2139 altera'parte

2095 2162 2210 2219 est,
2242 2153 2310 2208 ab
2352 2154 2464 2224 ipsa
2508 2155 2697 2209 iterum
2729 2154 2890 2209 sumit
2930 2153 3204 2210 exordium
3250 2152 3525 2215 metiendi.
3568 2151 3681 2221 Sed

2093 2260 2258 2315 quare
2286 2246 2386 2301 hoc
2414 2262 2518 2325 non
2548 2246 2739 2301 factum
2770 2255 2852 2302 est
2881 2246 2933 2305 in
2958 2247 3126 2321 prima
3147 2246 3479 2305 connexione
3504 2246 3689 2307 inter-.

2095 2335 2253 2401 valli,
2284 2336 2373 2392 ubi
2400 2337 2464 2392 ab
2492 2338 2759 2393 Abraham
2786 2354 3129 2393 numeramus
3157 2336 3552 2408 quatuordecim
3583 2353 3682 2408 ge—

2094 2428 2398 2483 nerationes
2424 2443 2590 2499 usque
2616 2429 2680 2484 ad
2709 2428 2894 2499 David,
2917 2436 2972 2485 et
2995 2429 3125 2484 alias
3145 2427 3544 2499 quatuordecim
3566 2442 3680 2501 non

2094 2519 2322 2588 repetito
2351 2519 2536 2587 David,
2568 2520 2660 2575 sed
2688 2536 2718 2574 a
2745 2518 3026 2575 Salomone
3058 2518 3338 2589 incipimus
3366 2533 3687 2583 numerare,

2093 2611 2361 2666 reddenda
2386 2627 2544 2668 causa
2566 2620 2667 2677 cst,
2700 2629 2819 2684 qua:
2844 2628 3090 2686 magnum
3116 2613 3354 2675 continet
3378 2626 3681 2677 sacrameu:

2094 2710 2226 2757 tum.
2260 2703 2496 2758 lntendat
2543 2703 2807 2759 Sanctitas
2832 2705 3207 2761 vestra.'Tunc
3231 2702 3367 2759 facta
3390 2713 3471 2760 est
3495 2713 3679 2767 trans-

2092 2796 2337 2865 migratio
2392 2796 2444 2850 in
2476 2796 2842 2867 Babyloniam,
2873 2795 3084 2867 quando
3111 2796 3165 2850 in
3194 2796 3368 2851 locum
3396 2795 3561 2871 patris
3588 2795 3677 2849 sui

2092 2885 2325 2940 defuncti
2349 2884 2631 2941 Jechonias
2655 2902 2748 2941 rex
2775 2886 3091 2941 constitutus
3117 2894 3217 2941 est.
3244 2886 3488 2940 Ablatum
3515 2892 3597 2941 est
3622 2884 3678 2940 ei

2092 2993 2349 3047 regnum,
2378 2988 2431 3033 et
2465 2979 2600 3033 alius
2628 2980 2946 3033 constitutus
2973 2988 3055 3035 est
3093 2980 3144 3034 in
3185 2979 3361 3037 locum
3400 2978 3533 3049 ejus.
3565 2977 3679 3033 Sed

2094 3076 2271 3124 tamen
2288 3070 2497 3124 vivente
2512 3068 2764 3124 Jechonia
2794 3069 2928 3133 facta
2953 3078 3037 3125 est
3052 3069 3439 3142 transmigratio
3454 3068 3519 3123 ad
3536 3068 3680 3133 Gen:

2092 3167 2192 3215 tes.
2219 3159 2371 3215 Nulla
2401 3161 2541 3216 enim
2571 3161 2724 3230 culpa
2751 3160 3018 3216 Jechonia:
3047 3161 3271 3227 dicitur,
3304 3175 3467 3231 quare
3494 3160 3563 3219 sit
3585 3175 3680 3216 re-

2090 3270 2195 3326 gno
2225 3254 2456 3324 privatus
2489 3270 2502 3306 :
2535 3252 2628 3308 sed
2653 3253 2818 3323 magis
2845 3254 3053 3307 illorum
3084 3260 3295 3322 peccata
3326 3252 3674 3318 inducuntur,

2091 3347 2182 3419 qui
2210 3346 2257 3401 ei
2284 3342 2673 3401 successerunt.
2702 3341 2951 3416 Sequitur
2973 3359 3100 3416 ergo
3127 3343 3434 3417 captivitas,
3471 3343 3575 3397 itur
3613 3342 3675 3399 in

2091 3438 2455 3511 Babyloniam.
2486 3438 2601 3493 Non
2617 3448 2745 3493 cunt
2769 3439 2866 3493 soli
2898 3438 3051 3503 mali;
3071 3436 3163 3493 sed
3193 3451 3314 3491 cum
3344 3435 3424 3491 his
3443 3444 3677 3508 pergunt

2090 3530 2248 3588 etiam
2270 3533 2452 3587 sancti.
2474 3532 2532 3587 In
2561 3533 2647 3588 illa
2666 3532 2968 3602 captivitate
2987 3540 3101 3587 erat
3119 3530 3360 3585 Ezechiel
3386 3528 3679 3607 propheta,

2089 3624 2145 3681 in
2174 3627 2261 3680 illa
2286 3634 2402 3681 erat
2426 3626 2608 3680 Daniel
2631 3642 2645 3692 ;
2679 3625 2749 3681 ibi
2778 3633 2927 3680 erant
2956 3633 3062 3682 tres
3088 3623 3237 3695 pueri
3262 3623 3399 3678 inter
3426 3620 3677 3679 ﬂammas

2088 3715 2373 3770 nobilitati.
2413 3714 2593 3771 lerunt
2617 3723 2799 3777 autem
2820 3714 3111 3773 secundum
3149 3711 3479 3793 prOphetiam
3510 3710 3676 3779 Iere-

2087 3808 2209 3863 mia:
2239 3807 2533 3878 prophetae.

2156 3908 2383 3967 CAPUT
2415 3908 2704 3964 lX.—M.
2748 3906 3014 3965 Transito;
3064 3907 3326 3980 Evangelii
3373 3907 3443 3969 ad
3484 3906 3681 3973 Gentes

2087 4003 2334 4075 ﬁguratus
2386 4004 2440 4057 in
2497 4002 2936 4073 transmigratione
2998 4000 3303 4073 Babylonis.
3347 4000 3690 4067 Mementom

2085 4092 2395 4149 Jeclioniam
2434 4094 2549 4147 sine
2592 4092 2694 4146 ulla
2732 4093 2885 4163 culpa
2926 4093 3279 4163 improbatum
3302 4133 3327 4159 ,_
3350 4091 3471 4157 inde
3498 4090 3675 4151 desti.

2085 4186 2215 4240 tisse
2242 4200 2466 4254 regnare
2484 4226 2499 4253 ,
2531 4193 2586 4239 et
2627 4183 2818 4239 fecisse
2851 4185 3138 4245 transitum
3167 4183 3243 4247 ad,
3273 4181 3471 4245 Gentes
3494 4222 3523 4255 ,,
3541 4196 3676 4249 cum

2085 4277 2514 4348 transmigratum
2553 4285 2636 4333 est
2662 4277 2715 4331 in
2740 4276 3083 4349 Babyloniam
3114 4294 3127 4330 :
3160 4285 3215 4333 et
3238 4275 3492 4335 attendite
3526 4290 3676 4345 prte-

2083 4379 2433 4426 monstratam
2478 4370 2758 4441 imaginem
2789 4384 2966 4425 rerum
3013 4368 3317 4431 futurarum
3339 4368 3392 4423 in
3434 4367 3673 4433 Domitio

2082 4464 2209 4521 Jesu
2238 4463 2471 4521 Christo.
2501 4463 2796 4518 Noluerunt
2820 4463 2959 4521 enim
2985 4461 3155 4517 Judaei
3181 4461 3530 4537 sibiregnare
3561 4459 3675 4521 Do-

2082 4557 2285 4611 minum
2316 4564 2553 4610 nostrum
2583 4554 2766 4608 Jesum
2793 4551 3083 4618 Christum,
3115 4553 3168 4607 in
3195 4567 3301 4623 quo
3326 4552 3521 4616 nullam
3551 4552 3675 4611 cul-

2081 4662 2205 4717 pam
2246 4646 2580 4703 invenerunt.
2622 4643 2953 4716 Reprobatus
2987 4651 3071 4699 est
3111 4643 3169 4699 in
3206 4658 3265 4699 se
3284 4685 3309 4710 ,,
3347 4643 3685 4719 reprobatus.

2081 4737 2240 4791 etiam
2270 4736 2321 4790 in
2345 4737 2512 4791 servis
2541 4735 2684 4801 suis;
2714 4742 2769 4790 et
2797 4733 3072 4789 transitum
3099 4740 3185 4789 est
3207 4733 3261 4787 in
3282 4731 3512 4798 Gentes,
3546 4742 3672 4796 tan-

2080 4843 2237 4897 quam
2276 4827 2328 4883 in
2366 4826 2732 4899 Babyloniam.
2759 4824 2871 4880 Hoc
2894 4825 3036 4880 enim
3064 4834 3118 4879 et
3150 4824 3406 4880 Jeremias
3431 4824 3672 4897 prophe-

2080 4918 2257 4985 tabat,
2283 4917 2472 4987 jubere
2500 4916 2784 4972 Dominum
2824 4924 2881 4971 ut
2918 4914 3057 4971 irent
3086 4916 3138 4971 in
3176 4915 3542 4987 Babyloniam.
3594 4916 3687 4985 Et

2079 5009 2399 5080 quicumque
2421 5010 2509 5063 alii
2533 5007 2813 5079 Prophetas
2836 5007 3084 5063 dicebant
3110 5008 3302 5083 populo
3317 5018 3378 5063 ut
3398 5008 3689 5077 uenirent,

2079 5101 2134 5158 in
2162 5101 2507 5174 Babyloniam
2529 5143 2544 5170 ,
2576 5102 2836 5157 Jercmias
2864 5100 3358 5173 pscudoprophctas
3382 5101 3679 5173 arguebat.

2078 5194 2178 5262 Qui
2198 5193 2497 5264 Scripturas
2522 5194 2720 5264 legunt,
2745 5193 3091 5253 recordentur
3112 5194 3420 5255 nobiscum:
3441 5195 3534 5273 qui
3549 5209 3685 5259 non.

2076 5286 2293 5357 legunt,
2327 5286 2547 5342 credant
2582 5286 2754 5342 nobis.
2797 5286 3093 5351 Minabatur
3134 5302 3262 5358 ergo
3286 5286 3548 5349 Jeremias
3591 5303 3679 5355 ex;

2077 5394 2302 5449 persona
2326 5378 2534 5433 Domini
2562 5376 2638 5433 eis
2675 5377 2767 5449 qui
2793 5374 3047 5433 nolebant
3082 5378 3160 5434 ire
3192 5379 3244 5432 in
3271 5379 3623 5450 Babyloniam
3642 5399 3671 5447 ;,

2077 5471 2153 5525 eis
2174 5478 2347 5525 autem
2375 5469 2464 5540 qui
2496 5470 2653 5537 irent,
2674 5469 3013 5538 promittebat
3037 5469 3109 5523 ibi
3136 5471 3389 5541 quietem,
3409 5480 3463 5533 et
3476 5485 3679 5541 iniam.

2076 5558 2197 5615 dam
2219 5560 2518 5615 felicitatem
2541 5560 2591 5614 in
2612 5559 2936 5617 novellandis
2953 5560 3120 5615 vineis
3146 5572 3198 5619 et
3215 5561 3513 5631 plantandis
3533 5560 3663 5621 hor-

2074 5651 2143 5705 tis
2165 5659 2217 5704 et
2244 5652 2483 5708 ubertate
2508 5652 2769 5708 fructuum
2791 5650 2999 5723 (Jerem.
3020 5653 3207 5725 xxvn).
3227 5655 3503 5722 Quomodo
3523 5671 3673 5727 ergo.

2067 5739 2183 5814 jam
2209 5753 2316 5796 non
2343 5741 2398 5799 in
2424 5741 2612 5817 ﬁgura,
2631 5743 2723 5802 sed
2740 5746 2795 5802 in
2809 5745 3029 5801 veritate
3053 5747 3277 5818 pOpulus
3296 5745 3456 5804 Israel
3479 5757 3659 5815 trans.-
