4012 6338
236 258 320 315 ιιι
1691 249 1811 306 SER

1919 267 1922 290 ν
1960 249 2047 309 LI.

233 372 267 431 it
300 375 346 428 in
388 370 774 445 Babyloniam?
826 370 979 427 Unde
1018 377 1171 426 erant
1214 368 1493 439 Apostoli?
1520 367 1707 423 Nonne
1736 368 1804 423 de

232 474 375 535 gente
398 463 745 519 Judteorum?
776 462 929 519 Unde
961 464 1072 533 ipse
1094 462 1284 517 Paulus
1301 464 1333 515 ?A
1356 461 1493 514 Nam
1514 470 1559 515 et
1585 478 1693 530 ego,
1726 460 1808 514 in-

233 557 363 628 quit,
394 555 637 611 Israelita
659 573 774 610 sum
792 598 805 621 ,
838 573 901 609 ea:
926 557 1112 609 semine
1139 556 1356 609 Abralue
1374 596 1387 621 ,
1420 572 1481 609 ea:
1510 556 1639 608 tribu
1669 554 1804 607 Ren-

228 650 374 721 jmin
402 649 581 718 (Rom.
614 665 669 703 χι
694 691 709 715 ,
744 647 820 720 1).
866 646 1220 703 Crediderunt
1265 664 1392 717 ergo
1424 649 1477 701 in
1524 648 1811 701 Dominum

230 741 367 796 multi
393 741 464 795 de
487 740 707 795 Judmis.
732 741 858 796 lude
877 741 1031 795 electi
1062 749 1183 796 sunt
1208 742 1440 811 Apostoli
1471 759 1484 795 :
1510 741 1632 795 inde
1657 750 1813 795 erant

228 834 333 903 plus
361 850 521 904 quam
565 835 836 905 quingenti
885 834 1111 901 fratres,
1142 835 1227 904 qui
1258 835 1538 888 Dominum
1574 842 1693 902 post
1717 848 1805 887 re-

226 928 607 982 surrectionem
636 927 817 982 videre
845 935 1150 981 meruerunt
1185 926 1226 999 (l
1258 926 1376 981 Cor.
1406 942 1475 979 xv
1497 968 1509 989 ,
1544 926 1599 993 6)
1636 944 1647 977 :
1684 925 1806 979 inde

227 1025 368 1073 erant
408 1030 626 1074 centum
652 1021 847 1091 viginti
867 1019 919 1073 iu
950 1019 1109 1074 domo
1130 1060 1143 1085 ,
1176 1018 1385 1089 quando
1412 1018 1638 1087 Spiritus
1679 1034 1804 1072 san-

227 1119 329 1164 ctus
354 1110 574 1165 advenit
602 1110 736 1183 (Act.
768 1128 818 1175 ι,
853 1112 917 1165 15
938 1153 951 1178 ,
984 1120 1038 1165 et
1065 1127 1135 1175 ιι,
1172 1110 1315 1179 1-4).
1346 1110 1480 1178 Quid
1511 1118 1686 1164 autem
1728 1110 1807 1164 di-

225 1206 289 1258 cit
313 1205 601 1274 Apostolus
642 1206 695 1258 in
726 1206 945 1260 Actibus
976 1205 1349 1274 Apostolorum
1374 1246 1387 1271 ,
1420 1220 1537 1258 cum
1580 1219 1803 1273 respue-

224 1305 330 1351 rent
370 1298 596 1352 verbum
625 1298 865 1351 veritatis
904 1297 1115 1351 Jtttluri?
1161 1296 1239 1349 Ad
1279 1313 1398 1363 vos,
1434 1296 1631 1366 inquit,
1668 1297 1808 1351 missi

225 1406 452 1455 eramus;
483 1391 574 1444 sed
597 1392 833 1460 quoniam
864 1391 1124 1462 respuistis
1154 1392 1353 1443 verbum
1380 1389 1475 1443 Dei
1499 1433 1511 1456 ,
1545 1408 1653 1444 ecce
1681 1408 1805 1443 eon-

223 1485 448 1537 vertimus
479 1502 569 1538 nos
594 1486 662 1537 ad
691 1484 870 1539 Gentes
901 1485 1035 1553 (Act.
1066 1502 1156 1538 xm
1179 1526 1191 1548 ,
1224 1483 1336 1553 46).
1372 1484 1528 1537 Facta
1571 1494 1652 1538 est
1680 1499 1807 1554 ergo

224 1577 609 1646 transmigratio
653 1578 702 1630 in
748 1577 1092 1648 Babyloniam
1142 1576 1431 1630 secundum
1478 1577 1803 1645 spiritualem

223 1667 670 1737 dispensationem
703 1671 957 1739 temporis
989 1670 1371 1724 lncarnationis
1403 1668 1644 1733 Domini,
1689 1685 1806 1737 qua:

223 1769 336 1813 tunc
360 1761 685 1830 prmsignata
714 1767 799 1814 est
826 1768 1065 1836 tempore
1092 1760 1356 1814 Jeremiar.
1387 1760 1491 1814 Sed
1520 1759 1641 1829 quid
1680 1760 1808 1814 dicit

222 1851 474 1906 Jeremias
503 1852 1003 1921 transmigrantibus
1028 1853 1093 1907 de
1124 1854 1205 1907 his
1234 1852 1570 1924 Babyloniis?
1602 1852 1730 1917 Quia
1756 1853 1806 1906 in

223 1961 331 2013 pace
359 1946 593 2015 ipsorum
614 1945 727 2011 erit,
758 1944 945 2014 inquit,
982 1961 1083 2015 pax
1103 1955 1263 1998 vestra
1294 1944 1509 2012 (Jerem.
1547 1960 1703 2009 XXIX,
1728 1943 1806 2015 7).

222 2037 339 2091 Cum
368 2053 503 2108 ergo
549 2039 947 2108 transmigraret
973 2041 1129 2093 etiam
1160 2054 1252 2108 per
1279 2037 1548 2093 Christum
1586 2048 1640 2093 et
1666 2039 1809 2108 Apo-

221 2133 378 2185 stolos
405 2130 571 2185 Israel
614 2132 665 2185 in
698 2132 1074 2202 Babyloniam,
1110 2132 1209 2185 hoc
1241 2142 1321 2185 est
1354 2132 1694 2202 Evangelinm
1722 2149 1808 2186 ve-

222 2222 349 2275 niret
391 2221 457 2273 ad
490 2221 723 2284 Gentes,
759 2222 882 2291 quid
912 2222 1034 2275 dicit
1079 2222 1365 2291 Apostolus
1405 2224 1554 2292 quasi
1586 2239 1649 2276 ex
1680 2238 1808 2277 voce

224 2325 334 2367 tunc
360 2313 653 2367 Jcremize?
684 2314 899 2367 Obsecro
921 2332 1036 2385 ergo
1078 2316 1291 2384 primum
1324 2317 1545 2368 omnium
1573 2316 1687 2385 ﬁeri
1716 2315 1808 2369 tle-

222 2406 549 2474 precntiones,
575 2407 845 2473 orationes,
874 2407 1317 2475 interpellationes,
1346 2407 1625 2476 gratiarum
1652 2408 1810 2460 actio-

222 2514 298 2549 nes
322 2514 415 2567 pro
440 2499 675 2551 omnibus
704 2500 1006 2563 hominibus,
1024 2517 1113 2567 pro
1137 2500 1334 2570 regibus
1360 2509 1405 2553 et
1428 2500 1503 2553 his
1521 2501 1667 2569 quiin
1691 2501 1808 2553 sub-

222 2589 427 2644 limitate
468 2600 587 2645 sunt
608 2594 863 2645 constituti
880 2612 895 2657 ;
916 2602 968 2645 ut
998 2594 1217 2662 quietam
1241 2603 1284 2646 et
1310 2594 1632 2663 tranquillam
1659 2596 1809 2648 vitam

220 2700 444 2751 agamus,
476 2700 593 2736 eum
622 2685 757 2737 omni
788 2686 967 2754 pietate
993 2694 1038 2738 et
1066 2687 1289 2739 castitate
1317 2686 1355 2757 (Ι
1380 2685 1507 2739 Tim.
1539 2703 1593 2749 ιι,
1620 2688 1641 2741 1
1664 2698 1708 2739 et
1731 2687 1807 2758 2).

220 2775 461 2829 Nondum
486 2787 637 2831 erant
655 2792 807 2847 reges
824 2778 1116 2845 christiani,
1137 2786 1189 2832 et
1204 2779 1389 2833 orabat
1411 2795 1507 2849 pro
1524 2780 1619 2833 eis.
1641 2779 1811 2835 Orans

220 2881 339 2935 ergo
365 2866 535 2921 Israel
563 2867 615 2920 in
638 2868 946 2938 Babylonia,
966 2869 1249 2929 exauditus
1271 2880 1371 2924 est.
1398 2871 1667 2925 Exaudita:
1689 2881 1812 2926 sunt

220 2971 370 3011 voces
415 2958 707 3026 Ecclesiae,
744 2960 863 3013 lacti
895 2969 1016 3014 sunt
1058 2962 1333 3016 christiani
1365 2979 1377 3013 :
1409 2971 1463 3016 et
1489 2962 1676 3017 videtis
1708 2963 1809 3016 im-

221 3050 341 3118 pleri
374 3050 522 3120 quod
554 3052 840 3122 figuraliter
866 3053 1062 3108 dictum
1096 3064 1175 3109 est
1196 3096 1209 3121 ,
1240 3054 1307 3108 In
1335 3072 1506 3110 eorum
1533 3073 1688 3126 pace,
1720 3057 1812 3109 erit

222 3157 316 3207 pax
342 3152 529 3195 vestra.
550 3143 888 3212 Acceperunt
913 3145 1053 3197 enim
1083 3145 1498 3213 pacemChristi,
1519 3154 1571 3199 et
1596 3146 1813 3201 destite—

222 3243 328 3285 runt
365 3235 622 3303 persequi
646 3234 1012 3301 Christianos;
1047 3245 1101 3289 ut
1124 3236 1233 3305 jam
1266 3236 1315 3290 in
1356 3238 1640 3293 securitate
1669 3240 1814 3308 pacis

223 3323 613 3379 adiﬁcarentur
637 3326 898 3393 ecclesias,
929 3337 981 3381 et
1008 3328 1373 3396 plantarentur
1397 3331 1578 3405 populi
1599 3332 1649 3384 in
1673 3332 1815 3402 agri-

224 3416 424 3470 cultura
442 3418 561 3484 Dei,
581 3426 635 3471 et
660 3418 1040 3475 fructiﬁcarent
1066 3436 1254 3477 omnes
1282 3432 1467 3493 gentes
1492 3422 1616 3490 ﬁde,
1649 3440 1742 3496 spe
1761 3433 1815 3483 ct

224 3507 476 3563 charitate
497 3525 619 3579 qua:
639 3510 793 3565 estin
817 3511 1051 3567 Christo.

287 3600 374 3655 15.
418 3600 654 3656 Christus
692 3604 823 3657 inter
844 3602 1053 3659 Iudaeos
1091 3613 1137 3658 et
1163 3602 1341 3660 Gentes
1382 3607 1511 3678 lapis
1553 3610 1815 3679 angularis

222 3695 269 3746 iu
306 3694 562 3749 Jechonia
598 3696 944 3751 adumbratas.
999 3698 1158 3753 Facta
1201 3709 1283 3755 est
1324 3703 1717 3772 transmigratio
1762 3704 1814 3757 in

223 3786 569 3857 Babyloniam
612 3796 736 3843 tunc
786 3805 879 3859 per
908 3788 1217 3857 Jechoniam
1244 3832 1259 3858 ,
1310 3793 1399 3861 qui
1428 3809 1531 3846 non
1581 3802 1661 3848 est
1695 3809 1817 3863 per-

221 3880 414 3933 missus
440 3894 667 3949 regnare
693 3881 744 3934 in
762 3879 787 3935 J
798 3882 1067 3936 udacorum
1082 3891 1256 3953 gente,
1282 3892 1405 3954 typo
1419 3882 1635 3947 Christi,
1656 3901 1814 3955 quem

221 3969 384 4025 Judaei
435 3972 540 4027 sibi
571 3988 791 4043 regnare
822 3974 1123 4030 noluerunt.
1168 3976 1470 4031 Transitum
1503 3977 1628 4033 fecit
1657 3979 1816 4034 Israel

221 4065 281 4118 ad
310 4066 515 4121 Gentes
540 4106 567 4137 ,_
590 4066 641 4120 id
669 4076 751 4131 est
776 4068 1155 4138 pracdiCatores
1183 4071 1455 4140 Evangelii
1488 4073 1817 4127 transierunt

224 4156 280 4211 ad
313 4158 549 4228 pepulos
573 4156 840 4231 Gentium.
872 4160 1008 4229 Quid
1038 4176 1163 4233 ergo
1195 4163 1401 4216 miraris
1430 4163 1571 4233 quod
1604 4163 1684 4217 bis
1713 4180 1813 4218 nu-

223 4260 459 4303 meratur
483 4248 801 4304 Jechonias?
820 4250 1029 4305 Etenim
1056 4252 1098 4305 si
1124 4250 1323 4317 Cbristi
1350 4253 1571 4323 ﬁguram
1598 4254 1817 4323 gerebat

223 4354 248 4392 a
268 4340 471 4395 Judmis
495 4342 821 4396 transeuntis
848 4342 913 4396 ad
935 4343 1160 4413 Gentes;
1186 4343 1400 4400 attende
1421 4344 1546 4415 quid
1568 4354 1649 4398 est
1668 4345 1817 4399 Chri-

221 4441 333 4485 stus
364 4434 509 4485 inter
534 4431 749 4487 Judzeos
774 4443 827 4497 et
850 4434 1065 4505 Gentes.
1098 4434 1285 4489 Nonne
1316 4436 1428 4504 ipse
1459 4445 1539 4489 est
1564 4436 1653 4490 ille
1684 4436 1816 4505 lapis

220 4524 528 4594 anguilaris?
547 4524 774 4578 Attende
800 4526 853 4578 in
879 4528 1071 4595 angulo
1095 4527 1377 4583 terminum
1408 4527 1622 4596 parietis
1641 4527 1814 4593 unius,

221 4626 269 4670 et
302 4617 519 4671 initium
567 4617 784 4691 parietis
811 4619 1047 4691 alterius.
1082 4619 1258 4691 Usque
1288 4619 1354 4674 ad
1385 4620 1555 4689 ipsum
1586 4620 1815 4690 lapidem

218 4709 428 4761 metiris
462 4724 631 4763 unum
662 4709 917 4778 parietem
940 4750 956 4776 ,
988 4717 1040 4766 et
1063 4710 1131 4764 ab
1156 4711 1271 4780 ipso
1294 4711 1538 4767 alterum.
1570 4711 1660 4766 Bis
1689 4726 1817 4783 ergo

220 4810 536 4855 numeratur
563 4801 694 4877 lapis
713 4802 999 4874 angularis,
1022 4802 1109 4873 qui
1138 4804 1405 4869 connectit
1430 4813 1713 4874 utrumque
1734 4818 1818 4874 pa-

222 4896 436 4949 rietem.
468 4893 761 4949 Jechouias
787 4910 914 4965 ergo
941 4906 1155 4966 gestans
1182 4896 1405 4963 ﬁguram
1436 4896 1666 4963 Domini,
1702 4904 1813 4955 tan-

220 5002 377 5057 quam
410 4989 553 5057 lapis
584 4989 850 5058 angularis
880 4997 1060 5060 typum
1094 4989 1422 5058 praeferebat.
1458 4991 1524 5044 Et
1551 4990 1687 5045 sicut
1724 4989 1819 5047 Je-.

220 5081 451 5136 chonias
476 5097 703 5151 regnare
730 5098 836 5137 non
863 5089 944 5136 est
975 5084 1262 5151 permissus
1289 5081 1485 5136 Judzeis
1504 5122 1520 5147 ,
1563 5082 1657 5136 sed
1688 5081 1816 5136 itutn

219 5184 299 5228 est
325 5176 381 5227 in
410 5173 799 5244 Babyloniam;
832 5172 910 5228 sic
936 5173 1179 5227 Christus
1205 5174 1333 5244 lapis
1356 5190 1500 5244 quem
1522 5174 1820 5243 reprobave-

218 5277 335 5319 runt
358 5268 701 5333 wdiﬁcantes,
723 5268 885 5337 factus
913 5276 983 5319 est
1012 5266 1064 5320 in
1085 5276 1233 5337 caput
1255 5268 1429 5337 anguli
1456 5265 1629 5341 (Psal.
1655 5282 1817 5334 cxvu,

217 5356 312 5428 22)
333 5401 348 5423 ,
380 5370 441 5412 ut
469 5357 817 5428 Evangelium
847 5358 1155 5427 perveniret
1182 5358 1247 5411 ad
1278 5358 1496 5413 Gentes.
1544 5358 1662 5413 Noli
1692 5374 1820 5429 ergo

218 5447 473 5504 dubitare
517 5448 605 5503 bis
632 5463 915 5503 numerare
940 5460 1098 5517 caiiut
1125 5451 1340 5517 anguli,
1375 5459 1429 5504 et
1454 5452 1683 5505 occurrit
1726 5453 1820 5511 tibi

220 5555 485 5595 numerus
528 5540 799 5610 scriptus;
829 5548 987 5609 atque
1018 5542 1089 5594 ita
1134 5542 1532 5611 quatuordecim
1578 5551 1739 5610 sunt,
1769 5553 1822 5598 et

220 5633 635 5702 quatuordecim
660 5675 676 5699 ,
707 5643 759 5691 et
786 5634 1184 5704 quatuordecim
1221 5656 1230 5687 :
1264 5646 1318 5691 et
1356 5652 1461 5690 non
1493 5644 1614 5690 sunt
1646 5647 1822 5695 tamen

220 5727 582 5799 quadragitna
600 5726 722 5782 duae
734 5729 1126 5799 generationes,
1145 5728 1238 5784 sed
1260 5729 1606 5801 quadraginta
1627 5740 1679 5789 et
1695 5748 1819 5790 una.

3394 264 3500 320 342

1912 370 2043 437 Quia
2073 368 2207 424 sicut
2236 370 2366 426 ordo
2394 372 2625 442 lapidum
2657 388 2776 429 eum
2801 389 2897 444 per
2926 374 3117 432 lineam
3148 386 3344 433 rectam
3371 378 3499 433 diri-

1911 461 2068 531 gitur,
2099 478 2285 517 omnes
2311 464 2611 533 singillatim
2641 476 3016 533 numerantur;
3050 484 3168 524 cum
3198 452 3373 524 autem
3406 472 3498 525 de.

1912 562 2186 622 torquetur
2205 555 2355 621 ordo,
2380 565 2439 610 ut,
2459 558 2707 627 angulum
2733 558 2907 626 faciat,
2932 560 3077 614 illum
3111 561 3338 631 lapidem
3373 562 3488 616 ind“

1913 654 2184 715 torquetur
2208 656 2416 716 oportet
2445 648 2525 703 bis
2545 651 2840 717 numerari;
2861 653 2980 721 quia
3008 662 3061 707 et
3087 652 3152 705 ad
3180 651 3329 706 illum
3357 653 3490 706 ordi-

1913 752 2032 791 nem
2063 739 2308 807 pertinet,
2342 741 2428 809 qui
2458 756 2624 811 usque
2652 742 2717 796 ad
2750 744 2917 812 ipsum
2946 744 3144 812 finitur,
3175 755 3228 800 et
3254 746 3319 799 ad
3348 746 3492 799 illum

1911 830 1998 899 qui
2025 831 2092 883 ab
2120 831 2234 900 ipso
2257 831 2437 900 incipit
2462 851 2474 886 :
2498 833 2574 888 sic
2594 833 2725 887 ordo
2748 837 3145 904 generationum
3168 835 3416 908 quamdiu
3441 837 3493 891 in

1912 920 2002 975 illo
2032 924 2225 991 populo
2256 923 2466 990 mansit,
2500 926 2551 979 in
2586 925 2665 979 bis
2710 936 2952 995 septeno,
2988 929 3037 982 id
3078 940 3180 995 est,
3216 930 3498 984 intervallo

1912 1028 2019 1066 non
2049 1011 2170 1068 fecit
2197 1015 2481 1084 angulum;
2513 1031 2633 1069 cum
2663 1026 2837 1071 autem
2867 1018 3103 1073 detortus
3129 1020 3260 1074 ordo
3290 1032 3405 1085 est,
3441 1031 3498 1075 ut

1914 1106 2379 1175 transmigraretur
2408 1110 2457 1160 in
2482 1107 2847 1178 Babyloniam,
2872 1111 3013 1164 velut
3042 1126 3071 1165 a
3102 1111 3353 1166 .leehonia
3377 1113 3495 1182 qni-

1912 1196 2031 1251 dam
2052 1198 2217 1252 factus
2244 1200 2577 1267 estangulus;
2596 1209 2788 1254 uteum
2818 1203 2867 1255 in
2898 1211 3020 1272 typo
3049 1204 3189 1259 illius
3207 1194 3496 1261 venerandi

1912 1292 2100 1361 lapidis
2122 1293 2384 1361 augularis
2408 1293 2487 1347 bis
2509 1310 2791 1349 numerare
2812 1304 3100 1364 oporteret.

1983 1386 2205 1441 CAPUT
2238 1386 2494 1441 X.-—l6.
2539 1385 2644 1443 Cur
2680 1389 2972 1460 genealogia
3007 1388 3193 1444 Christi
3236 1390 3499 1444 deducitur

1913 1495 2001 1549 per
2041 1479 2256 1549 Joseph.
2282 1479 2475 1550 Ioseph
2520 1498 2661 1534 uerus
2704 1484 2916 1536 maritus
2960 1483 3164 1537 Marica.
3204 1483 3382 1539 Altera
3430 1484 3496 1537 il-

1913 1573 2086 1627 lorum
2132 1574 2469 1628 calumniatio
2495 1584 2593 1631 est.
2624 1576 2726 1630 Per
2750 1575 2945 1645 Joseph
2971 1619 2984 1643 ,
3019 1577 3297 1647 inquiunt,
3331 1593 3493 1647 gene-

1911 1664 2145 1719 rationes
2175 1664 2389 1731 Christi,
2423 1676 2475 1720 et
2506 1683 2607 1722 non
2638 1682 2730 1736 per
2760 1656 2973 1721 Mariam
3004 1678 3366 1722 numerantur.
3398 1669 3493 1723 At.

1913 1756 2093 1809 tendat
2132 1758 2398 1827 paulisper
2425 1758 2687 1812 Sanctitas
2716 1769 2909 1813 vestra.
2938 1760 3074 1824 Non,
3108 1761 3369 1830 inquiunt,
3403 1776 3500 1830 per

1910 1848 2106 1918 Joseph
2150 1850 2345 1904 debuit.
2377 1852 2550 1917 Quare
2582 1868 2684 1906 non
2731 1852 2911 1906 debuit
2943 1871 3034 1921 per
3058 1854 3300 1923 Joseph?
3329 1854 3499 1907 Num-

1912 1940 2035 2011 quid
2066 1956 2170 1993 non
2199 1950 2309 1995 erat
2338 1943 2557 1995 maritus
2585 1943 2756 1996 Marim
2777 1943 3016 2013 .loscph?
3048 1944 3159 1997 Non
3184 1987 3197 2011 ,
3234 1944 3498 2014 inquiunt.

1912 2034 2040 2099 Quis
2066 2034 2165 2087 hoe
2192 2034 2358 2088 dicit?
2389 2020 2656 2103 Scriptura
2684 2036 2824 2088 enim
2849 2036 2975 2090 dicit
3002 2036 3232 2105 angelica
3262 2038 3496 2089 auctori-

1914 2132 2019 2179 tate
2048 2125 2185 2193 quod
2220 2126 2439 2179 maritus
2467 2136 2596 2179 erat.
2635 2126 2760 2179 Noli
2791 2129 2963 2181 timere
2987 2170 2998 2191 ,
3037 2128 3240 2198 inquit,
3274 2131 3499 2200 accipere

1914 2218 2135 2272 Mariam
2162 2222 2421 2289 conjugem
2450 2230 2605 2272 tuam.
2658 2221 2806 2285 Quod
2835 2223 2963 2274 enim
2994 2222 3042 2275 in
3070 2222 3159 2275 illa
3186 2230 3357 2294 uatum
3386 2232 3455 2273 est
3482 2264 3495 2288 ,

1914 2313 1975 2365 de
2007 2312 2203 2383 Spiritu
2232 2323 2405 2366 sancto
2431 2323 2521 2365 est.
2555 2314 2613 2367 Ei
2658 2330 2864 2384 quoque
2886 2314 3100 2383 jubetur
3126 2323 3182 2367 ut
3210 2330 3372 2384 puero
3401 2330 3498 2367 no-

1914 2422 2036 2460 men
2066 2409 2297 2476 imponat
2325 2450 2339 2471 ,
2372 2409 2609 2478 quamvis
2638 2425 2744 2462 non
2771 2408 2837 2463 de
2866 2410 3067 2463 semine
3096 2425 3192 2465 suo
3219 2420 3360 2464 nato.
3396 2408 3499 2461 Pa-

1913 2498 2007 2552 riet
2027 2542 2039 2565 ,
2075 2500 2279 2569 inquit,
2313 2501 2473 2568 [ilium
2496 2543 2509 2567 ,
2544 2510 2589 2554 et
2612 2499 2807 2554 vocabis
2832 2519 3010 2555 nomen
3037 2503 3145 2571 ejus
3170 2501 3366 2555 Jesum.
3395 2502 3497 2555 Sed

1917 2590 2017 2643 hoc
2044 2589 2268 2644 intendit
2294 2591 2563 2660 Scriptura
2590 2634 2604 2657 ,
2635 2592 2774 2661 quod
2804 2610 2905 2645 non
2934 2594 3001 2645 sit
3028 2604 3179 2647 natus
3204 2592 3272 2648 de
3298 2594 3502 2647 semine

1915 2681 2133 2751 Ioseph,
2159 2697 2277 2736 cum
2308 2683 2533 2737 sollicito
2563 2683 2701 2737 unde
2732 2693 2873 2737 esset
2904 2684 2989 2736 illa
3020 2684 3196 2754 gravis
3226 2693 3395 2748 utero,
3422 2683 3503 2737 di-

1915 2774 2082 2839 citur,
2122 2773 2194 2827 De
2225 2774 2421 2844 Spiritu
2451 2784 2621 2829 sancto
2653 2786 2742 2829 est.
2777 2778 2840 2829 Et
2866 2786 3041 2830 tamen
3073 2786 3292 2845 paterna
3320 2777 3366 2831 ei
3396 2793 3500 2831 non

1914 2865 2152 2921 aufertur
2180 2867 2465 2920 auctoritas
2491 2884 2504 2932 ;
2537 2883 2654 2921 cum
2677 2868 2892 2936 jubctur
2919 2884 3080 2937 puero
3109 2887 3300 2924 nomen
3333 2870 3503 2939 impo-

1916 2973 2062 3011 nere.
2084 2958 2316 3027 Denique
2334 2966 2384 3012 et
2402 2959 2511 3033 ipsa
2531 2959 2676 3029 virgo
2690 2960 2847 3013 Maria
2867 2960 2999 3014 bene
3017 2961 3114 3015 sibi
3134 2961 3345 3015 conscia
3364 2960 3502 3031 quod

1917 3067 2020 3104 non
2036 3068 2097 3105 ex
2117 3052 2230 3120 ejus
2242 3052 2522 3120 complexu
2537 3062 2588 3105 et
2600 3052 2819 3106 eoncuhi
2831 3062 2881 3107 tu
2895 3054 3501 3127 conceperitChristum,

1917 3149 2093 3195 tamen
2118 3157 2236 3195 eum
2262 3151 2462 3211 patrem
2486 3141 2683 3195 Christi
2705 3143 2849 3197 dicit.

1989 3235 2074 3287 l7.
2114 3231 2305 3307 Ioseph
2334 3243 2474 3303 pater
2516 3234 2698 3287 Christi
2723 3252 2752 3286 a
2780 3233 2949 3288 Maria
2988 3235 3149 3289 dictus
3172 3278 3184 3301 ,
3230 3236 3499 3307 quomodo.

1917 3324 2144 3380 Christus
2163 3343 2262 3379 non
2294 3342 2347 3379 se
2371 3336 2518 3396 negat
2538 3325 2925 3396 ﬁliumJosep/i.
2954 3327 3223 3382 Attendite
3257 3328 3505 3398 quemad-

1916 3421 2155 3473 modum.
2206 3419 2337 3473 Cum
2394 3429 2536 3474 esset
2595 3419 2874 3475 duodecim
2938 3437 3197 3475 annorum
3246 3421 3500 3478 Dominus

1916 3513 2071 3569 Jesus
2109 3511 2346 3567 Christus
2391 3512 2680 3568 secundum
2726 3508 3031 3581 hominem,
3075 3515 3163 3585 qui
3212 3516 3502 3575 secundum

1918 3604 2084 3659 Deum
2116 3614 2196 3657 est
2221 3612 2343 3657 ante
2376 3614 2612 3673 tempora
2639 3613 2691 3657 et
2720 3606 2832 3659 sine
2864 3615 3123 3675 tempore,
3157 3606 3410 3669 remansit
3438 3606 3505 3663 ab

1919 3697 1995 3750 eis
2040 3697 2090 3749 in
2120 3697 2315 3765 templo
2338 3736 2351 3761 ,
2385 3704 2439 3750 et
2464 3696 2765 3766 disputabat
2793 3713 2913 3751 cum
2942 3698 3241 3755 senioribus
3265 3741 3277 3763 ,
3316 3708 3370 3754 et
3406 3699 3502 3754 ad-

1919 3788 2247 3841 mirabantur
2284 3804 2443 3858 super
2466 3788 2703 3843 doctrina
2730 3790 2862 3857 ejus.
2901 3789 2977 3842 llli
3004 3802 3183 3845 autem
3219 3790 3505 3855 redeuntes

1918 3879 1984 3933 de
2012 3879 2357 3949 JerOsolymis
2386 3881 2710 3950 qucesierunt
2738 3880 2880 3934 illum
2916 3882 2964 3934 in
2998 3882 3250 3936 comitatu
3273 3899 3389 3949 suo,
3423 3884 3503 3938 in-
3534 3872 3543 3875 ’

1920 3982 2003 4026 ter
2030 3988 2122 4027 eos
2167 3972 2369 4027 scilicet
2407 3974 2494 4042 qui
2538 3989 2715 4029 secum
2757 3974 3136 4038 ambulabant;
3166 3986 3219 4030 et
3248 3992 3352 4030 non
3381 3992 3502 4033 eum

1920 4066 2267 4133 invenientes,
2300 4067 2492 4123 turbati
2539 4068 2809 4137 redierunt
2836 4067 3244 4141 Jerostilymam,
3278 4087 3505 4142 eumque

1919 4158 2275 4228 disputantem
2319 4160 2369 4212 in
2410 4159 2605 4228 templo
2644 4176 2765 4214 cum
2809 4161 3105 4216 senioribus
3146 4162 3505 4228 invenerunt,

1920 4266 2039 4305 cum
2071 4259 2231 4315 esset,
2266 4258 2322 4303 ut
2344 4249 2472 4316 dixi,
2501 4266 2758 4305 annorum
2789 4251 3091 4308 duodecim.
3125 4253 3237 4313 Sed
3259 4254 3385 4324 quid
3412 4256 3509 4309 mi-

1920 4345 2082 4398 rum?
2114 4344 2344 4399 Verbum
2378 4344 2468 4399 Dei
2510 4361 2778 4416 nunquam
2813 4356 2948 4410 tacet
2982 4366 2992 4400 :
3028 4350 3118 4419 sed
3152 4364 3255 4418 non
3296 4366 3506 4418 semper

1920 4436 2149 4505 auditur.
2196 4434 2463 4491 Invenitur
2492 4450 2618 4505 ergo
2649 4437 2700 4491 in
2732 4440 2926 4508 templo
2952 4481 2965 4507 ,
3011 4450 3063 4507 ct
3091 4440 3220 4507 dicit
3261 4444 3307 4497 ei
3338 4454 3506 4503 mater

1921 4528 2038 4598 eius
2069 4545 2081 4581 :
2119 4526 2253 4593 Quid
2279 4526 2418 4580 nobis
2447 4526 2609 4596 fecisti
2634 4529 2704 4583 sic
2727 4528 2751 4582 ?
2782 4528 2937 4583 Pater
2963 4542 3081 4599 tuus
3101 4543 3146 4586 et
3172 4551 3262 4605 ego
3284 4535 3508 4595 dolentes

1920 4620 2265 4691 quwrelmtttus
2296 4627 2358 4673 te.
2391 4620 2456 4677 Et
2480 4620 2570 4677 ille
2600 4639 2615 4676 :
2652 4620 2772 4676 Non
2810 4623 3039 4687 solebatis
3058 4625 3390 4694 quiacporle:
3432 4644 3508 4681 me

1922 4713 1975 4766 in
2004 4713 2080 4766 his
2105 4729 2209 4766 esse
2246 4729 2357 4781 qua:
2378 4710 2552 4768 Patris
2591 4715 2687 4769 mei
2710 4726 2825 4771 sunt
2856 4715 3002 4787 (Luc.
3028 4734 3063 4772 ιι
3087 4761 3101 4785 ,
3130 4721 3325 4789 42-49.)
3346 4722 3368 4773 ‘t
3398 4723 3508 4779 Hoc

1921 4811 2203 4875 propterea
2232 4803 2408 4870 dixit,
2442 4804 2564 4874 quia
2607 4805 2771 4861 Filius
2812 4809 2906 4863 Dei
2934 4820 3048 4865 erat
3073 4812 3141 4865 in.
3169 4814 3365 4880 templo
3395 4814 3503 4870 Dei.

1925 4895 2203 4965 Templum
2231 4895 2372 4951 enim
2400 4896 2527 4953 illud
2554 4913 2661 4953 non
2689 4908 2801 4954 erat
2822 4899 3043 4971 Ioseph,
3075 4902 3169 4957 sed
3197 4902 3313 4957 Dei.
3346 4903 3507 4971 Ecce,

1923 4986 2092 5057 inquit
2133 4986 2323 5056 aliquis
2346 5027 2360 5051 ,
2392 5002 2500 5041 non
2544 5002 2603 5043 se
2628 4992 2891 5049 concessit
2928 5006 3049 5047 esse
3094 4992 3255 5046 ﬁlium
3285 4992 3505 5063 .loseph.

1923 5078 2195 5134 Attendite
2236 5077 2503 5147 aliquanto
2540 5080 2823 5150 patientius
2848 5125 2863 5149 ,
2910 5081 3135 5149 fratres,
3171 5096 3387 5155 propter
3412 5103 3509 5153 an-

1924 5172 2127 5243 gustias
2155 5173 2433 5243 temporis,
2466 5181 2523 5226 ut
2551 5174 2787 5243 sermoni
2816 5175 3097 5231 sufﬁciant.
3129 5174 3260 5232 Cum
3287 5180 3513 5239 dixisset

1926 5264 2088 5321 Maria
2115 5305 2128 5330 ,
2163 5263 2318 5317 Pater
2347 5274 2462 5320 tuus
2489 5274 2535 5318 et
2561 5282 2650 5337 ego
2677 5268 2900 5323 dolentes
2929 5270 3273 5338 quwrebamus
3309 5282 3392 5340 te;
3423 5276 3513 5331 illo

1925 5358 2220 5428 respondit,
2246 5356 2366 5411 Non
2392 5358 2618 5415 sciebatis
2637 5361 2754 5431 quia
2780 5361 2831 5414 in
2862 5362 2937 5419 his
2958 5373 3152 5432 oportet
3173 5382 3250 5419 me
3278 5383 3384 5422 esse
3401 5386 3513 5439 qua:

1928 5448 2100 5504 Patris
2139 5449 2234 5502 mei
2263 5449 2420 5503 sunt?
2446 5449 2562 5504 Non
2590 5451 2732 5505 enim
2776 5452 2853 5505 sic
2880 5468 2938 5507 se
2966 5453 3183 5510 Volebat
3204 5472 3324 5514 esse
3350 5458 3515 5516 ﬁlium

1928 5543 2138 5598 illorum
2165 5584 2178 5606 ,
2215 5551 2269 5595 ut
2298 5559 2401 5597 nou
2432 5543 2813 5613 intelligeretur
2839 5544 3007 5601 Filius
3030 5549 3144 5604 Dei.
3177 5549 3342 5605 Filius
3371 5563 3514 5607 enim

1932 5638 2044 5704 Dei,
2079 5652 2287 5705 semper
2314 5636 2478 5691 Filius
2509 5637 2625 5705 Dei,
2659 5653 2848 5694 creans
2878 5641 2996 5697 illos
3024 5642 3183 5713 ipsos.
3221 5645 3385 5705 Filius
3421 5663 3517 5702 au-

1932 5742 2042 5805 tem
2069 5730 2299 5787 hominis
2322 5746 2387 5785 ex
2414 5741 2670 5803 tempore,
2694 5740 2847 5793 natus
2868 5734 2936 5791 de
2959 5737 3158 5807 virgine
3178 5738 3295 5795 sine
3313 5742 3518 5800 semine
