3994 6434
507 368 614 424 543

507 482 766 549 maritali,
807 490 1081 553 parentem
1122 488 1299 536 tamen
1341 477 1568 534 habebat
1595 485 1895 549 utrumque.
1930 477 2080 533 Unde

503 574 606 629 hoc
633 573 952 643 probamus?
970 572 1086 628 Jam
1112 572 1245 627 dixit
1271 570 1454 636 Maria,
1478 569 1634 624 Pater
1659 579 1774 624 tuus
1797 579 1846 624 et
1873 584 1964 639 ego
1990 568 2083 621 do-

503 665 656 720 ’entes
673 665 1016 735 qurerebantus
1035 672 1099 717 te.

571 755 798 812 CAPUT
817 755 905 811 XI.
930 784 1001 795 —
1017 755 1104 810 18.
1134 753 1319 809 Μαι-ἕω
1339 754 1581 809 modestia
1608 761 1652 806 et
1678 751 1930 805 humilitas
1955 750 2076 804 imi-

501 847 656 900 tanda
703 847 922 913 feminis.
952 845 1122 900 Maria
1166 848 1304 918 virgo
1331 856 1380 900 et
1399 847 1576 900 mulier
1595 846 1749 898 dicta.
1775 843 2079 915 Symbolum

497 937 636 1005 ﬁdei.
711 937 888 991 Primo
956 952 1060 993 non
1124 947 1206 993 est
1279 936 1767 1008 praetermittenda,
1847 935 2074 1000 fratres,

499 1027 728 1082 maxime
757 1037 972 1099 propter
992 1029 1319 1099 disciplinam
1345 1029 1677 1091 feminarum,
1706 1041 1950 1082 sororum
1976 1040 2078 1081 no-

496 1127 744 1185 strarum,
776 1129 883 1174 tam
928 1130 1108 1176 sancta
1150 1120 1406 1175 modestia
1443 1120 1658 1190 virginis
1697 1118 1892 1173 Mariae.
1919 1116 2076 1173 Chri-

496 1217 634 1263 stum
659 1212 1186 1282 pepererat,augelus
1211 1211 1278 1266 ad
1299 1226 1414 1266 eam
1442 1219 1680 1274 venerat,
1698 1219 1752 1265 et
1776 1209 1982 1264 dixerat
2003 1209 2073 1275 ei,

497 1297 628 1354 Ecce
649 1302 896 1371 concipies
921 1303 972 1356 in
1001 1312 1160 1367 utero,
1193 1311 1240 1356 et
1265 1303 1429 1370 paries
1453 1302 1618 1372 ﬁlium
1640 1342 1654 1367 ,
1685 1310 1733 1354 et
1760 1299 1956 1355 vocabis
1978 1315 2075 1353 no-

495 1409 608 1446 men
646 1395 754 1464 ejus
779 1393 974 1448 Iesum.
1007 1394 1106 1448 Hic
1139 1395 1231 1449 erit
1268 1411 1480 1466 magnus
1500 1435 1516 1460 ,
1555 1404 1601 1450 et
1642 1393 1688 1447 F
1689 1395 1804 1448 ilius
1831 1392 2077 1447 Altissimi

493 1481 750 1536 vocabitur
773 1483 920 1553 (Luc.
949 1500 988 1546 ι,
1013 1484 1100 1549 51,
1134 1484 1246 1555 52).
1277 1484 1538 1539 Meruerat
1562 1498 1746 1554 parere
1770 1481 1960 1538 Filium
1987 1482 2078 1536 Al-

495 1573 712 1640 tissimi,
740 1585 794 1630 et
816 1583 930 1630 erat
959 1575 1250 1631 humillima
1279 1595 1292 1633 :
1326 1591 1424 1632 nec
1451 1591 1509 1632 se
1529 1581 1718 1632 marito
1743 1616 1757 1640 ,
1782 1591 1880 1631 nec
1905 1575 1959 1630 in
1988 1589 2078 1630 or-

493 1663 619 1719 dine
667 1666 893 1722 nominis
933 1666 1278 1737 przeferebat,
1327 1676 1387 1723 ut
1426 1667 1664 1730 diceret,
1711 1667 1821 1737 Ego
1847 1675 1901 1721 et
1923 1676 2076 1737 pater

495 1765 648 1823 tuus;
677 1758 769 1813 sed
791 1800 804 1822 ,
838 1758 993 1813 Pater
1012 1770 1129 1815 tuus
1147 1801 1160 1826 ,
1186 1761 1372 1832 inquit,
1399 1771 1447 1816 et
1467 1778 1576 1832 ego.
1605 1761 1721 1817 Non
1747 1761 1967 1816 attendit
1991 1761 2073 1816 sui

494 1850 629 1904 uteri
670 1849 977 1920 dignitatem
1013 1870 1026 1906 :
1058 1852 1150 1906 sed
1196 1853 1420 1907 attendit
1446 1852 1687 1908 ordinem
1716 1852 2068 1922 conjugalem.

491 1941 605 1996 Non
632 1944 773 1998 enim
802 1943 1016 2000 humilis
1057 1944 1301 2000 Christus
1335 1955 1556 2000 matrem
1603 1959 1750 2000 suam
1797 1943 2072 2013 superbire

488 2033 775 2090 docuisset.
799 2033 956 2089 Pater
976 2045 1089 2090 tuus
1108 2045 1152 2090 et
1171 2053 1260 2108 ego
1279 2037 1500 2091 dolentes
1519 2036 1860 2108 quterebamus
1878 2045 1941 2089 te.
1965 2033 2074 2088 Pa-

490 2132 564 2177 ter
608 2133 757 2191 tuus,
803 2124 1008 2194 inquit,
1057 2135 1104 2180 et
1153 2143 1242 2196 ego
1286 2143 1304 2180 :
1348 2127 1468 2196 quia
1512 2135 1669 2206 caput
1713 2125 1948 2180 mulieris
1991 2127 2072 2179 vir

489 2212 703 2284 (Epltes.
739 2231 789 2282 v,
816 2215 930 2281 25).
971 2217 1179 2284 Quanto
1222 2218 1398 2271 minus
1431 2216 1629 2272 debent
1657 2217 1930 2286 superbire
1966 2230 2070 2271 ca:-

487 2314 614 2357 tera:
656 2303 909 2359 [εξιηίηωῖ
938 2305 1068 2360 Nam
1099 2315 1153 2360 et
1188 2307 1300 2376 ipsa
1348 2307 1508 2360 Maria
1555 2307 1746 2361 mulier
1770 2307 1908 2361 dicta
1947 2315 2025 2360 est
2049 2347 2065 2373 ,

489 2409 595 2447 non
635 2404 882 2463 corrupta
924 2396 1262 2467 virginitate,
1306 2397 1401 2452 sed
1456 2397 1812 2467 appellatione
1858 2397 2066 2468 propria

485 2485 658 2554 gentis
690 2500 819 2540 suae.
855 2486 994 2542 Dixit
1031 2487 1173 2542 enim
1213 2488 1282 2544 de
1325 2489 1548 2543 Domino
1594 2488 1721 2543 Jesu
1760 2487 1974 2543 Christo
2013 2496 2069 2544 et

485 2577 790 2645 Apostolus,
812 2577 1028 2632 Factum
1051 2596 1112 2634 ea:
1129 2580 1332 2634 muliere
1357 2579 1550 2652 (Galat.
1567 2595 1637 2646 tv,
1655 2580 1710 2650 4)
1731 2597 1744 2634 :
1765 2594 1870 2634 non
1889 2590 2064 2635 tamen

485 2666 763 2738 interrupit
783 2671 1022 2725 ordinem
1046 2680 1100 2727 et
1122 2679 1320 2726 textum
1345 2671 1463 2726 fidei
1489 2681 1705 2738 nostrae,
1724 2687 1823 2742 qua
1845 2671 2066 2727 conﬁtc-

484 2771 603 2811 mur
618 2766 798 2813 natum
817 2759 882 2814 de
898 2760 1094 2830 Spiritu
1113 2770 1316 2826 sancto,
1329 2769 1383 2817 et
1397 2761 1598 2832 virgine
1613 2761 1792 2816 Maria.
1813 2762 1905 2817 Illa
1921 2763 2063 2817 enim

483 2851 631 2921 virgo
649 2854 910 2923 concepit,
929 2855 1076 2924 virgo
1094 2854 1320 2924 peperit,
1341 2855 1487 2924 virgo
1501 2855 1809 2924 permansit.
1833 2853 1936 2910 Sed
1949 2869 2038 2909 mu
2057 2889 2064 2896 -

484 2940 640 2995 lieres
652 2957 838 2998 omnes
854 2944 1075 2998 feminas
1101 2945 1174 2999 illi
1191 2945 1607 3015 appellaverunt,
1622 2945 1944 3015 proprietate
1965 2945 2064 2999 lin-

481 3048 598 3102 gnte
620 3033 864 3090 hebraue.
894 3037 1028 3091 Audi
1056 3037 1508 3092 evidentissimum
1529 3037 1856 3106 exemplum.
1887 3037 2062 3091 Prima

483 3122 697 3192 femina,
739 3140 896 3196 quam
927 3127 1048 3182 fecit
1079 3128 1216 3182 Deus
1241 3135 1505 3198 sumptam
1535 3127 1602 3182 de
1631 3128 1794 3182 latere
1823 3128 1940 3194 viri,
1960 3143 2060 3182 an-

482 3226 691 3287 tequam
715 3232 834 3272 cum
866 3219 980 3273 viro
1005 3220 1408 3285 concumberet,
1440 3218 1582 3290 quod
1622 3229 1964 3289 posteaquam
1993 3219 2061 3275 de

481 3308 724 3379 paradiso
748 3311 992 3365 exierunt
1019 3312 1267 3366 scribitur
1297 3311 1489 3366 factum
1506 3353 1523 3378 ,
1549 3319 1726 3366 tamen
1749 3311 2060 3380 mulierjam

480 3401 788 3466 vocabatur,
811 3401 1020 3456 dicente
1039 3401 1307 3473 Scriptura
1328 3443 1344 3469 ,
1372 3401 1632 3457 Formavit
1660 3418 1771 3456 eam
1799 3403 1851 3456 in
1877 3403 2058 3456 mulie-

477 3509 583 3546 rem
612 3492 763 3562 (Gen.
792 3510 826 3548 ll
850 3537 861 3556 ,
883 3493 996 3564 22).

551 3584 638 3638 19.
680 3583 908 3640 Christus
943 3594 1132 3655 patrem
1171 3583 1363 3655 Joseph
1405 3602 1506 3639 non
1553 3593 1719 3657 negat.
1765 3585 2060 3640 Obedientia

479 3675 621 3743 pueri
669 3674 793 3728 Jesu
850 3675 1095 3729 imitanda
1147 3677 1333 3746 pueris.
1389 3676 1540 3744 Quod
1603 3691 1729 3747 ergo
1773 3676 2061 3746 respondet

482 3765 734 3820 [)bminus
757 3765 909 3820 .lesus
938 3765 1180 3822 Christus
1197 3807 1210 3830 ,
1245 3767 1517 3836 Oportebat
1547 3783 1624 3820 me
1644 3783 1748 3821 esse
1765 3769 1817 3820 in
1843 3767 1921 3820 his
1946 3784 2060 3838 qua:

479 3853 650 3909 Putris
674 3857 771 3910 mei
797 3866 950 3922 sunt;
981 3873 1084 3910 non
1110 3859 1185 3910 sic
1207 3857 1403 3912 iudicat
1422 3857 1632 3912 Patrem
1664 3859 1854 3926 Deum,
1884 3869 1941 3914 ut
1966 3875 2059 3914 ne-

476 3955 564 4013 get
591 3957 792 4015 patrem
823 3947 1042 4018 Joseph.
1075 3948 1226 4004 Unde
1269 3949 1369 4003 hoc
1400 3949 1722 4019 probamus?
1766 3950 2056 4006 secundum

477 4035 802 4106 Scripturam
827 4079 843 4106 ,
875 4055 992 4108 qua:
1017 4041 1093 4094 sic
1119 4041 1229 4095 ait:
1259 4038 1326 4092 Et
1351 4040 1478 4094 dixit
1501 4041 1568 4094 ad
1595 4041 1710 4096 illos
1738 4057 1758 4096 :
1786 4042 1905 4096 Non
1927 4045 2055 4097 scie-

477 4127 605 4181 batis
628 4129 748 4197 quia
775 4130 827 4182 in
852 4130 929 4182 Itis
965 4146 1078 4200 quae
1110 4129 1278 4185 Patris
1308 4133 1404 4184 mei
1440 4141 1556 4186 sunt
1580 4140 1776 4202 Oportet
1811 4150 1889 4188 me
1929 4151 2053 4188 esse.

477 4215 570 4270 Illi
596 4227 763 4272 autem
800 4235 900 4272 non
926 4220 1276 4274 intellexerunt
1309 4221 1434 4291 quid
1471 4222 1574 4276 illis
1615 4223 1808 4277 locutus
1851 4234 1943 4279 est.
1987 4225 2056 4280 Et

476 4324 590 4363 cum
613 4310 944 4366 descendisset
968 4328 1083 4366 cum
1113 4311 1233 4377 illis,
1258 4314 1386 4367 venit
1417 4313 1674 4368 Nazareth
1693 4355 1708 4380 ,
1740 4325 1786 4369 et
1811 4326 1916 4370 erat
1938 4319 2056 4371 sub-
2091 4311 2097 4318 ’

475 4399 610 4453 ditus
632 4400 908 4472 illis(Luc.
955 4417 1026 4470 tt,
1079 4403 1294 4474 49-51).
1321 4403 1434 4460 Non
1461 4404 1625 4471 dixit,
1657 4406 1782 4462 Erat
1815 4407 2056 4464 subditus

474 4491 665 4558 matri;
695 4501 820 4561 aut,
846 4501 962 4548 erat
989 4493 1230 4550 subditus
1253 4495 1302 4549 ei
1339 4512 1353 4549 :
1393 4495 1508 4562 sed,
1535 4506 1641 4550 erat
1660 4537 1674 4562 ,
1707 4496 1910 4568 inquit,
1939 4500 2057 4552 sub-

475 4582 610 4636 ditus
640 4582 763 4638 illis.
793 4583 994 4652 Quibus
1019 4585 1260 4642 subditus
1291 4590 1443 4642 erat?
1483 4586 1669 4642 Nonne
1707 4589 2055 4658 parentibus?

475 4673 647 4728 Ambo
688 4684 934 4745 parentes
960 4685 1135 4744 erant,
1168 4676 1358 4748 quibus
1403 4677 1492 4733 ille
1530 4677 1772 4734 subditus
1811 4688 1960 4747 erat,
1991 4695 2053 4736 ea

471 4765 776 4836 dignatione
798 4783 900 4839 qua
927 4768 1064 4824 filius
1089 4769 1318 4825 hominis
1347 4779 1480 4825 erat.
1551 4817 1558 4821 .
1989 4763 2006 4771 ’

543 4856 770 4914 CAPUT
799 4858 914 4914 ΧΠ.
944 4889 1014 4900 --
1040 4859 1356 4916 Jamdudum
1380 4872 1644 4932 praecepta
1675 4863 1882 4919 feminae
1910 4863 2052 4919 acci-

471 4950 727 5021 piebant:
760 4967 901 5008 nunc
943 4954 1093 5023 pueri
1133 4954 1431 5025 accipiant,
1464 4964 1522 5010 ut
1565 4955 1924 5026 obsequantur
1959 4971 2054 5026 pa-

472 5043 712 5100 rentibus
735 5086 749 5110 ,
779 5046 963 5116 eisque
1003 5047 1109 5102 sint
1134 5047 1350 5103 subditi.
1382 5048 1594 5104 Christo
1617 5047 1846 5104 mundus
1873 5049 2055 5104 subdi-

471 5146 556 5192 tus
576 5179 592 5204 ,
623 5137 867 5194 Christus
891 5140 1198 5210 parentibus
1221 5141 1483 5196 subditus.

541 5227 630 5282 20.
679 5227 907 5284 Christus
961 5241 1010 5285 et
1055 5232 1194 5300 ﬁlius
1233 5241 1279 5286 et
1318 5231 1564 5286 Dominus
1611 5231 1800 5286 David.
1851 5231 2052 5287 Videtis

471 5333 632 5390 ergo,
661 5318 883 5387 fratres,
906 5322 1046 5391 quod
1074 5337 1177 5378 non
1206 5324 1276 5378 ita
1301 5323 1526 5392 dixerit,
1559 5323 1765 5394 Oportet
1793 5340 1872 5378 me
1893 5325 1948 5378 in
1975 5325 2052 5378 his

470 5428 584 5482 que
623 5411 792 5467 Patris
818 5414 914 5468 mei
937 5425 1052 5469 sunt
1076 5431 1180 5471 esse
1201 5457 1217 5483 ,
1249 5423 1306 5470 ut
1330 5416 1744 5486 intelligeremus
1780 5417 1928 5486 quasi
1965 5416 2051 5471 di-

469 5511 643 5569 ctum,
669 5503 776 5558 Vos
808 5518 916 5558 non
945 5505 1070 5560 estis
1096 5517 1342 5576 parentes
1369 5506 1494 5562 mei.
1537 5505 1640 5562 Sed
1689 5515 1933 5576 parentes
1976 5507 2051 5562 illi

468 5595 850 5664 temporaliter,
879 5595 1035 5650 Pater
1060 5599 1146 5652 ille
1175 5599 1512 5668 sempiterne.
1549 5599 1801 5653 Parentes
1846 5600 1917 5654 illi
1957 5599 2049 5654 filii

470 5685 729 5747 hominis,
777 5683 932 5739 Pater
976 5686 1066 5742 ille
1108 5687 1265 5742 Verbi
1307 5697 1361 5742 et
1400 5689 1683 5759 Sapientia:
1713 5704 1858 5753 sure,
1893 5689 2050 5744 Pater

472 5779 691 5844 'v'irtutis
709 5794 817 5835 suae
835 5819 851 5848 ,
881 5794 975 5854 per
1001 5797 1158 5858 quam
1179 5792 1364 5843 cuncta
1398 5783 1660 5842 formavit.
1689 5783 1743 5840 Si
1773 5799 1867 5862 per
1897 5784 2040 5846 illam

1733 363 1794 421 S.
1833 359 2200 420 AUGUSTINI
2240 359 2548 418 EPISCOPI

3661 358 3776 418 3M

2189 474 2481 531 formantur
2500 477 2776 544 universa,
2805 489 2922 548 quae
2953 477 3163 549 attingit
3191 491 3222 534 a
3259 482 3365 534 ttne
3398 492 3570 550 usque
3602 477 3671 533 ad
3701 477 3769 532 li-

2186 583 2307 622 nem
2334 567 2539 624 fortiter
2561 576 2616 623 et
2633 568 2868 639 disponit
2890 572 3067 628 omnia
3091 573 3321 628 suaviter
3342 573 3496 646 (Sap.
3519 587 3610 626 vut
3627 612 3644 639 ,
3674 570 3769 640 1),

2186 669 2280 726 per
2306 656 2494 711 Filium
2523 657 2614 712 Dei
2645 667 2698 713 et
2725 659 2800 713 illi
2825 659 3032 715 formati
3061 671 3217 727 sunt,
3258 662 3448 732 quibus
3478 660 3619 717 idem
3646 661 3769 730 ipse

2184 757 2366 818 postea
2412 749 2547 804 ﬁlius
2589 749 2817 805 hominis
2851 751 3184 808 subderetur.
3218 753 3284 808 Et
3306 753 3596 823 Apostolus
3632 751 3767 807 dicit

2185 853 2305 894 eum
2348 840 2513 894 lilium
2557 841 2722 898 David
2763 860 2776 895 :
2813 843 2910 909 Qui
2946 847 3111 914 factus
3150 853 3224 899 est
3251 845 3326 912 ei,
3370 845 3572 914 inquit,
3598 859 3663 898 ea:
3688 859 3770 897 se-

2183 932 2316 986 mine
2334 931 2500 985 David
2517 975 2532 1000 ,
2559 935 2828 987 secundum
2852 951 3052 989 carnem
3082 934 3254 1005 (Rom.
3279 951 3329 1003 ι,
3357 936 3432 1005 3).
3458 934 3564 991 Sed
3585 944 3766 990 tamen

2183 1019 2296 1088 ipse
2324 1021 2576 1076 Dominus
2598 1022 2942 1091 quaestionem
2984 1025 3228 1094 proponit
3265 1024 3493 1090 ludatis,
3521 1040 3679 1094 quam
3712 1024 3766 1080 in

2182 1109 2266 1164 his
2297 1112 2424 1180 ipsis
2454 1113 2630 1167 verbis
2658 1114 2816 1168 solvit
2849 1115 3154 1184 Apostolus.
3183 1115 3317 1170 Cum
3353 1116 3494 1170 enim
3529 1115 3763 1180 diceret,

2184 1202 2286 1269 Qui
2313 1205 2478 1273 factus
2501 1216 2572 1259 est
2603 1207 2648 1259 ei
2675 1223 2735 1260 ea:
2760 1207 2944 1260 semine
2972 1205 3173 1273 David;
3197 1207 3265 1262 ad
3294 1207 3395 1262 hoc
3422 1207 3650 1274 addidit,
3687 1225 3769 1264 se-

2179 1295 2403 1348 cundum
2427 1312 2656 1360 carnem,
2697 1306 2754 1350 ut
2784 1297 3167 1366 intelligeretur
3193 1298 3484 1353 secundum
3512 1298 3766 1353 divinita-

2181 1390 2286 1437 tem
2331 1399 2434 1438 non
2463 1400 2582 1440 esse
2615 1386 2750 1441 filius
2779 1386 2938 1440 David
2959 1428 2976 1454 ,
3022 1387 3114 1442 sed
3146 1388 3309 1442 Filius
3350 1389 3475 1454 Dei,
3506 1389 3768 1444 Dominus

2181 1476 2362 1530 David.
2393 1477 2523 1532 Nam
2553 1488 2606 1534 et
2624 1479 2729 1533 alio
2757 1480 2872 1534 loco
2896 1481 2971 1534 sic
2996 1480 3122 1534 dicit
3149 1481 3450 1551 Apostolus,
3472 1496 3593 1536 cum
3615 1495 3768 1536 como

2180 1568 2453 1624 metularet
2481 1572 2695 1641 stirpem
2717 1571 2742 1626 .1
2752 1571 3016 1626 udmorum
3048 1591 3061 1628 :
3088 1572 3320 1637 Quorum
3341 1583 3506 1643 patres
3525 1616 3541 1640 ,
3564 1574 3764 1645 inquit,

2178 1675 2240 1712 ea:
2288 1661 2464 1731 quibus
2507 1661 2734 1716 Christus
2779 1664 3049 1716 secundum
3091 1679 3322 1731 carnem,
3365 1664 3452 1735 qui
3489 1673 3562 1718 est
3607 1681 3767 1734 super

2179 1753 2347 1805 omnia
2373 1751 2507 1807 Deus
2535 1753 2818 1808 benedictus
2847 1755 2899 1808 in
2929 1755 3114 1808 stecula
3139 1755 3256 1824 (1d.
3287 1772 3370 1822 Ix,
3395 1755 3474 1824 5).
3503 1755 3656 1824 Quod
3682 1773 3767 1812 sc-

2177 1845 2395 1896 cundum
2415 1860 2611 1897 carnem
2633 1887 2647 1911 ,
2679 1843 2801 1900 inde
2831 1845 2969 1900 filius
3001 1846 3162 1900 David
3195 1863 3208 1900 :
3241 1847 3380 1917 quod
3411 1855 3586 1901 autem
3609 1863 3766 1917 super

2177 1936 2346 1987 omnia
2382 1934 2515 1989 Deus
2555 1937 2836 1990 benedictus
2870 1937 2923 1991 in
2951 1939 3170 2002 stecula,
3204 1938 3324 1993 inde
3355 1938 3608 1994 Dominus
3658 1939 3764 1992 Da-

2175 2027 2285 2082 vid.
2318 2027 2568 2082 Dominus
2592 2044 2715 2098 ergo
2743 2028 2940 2084 Judreis
2962 2029 3061 2084 hoc
3087 2029 3216 2084 dicit
3240 2047 3253 2083 :
3285 2029 3441 2100 Cujus
3469 2047 3573 2084 esse
3591 2031 3764 2099 ﬁlium

2175 2120 2338 2173 dicitis
2365 2119 2654 2174 Christum?
2679 2120 3122 2190 Responderunt:
3147 2119 3331 2174 David.
3354 2120 3464 2175 Hoc
3490 2121 3632 2175 enim
3661 2135 3764 2176 no-

2175 2219 2389 2276 verant,
2424 2212 2561 2282 quod
2604 2211 2755 2266 facile
2799 2212 3079 2281 capiebant
3121 2227 3186 2266 ex
3215 2211 3590 2282 praedicatione
3618 2211 3762 2266 Pro-

2175 2303 2472 2372 phetarum.
2517 2304 2581 2357 Et
2605 2318 2731 2358 vere
2762 2303 2874 2372 ipse
2909 2311 3024 2358 erat
3069 2318 3136 2358 ex
3177 2302 3379 2357 semine
3419 2302 3616 2367 David,
3659 2303 3762 2358 sed

2172 2395 2461 2449 secundum
2489 2409 2701 2450 carnem
2733 2410 2825 2464 per
2846 2395 3102 2464 virginem
3131 2393 3346 2448 Mariam
3368 2393 3757 2464 desponsatam

2171 2486 2388 2557 loseph.
2419 2488 2552 2542 Cum
2582 2502 2708 2556 ergo
2740 2487 3122 2558 responderent
3146 2487 3412 2542 Christum
3443 2485 3608 2541 filium
3632 2501 3759 2542 esse

2172 2579 2336 2634 David
2358 2621 2372 2644 ,
2403 2580 2476 2634 ait
2501 2579 2601 2633 illis
2627 2579 2781 2634 Jesus
2808 2595 2821 2632 :
2853 2577 3116 2644 Quomodo
3143 2595 3261 2649 ergo
3291 2576 3457 2631 David
3484 2578 3535 2630 in
3572 2577 3761 2648 spiritu

2168 2681 2310 2725 vocat
2338 2653 2452 2724 cum
2481 2670 2786 2737 Dominum,
2817 2671 3015 2737 dicens,
3063 2669 3204 2724 Dia-it
3249 2668 3495 2724 Dominus
3531 2668 3760 2725 Domino

2170 2779 2310 2829 meo,
2361 2762 2494 2818 Sede
2535 2781 2566 2816 α
2612 2764 2800 2817 dextris
2829 2764 2982 2830 meis,
3011 2779 3265 2835 quousque
3301 2780 3486 2832 ponam
3522 2763 3760 2817 inimicos

2169 2863 2279 2908 tuos
2315 2853 2406 2908 sub
2444 2855 2649 2924 pedibus
2696 2855 2828 2909 tuis?
2869 2855 2930 2910 Si
2956 2872 3072 2926 ergo
3109 2854 3274 2908 David
3315 2855 3367 2908 in
3402 2855 3582 2924 spiritu
3610 2863 3760 2909 vocat

2167 2962 2280 2999 eum
2300 2943 2606 3010 Dominum,
2637 2945 2886 3016 quomodo
2914 2946 3050 3014 [ilius
3069 2947 3176 3016 ejus
3204 2946 3316 2999 est?
3337 2945 3402 2998 Et
3431 2961 3534 3000 non
3566 2956 3734 3014 potuo

2166 3045 2290 3091 runt
2314 3036 2635 3104 respondere
2663 3035 2831 3091 Judaei
2871 3035 3078 3107 (Matth.
3107 3053 3215 3091 xxn
3240 3078 3256 3103 ,
3285 3037 3504 3107 42-46).
3533 3037 3620 3093 Sic
3649 3038 3755 3092 ha-

2167 3125 2353 3180 bemus
2389 3126 2442 3180 in
2481 3124 2785 3196 Evangelio.
2820 3126 2931 3180 Non
2958 3143 3016 3182 se
3042 3129 3250 3197 negavit
3275 3127 3443 3183 ﬁlium
3480 3143 3599 3184 esse
3641 3130 3754 3184 Da-

2165 3219 2290 3285 vid;
2333 3227 2390 3273 ut
2427 3221 2694 3274 nescirent
2733 3219 3012 3273 Dominum
3051 3235 3170 3275 esse
3208 3219 3393 3275 David.
3422 3220 3629 3275 Etenim
3673 3231 3755 3277 te-

2165 3307 2362 3362 nebant
2391 3308 2443 3362 in
2480 3307 2691 3363 Christo
2742 3308 2880 3378 quod
2925 3307 3091 3362 factus
3125 3318 3299 3364 estex
3329 3318 3604 3378 tempore:
3639 3325 3755 3368 non

2165 3399 2218 3452 in
2262 3413 2329 3453 eo
2371 3399 2734 3469 intelligebant
2761 3397 2901 3469 quod
2947 3407 3028 3453 est
3071 3398 3125 3453 in
3153 3399 3468 3454 aeternitate.
3508 3400 3758 3472 Quapro-

2164 3499 2282 3561 pter
2320 3490 2512 3545 docere
2542 3491 2660 3546 illos
2687 3491 2868 3546 volens
2905 3490 3230 3546 divinitatem
3275 3505 3459 3556 suam,
3493 3494 3755 3561 quaestio-

2164 3596 2286 3635 nem
2335 3581 2456 3636 fecit
2511 3581 2576 3636 de
2625 3581 2950 3637 humanitate
3004 3596 3100 3636 sua
3139 3599 3152 3635 :
3209 3590 3458 3653 tanquam
3507 3581 3751 3650 diceret,

2161 3673 2318 3727 Scitis
2359 3673 2624 3728 Christum
2667 3688 2785 3729 esse
2823 3672 2988 3728 filium
3031 3673 3230 3740 David;
3267 3674 3586 3745 respondete
3614 3677 3756 3734 mihi

2161 3762 2426 3832 quomodo
2479 3764 2549 3817 sit
2595 3772 2650 3818 et
2695 3765 2947 3820 Dominus
2995 3764 3178 3820 David.
3227 3764 3332 3820 Sed
3385 3781 3452 3822 ne
3497 3765 3572 3821 illi
3603 3767 3755 3824 dioe-

2161 3865 2312 3921 rent,
2353 3855 2466 3911 Non
2495 3865 2579 3911 est
2608 3857 2863 3912 Dominus
2902 3856 3098 3923 David;
3141 3859 3312 3927 ipsum
3352 3858 3514 3913 David
3553 3867 3754 3918 testem

2163 3949 2494 4019 interposuit.
2527 3950 2592 4004 Et
2617 3950 2741 4020 quid
2767 3951 2893 4008 dicit
2924 3953 2979 4006 ‘?
3010 3951 3206 4006 Verum
3234 3953 3412 4023 utique
3439 3953 3584 4008 dicit.
3607 3952 3753 4008 Nam

2160 4048 2214 4095 et
2234 4040 2357 4094 illud
2386 4040 2547 4096 habes
2569 4042 2619 4095 in
2649 4041 2871 4096 Psalmis
2895 4041 2961 4095 ad
2980 4042 3141 4096 David
3162 4042 3447 4107 dicentem,
3476 4043 3548 4098 De
3574 4045 3752 4114 fructu

2160 4131 2342 4185 ventris
2370 4131 2442 4183 tui
2466 4146 2650 4200 ponam
2677 4147 2827 4201 super
2853 4132 3019 4187 sedem
3042 4140 3176 4186 tuam
3203 4132 3377 4204 (Psal.
3409 4149 3596 4201 cxxxr,
3627 4135 3748 4204 11).

2161 4221 2298 4276 Ecce
2327 4222 2465 4276 filius
2488 4222 2667 4277 David.
2693 4222 2968 4289 Quomodo
2989 4234 3043 4279 et
3068 4225 3323 4280 Dominus
3348 4225 3532 4291 David,
3560 4228 3650 4296 qui
3677 4227 3753 4282 ti-

2161 4311 2262 4367 lius
2280 4312 2445 4366 David
2463 4313 2486 4366 ?
2503 4312 2664 4381 Diait,
2680 4313 2864 4384 inquit,
2886 4313 3130 4368 Dominus
3147 4314 3363 4369 Domino
3375 4332 3502 4385 meo,
3523 4315 3658 4371 Sede
3674 4318 3754 4371 ad

2160 4403 2413 4456 dexteram
2450 4420 2609 4457 meum
2645 4403 2814 4475 (Psal.
2838 4405 2964 4476 (δικ,
2992 4403 3066 4478 1).
3094 4405 3352 4460 Miramini
3383 4407 3546 4461 David
3573 4406 3750 4463 lilium

2160 4508 2311 4548 suum
2359 4495 2639 4549 Dominum
2687 4495 2912 4564 habere,
2941 4511 3061 4551 cum
3087 4497 3308 4553 videatis
3336 4497 3554 4552 Mariam
3581 4513 3751 4555 suum

2162 4585 2438 4640 Dominum
2470 4586 2777 4656 peperisse?
2800 4587 3051 4643 Dominus
3077 4587 3257 4651 David,
3279 4589 3402 4658 quia
3433 4590 3601 4655 Deus;
3633 4589 3746 4646 Do-

2159 4678 2334 4732 minus
2359 4678 2553 4744 David,
2581 4677 2702 4747 quia
2728 4679 2962 4734 omnium
2991 4696 3004 4731 :
3035 4678 3172 4734 illius
3197 4688 3371 4734 autem
3399 4680 3559 4734 David
3576 4723 3590 4748 ,
3614 4683 3754 4752 quia

2159 4766 2299 4822 ﬁlius
2327 4767 2576 4823 hominis.
2608 4768 2749 4823 Idem
2780 4769 3066 4835 Dominus,
3103 4769 3241 4824 idem
3270 4769 3450 4826 filius:
3483 4771 3760 4831 Dominus

2158 4859 2350 4927 David,
2378 4877 2461 4930 qui
2487 4877 2602 4914 cum
2629 4861 2684 4915 in
2709 4869 2872 4934 forma
2905 4861 3000 4915 Dei
3026 4871 3180 4927 esset,
3212 4879 3314 4918 non
3339 4865 3574 4934 rapinam
3597 4865 3754 4920 arbi-

2159 4963 2318 5008 tratus
2345 4964 2418 5008 est
2447 4971 2550 5008 esse
2575 4957 2784 5025 (aqualis
2817 4953 2920 5008 Deo
2948 4970 2967 5009 :
2996 4954 3136 5009 ﬁlius
3173 4965 3350 5012 autem
3381 4957 3545 5012 David
3565 4999 3581 5024 ,
3612 4959 3753 5029 quia

2155 5047 2472 5116 semetipsum
2490 5047 2777 5112 exinanivit,
2805 5048 3018 5116 formant
3034 5047 3161 5102 servi
3199 5049 3448 5120 accipiens
3475 5048 3754 5120 (Philipp.

2157 5135 2428 5206 11,6,7).

2225 5226 2450 5283 CAPUT
2479 5225 2613 5283 XIII.
2631 5227 2804 5283 —2i.
2826 5229 3130 5301 Conjugium
3151 5233 3289 5303 facit,
3317 5249 3418 5287 non
3443 5233 3756 5290 commixtio

2157 5318 2406 5385 carnalis,
2434 5318 2523 5373 sed
2559 5319 2776 5373 charitas
2801 5322 3101 5392 conjugalis.
3142 5322 3409 5394 Conjugati
3435 5323 3758 5381 abstinentes

2155 5428 2218 5466 ea:
2243 5428 2504 5466 consensu.
2530 5410 2643 5467 Non
2688 5412 2862 5482 itaque
2890 5421 3167 5482 propterea
3196 5429 3301 5468 non
3340 5414 3436 5468 fuit
3463 5422 3614 5484 pater
3639 5414 3754 5470 Jo-

2155 5504 2284 5574 seph
2307 5547 2320 5572 ,
2349 5504 2472 5574 quia
2512 5518 2630 5558 cum
2660 5513 2828 5560 matre
2853 5505 3060 5560 Domini
3091 5521 3195 5561 non
3238 5507 3550 5571 concubuit;
3583 5510 3757 5577 quasi

2156 5613 2375 5651 uxorem
2404 5596 2566 5650 libido
2590 5597 2774 5662 iaciat,
2825 5607 2878 5652 et
2907 5615 3010 5654 non
3041 5599 3272 5654 charitas
3304 5599 3618 5669 conjugalis.
3652 5599 3760 5656 ln-

2156 5689 2336 5743 tendat
2379 5689 2640 5743 Sanctitas
2683 5700 2880 5747 vestra.
2929 5691 3172 5748 Dicturus
3197 5702 3312 5749 erat
3340 5703 3458 5764 post
3484 5693 3760 5764 aliquan-

2224 5793 2244 5824 ³
2265 5792 2422 5841 Codex
2451 5806 2517 5854 v.,
2545 5797 2597 5841 Et
2617 5791 2698 5855 qui
2716 5791 2850 5846 dicit.
