4012 6338
228 480 335 520 tum
380 461 656 535 temporis,
700 456 987 529 Apostolus
1029 454 1226 512 Christi
1270 454 1323 508 in
1370 452 1640 519 Ecclesia,
1676 450 1813 504 Reli-

224 575 377 629 quum
406 566 479 611 est
507 565 565 609 ut
597 554 683 625 qui
723 552 904 606 habent
933 565 1143 615 umores,
1174 550 1409 619 tanquam
1438 563 1540 600 non
1578 545 1810 598 habentes

225 652 319 703 sint
346 649 387 718 (l
411 648 533 703 Cor.
564 663 668 712 vn,
691 643 807 716 29).
834 645 900 699 Et
918 643 1113 697 multos
1128 642 1372 695 novimus
1391 639 1583 694 fratres
1603 645 1810 692 nostros

225 741 611 794 fructiﬁcantes
624 737 675 792 in
690 736 878 808 gratia,
892 735 944 789 in
963 735 1175 789 nomine
1186 732 1379 788 Christi
1395 746 1459 787 ex
1471 743 1731 785 consensu
1744 728 1810 783 ab

227 832 457 886 invicem
484 830 763 886 continere
790 825 1271 896 concupiscentiam
1292 824 1487 889 carnis,
1514 837 1619 876 non
1635 829 1810 876 autem

222 924 502 977 continere
530 922 598 976 ab
626 920 855 974 invicem
883 916 1196 972 charitatem
1219 914 1573 984 coniugalem.
1603 911 1811 976 Quanto

230 1018 316 1071 illa
345 1015 677 1085 reprimitur,
710 1020 857 1066 tanto
886 1011 983 1064 ista
1010 1008 1197 1063 fortius
1229 1006 1588 1061 conﬁrmatur.
1624 1002 1810 1057 Nonne

229 1116 352 1163 sunt
380 1108 638 1177 coniuges
662 1106 751 1175 qui
781 1106 858 1159 sic
889 1103 1103 1167 vivunt,
1135 1116 1238 1155 non
1263 1107 1561 1169 qutcrentes
1588 1097 1655 1151 ab
1680 1096 1811 1149 invi-

224 1217 339 1256 cem
364 1199 597 1255 fructum
618 1198 816 1263 carnis,
834 1212 937 1251 non
960 1194 1229 1265 exigentes
1251 1194 1318 1248 ab
1336 1192 1559 1245 invicem
1576 1188 1809 1243 debitum

223 1290 673 1360 concupiscentiae
702 1287 1037 1357 corporalis?
1062 1286 1126 1339 Et
1156 1294 1331 1338 tamen
1353 1282 1438 1336 illa
1468 1280 1703 1348 subiecta
1729 1286 1813 1333 est

224 1386 338 1439 viro
357 1426 375 1451 ,
406 1384 532 1453 quia
558 1384 637 1438 sic
661 1382 846 1447 decet;
895 1388 948 1434 et
974 1386 1121 1434 tanto
1146 1376 1450 1446 subjeclior,
1480 1381 1676 1443 quanto
1718 1386 1806 1426 ca-

223 1476 357 1530 stior
388 1493 402 1527 :
434 1482 491 1528 et
528 1474 615 1527 ille
658 1486 881 1526 uxorem
918 1470 1090 1538 diligit
1131 1482 1290 1532 vere,
1331 1473 1389 1519 ut
1416 1464 1668 1533 scriptum
1697 1469 1807 1529 est,

222 1566 273 1619 in
301 1567 497 1619 honore
522 1574 571 1619 et
597 1563 994 1631 sanctiﬁcatione
1032 1559 1085 1631 (l
1116 1559 1289 1613 Thess.
1319 1575 1388 1621 IV,
1420 1555 1492 1627 4)
1517 1598 1530 1620 ,
1562 1564 1809 1625 tanquam

222 1656 561 1712 colueredem
587 1655 770 1725 gratiae
789 1695 803 1720 ,
827 1655 952 1708 sicut
976 1651 1233 1717 Christus,
1266 1648 1463 1719 inquit,
1502 1648 1675 1701 dilexit
1705 1646 1810 1699 Ec-

224 1749 428 1801 clesium
456 1747 675 1815 (Ephes.
700 1763 729 1799 v
752 1788 765 1811 ,
790 1746 906 1814 25).
940 1745 1078 1814 Ergo
1108 1743 1151 1797 si
1186 1742 1372 1810 copula
1401 1749 1480 1795 est
1501 1781 1515 1806 ,
1550 1740 1591 1795 si
1623 1739 1808 1807 coniu‘

223 1842 367 1911 gium
412 1850 527 1905 est,
555 1841 599 1894 si
627 1855 731 1893 non
761 1838 880 1892 ideo
920 1851 1022 1890 non
1069 1843 1152 1889 est
1191 1832 1523 1902 coniugium,
1555 1831 1675 1901 quia
1704 1845 1810 1885 non

227 1934 280 1985 Iit
305 1931 441 1985 illud
473 1931 615 2000 quod
642 1932 799 1983 etiam
830 1929 881 1981 in
922 1942 1028 1981 non
1057 1926 1280 1995 conjuge
1318 1924 1431 1977 ﬁeri
1474 1931 1686 1993 potest,
1716 1922 1811 1977 sed

223 2023 404 2077 illicite
434 2032 647 2093 potest:
684 2023 882 2076 utinam
909 2028 1124 2091 possent
1149 2033 1368 2083 omnes;
1403 2018 1493 2071 sed
1524 2017 1676 2070 multi
1704 2031 1809 2069 non

224 2124 471 2184 possunt.
504 2115 618 2168 Non
648 2128 777 2183 ergo
807 2114 925 2167 ideo
964 2111 1267 2180 disiungant
1307 2125 1398 2164 eos
1424 2109 1513 2179 qui
1556 2116 1808 2177 possunt,

222 2212 273 2258 et
313 2214 604 2273 propterea
634 2212 830 2271 negent
877 2216 996 2256 esse
1025 2200 1109 2255 vel
1139 2200 1283 2253 illum
1328 2199 1604 2264 maritum,
1638 2197 1719 2252 vel
1746 2197 1812 2251 il-

224 2294 327 2348 lam
356 2310 584 2349 uxorem
608 2335 621 2359 ,
650 2296 771 2365 quia
810 2308 917 2348 non
942 2291 1042 2347 sibi
1071 2290 1352 2346 carnaliter
1380 2290 1689 2355 miscentur,
1718 2288 1811 2344 sed

221 2387 475 2442 cordibus
503 2396 909 2442 connectuntur.

288 2478 384 2531 ‘22.
426 2478 665 2531 Cornelis
689 2478 978 2531 commixtio
1016 2477 1214 2531 nonnisi
1249 2475 1607 2546 procreationis
1637 2488 1808 2527 causa.

224 2568 437 2623 Tabula:
462 2571 877 2623 matrimoniales.
919 2569 1239 2623 Adulterium
1278 2569 1429 2622 unde.
1467 2566 1671 2620 Veniale
1700 2583 1813 2636 pec-

219 2672 387 2716 catum
405 2663 613 2734 quando
632 2663 685 2716 in
704 2679 800 2717 usu
824 2662 1151 2715 matrimonii.
1194 2662 1326 2715 Hinc
1355 2661 1630 2730 intelligite
1653 2701 1668 2727 ,
1707 2660 1813 2713 fra-

221 2760 331 2807 tres
360 2754 506 2820 mei,
538 2753 665 2822 quid
708 2753 935 2807 senserit
974 2752 1243 2821 Scriptura
1282 2751 1349 2806 de
1375 2751 1477 2805 illis
1508 2750 1812 2820 parentibus

221 2846 459 2911 nostris,
493 2847 582 2915 qui
610 2847 687 2900 sic
727 2854 879 2899 erant
900 2845 1164 2915 coniugati
1186 2885 1201 2907 ,
1234 2853 1291 2898 ut
1315 2843 1479 2898 solam
1510 2842 1709 2912 prolem
1744 2842 1811 2897 de

218 2939 536 3008 coniugibus
560 2947 875 3009 quaererent.
905 2937 1034 2992 Tam
1064 2946 1209 2992 caste
1247 2937 1386 2991 enim
1410 2935 1676 2990 habebant
1701 2935 1809 3002 illi,

219 3030 305 3098 qui
329 3045 432 3099 pro
456 3038 697 3098 tempore
717 3038 769 3084 et
799 3044 894 3098 pro
924 3044 1074 3083 more
1099 3028 1272 3097 gentis
1310 3042 1418 3081 sua:
1448 3026 1608 3080 etiam
1633 3026 1811 3095 plures

218 3120 515 3187 habebant,
544 3129 603 3175 ut
630 3136 734 3174 non
757 3119 1071 3175 accederent
1094 3120 1159 3173 ad
1188 3118 1453 3173 carnalem
1474 3118 1809 3172 commixtio-

221 3228 339 3267 nem
368 3254 384 3279 ,
415 3212 522 3267 nisi
554 3212 941 3282 procreationis
967 3226 1126 3266 causa
1148 3252 1162 3276 ,
1196 3226 1324 3266 vere
1351 3210 1606 3264 habentes
1632 3224 1721 3264 eas
1756 3209 1811 3263 in

219 3304 445 3359 honore.
474 3302 742 3358 Cancrum
769 3306 859 3374 qui
887 3304 1069 3357 uxoris
1096 3317 1310 3357 carnem
1338 3302 1563 3370 amplius
1591 3301 1808 3370 appetit,

218 3410 376 3464 quam
406 3396 709 3464 prmscribit
728 3395 882 3450 limes
900 3395 1013 3461 ille,
1044 3394 1329 3449 liberorum
1360 3392 1809 3462 procreandorum

218 3499 410 3553 causa,
443 3496 633 3541 contra
682 3487 822 3556 ipsas
855 3487 1061 3540 tabulas
1100 3484 1253 3551 facit,
1284 3484 1475 3554 quibus
1502 3499 1619 3538 eam
1661 3483 1813 3538 duxit

220 3590 464 3643 uxorem.
497 3577 807 3630 Recitantur
847 3576 1074 3641 tabulae,
1102 3585 1156 3630 et
1192 3575 1484 3630 recitantur
1510 3575 1562 3629 in
1586 3588 1812 3644 conspe-

218 3673 306 3719 ctu
350 3666 593 3719 omnium
637 3666 1003 3721 attestantium
1029 3707 1044 3730 ,
1090 3675 1145 3721 et
1191 3666 1462 3731 recitatur,
1496 3665 1808 3719 Liberorum

220 3755 674 3824 procreandorum
713 3771 908 3821 causa;
954 3764 1010 3810 et
1036 3764 1292 3811 vocantur
1319 3755 1510 3809 tabulae
1536 3754 1811 3808 matrimo-

218 3836 407 3900 niales.
435 3845 548 3900 Nisi
575 3846 639 3900 ad
666 3847 767 3900 hoc
788 3848 1000 3913 dentur,
1023 3846 1088 3900 ad
1119 3846 1222 3901 hoc
1245 3845 1569 3915 accipiantur
1593 3859 1805 3912 uxores,

219 3936 335 4004 quis
365 3950 494 3989 sana
521 3935 696 3991 fronte
719 3936 810 3991 dat
840 3936 1001 3990 ﬁliam
1028 3950 1177 3990 suam
1218 3935 1421 3990 libidini
1461 3936 1680 3990 alienm?
1704 3934 1807 3991 Sed

224 4035 403 4080 utnon
430 4027 749 4081 erubescant
779 4037 1055 4097 parentes,
1078 4042 1199 4082 cum
1227 4027 1389 4093 dant,
1418 4028 1709 4083 recitantur
1733 4037 1810 4083 ta-

222 4117 391 4181 bulae;
427 4127 485 4173 ut
506 4119 612 4173 sint
634 4120 825 4185 soceri,
859 4134 963 4173 non
987 4120 1223 4173 lenones.
1247 4118 1381 4186 Quid
1410 4134 1537 4189 ergo
1563 4118 1630 4174 de
1655 4120 1808 4172 tabu-

225 4211 285 4266 lis
303 4211 600 4266 recitatur?
620 4210 930 4266 Liberorum
951 4211 1398 4281 procreandorum
1420 4227 1597 4266 causa.
1626 4210 1804 4281 Tergi-

224 4307 308 4355 tur
334 4301 485 4355 frons
515 4302 680 4369 patris
707 4310 865 4372 atque
907 4311 1201 4367 serenatur,
1233 4301 1410 4357 audita
1452 4317 1582 4357 voce
1606 4302 1810 4357 tabula-

227 4409 362 4449 rum.
408 4394 697 4448 Videamus
744 4394 975 4448 frontem
1042 4395 1141 4448 viri
1204 4394 1509 4463 accipientis
1566 4409 1805 4449 uxorem.

227 4486 519 4541 Erubescat
538 4494 595 4541 et
620 4486 843 4541 maritus
869 4487 1024 4542 aliter
1049 4486 1290 4554 accipere
1308 4527 1323 4552 ,
1350 4488 1393 4541 si
1424 4486 1688 4540 erubescit
1719 4501 1809 4555 pa-

228 4583 304 4630 ter
328 4576 487 4631 aliter
506 4576 655 4631 dare.
682 4575 787 4631 Sed
810 4577 855 4631 si
876 4591 981 4630 non
1006 4586 1228 4646 possunt
1246 4577 1548 4648 (aliquando
1572 4577 1680 4646 iam
1710 4577 1807 4631 ista

226 4665 510 4737 diximus),
543 4666 758 4737 exigant
782 4666 1051 4734 debitum;
1096 4682 1200 4722 non
1244 4668 1647 4739 progrediantur
1672 4668 1808 4723 ultra

225 4758 494 4816 debitores
520 4775 667 4815 suos.
699 4761 769 4815 Et
794 4759 991 4815 femina
1030 4769 1082 4816 et
1120 4760 1202 4814 vir
1254 4760 1613 4815 inﬁrmitatem
1657 4776 1807 4816 suam

226 4848 277 4902 in
303 4864 363 4904 se
391 4850 755 4906 consolentur.
788 4850 904 4904 Non
934 4858 1021 4906 eat
1047 4850 1138 4904 ille
1166 4850 1232 4905 ad
1258 4851 1475 4905 alteram
1497 4892 1512 4917 ,
1548 4860 1600 4905 et
1629 4851 1714 4905 illa
1741 4851 1807 4905 ad

224 4940 445 4996 alterum
478 4960 492 4994 :
524 4941 665 4997 unde
697 4942 1020 5011 appellatum
1052 4950 1135 4996 est
1162 4941 1478 4996 adulterium
1502 4980 1516 5005 ,
1546 4941 1698 5011 quasi
1740 4941 1806 4996 ad

224 5035 471 5090 alterum.
504 5036 571 5090 Et
590 5037 632 5090 si
662 5035 1006 5106 egrediuntur
1026 5043 1196 5090 metas
1218 5034 1621 5089 matrimonialis
1646 5035 1802 5104 pacti,

224 5141 327 5180 non
357 5126 699 5197 egrediantur
725 5134 891 5180 metas
916 5125 1205 5196 coniugalis
1249 5124 1372 5179 tori.
1400 5124 1663 5195 Numquid
1706 5124 1809 5180 hoc

222 5235 327 5275 non
376 5230 460 5275 est
509 5229 820 5290 peccatum,
873 5220 1098 5289 amplius
1141 5234 1298 5288 quam
1347 5217 1635 5273 liberorum
1680 5233 1808 5287 pro-

222 5313 577 5366 creandorum
607 5313 898 5367 necessitas
934 5312 1106 5381 cogit,
1144 5311 1362 5379 exigere
1394 5326 1423 5363 a
1460 5309 1683 5379 conjuge
1710 5309 1809 5365 de-

222 5404 428 5460 bitum?
456 5404 553 5460 Est
575 5404 788 5475 quidem
818 5410 1090 5473 peccatum
1109 5445 1123 5469 ,
1148 5402 1241 5457 sed
1273 5403 1496 5458 veniale.
1530 5402 1809 5471 Apostolus

221 5496 383 5559 dicit,
418 5496 533 5550 Hoc
581 5507 749 5550 autem
796 5495 909 5549 dico
948 5495 1223 5550 secundum
1265 5495 1458 5548 veniam
1493 5509 1655 5550 :cum
1686 5494 1809 5549 inde

224 5588 553 5658 loqueretur,
584 5586 791 5650 Nolite,
822 5586 1016 5654 inquit,
1061 5588 1300 5656 fraudare
1335 5587 1572 5648 invicem,
1613 5586 1712 5640 nisi
1748 5603 1810 5640 ac

222 5695 468 5733 consensu
489 5679 557 5732 ad
582 5688 774 5749 tempus
792 5720 806 5744 ,
833 5687 887 5731 ut
906 5679 1088 5732 vacetis
1111 5678 1361 5741 orationi;
1384 5685 1431 5731 et
1450 5678 1631 5731 iterum
1654 5678 1720 5731 ad
1736 5678 1811 5731 id-

223 5775 389 5845 ipsum
417 5782 602 5840 estote,
646 5790 707 5831 ne
746 5790 830 5831 vos
858 5781 1008 5829 tentet
1048 5772 1296 5841 Satanas,
1328 5781 1530 5845 prapter
1568 5773 1809 5858 intempes
1845 5821 1893 5858 ᾧ

1676 334 1906 394 SERMO
1947 334 2030 392 LI.

3392 339 3496 398 516

1919 453 2136 506 rantiam
2166 460 2398 507 vestram.
2432 453 2567 522 Quid
2593 463 2672 509 est
2695 453 2836 510 hoc?
2863 455 2940 511 Ne
2968 455 3105 511 ultra
3135 454 3275 509 vires
3300 452 3495 524 aliquid

1918 546 2066 601 vobis
2102 546 2422 616 imponatis;
2455 563 2521 603 ne
2547 548 2866 604 continendo
2894 564 2923 603 a
2953 548 3103 603 vobis
3143 547 3369 602 invicem
3390 587 3406 613 ,
3442 547 3494 601 in

1918 636 2176 691 adulteria
2204 639 2485 693 eorruatis.
2517 638 2599 692 Ne
2622 657 2707 693 vos
2740 649 2888 693 tentet
2915 640 3163 705 Satanas,
3192 646 3395 710 prapter
3419 638 3482 692 in-

1919 730 2300 796 temperantiam
2320 730 2625 783 vestramEt
2650 746 2716 785 ne
2745 730 2879 785 forte
2899 731 3037 800 quod
3062 730 3392 800 permittebat
3411 729 3492 799 ju-

1918 821 2045 877 bere
2070 822 2336 877 videretur
2380 822 2543 892 (aliud
2583 831 2664 877 est
2699 824 2839 878 enim
2878 824 3064 893 jubere
3101 824 3315 889 virtuti,
3348 822 3491 877 aliud

1917 914 2220 982 permittere
2251 911 2563 984 inﬁrmitati)
2589 955 2604 979 ,
2636 914 2814 968 statim
2842 913 3146 983 subiunxit,
3192 912 3303 967 Hoc
3330 922 3495 968 autem

1918 1004 2031 1057 dico
2057 1003 2329 1057 secundum
2355 1005 2569 1070 veniant,
2599 1020 2700 1057 non
2739 1004 3012 1058 secundum
3039 1005 3324 1075 imperium.
3355 1003 3493 1057 Nam

1917 1097 2094 1151 vellem
2118 1113 2289 1151 omnes
2310 1098 2531 1151 homines
2556 1113 2663 1152 esse
2684 1097 2810 1150 sicut
2831 1114 2909 1151 me
2936 1099 3101 1167 ipsum
3147 1096 3189 1168 (Ι
3231 1096 3348 1153 Cor.
3384 1113 3493 1165 vn,

1916 1189 2061 1261 5-7).
2094 1190 2362 1259 Tanquam
2388 1190 2588 1245 diceret
2619 1208 2631 1245 :
2660 1190 2774 1245 Non
2813 1191 3016 1260 impero
3053 1199 3111 1246 ut
3134 1191 3369 1259 faciatis;
3400 1192 3493 1248 sed

1917 1282 2131 1351 ignosco
2151 1282 2195 1335 si
2222 1282 2471 1337 feceritis.

1987 1372 2216 1428 CAPUT
2270 1372 2409 1431 XIV.
2438 1402 2508 1413 —
2552 1373 2643 1428 25.
2681 1372 2893 1429 Duobus
2926 1376 3276 1430 sustentaculis
3305 1383 3496 1431 constat

1916 1482 2073 1537 genus
2121 1466 2413 1521 humanum.
2470 1466 2633 1537 Ergo,
2688 1466 2877 1522 fratres
2932 1468 3057 1535 mei,
3090 1468 3363 1523 intendite.
3394 1468 3494 1537 Qui

1919 1558 2200 1613 liberorum
2224 1558 2672 1626 procreandorum
2698 1573 2854 1613 causa
2882 1558 3292 1614 habentuxores
3319 1560 3492 1630 magni

1916 1650 2034 1715 viri,
2078 1650 2257 1719 quales
2300 1648 2462 1705 fuisse
2500 1651 2686 1705 Patres
2728 1652 2973 1721 legimus,
3016 1660 3069 1707 et
3108 1653 3286 1707 multis
3328 1652 3496 1707 docu-

1917 1745 2109 1798 mentis
2147 1746 2444 1801 invenimus
2467 1788 2482 1813 ,
2511 1748 2860 1803 clamantibus
2899 1749 3115 1803 omnino
3146 1749 3261 1804 sine
3290 1748 3499 1804 dubita-

1918 1843 2059 1897 tione
2090 1846 2290 1914 paginis
2320 1848 2515 1901 sanctis
2548 1864 2561 1899 :
2598 1847 2643 1901 si
2685 1847 2772 1916 qui
2815 1861 2941 1916 ergo
2971 1845 3070 1900 viri
3109 1853 3324 1915 propter
3349 1857 3498 1897 crea-

1917 1933 2113 1989 tionem
2146 1938 2507 1992 tantummodo
2537 1939 2823 1993 liberorum
2849 1952 3047 1992 uxores
3074 1937 3302 2001 habent,
3338 1935 3382 1989 si
3421 1934 3498 1989 eis

1916 2036 2097 2096 posset
2144 2033 2383 2097 prmstari
2437 2038 2493 2086 ut
2540 2030 2799 2085 haberent
2842 2031 2975 2084 ﬁlios
3020 2030 3136 2084 sine
3179 2027 3494 2087 concubitu;

1918 2135 2092 2175 nonne
2119 2121 2369 2175 ineffabili
2399 2121 2591 2192 gaudio
2620 2132 2821 2177 tantum
2864 2121 3177 2175 beneﬁcium
3210 2117 3498 2188 amplecte<

1916 2212 2146 2266 rentur?
2177 2228 2354 2268 nonne
2397 2230 2516 2267 cum
2561 2213 2761 2283 ingenti
2787 2212 2967 2267 lcctitia
2994 2209 3360 2281 susciperent?
3390 2209 3499 2263 Duo

1916 2313 2041 2358 sunt
2064 2305 2204 2358 enim
2246 2320 2404 2374 opera
2434 2305 2664 2359 carnalia
2684 2346 2697 2369 ,
2729 2305 2919 2374 quibus
2948 2311 3160 2357 constat
3202 2316 3369 2372 genus
3396 2299 3499 2352 hu-

1918 2410 2174 2450 manum:
2220 2396 2275 2450 in
2314 2413 2430 2466 qua:
2472 2397 2575 2450 duo
2614 2411 2774 2463 opera
2805 2394 3089 2462 prudentes
3133 2401 3187 2447 et
3224 2391 3390 2447 sancti
3435 2405 3500 2445 ex

1916 2488 2090 2542 ofﬁcio
2118 2488 2474 2554 descendunt;
2506 2489 2865 2556 imprudentes
2895 2495 3070 2541 autem
3107 2486 3159 2539 in
3189 2500 3251 2540 ea
3283 2500 3380 2554 per
3410 2498 3502 2538 cu-

1916 2578 2190 2648 piditatem
2216 2588 2395 2633 ruunt.
2423 2578 2577 2633 Aliud
2606 2588 2689 2632 est
2714 2580 2853 2632 enim
2883 2577 2949 2632 ad
2981 2576 3179 2645 aliquid
3210 2574 3382 2628 ofﬁcio
3409 2573 3502 2629 de-

1917 2669 2210 2736 scendere,
2249 2670 2387 2723 aliud
2434 2670 2484 2724 in
2532 2669 2732 2740 aliquid
2772 2686 2864 2739 per
2902 2669 3240 2739 cupiditatem
3284 2667 3496 2722 cadere.

1916 2762 2044 2828 Qure
2072 2771 2193 2816 sunt
2220 2764 2315 2817 ista
2342 2804 2356 2829 ,
2387 2763 2577 2832 quibus
2607 2771 2816 2817 constat
2856 2776 3023 2832 genus
3072 2760 3403 2814 humanum?
3444 2758 3501 2813 lu

1916 2851 2069 2907 nobis
2099 2853 2226 2922 ipsis
2255 2855 2481 2923 primum
2528 2862 2610 2910 est
2634 2895 2649 2920 ,
2688 2852 2829 2923 quod
2878 2854 3109 2922 pertinet
3147 2850 3213 2905 ad
3242 2846 3501 2905 sumenda

1916 2942 2165 2997 alimenta
2194 2944 2334 3013 (qua:
2358 2948 2537 3014 utique
2561 2961 2663 2999 non
2688 2952 2908 3013 possunt
2932 2944 3047 2997 sine
3071 2943 3245 3012 aliqua
3272 2956 3365 3009 per
3388 2954 3503 2994 car-

1916 3049 2038 3087 nem
2060 3033 2407 3089 delcctatione
2433 3036 2613 3105 sumi),
2637 3035 2958 3091 manducare
2986 3045 3039 3089 et
3068 3034 3249 3089 bibere
3281 3051 3292 3087 :
3323 3033 3365 3086 si
3396 3047 3501 3086 non

1918 3124 2105 3179 ieceris
2132 3168 2144 3188 ,
2170 3126 2433 3179 morieris.
2470 3126 2579 3180 Hoc
2605 3141 2732 3195 ergo
2759 3140 2864 3179 uno
2891 3123 3255 3180 sustentaculo
3282 3130 3387 3178 stat
3412 3136 3503 3191 ge-

1918 3230 2017 3269 nus
2047 3215 2336 3270 humanum
2367 3258 2380 3281 ,
2417 3231 2512 3286 pro
2541 3217 2700 3271 modo
2730 3226 2931 3271 naturae
2960 3230 3069 3271 sua:
3096 3256 3111 3281 ,
3147 3212 3501 3268 manducandi

1916 3316 1971 3362 et
2003 3308 2240 3363 bibendi.
2272 3308 2377 3361 Sed
2420 3323 2511 3377 per
2538 3309 2637 3362 hoc
2675 3308 3094 3363 sustentaculum
3137 3313 3502 3361 sustentantur

1918 3399 2162 3455 homines
2189 3401 2329 3470 quod
2356 3400 2421 3454 ad
2447 3416 2504 3455 se
2532 3401 2675 3469 ipsos
2704 3403 2893 3456 attinet
2924 3420 2935 3455 :
2966 3399 3289 3455 successioni
3320 3407 3503 3454 autem

1918 3508 2023 3547 non
2063 3496 2347 3549 consulunt
2387 3494 2758 3548 manducando
2794 3503 2847 3549 et
2884 3494 3150 3560 bibendo;
3182 3492 3276 3548 sed
3306 3506 3501 3547 uxores

1915 3586 2176 3641 ducendo.
2209 3586 2298 3641 Sic
2327 3587 2467 3641 enim
2509 3594 2718 3640 constat
2755 3601 2922 3656 genus
2966 3585 3251 3639 humanum
3282 3625 3298 3650 ,
3330 3584 3503 3653 primo

1916 3686 1973 3731 ut
2000 3677 2179 3731 vivant
2222 3676 2465 3730 homines
2513 3694 2527 3730 :
2571 3676 2663 3729 sed
2712 3677 2832 3746 quia
2876 3676 3147 3745 diligentia
3180 3673 3505 3743 quantalibet

1915 3770 2126 3838 corpori
2160 3768 2392 3823 adhibita
2423 3784 2527 3821 non
2575 3776 2797 3837 possunt
2823 3768 3007 3838 utique
3048 3781 3259 3837 semper
3288 3766 3499 3827 vivere;

1914 3874 2242 3929 consequens
2273 3860 2501 3928 provisio
2534 3869 2612 3913 est
2636 3902 2650 3926 ,
2680 3867 2740 3913 ut
2768 3868 3047 3914 nascentes
3076 3857 3360 3929 succedant
3384 3872 3501 3912 mo-

1914 3926 2195 4003 rientibus.
2218 3926 2348 4015 Quia
2368 3948 2435 4001 ita
2463 3958 2541 4003 est
2570 3963 2733 4017 genus
2754 3948 3061 4013 humanum,
3090 3926 3501 4016 sicubscriptum

1913 4049 2014 4104 est,
2042 4040 2307 4109 quomodo
2336 4039 2458 4094 folia
2490 4041 2540 4093 in
2568 4041 2760 4095 arbore
2793 4058 2804 4094 :
2838 4040 2930 4095 sed
2960 4042 3012 4094 in
3042 4040 3232 4095 arbore
3254 4039 3392 4106 olea,
3416 4039 3502 4093 vel

1914 4131 2081 4194 lauro,
2108 4130 2191 4184 vel
2216 4130 2388 4199 aliqua
2417 4130 2735 4199 huiusmodi,
2762 4147 2880 4200 quae
2909 4145 3174 4198 nunquam
3204 4131 3319 4185 sine
3344 4143 3497 4183 coma

1913 4232 2027 4287 est;
2060 4222 2153 4276 sed
2199 4231 2373 4275 tamen
2415 4238 2519 4276 non
2563 4222 2747 4275 eadem
2779 4237 2991 4291 semper
3011 4221 3170 4276 habet
3195 4222 3336 4275 folia.
3368 4221 3501 4274 Nam

1912 4311 2178 4381 quomodo
2220 4312 2472 4381 scriptum
2515 4321 2596 4366 est
2619 4352 2634 4378 ,
2664 4312 2766 4366 alia
2812 4321 3067 4382 generat,
3098 4320 3153 4367 et
3191 4312 3293 4365 alia
3322 4310 3504 4380 dejicit

1913 4401 2101 4472 (Eccli.
2131 4418 2248 4468 xxv,
2284 4403 2474 4471 18-19)
2506 4421 2517 4455 :
2552 4404 2672 4472 quia
2701 4418 2763 4457 ea
2786 4419 2904 4474 quae
2925 4405 3287 4470 suboriuntur,
3316 4418 3503 4458 succe-

1912 4494 2042 4549 dunt
2071 4496 2346 4549 ruentibus
2375 4494 2510 4549 aliis.
2538 4495 2761 4565 Semper
2790 4496 2933 4551 enim
2960 4496 3142 4565 dejicit
3180 4495 3301 4550 folia
3325 4537 3340 4562 ,
3364 4510 3503 4551 sem-

1913 4599 2010 4653 per
2037 4584 2178 4639 foliis
2203 4586 2387 4639 vestita
2418 4595 2517 4639 est.
2548 4585 2636 4640 Sic
2672 4594 2725 4640 et
2750 4601 2918 4656 genus
2948 4587 3236 4642 humanum
3266 4587 3504 4657 quotidie

1911 4676 2252 4731 morientium
2268 4675 2582 4731 detrimenta
2595 4691 2698 4730 non
2713 4677 2894 4743 sentit,
2914 4693 3009 4747 per
3023 4678 3387 4748 supplementa
3407 4692 3502 4730 na-

1914 4768 2171 4822 scentium
2190 4784 2202 4819 :
2223 4775 2277 4821 et
2296 4768 2373 4822 sic
2395 4782 2489 4836 pro
2510 4767 2668 4823 modo
2687 4783 2784 4823 suo
2805 4778 2909 4823 stat
2930 4769 3173 4824 universa
3188 4769 3394 4839 Species
3411 4782 3503 4838 ge-

1913 4858 2056 4912 neris
2073 4857 2320 4923 bumani;
2342 4867 2395 4912 et
2409 4859 2544 4913 sicut
2561 4858 2684 4914 folia
2704 4859 2755 4913 in
2785 4860 2977 4915 arbore
3004 4874 3215 4930 semper
3232 4859 3501 4926 videntur,

1914 4951 1983 5004 ita
1998 4951 2149 5020 plena
2164 4950 2465 5006 hominibus
2479 4960 2617 5006 terra
2628 4953 2969 5023 conspicitur.
2983 4952 3038 5009 Si
3052 4962 3225 5008 autem
3240 4967 3503 5009 moreren-

1915 5049 2000 5094 tur
2022 5048 2311 5105 tantum,et
2332 5056 2438 5096 non
2463 5052 2833 5109 nascerentur;
2857 5044 3001 5099 velut
3019 5042 3235 5099 arbores
3260 5044 3502 5115 quaedam

1914 5132 2158 5187 omnibus
2176 5131 2334 5199 foliis,
2355 5133 2425 5187 ita
2442 5141 2581 5188 terra
2609 5136 2854 5189 omnibus
2872 5135 3170 5190 hominibus
3186 5135 3498 5193 nudaretur.

1982 5223 2072 5278 24.
2136 5223 2216 5277 Ad
2262 5225 2375 5279 vitte
2417 5228 2693 5280 necessaria
2741 5228 2829 5280 alii
2872 5227 3104 5293 libidine,
3164 5227 3254 5281 alii
3310 5230 3504 5284 ratione

1914 5315 2180 5371 ducuntur.
2232 5315 2363 5370 Cum
2406 5332 2533 5386 ergo
2582 5318 2659 5371 sic
2715 5317 2966 5372 subsistat
2996 5332 3163 5388 genus
3190 5319 3499 5388 humanum,

1915 5417 1973 5463 ut
1997 5409 2294 5463 necessaria
2334 5408 2438 5462 sint
2475 5408 2581 5463 duo
2621 5410 2980 5464 sustentacula
3006 5451 3019 5475 ,
3049 5410 3116 5466 de
3144 5412 3333 5482 quibus
3371 5413 3503 5468 satis

1915 5502 2112 5557 dictum
2141 5511 2249 5566 est;
2282 5501 2346 5556 ad
2379 5510 2657 5570 utrumque
2679 5501 2891 5570 sapiens
2913 5510 2966 5556 et
2994 5502 3226 5573 prudens
3253 5513 3305 5559 et
3333 5504 3504 5561 ﬁdelis

1916 5594 2092 5648 ofﬁcio
2111 5593 2402 5659 descendit,
2428 5609 2530 5647 non
2551 5593 2765 5647 libidine
2787 5594 2945 5649 cadit.
2974 5596 3051 5650 Ad
3078 5597 3505 5653 manducandum

1917 5695 1972 5738 et
1996 5684 2279 5739 bibendum
2307 5700 2461 5753 quam
2485 5683 2633 5736 multi
2662 5684 2922 5741 voraciter
2946 5687 3173 5753 irruunt,
3199 5687 3267 5741 ibi
3300 5702 3505 5757 ponen-

1862 5821 1893 5850 ί
1918 5787 2003 5846 tes
2040 5786 2201 5834 totam
2228 5778 2422 5845 vitam,
2461 5777 2609 5848 quasi
2641 5777 2808 5850 ipsam
2846 5794 3062 5838 causam
3094 5778 3502 5848 vivendi?Nam
