3994 6440
473 297 587 365 347,

473 429 595 473 cum
623 414 741 478 ideo
767 413 1188 488 manducent,lut
1200 413 1379 468 vivant
1401 429 1415 477 ;
1439 411 1564 478 ideo,
1577 425 1636 467 se
1656 418 1843 482 putant
1864 410 2074 480 vivere,

474 517 530 561 ut
573 506 914 574 manducent.
964 507 1096 560 Istos
1137 505 1312 562 omnis
1350 505 1562 575 sapiens
1602 501 1982 574 reprehendit,
2014 509 2068 555 et

472 599 702 670 maxime
723 597 896 668 divina
918 597 1224 673 Scriptura,
1237 596 1448 663 edaces,
1479 596 1739 660 ebriosos,
1764 593 2070 666 helluones,

471 709 694 764 qaornm,
731 691 868 762 Deus
913 701 1080 758 venter
1126 701 1197 762 est
1245 689 1498 761 (Philipp.
1545 705 1635 764 tu,
1673 688 1784 758 19).
1834 687 1954 742 lllos
1997 685 2078 759 ad.

475 800 716 854 mensam
745 783 1036 850 nonducit,
1064 782 1615 854 nisilconcupiscentia
1638 780 1834 850 carnis,
1859 796 1964 834 non
1993 778 2068 832 in-

472 859 1060 952 digentiarefectionis.
1093 874 1271 946 Itaque
1314 857 1397 927 isti
1451 874 1647 943 cadunt
1701 874 1751 926 in
1792 886 1967 927 escam
2012 879 2066 925 et

475 977 679 1038 potum.
738 967 817 1036 l_lli
879 977 1055 1037 autem
1113 967 1202 1038 qui
1257 965 1589 1037 descendunt
1643 981 1708 1019 cx
1757 964 1931 1022 ofﬁcio
1979 962 2063 1022 vi-.

471 1060 629 1128 vcndi
653 1101 668 1126 ,
701 1075 808 1124 non
838 1059 957 1114 ideo
978 1060 1206 1132 vivunt,
1237 1069 1304 1126 ut,
1324 1059 1645 1129 comedent;
1683 1057 1776 1114 sed
1826 1059 1945 1112 ideo
1975 1071 2064 1114 co-

473 1155 734 1226 medunt,
751 1164 808 1209 ut
837 1155 1034 1224 vivant,
1069 1155 1248 1228 Itaque
1293 1155 1407 1210 istis
1450 1153 1793 1226 prudentibus
1832 1161 1889 1208 et
1924 1160 2062 1206 tem-

472 1249 781 1318 perantibus
806 1248 850 1302 si
881 1246 1159 1302 offerretur
1189 1256 1246 1301 ut
1275 1249 1389 1300 sine
1415 1246 1534 1300 cibo
1555 1254 1614 1311 et.
1635 1255 1757 1315 potu
1789 1246 2059 1309 viverent;

473 1351 672 1413 quanto
699 1342 1362 1414 gaudioamplccterentur
1389 1343 1489 1404 hoc
1515 1340 1847 1404 beneficium,
1881 1349 1937 1394 ut
1958 1354 2063 1409 quo

475 1434 671 1500 cadere
691 1451 796 1488 non
813 1436 1251 1503 consueverunt‘,
1274 1449 1371 1496 nec
1382 1433 1705 1500 descendere
1725 1440 2059 1503 cogerentur;

472 1525 565 1581 sed
593 1540 808 1594 semper
829 1525 1279 1602 suspenderentur
1303 1525 1353 1580 in
1385 1525 1625 1589 Domino,
1649 1541 1752 1580 non
1775 1524 2066 1593 deponeret

469 1631 656 1670 eorum
699 1616 1020 1676 intentiones
1064 1618 1355 1678 necessitas
1402 1616 1785 1686 fulciendarum
1824 1617 2070 1684 corporis,

469 1707 785 1762 ruinarum?
810 1707 1086 1782 Quomodo
1102 1708 1295 1778 putatis
1313 1707 1484 1764 Eliam
1505 1716 1746 1761 sanctum
1768 1707 2057 1776 accepisse,

469 1800 685 1870 quando
711 1802 914 1872 accepit
941 1802 1160 1862 calicem
1190 1817 1342 1872 aquae
1366 1811 1419 1857 et
1447 1801 1757 1873 collyridam
1787 1801 1934 1871 panis
1959 1841 1974 1866 ,
2007 1810 2067 1855 ut

469 1892 598 1946 satis
659 1893 709 1947 ei
764 1901 906 1952 esset
967 1893 1020 1946 in
1076 1894 1386 1948 alimentum
1448 1893 1791 1964 quadraginta
1857 1892 2066 1946 dierum

472 1979 562 2052 (Ill
593 1983 719 2054 Reg.
758 2001 879 2050 xrx,
911 1983 1065 2053 6-8)?
1095 1985 1224 2038 Cum
1253 1999 1442 2054 magna
1472 1985 1655 2053 utique
1687 1984 1864 2054 latitia
1899 2002 1911 2037 :
1941 1985 2063 2053 quia

469 2084 690 2145 propter
718 2075 952 2130 ofﬁcium
983 2077 1125 2142 vitae,
1160 2093 1263 2131 non
1293 2087 1507 2147 propter
1534 2076 1840 2134 servitutem
1869 2090 2063 2144 concu-

469 2167 760 2236 piscentiae,
786 2166 1137 2222 manducabat
1153 2177 1206 2222 et
1226 2169 1456 2224 bibebat.
1479 2169 1642 2222 Tcuta
1664 2167 1764 2222 hoc
1788 2178 2059 2236 pra:stare,

469 2258 512 2310 si
546 2259 735 2326 pOSsiS.
757 2258 956 2332 homini
980 2259 1068 2329 qui
1086 2259 1464 2315 beatitudinem
1489 2268 1650 2313 totam
1680 2268 1734 2314 et
1759 2259 2061 2313 felicitatem

469 2348 521 2402 in
549 2349 720 2417 epulis
741 2390 754 2411 ,
787 2357 1034 2419 tanquam
1068 2366 1228 2421 pecus
1258 2351 1309 2404 in
1337 2351 1560 2424 praesepi
1586 2393 1601 2417 ,
1625 2350 1914 2404 constituit.
1941 2349 2066 2403 Odit

469 2441 787 2496 beneﬁcium
819 2452 964 2498 tuum
991 2485 1014 2514 ,ι
1037 2443 1247 2513 repellit
1272 2459 1302 2497 a
1330 2459 1388 2497 se
1413 2483 1426 2506 ,
1459 2458 1668 2516 pinnam
1699 2452 1864 2512 putat.
1897 2441 1983 2496 Sic
2011 2451 2065 2500 et

470 2531 523 2586 in
554 2533 641 2588 illo
669 2533 843 2587 ofﬁcio
872 2535 1152 2604 coniugali,
1178 2534 1445 2594 libidinosi
1473 2535 1714 2589 homines
1744 2549 1936 2589 uxores
1959 2549 2062 2588 non

469 2635 688 2695 propter
712 2625 852 2679 aliud
885 2637 1126 2696 quaerunt
1158 2646 1169 2680 :
1199 2636 1253 2682 et
1279 2626 1397 2682 ideo
1423 2631 1506 2682 vix
1535 2627 1750 2682 tandem
1783 2626 1910 2696 ipsis
1937 2642 2064 2681 uxo-

469 2716 876 2774 ribustcoutenti
905 2727 1046 2772 sunt.
1077 2721 1248 2789 Atque
1275 2719 1475 2773 utinam
1501 2719 1548 2774 si
1576 2718 1786 2773 auferre
1809 2735 1911 2773 non
1946 2735 2066 2788 pos-1

471 2819 594 2866 sunt
629 2819 720 2865 aut
761 2812 946 2878 nolunt
977 2811 1268 2876 libidinem,
1322 2828 1426 2884 non
1474 2813 1612 2866 ultra
1653 2828 1770 2866 eam
1816 2812 2063 2882 progredi

473 2903 670 2969 sinant,
696 2918 854 2972 quam
878 2888 1168 2972 prtescribit
1190 2903 1424 2957 debitum
1448 2904 1713 2969 uxorium,
1738 2904 1897 2966 etiam
1923 2903 2062 2973 quod

473 2992 779 3064 inﬁrmitatil
797 2993 1123 3049 conceditur.
1148 2993 1250 3049 Sed
1270 2996 1424 3066 plane
1442 2996 1528 3050 tali
1553 2994 1749 3048 homini
1772 2995 1814 3048 si
1836 2993 2061 3060 diceres,

471 3081 646 3150 Quare
674 3083 824 3138 ducis
853 3086 1112 3139 uxorem?
1141 3086 1489 3155 responderet
1519 3085 1610 3138 tibi
1652 3083 1876 3139 fortasse
1907 3100 2061 3140 vere-

470 3174 733 3230 cundatus
757 3216 771 3241 ,
803 3175 1024 3245 Propter
1052 3177 1207 3230 ﬁlios.
1254 3175 1306 3232 Si
1335 3177 1454 3246 quis
1492 3177 1540 3231 ei
1566 3175 1804 3242 diceret,
1837 3179 1919 3231 cui
1949 3177 2064 3232 sine

471 3267 577 3323 ulla
603 3267 931 3322 dubitatione
983 3269 1246 3336 crederet,
1289 3269 1484 3324 Potens
1540 3279 1621 3324 est
1669 3269 1796 3326 dare
1848 3271 1961 3337 tibi,
2011 3278 2066 3326 et

474 3361 692 3416 omnino
717 3362 864 3420 dabit
887 3363 979 3416 tibi
1008 3363 1144 3418 Deus
1169 3362 1323 3428 ﬁlios,
1351 3364 1510 3418 etiam
1538 3379 1643 3416 non
1671 3364 1910 3433 operanti
1932 3379 2064 3434 opus

469 3452 597 3507 illud
625 3468 755 3521 cum,
773 3468 982 3518 uxore:
1024 3453 1095 3508 ibi
1135 3464 1280 3510 certe
1309 3454 1716 3509 concluderetur
1748 3467 1905 3525 atque
1931 3456 2063 3522 fate-

468 3555 617 3600 retur
637 3545 776 3618 quod
808 3561 912 3600 non
947 3554 1163 3618 propter
1193 3546 1328 3600 ﬁlios
1356 3547 1627 3616 quaerebat
1653 3562 1892 3602 uxorem.
1924 3545 2064 3610 Con,-

468 3635 684 3702 ﬁteatur
705 3653 833 3711 ergo
857 3639 1218 3710 inﬁrmitatem
1251 3657 1268 3706 ε,
1291 3640 1514 3712 accipiat
1539 3639 1680 3712 quod
1700 3639 1877 3696 officio
1899 3655 1957 3698 se
1977 3656 2064 3702 ac:

469 3732 650 3803 cipere
676 3733 1039 3802 praetendebat
1064 3734 1105 3785 ³.

537 3823 764 3880 CAPUT
808 3823 924 3880 XV.
986 3855 1058 3865 —
1100 3823 1191 3877 25.
1241 3823 1480 3892 Patribus
1540 3841 1826 3880 concessum
1884 3826 2066 3892 habere

467 3914 652 3970 mltos
694 3932 877 3980 uxores
914 3915 982 3969 ad
1039 3917 1131 3970 hoc
1182 3924 1377 3972 tantum
1429 3925 1485 3969 ut
1532 3916 1666 3984 ﬁlios
1721 3927 2060 3987 procrearent.

469 4005 560 4061 Sic
585 4006 659 4060 illi
689 4007 896 4077 priores
921 4008 1112 4075 sancti,
1144 4007 1390 4064 homines
1418 4009 1532 4075 Dei,
1567 4008 1700 4064 ﬁlios
1728 4011 2058 4079 quierebant,

466 4095 607 4151 filios
633 4098 907 4168 suscipere
935 4097 1204 4152 volebant.
1250 4098 1332 4152 Ad
1376 4098 1476 4154 hoc
1507 4115 1674 4162 unum.
1704 4100 2064 4170 jungebantur

465 4188 677 4254 feminis
700 4207 722 4258 ;_
747 4189 812 4245 ad
855 4191 956 4246 hoc
999 4191 1210 4246 feminis
1240 4192 1602 4248 miscebantur
1623 4235 1639 4260 ,
1673 4201 1731 4248 ut
1768 4194 1905 4251 ﬁlios
1936 4211 2062 4265 pro.-

465 4291 730 4338 crearcnt.
760 4281 884 4344 Ideo
914 4283 1019 4338 illis
1043 4285 1356 4352 permissum
1389 4293 1554 4340 estut
1581 4287 1756 4355 plures
1782 4287 2057 4348 baberent.

465 4373 596 4430 Nam
625 4377 676 4434 si
700 4375 862 4440 libido
893 4376 1241 4440 immoderata
1273 4377 1506 4448 placeret
1533 4379 1661 4444 Deo,
1690 4380 1766 4434 sic
1790 4385 2064 4449 peutnitlc-

465 4476 614 4522 retur
636 4469 726 4522 illo
751 4478 1006 4537 tempore,
1027 4479 1084 4524 ut
1109 4487 1211 4526 una
1239 4469 1432 4540 femina
1457 4471 1672 4528 haberet
1696 4476 2055 4544 pluresviros,

465 4557 733 4628 quomodo
759 4575 898 4628 unus
919 4562 998 4620 vir
1028 4562 1204 4632 plures
1229 4562 1476 4630 feminas.
1499 4564 1674 4632 Quare
1699 4582 1889 4624 omnes
1911 4567 2062 4624 femi-

464 4666 548 4706 πω
575 4662 737 4715 οειειαε
772 4668 885 4718 non
909 4653 1175 4722 habebant
1216 4659 1442 4728 amplius
1474 4675 1582 4714 uno
1618 4660 1751 4728 viro,
1780 4661 1861 4716 vir
1883 4670 2068 4725 autem,

464 4742 644 4814 plures
670 4743 901 4812 feminas
923 4765 935 4800 :
961 4747 1060 4818 nisi
1083 4748 1213 4818 quia,
1228 4750 1406 4820 plures
1428 4748 1626 4806 habere
1650 4749 2064 4812 feminasfunum.

463 4832 635 4890 virum
661 4876 674 4900 ,
704 4836 938 4908 pertinet
957 4837 1024 4908 ad
1054 4838 1224 4911 prolis
1259 4842 1725 4920 numerositatem;
1751 4858 1856 4899 una
1880 4854 2069 4900 autem

463 4922 660 4986 femina
687 4942 792 4988 non
823 4944 937 5000 quo,
960 4929 1138 5000 plures
1170 4929 1414 4998 habuerit
1441 4933 1586 4992 viros
1610 4974 1634 5001 ,,
1656 4934 1840 5004 plures
1868 4937 2062 5005 poterit

464 5031 652 5088 parere
695 5020 869 5088 ﬁlios?
909 5021 1278 5094 Quapropter,
1309 5023 1500 5092 fratres
1523 5067 1540 5092 ,
1581 5026 1628 5084 si
1671 5027 1856 5084 Patres
1890 5030 2064 5086 nostri

463 5125 573 5174 non
617 5114 692 5172 ob,
727 5113 874 5169 aliud
915 5129 1072 5186 quam
1119 5115 1186 5169 ad
1229 5116 1422 5176 liberos
1464 5119 1826 5188 procreandos
1870 5120 2060 5192 junge-

464 5205 658 5272 bantur
699 5218 755 5264 et
792 5209 1152 5266 miscebantur
1195 5210 1442 5277 feminis;
1484 5228 1734 5283 magnum
1775 5213 1880 5270 illis
1918 5224 2063 5272 esset

465 5299 734 5368 gaudium),
769 5301 816 5354 si
842 5309 1034 5370 praeter
1063 5317 1197 5373 opus
1224 5303 1352 5358 illud
1377 5305 1592 5362 carnale
1617 5313 1835 5373 possent
1860 5305 2062 5362 habere

467 5387 624 5458 ﬁlios,
649 5401 864 5462 propter
883 5407 1016 5464 quos
1038 5393 1312 5460 habendos
1335 5394 1548 5454 adiUud
1567 5411 1671 5450 non
1698 5396 1918 5454 libidine
1941 5412 2060 5454 rue-

464 5477 614 5544 bant,
647 5480 741 5537 sed
779 5481 951 5538 ofﬁcio
995 5484 1411 5548 descendebant.
1458 5487 1682 5558 PrOpter
1721 5487 1823 5544 boe
1857 5489 2058 5560 .loseph

468 5631 548 5744 e“
560 5631 708 5744 :‘tgtd
731 5639 842 5684 Lfl.
866 5636 1043 5684 omissa
1086 5635 1245 5688 fuerat
1283 5641 1499 5702 negatio,
1537 5654 1647 5704 qua:
1690 5643 1961 5693 restituitur
1982 5645 2058 5696 hic

465 5808 496 5832 ζ
531 5758 551 5790 ³
577 5763 646 5811 tta
664 5757 715 5809 in
734 5763 842 5816 llas.
871 5765 925 5811 At
944 5761 995 5810 in
1023 5766 1154 5825 t.ov.,
1177 5760 1380 5828 oﬂiciose
1403 5764 1622 5830 accipere
1644 5767 1988 5832 praetendebat.

1713 292 1774 348 S.
1815 289 2084 348 AUGUS’I
2095 287 2186 346 [Nl
2213 290 2517 350 EPISCOPI

3652 297 3782 366 3&8.

2176 424 2282 464 non
2310 419 2420 466 erat
2449 419 2617 480 pater,
2647 410 2768 484 quia
2794 411 2909 480 sine
2928 413 3354 486 concupiscentia
3381 415 3555 483 carnis
3581 429 3781 471 susce-

2173 511 2323 572 perat
2352 502 2554 556 ﬁlium?
2583 503 2738 575 Absit
2762 514 2819 558 ut
2847 505 2946 560 hoc
2976 507 3169 568 sentiat
3195 507 3409 564 castitas
3437 506 3773 576 Christiana,

2171 581 2310 664 quod
2337 611 2433 650 nec
2474 596 2688 662 .ludaica
2727 597 3003 668 sentiebat.
3050 600 3270 670 Diligite.
3297 616 3490 656 uxores
3531 612 3769 667 vestras,

2171 685 2265 748 sed
2291 697 2435 757 caste
2464 687 2691 760 diligite.
2715 689 2894 760 Usque
2915 691 2978 745 ad
2999 707 3121 748 eum
3149 693 3362 765 modum
3385 695 3600 766 carnale
3622 710 3778 768 opus.

2170 779 2422 848 expetite,
2449 788 2504 844 ut
2528 779 2663 848 ﬁlios
2684 783 2992 864 procreetis.
3019 784 3085 850 Et
3100 785 3220 854 quia
3242 801 3348 854 non
3369 785 3522 844 aliter
3539 786 3776 856 potestis

2171 867 2368 925 habere
2407 871 2576 939 ﬁlios,
2605 873 2678 936 ad
2699 874 2980 948 illudcum
3023 876 3209 938 dolore
3235 877 3563 934 descendite.
3596 877 3774 934 Poena

2169 971 2256 1026 est,
2274 963 2415 1018 enim
2457 965 2598 1020 illius
2627 965 2794 1036 Adam
2815 1008 2832 1038 ,
2860 967 2926 1034 de
2952 985 3066 1039 quo
3083 971 3252 1040 exorti
3279 986 3482 1044 sumus.
3520 971 3774 1038 Nonex-g

2170 1058 2419 1112 tollamur
2447 1059 2513 1113 de
2563 1075 2715 1129 paena
2752 1071 2951 1131 nostra.
2985 1061 3422 1132 Pinnaestillius
3452 1064 3541 1132 qui
3567 1065 3776 1132 meruit

2169 1151 2462 1205 mortaliter
2488 1152 2731 1223 gignere;
2761 1153 2881 1226 quia
2904 1164 3121 1224 peccato
3148 1155 3386 1210 mortalis
3406 1155 3632 1214 effectus
3658 1163 3782 1230 est.‘

2169 1239 2338 1310 Ipsam
2365 1258 2573 1310 pmnam
2598 1258 2704 1298 non
2733 1245 2992 1308 subtraxit
3012 1246 3185 1310 Deus;
3216 1257 3271 1300 ut
3304 1247 3636 1310 meminisset
3661 1246 3770 1301 lto-

2168 1348 2256 1387 mo
2285 1334 2425 1390 unde
2448 1346 2744 1406 revocatur,
2775 1346 2952 1406 etquo
2979 1348 3224 1403 vocatur;
3254 1348 3306 1392 et
3331 1348 3594 1408 quaereret
3613 1340 3782 1412 illum,

2166 1427 2490 1496 amplexum,
2513 1428 2598 1486 ubi
2629 1430 2769 1483 nulla
2794 1438 2963 1498 potest
2991 1446 3109 1492 esse
3137 1433 3426 1501 corruptio.

2237 1518 2326 1574 96.
2363 1519 2591 1590 Dignitas
2618 1521 2877 1590 virginalis
2905 1523 3057 1590 erepit,
3076 1539 3107 1586 ᾳ
3129 1532 3285 1577 matre
3313 1522 3538 1577 Domini.
3564 1523 3782 1595 Ioseph.

2165 1611 2415 1680 quomodo
2443 1627 2555 1665 vere
2577 1620 2715 1680 pater
2737 1611 2943 1666 Christi.
2961 1611 3178 1683 Adoptio
3197 1615 3437 1682 ﬁliorum.
3467 1613 3591 1670 Filii
3608 1626 3770 1672 natu-

2165 1702 2298 1757 rales
2317 1711 2363 1755 et
2387 1703 2481 1771 ﬁlii
2505 1704 2816 1774 conjugales.
2844 1702 2900 1758 In
2932 1705 3020 1760 illo
3041 1719 3168 1774 ergo
3195 1706 3390 1776 populo
3411 1705 3529 1775 quia
3548 1716 3774 1776 oporte-g

2165 1793 2258 1850 bat
2297 1794 2410 1849 ﬁeri
2437 1795 2790 1862 abundantem
2834 1797 3263 1868 propagationem
3289 1813 3456 1868 usque
3476 1798 3542 1853 ad
3576 1798 3735 1854 Chris
3757 1829 3788 1861 ι,

2168 1893 2301 1953 tum,
2331 1901 2425 1955 per
2453 1887 2886 1952 numerositatem
2911 1888 3081 1958 plebis
3099 1889 3150 1943 in
3177 1905 3280 1959 qua
3299 1889 3771 1960 praeﬁgurarentur

2167 1979 2343 2033 omnia
2373 1995 2490 2048 qua:
2518 1979 2901 2052 praetiguranda
2943 1991 3093 2036 erant
3123 1981 3379 2038 Ecclesia:
3419 1982 3764 2050 documenta,

2170 2071 2432 2126 habebant
2457 2071 2690 2128 ofﬁcium
2730 2073 3092 2129 ducendarum
3124 2090 3346 2128 uxorum
3376 2090 3474 2144 per
3501 2091 3633 2145 quas
3665 2092 3770 2144 po-

2169 2165 2320 2233 pulus
2338 2174 2623 2232 cresceret,
2649 2166 2703 2222 in
2722 2182 2827 2238 quo
2852 2166 3045 2236 populo
3067 2169 3476 2238 praesignaretur
3497 2153 3765 2223 Ecclesia.

2237 2257 2461 2320 CAPUT
2493 2258 2630 2312 XVI.
2653 2287 2725 2297 —
2744 2260 2813 2313 At
2839 2259 2926 2315 ubi
2952 2269 3106 2314 natus
3136 2270 3217 2320 est
3244 2261 3354 2330 ipse
3382 2261 3496 2328 Rex
3521 2262 3768 2322 omnium

2166 2347 2402 2416 gentium
2429 2390 2443 2413 ,
2472 2349 2633 2417 coepit
2666 2349 2892 2419 dignitas
2920 2351 3193 2421 virginalis
3229 2369 3262 2406 a
3300 2352 3465 2408 Matre
3505 2353 3764 2418 Domini,

2167 2453 2285 2506 qua:
2339 2448 2392 2497 et
2435 2437 2608 2508 ﬁliuni
2643 2440 2838 2506 habere
2882 2443 3109 2506 meruit,
3139 2452 3192 2498 et
3217 2445 3486 2515 corrumpi
3514 2461 3618 2498 non
3647 2461 3767 2500 tne-

2168 2531 2294 2586 ruit.
2323 2530 2470 2587 Sicut
2494 2548 2620 2602 ergo
2646 2541 2762 2590 erat
2786 2534 2912 2590 illud
2937 2536 3261 2605 coniugium,
3291 2546 3344 2604 et
3365 2538 3480 2602 sine
3502 2538 3612 2603 ulla
3638 2552 3770 2602 cor-

2167 2625 2413 2694 ruptione-
2435 2626 2748 2698 coniugium
2771 2644 2785 2680 :
2812 2627 2888 2681 sic
2913 2627 3053 2698 quod
3079 2637 3226 2694 caste
3256 2644 3388 2686 uxor
3412 2630 3636 2700 peperit,
3663 2645 3768 2686 cur

2169 2731 2276 2774 non
2305 2727 2451 2772 caste
2476 2719 2694 2786 maritus
2723 2718 3021 2790 acciperet?
3047 2719 3194 2778 Sicut
3221 2721 3364 2778 enim
3390 2730 3534 2775 caste
3560 2722 3768 2788 coniux

2168 2807 2256 2872 illa
2285 2849 2299 2871 ,
2336 2808 2412 2863 sic
2440 2809 2528 2864 ille
2556 2817 2702 2866 caste
2734 2810 2954 2876 maritus
2982 2826 2996 2863 :
3025 2819 3078 2866 et
3103 2811 3242 2866 sicut
3268 2811 3355 2868 illa
3381 2818 3524 2874 caste
3565 2822 3760 2877 mater,

2169 2898 2246 2953 sic
2273 2900 2359 2956 ille
2387 2908 2532 2954 caste
2558 2909 2724 2968 pater.
2752 2899 2853 2966 Qui
2873 2901 3169 2973 ergodicit,
3188 2901 3300 2956 Non
3327 2901 3508 2966 debuit
3537 2901 3640 2959 dici
3662 2917 3776 2970 pa.-..

2169 3000 2268 3058 ter,
2301 2993 2423 3064 quia
2452 3008 2557 3048 non
2583 2993 2660 3050 sic
2683 3002 2936 3064 genuerat
2966 2992 3161 3058 ﬁlium;
3191 2993 3462 3048 libidinem
3492 2994 3679 3060 (Inserit
3706 2994 3774 3054 in.

2171 3085 2522 3155 procreandis.
2543 3085 2684 3148 ﬁliis,
2713 3100 2824 3146 non.
2847 3084 3120 3142 cbaritatis
3149 3084 3413 3152 allectum.
3438 3085 3618 3150 Melius
3644 3085 3760 3155 ille,

2168 3180 2314 3250 quod
2336 3180 2471 3236 alius
2508 3195 2667 3238 carne
2699 3179 2917 3248 implere
2947 3178 3250 3248 desiderat,
3276 3179 3451 3234 animo
3483 3179 3759 3248 implebat.

2168 3270 2300 3326 Nam
2331 3279 2388 3328 et
2412 3271 2501 3340 qui
2525 3271 2777 3340 adoptant
2804 3270 2961 3334 ﬁlios,
2985 3271 3182 3325 castius
3211 3285 3306 3326 eos
3325 3269 3486 3328 corde
3513 3270 3772 3343 gignunt,

2167 3379 2303 3434 quos
2329 3378 2488 3428 carne
2514 3377 2618 3418 non
2651 3371 2892 3431 possunt.
2919 3361 3108 3422 Videte
3130 3402 3152 3428 ,_
3175 3360 3365 3418 fratres
3389 3403 3403 3427 ,
3436 3361 3610 3416 videte
3635 3362 3774 3430 jura

2168 3454 2488 3524 adoptionis,
2521 3454 2787 3528 quomodo
2815 3454 2872 3510 ﬁt
2898 3453 3067 3516 homo
3088 3453 3229 3509 ﬁlius
3255 3455 3406 3522 cujus
3431 3454 3633 3520 semine
3665 3470 3778 3513 na—

2169 3553 2256 3611 tu_s
2285 3563 2398 3616 non,
2426 3555 2546 3611 est;
2578 3555 2636 3616 ut
2660 3547 2777 3617 plus
2805 3545 2854 3600 in
2884 3561 2948 3604 eo
2971 3545 3110 3615 juris
3135 3545 3330 3608 habeat
3362 3547 3606 3613 voluntas
3629 3545 3765 3606 ade.»

2171 3638 2398 3708 plantis,
2425 3653 2582 3708 quam
2612 3648 2800 3706 natura
2840 3637 3122 3707 gignentis.
3165 3637 3238 3696 ita
3285 3652 3412 3708 ergo
3450 3653 3552 3702 non
3582 3639 3764 3694 solum

2167 3727 2352 3792 debuit
2377 3742 2493 3783 esse
2524 3737 2670 3796 pater.
2697 3726 2917 3796 Josepb,
2941 3727 3045 3788 sed
3067 3728 3303 3784 maxime
3321 3727 3520 3782 debuit.
3545 3727 3676 3784 Nam
3705 3737 3776 3790 et.

2169 3818 2236 3873 de
2261 3818 2477 3882 feminis
2495 3834 2620 3890 qua:
2638 3832 2831 3876 uxores
2859 3834 2963 3880 non
2991 3827 3130 3884 sunt,
3158 3829 3414 3888 generant
3436 3819 3684 3878 homines.
3698 3819 3765 3874 fi-

2167 3911 2303 3978 lios,
2331 3920 2386 3967 et
2413 3912 2658 3972 dicuntur
2685 3910 2780 3970 ﬁlii
2821 3912 3122 3978 naturales;
3164 3921 3222 3967 et
3257 3921 3635 3982 pneponuntur
3677 3914 3764 3970 eis

2170 4007 2262 4064 ﬁlii
2308 4007 2630 4078 coniugales.
2680 4006 2944 4073 Quantum
2997 4007 3228 4075 pectinet
3271 4006 3338 4066 ad
3378 4021 3510 4076 opus
3553 4007 3758 4074 carnis,

2168 4099 2440 4169 aequaliter
2465 4099 2570 4154 nati
2595 4106 2721 4160 sunt
2750 4115 2763 4152 :
2797 4097 2936 4156 unde
2965 4098 3049 4156 isti
3079 4108 3471 4168 praeponuntur,
3504 4098 3602 4157 nisi
3631 4100 3766 4168 quia

2168 4191 2368 4250 castior
2395 4201 2477 4244 est
2503 4191 2686 4255 uxoris
2704 4191 2955 4256 charitas,
2984 4191 3051 4248 de
3075 4207 3176 4261 qua
3196 4193 3346 4248 liberi
3369 4203 3720 4261 procreantur
3735 4194 3762 4248 ἲ

2169 4281 2282 4336 Non
2315 4282 2423 4337 illic
2463 4283 2742 4338 attenditur
2769 4283 3075 4342 commixtio
3097 4283 3288 4347 carnis,
3317 4299 3434 4354 quae
3455 4285 3505 4338 in
3532 4293 3766 4354 utraque

2168 4371 2364 4442 femina
2394 4389 2487 4442 par
2513 4384 2611 4429 cst.
2643 4373 2742 4430 Ubi
2769 4374 2934 4434 uincit
2960 4390 3112 4441 uxor,
3141 4376 3251 4431 nisi.
3273 4376 3464 4433 affectu
3497 4376 3615 4431 fidei
3636 4419 3651 4441 ,
3682 4380 3764 4432 af-

2167 4465 2304 4520 fectu
2328 4465 2578 4534 oonjugii,
2607 4464 2802 4524 affectu
2823 4465 3127 4522 sincerioris
3147 4466 3495 4537 castiorisque
3517 4467 3760 4524 Charita-

2167 4558 2278 4614 tis?
2307 4558 2364 4612 Si
2390 4573 2518 4628 ergo
2550 4567 2726 4627 posset
2753 4557 2819 4613 de
2845 4573 3012 4614 uxore
3031 4559 3314 4628 quisquam.
3331 4559 3446 4618 sine
3470 4561 3763 4617 concubitu

2165 4651 2440 4721 suscipere
2470 4650 2644 4714 ﬁlios,
2677 4665 2781 4709 non
2811 4658 2957 4713 tanto
3003 4649 3188 4707 debuit
3227 4651 3413 4717 latius,
3446 4660 3646 4722 quanto
3671 4662 3765 4708 est

2166 4745 2255 4804 illa
2275 4746 2493 4811 castior,
2524 4761 2690 4814 quam,
2711 4745 2888 4814 diligit
2908 4745 3172 4814 amplius?

2235 4837 2460 4899 CAPUT
2489 4837 2650 4896 Χγιι.
2684 4867 2756 4878 —-
2788 4838 2877 4892 27.
2920 4836 3038 4892 Duo
3064 4847 3231 4908 patres
3258 4835 3453 4908 Ioseph
3487 4837 3560 4890 ad
3589 4838 3766 4892 conci-

2166 4929 2366 4985 liandos
2396 4928 2696 4984 Matt/tamn:
2739 4937 2794 4985 et
2828 4927 3020 4984 Lucam
3051 4937 3186 4983 recte
3225 4928 3580 4983 admittuntur.
3623 4927 3772 4984 Hinc

2161 5022 2274 5093 jam
2299 5021 2464 5081 etiam.
2491 5021 2626 5076 illud
2646 5021 2818 5078 videte
2852 5036 3012 5091 posse
3041 5020 3154 5078 ﬁeri
3183 5029 3243 5077 ut
3279 5037 3422 5076 unus
3455 5021 3620 5077 homo.
3646 5036 3770 5076 non

2166 5115 2338 5171 solum
2360 5114 2493 5170 duos
2519 5115 2653 5170 ﬁlios
2673 5115 2884 5179 habeat,
2911 5113 3006 5172 sed
3027 5123 3082 5170 et
3097 5114 3232 5170 duos
3251 5124 3450 5184 patres.
3473 5113 3764 5170 Nominat:

2165 5208 2308 5263 enim
2332 5207 2635 5276 adoptione,
2666 5215 2912 5262 occurrat
2939 5207 3348 5277 cogitationibus
3377 5208 3567 5262 vestris
3596 5222 3770 5274 posse

2166 5299 2304 5355 ﬁeri.
2358 5299 2561 5354 Dicitur
2594 5301 2770 5366 enim,
2805 5300 2947 5355 Duos
2979 5300 3115 5354 filios
3152 5308 3326 5369 potest
3355 5299 3548 5354 habere
3569 5298 3762 5366 homo,

2164 5391 2300 5446 duos
2318 5399 2499 5449 autem,
2517 5398 2696 5459 patres
2715 5405 2821 5444 non
2846 5398 3036 5459 potest.
3064 5389 3173 5444 lmo
3199 5390 3464 5446 invenitur
3484 5405 3644 5459 posse
3663 5389 3768 5446 ha-

2165 5486 2292 5541 bere
2317 5485 2473 5541 etiam
2501 5485 2634 5538 duos
2661 5493 2837 5554 patres
2860 5501 2874 5548 ;
2907 5483 2950 5536 si
2983 5497 3119 5537 unus
3143 5483 3346 5538 semine
3370 5482 3590 5553 genuit,
3618 5483 3770 5544 alius

2164 5576 2444 5631 dilectione
2471 5575 2758 5644 adoptavit.
2795 5574 2848 5630 Si
2879 5589 3007 5644 ergo
3034 5584 3256 5643 possunt
3287 5575 3374 5628 uni
3405 5573 3609 5629 homini
3633 5589 3772 5631 esse

2163 5667 2270 5722 duo
2300 5675 2501 5736 patres;
2536 5667 2702 5736 potuit
2729 5674 2786 5721 et
2807 5665 3008 5735 Ioseph
3049 5665 3184 5720 duos
3216 5675 3390 5735 patres
3427 5665 3662 5730 habere,
3693 5667 3768 5721 ab

2168 5761 2338 5817 altero
2375 5759 2658 5830 generari,
2689 5759 2756 5820 ab
2795 5758 2966 5816 altero
3003 5758 3262 5830 adoptari.
3296 5756 3447 5826 Quod
3485 5757 3532 5814 si
3557 5758 3766 5831 potuit,
