3994 6462
480 373 580 433 351

482 485 573 551 cit,
595 476 773 552 Quare
797 496 885 539 me
909 478 1233 552 separastis?
1260 476 1437 546 Quare
1465 488 1572 531 non
1610 487 1705 544 per
1730 486 1817 528 me
1843 482 2067 542 genera-

482 577 656 630 tiones
685 573 768 631 vel
795 572 1122 638 ascendunt,
1148 571 1234 626 vel
1257 566 1627 625 descendunt?
1649 566 1729 619 An
1757 563 1951 619 dicitur
1979 561 2066 628 ei,

483 666 616 736 Quia
641 682 748 722 non
776 674 830 720 ιιι
852 664 1080 737 genuisti
1101 677 1263 735 opere
1285 661 1460 718 carnis
1486 659 1628 715 tute?
1649 656 1754 714 Sed
1775 654 2069 726 responde-

484 762 562 817 bit
580 803 595 827 ,
625 748 891 832 Numquid
921 767 976 815 et
1003 759 1092 814 illa
1122 773 1284 829 opere
1311 756 1489 813 carnis
1512 770 1624 811 sua;
1651 752 1894 825 peperit?
1918 748 2072 819 Quod

487 851 715 923 Spiritus
740 859 954 906 sanctus
993 858 1242 919 operatus
1265 856 1348 904 est
1369 890 1385 915 ,
1418 847 1654 917 utrisque
1694 850 1945 915 operatus
1967 849 2069 898 est.

488 942 614 997 Cum
637 951 798 1009 esset,
820 942 1023 1012 inquit,
1054 941 1204 996 homo
1218 941 1410 1012 justus.
1435 938 1618 995 Justus
1642 951 1773 1008 ergo
1797 935 1907 1001 vir,
1932 934 2075 1005 justa

488 1033 704 1089 femina.
760 1032 987 1103 Spiritus
1036 1040 1252 1089 sanctus
1303 1032 1355 1086 in
1403 1030 1683 1085 amborum
1732 1027 1935 1098 iustitia
1985 1038 2075 1079 re-

489 1126 811 1195 quiescens,
853 1125 1113 1180 ambobus
1151 1123 1319 1178 ﬁlium
1370 1121 1536 1178 dedit.
1589 1119 1696 1176 Sed
1742 1119 1797 1173 in
1843 1130 1910 1173 eo
1947 1129 2078 1170 sexu

489 1232 651 1287 quem
681 1231 870 1287 parere
896 1215 1155 1281 decebat;
1187 1211 1437 1286 operatus
1465 1220 1549 1269 est
1584 1211 1718 1278 hoc,
1746 1209 1888 1282 quod
1916 1209 2078 1265 etiam

400 1346 405 1347 ν
494 1309 688 1364 marito
719 1316 1047 1365 nasceretur.
1076 1307 1259 1379 Itaque
1296 1306 1555 1363 ambobus
1596 1304 1724 1359 dicit
1760 1302 1981 1372 angelus
2021 1309 2082 1355 ut

492 1414 660 1470 puero
705 1414 899 1455 nomen
957 1399 1268 1469 imponant;
1323 1396 1411 1451 ubi
1463 1402 1739 1467 parentum
1784 1391 2083 1448 declaratur

492 1491 803 1548 auctoritas.
833 1491 967 1546 Nam
996 1501 1051 1546 et
1078 1490 1364 1546 Zacharias
1401 1503 1523 1544 cum
1566 1486 1741 1542 adhuc
1783 1494 1961 1541 mutus
1997 1498 2085 1540 es-

494 1592 617 1651 set,
647 1583 757 1639 ﬁlio
798 1591 923 1638 nato
971 1592 1142 1638 mater
1167 1596 1358 1637 nomen
1404 1579 1725 1651 imponebat.
1755 1578 1823 1633 Et
1845 1590 1966 1633 cum
2011 1575 2085 1631 illi

496 1677 588 1748 qui
617 1676 839 1732 aderant
882 1676 1168 1732 innuerent
1192 1673 1324 1744 patri
1355 1671 1480 1743 quid
1509 1686 1632 1727 eum
1672 1669 1831 1725 vellet
1867 1667 2042 1723 vocari
2067 1708 2083 1735 ,

499 1767 734 1837 acceptis
759 1766 1099 1838 pugillaribus
1122 1764 1222 1820 hoc
1248 1762 1498 1833 scripsit,
1525 1761 1666 1833 quod
1698 1761 1784 1814 illa
1805 1760 1914 1831 jam
1939 1758 2089 1814 dise-

500 1869 584 1916 rat
604 1859 714 1931 (Id.
740 1876 792 1929 ι,
821 1858 1030 1932 60-63).
1056 1858 1258 1913 Dicitur
1277 1865 1331 1912 et
1354 1856 1534 1912 Marize
1550 1898 1564 1920 ,
1593 1853 1727 1909 Ecce
1749 1854 2002 1923 concipias
2026 1852 2091 1921 [i-

503 1953 629 2008 lium
652 1994 668 2020 ,
698 1961 746 2008 et
765 1953 961 2007 vocabis
986 1968 1165 2006 nomen
1191 1951 1299 2021 ejus
1322 1947 1500 2003 Iesum
1527 1947 1716 2017 (Ibid.,
1742 1945 1836 2014 51)
1864 1962 1879 1999 :
1901 1944 2093 2000 dicitur

504 2045 665 2100 etiam
706 2044 772 2099 ad
806 2043 1003 2112 Ioseph
1024 2041 1252 2113 ,Joseph
1281 2040 1359 2110 ﬁli
1393 2038 1587 2105 David,
1627 2054 1690 2091 ne
1707 2036 1938 2091 metueris
1961 2035 2095 2089 acci-

509 2151 627 2208 pere
664 2133 887 2189 Mart'am
925 2135 1191 2204 conjugem
1215 2141 1373 2185 tuam.
1403 2128 1551 2196 Quod
1588 2128 1717 2182 enim
1745 2126 1798 2180 in
1836 2142 1895 2180 ea
1919 2135 2094 2179 natum

511 2237 615 2294 est,
644 2229 707 2282 de
734 2226 934 2297 Spiritu
964 2233 1137 2279 sancto
1171 2231 1260 2277 est.
1307 2220 1476 2275 l’ariet
1516 2227 1682 2273 autem
1707 2217 1902 2286 ﬁlium,
1929 2222 1973 2269 et
2011 2229 2097 2268 vo-

509 2322 648 2377 cabis
671 2335 853 2375 nomen
891 2319 1000 2391 ejus
1026 2314 1205 2371 Iesum
1227 2330 1248 2372 :
1267 2315 1347 2369 hic
1379 2311 1588 2368 salt'abit
1614 2311 1860 2381 populum
1892 2324 2040 2363 suum
2066 2322 2099 2361 ιι

514 2410 730 2483 peccatis
755 2425 928 2463 eorum
957 2406 1168 2478 (Matth.
1198 2421 1249 2472 ι,
1280 2404 1380 2470 20,
1412 2401 1525 2474 2|).
1558 2401 1757 2456 Dicitur
1801 2399 1960 2455 etiam
1985 2441 2000 2466 ,
2031 2396 2101 2452 Et

515 2502 704 2574 peperit
747 2501 794 2555 ei
834 2499 999 2569 ﬁlium
1026 2497 1177 2569 (Luc.
1222 2512 1294 2565 ιι,
1323 2495 1422 2564 7):
1451 2494 1541 2549 ubi
1570 2492 1790 2548 omnino
1816 2500 1968 2564 pater
1993 2505 2101 2547 non

513 2607 695 2658 carne,
719 2590 813 2647 sed
834 2590 1090 2647 charitate
1120 2587 1379 2643 ﬁrmatur.
1400 2584 1489 2642 Sic
1507 2598 1635 2655 ergo
1655 2592 1805 2654 pater
1823 2582 1978 2638 sicuti
1998 2590 2100 2636 est.

515 2682 832 2739 Cantissime
880 2680 1023 2737 enim
1067 2678 1421 2749 Evangelistae
1463 2684 1519 2732 et
1558 2671 1972 2747 prudentissime
2008 2686 2106 2743 per

517 2777 667 2831 illum
695 2781 1009 2840 numerant,
1037 2773 1149 2829 sive
1171 2771 1450 2827 Matthreus
1491 2768 1827 2826 descendens
1852 2768 1920 2822 ab
1946 2766 2108 2822 Abra-

520 2867 644 2921 ham
693 2880 861 2936 usque
904 2863 973 2920 ad
1018 2862 1327 2929 Christum,
1371 2859 1484 2917 sive
1530 2859 1701 2914 Lucas
1743 2856 2035 2912 ascendens
2076 2870 2107 2909 a

518 2953 733 3010 Christo
754 2970 849 3025 per
871 2953 1141 3009 Abraham
1163 2966 1332 3021 usque
1355 2949 1421 3005 ad
1451 2948 1639 3005 Deum.
1662 2947 1757 3003 llle
1780 2946 2110 3003 descendens

521 3055 800 3111 numerat,
833 3047 925 3101 ille
968 3045 1295 3110 ascendens,
1324 3041 1483 3098 ambo
1525 3056 1621 3112 per
1646 3039 1863 3111 Ioseph.
1889 3040 2108 3108 Quare?

522 3138 655 3208 Quia
682 3147 860 3209 pater:
879 3137 1054 3206 Quare
1086 3136 1269 3207 pater?
1312 3134 1445 3202 Quia
1488 3140 1637 3188 tanto
1676 3131 1877 3187 ﬁrmius
1918 3139 2109 3203 pater,

523 3238 721 3301 quanto
766 3230 963 3285 castius
1006 3237 1180 3299 pater.
1227 3227 1399 3284 Aliter
1440 3226 1653 3297 quidem
1689 3225 1970 3296 putabatur
1996 3240 2114 3281 esse

525 3330 678 3393 pater
703 3320 916 3377 Domini
945 3320 1111 3376 nostri
1131 3319 1255 3375 Iesu
1280 3317 1518 3383 Christi,
1546 3317 1750 3372 scilicet
1774 3317 1911 3375 sicut
1936 3316 2114 3372 caeteri

524 3421 707 3486 patres
729 3426 891 3469 carne
914 3418 1230 3483 generantes
1253 3451 1271 3478 ,
1316 3424 1422 3464 non
1465 3408 1582 3464 solo
1624 3407 1881 3478 spirituali
1923 3407 2115 3462 affectu

527 3506 725 3562 liberos
751 3505 1120 3576 suscipientes.
1158 3503 1290 3558 Nam
1318 3502 1452 3557 dixit
1473 3509 1528 3557 et
1552 3500 1721 3557 Lucas
1739 3542 1755 3567 ,
1784 3498 1886 3565 Qui
1906 3498 2120 3571 putaba-

530 3608 612 3653 tur
653 3614 759 3653 esse
802 3607 944 3669 pater
983 3595 1107 3651 Iesu
1152 3594 1263 3670 (Id.
1309 3610 1401 3661 ιιι,
1430 3592 1546 3664 25).
1576 3592 1754 3661 Quare
1798 3592 2119 3663 putabatur?

529 3688 660 3757 Quia
689 3689 919 3743 humana
965 3687 1169 3758 putatio
1195 3693 1252 3741 et
1301 3683 1622 3741 existimatio
1660 3682 1786 3738 illuc
1812 3681 2116 3749 ferebatur,

529 3778 671 3849 quod
713 3779 851 3834 solet
895 3777 964 3833 ab
991 3777 1295 3832 hominibus
1340 3774 1474 3830 ﬁeri.
1505 3772 1620 3829 Non
1650 3788 1777 3845 ergo
1823 3773 1891 3829 de
1917 3774 2122 3830 semine

531 3868 729 3939 Ioseph
760 3869 1017 3924 Dominus
1039 3909 1055 3936 ,
1093 3868 1335 3939 quamvis
1371 3865 1473 3921 hoc
1512 3874 1787 3935 putaretur
1820 3873 1913 3920 :et
1940 3873 2123 3920 tamen

532 3962 714 4033 pietati
743 3970 797 4016 et
823 3961 1070 4016 charitati
1098 3958 1300 4030 Ioseph
1340 3965 1497 4013 natus
1520 3964 1604 4012 est
1638 3955 1704 4011 de
1729 3956 1892 4012 Maria
1918 3956 2122 4028 virgine

536 4054 677 4109 ﬁlius
696 4095 711 4119 .
738 4054 987 4124 idemque
1009 4053 1173 4107 Filius
1196 4052 1309 4106 Dei.

607 4143 831 4199 CAPUT
845 4142 1126 4198 ΚΕΗ-’51
1139 4180 1152 4194 .
1162 4140 1263 4195 Cur
1273 4140 1547 4195 Hatthaeus
1558 4140 1862 4195 descendens
1872 4149 2122 4208 numerat,

542 4232 707 4287 Lucas
738 4248 854 4287 vero
885 4232 1177 4286 ascendens.
1201 4231 1306 4290 Sed
1340 4246 1506 4301 quare
1544 4231 1634 4286 ille
1655 4229 1985 4286 descendens
2021 4246 2124 4285 nu-

540 4330 728 4389 merat,
759 4337 923 4392 quare
951 4325 1052 4377 iste
1076 4321 1407 4379 ascendens?
1433 4321 1585 4389 Quod
1603 4362 1618 4388 ,
1646 4336 1858 4392 quasso,
1887 4321 2089 4377 intente
2107 4363 2124 4390 ,

542 4421 796 4484 quantum
840 4413 1094 4469 Dominus
1136 4413 1438 4484 adjuverit,
1480 4412 1738 4481 audiatis,
1782 4412 1894 4485 jam
1939 4428 2129 4469 securo

541 4506 721 4560 animo
742 4547 759 4573 ,
784 4514 838 4561 et
860 4506 929 4560 ab
954 4505 1098 4560 omni
1121 4505 1365 4563 molestia
1394 4504 1779 4560 calumniarum
1805 4505 2127 4561 nodosarum

542 4595 732 4652 libero.
760 4595 1038 4651 Mattbaeus
1065 4594 1340 4651 descendit
1366 4610 1462 4667 per
1483 4597 1874 4666 generationes,
1899 4603 1957 4650 ut
1976 4596 2133 4666 signi-

545 4691 668 4744 ﬁcet
695 4687 1108 4743 descendentem
1154 4689 1439 4744 Dominum
1485 4696 1725 4742 nostrum
1768 4685 1948 4741 Iesum
1974 4685 2131 4742 Chri-

545 4790 685 4838 stum
710 4780 777 4838 ad
807 4781 1064 4855 portanda
1090 4791 1272 4837 nostra
1294 4788 1513 4851 peccata
1533 4822 1551 4848 ,
1580 4780 1712 4835 utin
1731 4778 1936 4835 semine
1962 4780 2133 4835 Abra-

546 4874 669 4929 ham
716 4874 1157 4930 benedieerentur
1202 4870 1391 4929 omnes
1436 4881 1640 4944 gentes.
1689 4870 1977 4942 Pr0pterea
2027 4886 2133 4927 non

549 4966 733 5038 incipit
759 4967 827 5023 ab
867 4966 1035 5021 Adam
1077 4983 1091 5020 :
1133 4973 1300 5020 totum
1348 4964 1489 5020 enim
1534 4978 1703 5035 genus
1731 4963 2021 5019 humanum
2067 4964 2137 5019 ab

550 5058 659 5113 illo.
690 5058 873 5130 Neque
909 5073 939 5112 a
965 5057 1077 5113 Noe
1105 5076 1119 5112 :
1150 5057 1273 5127 quia
1308 5064 1362 5112 et
1404 5056 1471 5111 ab
1497 5056 1609 5125 ipsa
1634 5055 1828 5110 familia
1858 5065 1977 5126 post
2000 5055 2141 5111 dilu-

551 5150 693 5205 vium
722 5165 883 5206 omne
907 5164 1075 5220 genus
1114 5149 1403 5203 humanum
1430 5157 1675 5202 exortum
1718 5155 1820 5203 est.
1850 5146 2036 5219 Neque
2069 5147 2137 5203 ad

551 5240 844 5311 praphetiac
901 5241 1329 5310 adimpletionem
1393 5247 1601 5309 poterat
1659 5236 1926 5308 pertinere
1977 5238 2140 5295 homo

553 5326 793 5383 Christus
815 5329 970 5386 Iesus
990 5346 1056 5386 ex
1084 5330 1275 5396 Adam,
1298 5344 1364 5384 ex
1387 5342 1495 5399 quo
1519 5336 1645 5383 sunt
1667 5342 1856 5384 omnes
1876 5327 2137 5394 homines;

554 5427 646 5473 aut
672 5433 736 5473 ex
777 5419 887 5475 Noe
910 5462 925 5489 ,
952 5437 1016 5477 ex
1065 5436 1171 5491 quo
1208 5434 1391 5477 rursus
1416 5434 1604 5475 omnes
1636 5419 1877 5474 homines
1906 5435 1919 5472 :
1951 5418 2046 5474 sed
2074 5434 2142 5475 ex

557 5509 823 5565 Abraham
844 5552 859 5578 ,
885 5514 973 5583 qui
1002 5524 1126 5569 tunc
1161 5514 1362 5569 electus
1387 5524 1469 5570 est
1490 5513 1541 5568 in
1564 5513 1716 5582 cujus
1753 5513 1958 5568 semine
1977 5513 2143 5568 bene-

554 5601 858 5659 dicerentur
896 5620 1083 5661 omnes
1125 5617 1310 5677 gentes
1333 5647 1349 5671 ,
1381 5622 1502 5661 cum
1546 5605 1655 5676 jam
1699 5605 1946 5675 gentibus
1986 5605 2141 5676 plena

556 5703 672 5748 erat
713 5702 871 5750 terra.
901 5695 1153 5750 Ascendit
1180 5708 1359 5752 autem
1406 5696 1575 5752 Lucas
1597 5738 1615 5763 ,
1643 5712 1748 5751 non
1793 5696 2050 5764 incipiens
2078 5698 2146 5753 ab

563 5787 682 5867 ipso
734 5787 843 5844 nati
887 5786 1097 5843 Domini
1125 5788 1343 5844 exordio
1389 5789 1762 5863 generationes
1798 5803 2127 5863 enumerare

1697 358 1758 414 8.
1800 348 2166 415 AUGUSTINI
2205 348 2507 409 EPISCOPI

3648 344 3753 406 352

2177 463 2273 520 sed
2294 464 2362 518 ab
2381 477 2448 518 eo
2475 462 2595 518 loco
2612 504 2627 529 ,
2655 461 2743 519 ubi
2771 477 2893 520 eum
2913 471 3095 520 narrat
3120 476 3150 518 a
3175 461 3381 521 Joanne
3404 463 3750 536 baptizatum.

2174 556 2323 614 Sicut
2358 565 2535 614 autem
2565 559 2618 613 in
2658 558 2866 613 Domini
2910 560 3276 616 incarnatione
3300 561 3664 632 suscipiuntur
3687 564 3757 622 ab

2176 666 2241 707 eo
2268 651 2478 721 generis
2508 650 2722 705 humani
2750 652 3007 721 portanda
3028 662 3245 725 peccata
3264 696 3281 723 ,
3304 654 3382 710 sic
3420 655 3473 710 in
3502 655 3759 725 Baptismi

2177 742 2581 799 consecratione
2605 743 2895 815 purganda.
2922 745 3103 816 Itaque
3128 746 3215 802 ille
3239 746 3651 804 descendentem
3688 748 3762 804 si-

2177 833 2433 904 gniﬁcans
2466 835 2532 889 ad
2563 844 2778 905 peccata
2804 836 3062 906 portanda
3086 880 3101 906 ,
3127 839 3497 910 generationes
3534 839 3762 898 descen-

2179 925 2313 981 dens
2363 937 2640 983 enumerat
2688 945 2702 982 :
2744 930 2845 986 iste
2881 938 3056 987 autem
3094 931 3387 990 ascendens
3411 974 3426 1000 ,
3457 933 3766 1005 signiﬁcans

2181 1018 2548 1089 purgationem
2589 1028 2958 1091 peccatorum,
3000 1037 3105 1078 non
3148 1024 3329 1095 utique
3373 1040 3627 1096 suorum,
3667 1027 3767 1085 sed

2182 1122 2524 1180 nostrorum,
2564 1113 2859 1171 ascendens
2896 1117 3266 1187 generationes
3313 1129 3610 1176 enumerat.
3659 1120 3770 1178 Sed

2182 1202 2274 1259 ille
2293 1203 2567 1259 descendit
2590 1220 2685 1276 per
2711 1206 3048 1262 Salomonem
3067 1249 3083 1275 ,
3115 1208 3168 1263 in
3194 1207 3344 1280 cujus
3370 1220 3538 1267 matre
3576 1226 3771 1282 pecca-

2182 1294 2262 1350 vit
2299 1294 2464 1350 David
2503 1313 2517 1350 :
2545 1296 2646 1351 iste
2670 1296 2908 1353 ascendit
2947 1312 3042 1368 per
3067 1298 3275 1354 Nathan
3301 1342 3316 1368 ,
3348 1301 3572 1358 alterum
3600 1303 3773 1361 ﬁlium

2185 1387 2427 1459 ejusdem
2457 1388 2644 1455 David,
2678 1406 2771 1460 per
2796 1405 2954 1461 quem
2978 1389 3054 1465 (a)
3083 1406 3112 1447 a
3142 1402 3363 1463 peccato
3386 1404 3638 1466 purgatus
3665 1406 3772 1454 est.

2187 1479 2437 1551 Legimus
2474 1485 2616 1537 enim
2654 1481 2796 1553 quod
2837 1482 3045 1538 Nathan
3073 1485 3136 1538 ad
3187 1501 3307 1540 eum
3338 1487 3533 1543 missus
3563 1497 3683 1554 est.
3715 1498 3778 1547 nt

2188 1586 2311 1628 eum
2352 1572 2727 1643 redargueret,
2770 1580 2825 1629 et
2863 1589 2958 1645 per
2997 1576 3362 1646 paenitentiam
3392 1588 3667 1634 sanaretur
3693 1579 3779 1652 (ll

2191 1664 2321 1736 Reg.
2354 1665 2475 1736 xu).
2506 1664 2863 1721 Occurrernnt
2905 1671 3063 1724 ambo
3091 1668 3192 1724 sibi
3221 1669 3273 1725 in
3299 1669 3495 1738 David;
3525 1672 3613 1728 ille
3655 1672 3784 1729 des-

2192 1758 2446 1825 cendens,
2469 1758 2569 1814 iste
2596 1759 2891 1816 ascendens
2922 1778 2936 1815 :
2961 1771 3017 1817 et
3041 1762 3164 1818 inde
3190 1778 3356 1833 usque
3383 1764 3450 1819 ad
3474 1764 3743 1821 Abraham
3762 1807 3784 1835 ,

2192 1849 2280 1904 vel
2304 1849 2373 1905 ab
2397 1849 2662 1905 Abraham
2683 1865 2851 1922 usque
2876 1850 2944 1907 ad
2984 1852 3148 1907 David
3183 1853 3234 1908 in
3269 1854 3413 1909 nulla
3438 1856 3788 1925 generatione

2196 1940 2389 1996 diversi
2433 1950 2575 1996 sunt.
2627 1942 2702 1997 lta
2752 1943 2995 1999 Christus
3034 1953 3090 2000 et
3131 1945 3268 2001 ﬁlius
3298 1946 3503 2012 David,
3544 1957 3601 2003 et
3645 1948 3790 2004 ﬁlius

2197 2031 2498 2099 Abraham,
2547 2035 2737 2089 transit
2774 2034 2841 2089 ad
2887 2035 3073 2091 Deum.
3102 2037 3184 2092 Ad
3229 2037 3394 2093 Deum
3438 2039 3635 2110 quippe
3687 2054 3792 2095 nos

2198 2130 2410 2193 oportet
2454 2124 2508 2178 in
2552 2123 2821 2194 Baptismo
2844 2135 3130 2182 renovatos
3169 2141 3199 2181 a
3243 2137 3583 2199 peccatorum
3613 2128 3791 2185 aboli-

2200 2216 2347 2271 tione
2375 2215 2578 2271 reduci.

2272 2304 2497 2363 CAPUT
2534 2305 2700 2362 XXII.
2728 2338 2797 2349 —
2822 2306 2910 2365 52.
2941 2307 3021 2364 De
3043 2310 3445 2382 quadragenario
3482 2329 3693 2367 numero
3739 2313 3798 2368 in

2204 2399 2604 2470 generationibus
2623 2397 2850 2454 Domini.
2885 2399 3290 2473 Quadragenarii
3314 2405 3508 2458 numeri
3534 2405 3801 2476 signiﬁca-

2206 2501 2306 2547 tus.
2360 2492 2419 2548 ln
2470 2493 2902 2563 generationibus
2956 2509 3087 2550 sane
3150 2510 3284 2565 quas
3340 2506 3618 2552 enumerat
3662 2497 3801 2553 Mat-

2207 2586 2400 2650 thaeus,
2425 2585 2872 2656 quadragenarius
2892 2601 3148 2642 numerus
3176 2588 3393 2645 eminet.
3427 2589 3633 2645 [labent
3652 2590 3803 2646 enim

2209 2680 2367 2734 istum
2396 2693 2599 2734 morem
2635 2678 2826 2734 divinat
2864 2678 3174 2749 Scripturze,
3218 2688 3279 2736 ut
3321 2682 3463 2753 quod
3508 2684 3809 2739 excesserit

2210 2780 2389 2827 certos
2434 2771 2690 2827 articulos
2733 2787 3076 2828 numerorum
3120 2773 3403 2844 aliquando
3443 2789 3548 2829 non
3577 2789 3809 2846 compu-

2214 2872 2347 2919 tent.
2375 2862 2465 2919 Sic
2491 2864 2652 2919 etiam
2681 2863 3048 2935 quadringenti
3076 2866 3200 2919 anni
3227 2865 3476 2920 dicuntur
3512 2876 3633 2936 post
3665 2880 3810 2937 quos

2214 2970 2458 3023 egressus
2469 2963 2548 3011 est
2569 2955 2794 3026 pepulus
2819 2953 2980 3010 Israel
3000 2970 3065 3010 ex
3092 2954 3322 3026 Egypto
3349 2955 3502 3025 (Gen.
3523 2972 3610 3024 xv,
3635 2957 3729 3020 t3,
3758 2965 3812 3011 et

2214 3048 2329 3103 Act.
2352 3062 2444 3111 vn,
2468 3046 2548 3113 6);
2577 3060 2697 3102 cum
2718 3046 2826 3102 sint
2847 3045 3215 3117 quadringenti
3241 3047 3473 3117 triginta.
3500 3047 3587 3103 Sic
3613 3056 3672 3103 et
3699 3062 3815 3103 una

2216 3137 2488 3208 generatio
2537 3151 2656 3207 quae
2704 3136 3178 3207 quadragenarium
3225 3153 3504 3192 numerum
3561 3139 3814 3209 excedit,

2218 3244 2322 3284 non
2354 3227 2528 3285 aufert
2569 3229 2691 3284 huic
2718 3244 2940 3283 numero
2982 3228 3353 3298 principatum.
3381 3229 3477 3285 llic
3495 3238 3674 3284 autern
3702 3246 3817 3286 nu-

2219 3335 2400 3377 merus
2439 3321 2603 3376 vitam
2631 3321 2914 3392 signiﬁcat,
2946 3335 3049 3391 qua
3090 3322 3143 3375 in
3190 3320 3289 3377 hac
3328 3329 3467 3377 terra
3510 3322 3818 3392 laboratur,

2219 3411 2473 3485 quamdiu
2503 3411 2904 3483 peregrinamur
2929 3426 2959 3465 a
2995 3411 3240 3478 Domino,
3271 3412 3323 3466 in
3366 3427 3467 3483 qua
3507 3414 3822 3470 necessaria

2220 3513 2303 3559 est
2353 3502 2680 3573 dispensatio
2727 3501 3091 3572 temporaliler
3142 3501 3494 3572 prmdicanda:
3545 3502 3820 3558 veritatis.

2223 3594 2484 3649 Denarius
2532 3593 2674 3649 enim
2721 3606 2996 3659 numerus,
3038 3607 3145 3663 quo
3190 3591 3515 3663 signiﬁcatur
3552 3592 3825 3663 perfectio

2223 3684 2594 3750 beatitudinis,
2643 3693 2831 3755 quater
2875 3683 3286 3754 multiplicatus,
3337 3694 3553 3755 propter
3599 3693 3828 3754 tempus

2224 3776 2685 3847 quadripartitum,
2720 3784 2776 3831 et
2800 3776 3051 3831 mundum
3088 3776 3547 3848 quadripartitum,
3575 3777 3826 3848 quadra-

2227 3870 2500 3937 genarlum
2531 3882 2810 3922 numerum
2839 3866 2980 3923 facit.
3014 3866 3301 3937 Propterea
3326 3867 3670 3939 quadraginta
3701 3868 3831 3924 die-

2228 3958 2327 4012 bus
2340 3958 2635 4028 jejunatum
2656 3967 2756 4023 est,
2783 3967 2836 4014 et
2860 3974 2890 4012 a
2916 3958 3096 4030 Moyse
3116 3957 3293 4028 (Deut.
3321 3974 3396 4025 ix,
3418 3957 3499 4029 9),
3522 3969 3575 4013 et
3600 3957 3670 4012 ab
3691 3957 3830 4015 Elia

2229 4049 2318 4123 (Ill
2348 4051 2477 4121 Reg.
2506 4066 2616 4119 xu,
2643 4052 2724 4121 8),
2753 4060 2807 4105 et
2825 4053 2893 4107 ab
2918 4051 3034 4123 ipso
3057 4051 3347 4108 Mediatore
3368 4052 3592 4108 Domino
3619 4060 3827 4109 nostro

2228 4141 2355 4197 Iesu
2373 4140 2589 4197 Christo
2616 4141 2828 4213 (Matth.
2856 4158 2929 4210 tv,
2958 4141 3013 4213 2)
3033 4159 3064 4197 κε
3098 4142 3220 4213 quia
3242 4144 3294 4197 in
3317 4143 3420 4199 hoc
3447 4151 3687 4213 tempore
3712 4159 3831 4198 ne-

2228 4233 2459 4289 cessaria
2486 4242 2569 4289 est
2588 4249 2617 4287 a
2639 4233 3003 4303 corporalibus
3026 4233 3290 4289 illecebris
3308 4233 3651 4289 continentia.
3682 4232 3837 4301 Qua-

2230 4326 2470 4397 draginta
2495 4340 2707 4397 quoque
2731 4338 2899 4380 annos
2923 4325 2977 4379 in
3000 4338 3183 4380 eremo
3203 4324 3429 4395 populus
3448 4322 3838 4395 peregrinatus

2231 4427 2315 4475 est
2354 4416 2542 4492 (Num.
2588 4433 2755 4483 χχχιι,
2796 4415 2884 4487 13)
2924 4435 2938 4472 :
2974 4415 3318 4487 quadraginta
3348 4414 3533 4471 diebus
3557 4414 3838 4472 diluvium

2232 4512 2428 4568 factum
2452 4521 2535 4568 est
2562 4510 2713 4583 (Gen.
2741 4526 2833 4576 vn,
2856 4508 2936 4581 4).
2964 4498 3318 4579 Quadraginta
3355 4508 3470 4563 dies
3494 4516 3613 4578 post
3638 4521 3843 4562 resur-

2234 4603 2524 4657 rectionem
2568 4602 2822 4656 Dominus
2865 4615 2984 4655 cum
3025 4598 3297 4670 discipulis
3328 4607 3671 4653 conversatus
3712 4607 3836 4666 est,

2235 4693 2560 4766 persuadens
2594 4693 2673 4749 eis
2702 4691 2997 4748 resuscitati
3025 4690 3266 4761 corporis
3290 4690 3565 4746 veritatem
3607 4688 3747 4758 (Act.
3782 4706 3833 4756 ι,

2236 4786 2290 4857 5)
2323 4803 2336 4840 :
2374 4785 2464 4841 ubi
2492 4784 2810 4855 signiﬁcavit
2844 4786 2898 4837 in
2936 4783 3033 4836 hac
3077 4783 3206 4850 vita,
3238 4798 3340 4852 qua
3366 4782 3768 4852 peregrinamur
3798 4797 3843 4837 a

2236 4880 2481 4945 Domino,
2512 4877 2652 4949 quod
2685 4892 2935 4933 numerus
2962 4875 3428 4946 quadragenarius,
3456 4873 3592 4928 sicut
3618 4872 3842 4930 dictum

2237 4981 2336 5036 est,
2384 4971 2607 5041 mystice
2646 4969 2876 5023 insinuat
2917 4966 3269 5022 necessariam
3313 4965 3467 5021 nobis
3508 4965 3844 5021 memoriam

2241 5059 2500 5116 Dominici
2541 5059 2815 5129 Corporis,
2842 5073 2999 5128 quam
3038 5057 3090 5111 in
3118 5056 3353 5112 Ecclesia
3382 5055 3622 5121 facimus,
3651 5054 3849 5113 donec

2239 5153 2415 5208 veniat
2443 5151 2489 5223 (Ι
2518 5150 2635 5207 Cor.
2677 5166 2753 5218 ιι,
2789 5149 2903 5221 26).
2940 5150 3022 5206 Ad
3051 5148 3188 5205 hanc
3215 5164 3344 5221 ergo
3369 5150 3530 5205 vitam
3571 5148 3850 5219 quoniam

2241 5243 2513 5299 descendit
2555 5242 2809 5298 Dominus
2845 5249 3047 5309 noster,
3095 5249 3151 5296 et
3191 5240 3422 5297 Verbum
3457 5255 3582 5296 caro
3628 5238 3849 5298 factum

2241 5345 2347 5402 est,
2394 5346 2454 5391 ut
2499 5336 2798 5391 traderetur
2842 5344 3059 5405 propter
3097 5333 3286 5390 delicta
3326 5344 3526 5401 nostra,
3558 5343 3612 5390 et
3642 5348 3850 5389 resur-

2243 5436 2393 5499 geret
2419 5438 2640 5499 propter
2667 5427 3097 5498 justiﬁcationem
3137 5435 3370 5482 nostram
3399 5425 3575 5497 (Rom.
3608 5443 3681 5493 tv,
3708 5424 3852 5499 25);

2245 5519 2720 5592 quadragenarium
2749 5534 3030 5575 numerum
3064 5518 3339 5575 Mattharus
3378 5527 3592 5575 secutus
3616 5527 3700 5576 est
3730 5534 3747 5573 :
3778 5529 3856 5576 ut

2309 5674 2387 5754 (3).
2414 5675 2872 5754 νςῖῑιιξιρξνησψθ
3423 5678 3557 5754 κονίει
3579 5678 3857 5754 90".)“:-

2249 5736 2539 5863 lctgpnﬂé'sed
2560 5736 2685 5789 alter
2708 5736 2797 5790 fuit
2817 5740 3038 5803 ejusdem
3057 5736 3290 5801 neminis,
3325 5754 3387 5790 ex
3423 5748 3628 5791 ttetrect.
3663 5740 3750 5793 lib.
3786 5740 3857 5810 3,
