4032 6332
198 312 297 372 553

198 450 296 493 una
322 433 599 505 generatio
622 446 741 502 quae
765 431 836 487 ibi
858 429 1066 487 excedit
1090 427 1563 500 quadragenarium
1588 441 1777 481 nume-

192 543 325 594 rum,
354 527 441 581 vel
486 541 593 581 non
623 525 897 595 impediat,
942 522 1094 578 sicuti
1128 521 1338 591 triginta
1378 520 1455 574 illi
1500 519 1623 573 anni
1671 532 1777 573 nou

192 620 487 689 impedth
531 618 1035 689 quadringentorum
1084 613 1501 684 perfectionem;
1546 611 1631 665 vel
1680 609 1784 664 hoc

194 715 346 769 etiam
389 713 505 782 ipsa
547 710 827 782 signiﬁcet,
857 710 981 779 quia
1010 709 1124 777 ipse
1166 706 1421 762 Dominus
1460 719 1566 775 quo
1597 704 1784 773 juncto

193 806 317 860 ﬁunt
343 803 700 874 quadraginta
731 817 925 868 unum,
955 801 1027 855 ita
1051 793 1328 854 descendit
1360 798 1426 851 ad
1455 796 1591 851 banc
1622 794 1784 849 vitam

192 903 500 967 portaturus
531 904 747 965 peccata
775 902 978 957 nostra,
1008 900 1064 946 ut
1090 900 1267 945 tamen
1298 888 1364 944 ab
1391 889 1491 943 hac
1512 888 1638 954 vita,
1665 901 1785 956 pro-

194 985 297 1056 pria
326 995 382 1040 et
401 985 661 1055 singulari
683 984 1013 1047 excellentia,
1041 996 1144 1052 qua
1165 982 1235 1035 ita
1258 979 1419 1034 homo
1443 990 1525 1034 est
1544 987 1602 1033 ut
1625 978 1785 1033 etiam

195 1077 326 1132 Dens
358 1077 453 1143 sit,
485 1076 785 1131 inveniatur
808 1082 1081 1143 exceptus.
1112 1073 1188 1127 De
1212 1070 1316 1127 hoc
1351 1071 1493 1126 enim
1519 1070 1633 1125 solo
1657 1069 1788 1124 dici-

194 1180 289 1232 tur,
329 1168 480 1238 quod
524 1168 591 1223 de
634 1168 781 1223 nullo
822 1166 1037 1221 homine
1085 1172 1290 1230 sancto,
1334 1161 1660 1234 quantalibet
1696 1176 1785 1216 sa~

193 1262 389 1331 pientia
432 1262 747 1330 justitiaque
780 1258 1038 1329 perfecto,
1066 1258 1169 1313 dici
1207 1257 1378 1326 potuit
1420 1265 1510 1311 aut
1547 1255 1783 1325 poterit:

201 1351 420 1406 Verbum
449 1369 571 1407 caro
596 1357 783 1423 factum
813 1361 885 1406 est
912 1349 1093 1421 (Joan.
1121 1364 1157 1414 ι,
1186 1345 1300 1421 14).

252 1463 495 1519 CAPUT
533 1461 723 1518 XXIII.
742 1492 816 1503 ——
840 1462 928 1519 55.
958 1460 1061 1517 Cur
1096 1460 1439 1533 generationes
1470 1458 1789 1530 septuaginta

193 1567 377 1624 septem
412 1565 648 1609 numerat
698 1554 883 1610 Lucas.
940 1555 1111 1609 Lucas
1154 1561 1330 1617 autem
1373 1552 1466 1622 qui
1518 1566 1582 1609 ex
1618 1550 1789 1620 bapti-

193 1662 304 1701 smo
353 1648 569 1701 Domini
612 1662 708 1716 per
746 1648 1119 1717 generationes
1158 1644 1417 1712 ascendit,
1442 1652 1791 1714 septuagena-

192 1739 326 1793 rium
359 1748 415 1793 et
464 1739 752 1809 septimum
802 1754 1085 1793 numerum
1135 1738 1387 1807 complet,
1433 1736 1691 1807 incipiens
1719 1737 1789 1791 ab

194 1828 303 1896 ipso
348 1828 585 1883 Domino
614 1838 797 1883 nostro
834 1829 958 1884 Jesu
985 1828 1200 1884 Christo
1238 1843 1333 1897 per
1369 1827 1566 1896 Joseph
1601 1842 1788 1882 ascen-

194 1920 339 1984 dere,
364 1930 419 1974 et
446 1921 770 1989 perveniens
796 1920 862 1976 ad
888 1921 1054 1976 Deum
1089 1936 1185 1991 per
1214 1919 1381 1975 Adam
1410 1936 1424 1972 :
1454 1919 1506 1974 id
1535 1929 1645 1985 est,
1669 1919 1789 1989 quia

197 2012 242 2063 iu
273 2010 379 2065 hoc
424 2027 655 2067 numero
694 2012 912 2067 abolitio
959 2011 1286 2083 signiﬁcatur
1331 2011 1566 2065 omnium
1612 2025 1792 2079 pecca-

198 2110 387 2167 torum,
421 2120 547 2174 qua:
592 2105 649 2157 lit
694 2104 747 2158 in
798 2104 1088 2175 Baptismo,
1136 2118 1244 2157 non
1283 2103 1403 2173 quia
1433 2103 1533 2173 ipsi
1565 2104 1791 2159 Domino

198 2203 305 2248 erat
328 2195 476 2264 quod
500 2195 551 2247 in
585 2194 848 2263 baptismo
879 2194 1271 2261 dimitteretur;
1303 2194 1396 2250 sed
1425 2194 1546 2263 quia
1567 2210 1662 2249 sua
1688 2193 1790 2249 hu-

198 2286 418 2339 militate
442 2286 572 2354 quid
597 2287 749 2341 nobis
768 2294 912 2341 esset
928 2286 1056 2342 utile
1080 2284 1495 2342 commendavit.
1519 2285 1587 2340 Et
1607 2301 1791 2357 quam-

197 2379 269 2431 vis
295 2386 442 2431 esset
486 2377 614 2431 illud
656 2377 974 2446 baptismum
1002 2377 1257 2439 Joannis;
1288 2378 1340 2433 in
1371 2393 1437 2434 eo
1464 2387 1641 2433 tamen
1668 2393 1791 2433 scn-

198 2468 416 2523 sibililer
444 2468 693 2537 apparuit
718 2468 953 2523 Trinitas
993 2468 1165 2525 Patris
1206 2478 1262 2525 et
1307 2469 1425 2524 Filii
1469 2478 1524 2524 et
1562 2470 1789 2539 Spiritus

197 2560 381 2623 sancti,
425 2575 531 2628 qua
575 2568 915 2614 consecratus
943 2569 1027 2615 est
1050 2560 1215 2629 ipsius
1237 2560 1433 2616 Christi
1468 2561 1787 2631 baptismus,

202 2666 300 2718 quo
321 2650 628 2718 baptizandi
652 2658 805 2704 erant
834 2649 991 2704 futuri
1016 2649 1299 2706 Christiani
1335 2668 1347 2704 :
1378 2652 1554 2719 Pater,
1583 2653 1635 2706 in
1663 2667 1793 2709 voce

200 2756 310 2810 quae
338 2742 479 2794 facta
512 2751 594 2795 est
612 2742 679 2795 de
704 2743 875 2807 caelo;
908 2741 1095 2809 Filius,
1120 2743 1172 2797 in
1197 2744 1315 2813 ipso
1346 2743 1565 2799 homine
1593 2743 1789 2799 Media-

201 2842 339 2895 tore;
364 2832 599 2900 Spiritus
618 2843 854 2900 sanctus,
878 2834 934 2888 in
955 2835 1197 2890 columba
1225 2835 1436 2907 (Matth.
1462 2852 1535 2903 ιιι,
1564 2838 1651 2904 16,
1678 2836 1787 2909 17).

272 2923 362 2977 54.
416 2920 639 2976 Numeri
675 2926 994 2995 septuaginta
1018 2934 1210 2995 septem
1247 2927 1581 2997 signiﬁcatus.
1618 2927 1792 2994 Quare

202 3021 370 3068 autem
415 3016 856 3083 septuagenarius
903 3026 957 3070 et
1003 3018 1261 3085 septimus
1306 3034 1561 3074 numerus
1605 3019 1787 3074 omnia

202 3116 409 3173 peccata
439 3106 711 3160 contineat
737 3123 855 3176 qua:
882 3108 1222 3163 dimittuntur
1250 3111 1301 3164 iu
1346 3111 1637 3181 Baptismo,
1675 3112 1790 3167 haec

207 3198 489 3266 probabilis
517 3200 649 3251 ratio
678 3198 885 3254 videtur
914 3216 1232 3267 occurrere;
1261 3204 1381 3273 quia
1409 3204 1658 3260 denarius
1684 3221 1789 3260 nu-

208 3304 375 3343 merus
425 3290 809 3359 perfectionem
862 3291 1025 3347 habet
1056 3293 1275 3362 justitize
1325 3305 1379 3349 et
1428 3294 1787 3365 beatitudinis,

206 3397 314 3436 cum
343 3383 648 3451 septenaria
681 3393 921 3438 creatura
948 3384 1218 3440 Creatoris
1248 3386 1475 3441 inhaeret
1502 3387 1747 3444 Trinitati
1771 3406 1786 3445 :

209 3474 335 3526 unde
358 3474 522 3527 etiam
551 3473 835 3543 decalogus
861 3474 1018 3545 Legis
1041 3476 1095 3530 in
1129 3476 1317 3531 decem
1349 3479 1630 3547 przeceptis
1658 3495 1789 3534 con-

208 3573 431 3616 secratus
474 3571 575 3616 est.
608 3562 983 3633 Transgressio
1026 3572 1205 3619 autem
1251 3566 1455 3621 denarii
1497 3568 1790 3624 undeuario

210 3668 417 3706 numero
467 3654 794 3722 signiﬁcatur
838 3673 851 3708 :
888 3665 942 3710 et
990 3650 1299 3727 intelligitur
1346 3669 1623 3727 peccatum
1671 3676 1790 3717 esse

212 3745 575 3813 transgressio,
622 3760 744 3801 cum
788 3747 985 3817 aliquid
1030 3748 1259 3817 amplius
1302 3750 1464 3804 homo
1509 3762 1785 3821 appetens,

207 3835 406 3901 justitia:
446 3837 689 3904 regulam
722 3838 951 3892 excedit.
985 3838 1136 3908 Unde
1163 3849 1216 3894 et
1244 3841 1520 3896 avaritiam
1556 3843 1787 3899 radicem

210 3929 431 3979 omnium
474 3929 735 3983 malorum
761 3928 887 3983 dicit
913 3931 1200 4000 Apostolus
1230 3932 1273 4002 (I
1310 3931 1444 3986 Tim.
1486 3950 1555 4000 vt,
1584 3935 1693 4006 10).
1722 3938 1790 3993 Ει

211 4018 385 4069 anima:
409 4034 439 4069 a
472 4018 584 4071 Deo
612 4019 909 4088 fornicanti,
941 4036 1007 4075 ex
1046 4021 1284 4090 ejusdem
1313 4022 1522 4078 Domini
1564 4040 1788 4094 persona

211 4108 387 4162 dicitur
417 4128 430 4162 :
463 4110 729 4178 Sperabas
770 4112 817 4165 si
861 4127 889 4165 a
935 4128 1041 4179 me.
1057 4113 1418 4181 discessisses,
1448 4116 1647 4185 aliquid
1672 4132 1789 4171 am-

213 4202 332 4267 plius
381 4213 431 4254 te
483 4202 801 4258 habituram.
846 4204 981 4270 Quia
1027 4220 1155 4276 ergo
1199 4209 1694 4278 transgressionem,
1736 4210 1788 4265 id

212 4302 282 4345 est
304 4302 581 4362 peccatum
614 4295 681 4348 ad
709 4311 767 4350 sc
793 4296 968 4365 ipsum
990 4297 1154 4351 refert
1182 4298 1271 4367 qui
1297 4310 1501 4367 peccat,
1534 4302 1654 4370 quia
1683 4303 1789 4370 pri-

216 4392 320 4435 vato
354 4384 587 4452 quodam
618 4401 716 4439 suo
756 4385 926 4440 laetari
958 4387 1106 4453 vult;
1149 4389 1286 4442 unde
1324 4391 1789 4459 reprehenduntur

211 4474 355 4527 etiam
396 4474 490 4543 qni
533 4489 629 4527 sua
666 4484 930 4544 qurerunt,
961 4492 1066 4531 non
1095 4494 1214 4547 quae
1250 4478 1377 4535 Jesu
1405 4479 1598 4536 Christi
1631 4481 1787 4553 (Plii-

212 4564 326 4633 lipp.
368 4582 428 4633 ιι,
455 4565 573 4636 Si),
606 4575 659 4621 et
691 4567 934 4622 laudatur
960 4567 1195 4624 charitas
1232 4586 1338 4626 non
1379 4586 1624 4641 quaerens
1669 4589 1788 4643 quae

211 4672 294 4711 sua
317 4670 441 4712 sunt
488 4659 530 4728 (l
559 4658 677 4713 Cor.
709 4676 822 4727 xm,
852 4662 906 4731 5)
939 4678 953 4715 :
995 4672 1275 4732 propterea
1316 4664 1431 4733 ipse
1470 4665 1789 4722 nndenarius

211 4765 455 4805 numerus
506 4768 613 4821 quo
662 4752 991 4822 signiﬁcatur
1036 4758 1407 4824 transgressio,
1461 4772 1564 4810 non
1610 4756 1788 4813 decies

210 4842 600 4911 multiplicatur,
624 4844 717 4897 sed
737 4844 957 4912 septies,
983 4856 1036 4898 et
1057 4845 1187 4899 liunt
1207 4847 1538 4916 septuaginta
1558 4856 1783 4917 septem.

207 4931 310 4987 Non
349 4936 497 4989 enim
537 4934 604 4988 ad
652 4933 954 4989 Conditoris
989 4934 1325 5003 Trinitatem,
1367 4937 1461 4992 sed
1504 4938 1569 4992 ad
1617 4939 1787 5009 ipsam

206 5039 523 5092 ereaturatu,
552 5028 603 5082 id
628 5037 731 5093 est,
760 5027 827 5083 ad
864 5028 1037 5098 ipsum
1060 5028 1329 5084 hominem
1358 5031 1587 5098 pertinet
1609 5040 1786 5086 trans-

204 5120 419 5187 gressio,
446 5134 608 5189 quam
634 5127 932 5173 creaturam
972 5122 1303 5190 septenarius
1332 5137 1584 5176 numerus
1608 5132 1788 5177 osten-

204 5209 290 5263 dit.
344 5210 471 5263 Tria
516 5220 735 5281 propter
779 5211 1037 5276 animum,
1079 5212 1166 5266 ubi
1208 5221 1289 5266 est
1329 5213 1571 5282 quaedam
1613 5214 1787 5284 imago

203 5299 480 5356 Trinitatis
508 5301 809 5365 Creatoris;
837 5300 909 5354 ibi
936 5302 1078 5357 enim
1108 5301 1268 5357 homo
1293 5303 1358 5358 ad
1386 5303 1668 5373 imaginem
1692 5304 1786 5359 Dei

198 5392 367 5448 Iactus
392 5400 478 5447 est
501 5410 513 5445 :
541 5402 595 5447 et
617 5401 845 5462 quatuor
864 5402 1078 5461 prepter
1101 5408 1316 5462 corpus.
1338 5393 1621 5449 Notissima
1642 5396 1783 5449 enim

198 5493 317 5538 sunt
346 5494 576 5553 quatuor
609 5484 894 5549 primordia
921 5485 1111 5554 quibus
1135 5499 1331 5553 Corpus
1360 5495 1585 5539 constat.
1616 5487 1678 5539 l'lt
1702 5488 1783 5539 cui

199 5586 315 5630 nota
360 5591 467 5629 non
511 5585 653 5637 sunt,
685 5585 860 5643 potest
895 5575 1048 5630 facile
1084 5576 1361 5630 advertere
1396 5578 1568 5645 ipsqu
1594 5592 1785 5645 corpus

198 5668 399 5731 mundi,
444 5670 499 5722 in
549 5684 655 5736 quo
697 5682 890 5737 corpus
936 5678 1172 5721 nostrum
1220 5684 1312 5737 per
1356 5668 1469 5722 loca
1520 5677 1779 5735 movetur,

200 5771 421 5833 quatuor
461 5760 667 5817 habere
703 5760 852 5831 quasi
883 5760 1202 5833 principales
1233 5771 1423 5828 partes,
1457 5777 1588 5839 quas
1623 5764 1779 5824 etiam

1656 313 1886 370 SERMO
1923 313 2030 369 ιιι.

3359 310 3461 369 551

1890 427 2161 497 Scriptura
2205 426 2378 482 divina
2414 425 2625 484 assidue
2665 435 3066 495 commemorat,
3107 424 3377 483 Orientem
3407 435 3463 484 et

1890 522 2252 585 Occidentem,
2285 521 2626 576 Meridianum
2652 530 2706 577 et
2733 522 3067 591 Aquilonem.

1959 615 2185 672 CAPUT
2223 615 2414 670 XXIV.
2441 614 2600 669 —Et
2628 615 2876 684 quoniam
2921 622 3131 685 peccata
3171 616 3253 670 vel
3289 616 3472 670 animo

1892 711 2043 777 ﬁunt,
2071 711 2208 766 sicut
2234 711 2286 764 in
2318 711 2430 766 sola
2453 710 2758 775 voluntate;
2789 709 2874 764 vel
2893 710 3050 764 etiam
3080 708 3327 780 operibus
3353 723 3474 763 cor-

1890 803 2054 873 poris,
2074 802 2182 872 jam
2208 801 2483 857 ‘visibiliter
2511 819 2524 855 :
2556 809 2832 871 propterea
2860 802 3023 856 Amos
3052 800 3312 872 propheta
3340 800 3475 856 assi-
3558 837 3566 845 .

1890 892 1994 948 due
2021 900 2403 948 commemorat
2452 891 2619 948 Deum
2661 891 2951 947 minantem
2987 907 3051 947 ac
3091 892 3374 959 dicentem,
3406 889 3476 945 In

1891 986 2045 1040 tribus
2088 996 2133 1040 et
2169 996 2382 1057 quatuor
2418 985 2756 1054 impietatibus
2790 1002 2890 1040 non
2927 983 3190 1039 aversabor
3226 984 3401 1055 (Amos
3450 999 3469 1038 ι

1892 1086 1947 1134 et
1974 1076 2054 1149 ιι),
2085 1078 2135 1132 id
2165 1088 2267 1145 est,
2297 1094 2402 1134 non
2447 1079 2813 1134 dissimulabo.
2845 1078 3057 1145 Tribus,
3094 1088 3309 1149 propter
3351 1079 3471 1133 ani-

1892 1169 1999 1233 mi;
2022 1178 2267 1238 quatuor,
2297 1178 2513 1239 propter
2538 1170 2777 1240 corporis
2802 1179 3047 1224 naturam
3077 1185 3089 1222 :
3118 1169 3310 1239 quibus
3336 1167 3472 1225 duo-

1892 1260 1993 1316 bus
2022 1261 2181 1317 homo
2209 1272 2435 1318 constat.

1962 1353 2050 1408 35.
2083 1354 2365 1425 Scriptura:
2412 1355 2663 1425 quomodo
2714 1354 2955 1425 legenda.
3008 1354 3189 1424 Itaque
3229 1354 3473 1410 undecim

1893 1444 2112 1512 septies,
2138 1445 2278 1499 sicut
2314 1445 2512 1501 dictum
2551 1454 2653 1512 est,
2685 1445 3038 1516 transgressio
3060 1445 3277 1515 justitiae
3316 1446 3478 1501 relata

1896 1534 1963 1589 ad
2006 1533 2275 1589 hominem
2318 1545 2650 1606 peccatorem
2692 1536 2819 1592 facit
2847 1553 3123 1593 numerum
3151 1538 3480 1608 septuaginta

1894 1634 2133 1694 septem;
2167 1641 2272 1697 quo
2320 1637 2533 1697 peccata
2576 1628 2754 1683 omnia
2792 1629 3053 1685 contineri
3096 1629 3477 1700 signiﬁcantur,

1894 1732 2011 1787 qua:
2063 1733 2160 1787 per
2206 1719 2530 1789 Baptismum
2584 1720 2940 1775 dimittuntur.
2991 1720 3145 1776 Unde
3173 1721 3345 1777 Lucas
3385 1736 3481 1791 per

1894 1810 2225 1880 septuaginta
2269 1821 2474 1882 septem
2500 1814 2879 1882 generationes
2917 1812 3156 1868 ascendit
3180 1813 3246 1867 ad
3278 1813 3479 1879 Deum;

1895 1902 2180 1958 ostendens
2208 1904 2540 1959 reconciliari
2571 1905 2839 1959 hominem
2868 1905 2979 1959 Deo
3006 1919 3102 1975 per
3136 1904 3479 1959 abolitionem

1894 1994 2130 2049 omnium
2154 2004 2513 2064 peccatorum.
2547 1996 2674 2051 lude
2700 1998 2813 2067 ipse
2840 1998 3093 2053 Dominus
3122 1998 3281 2053 Petro
3311 1998 3477 2053 inter-

1895 2085 2098 2155 roganti
2124 2086 2331 2156 quoties
2357 2086 2505 2142 fratri
2526 2087 2718 2144 debeat
2746 2088 3020 2160 ignoscere
3052 2106 3064 2143 :
3093 2088 3221 2144 Dico
3257 2090 3365 2156 tibi,
3395 2090 3477 2144 in-

1894 2175 2029 2245 quit,
2062 2193 2160 2231 non
2199 2178 2399 2248 septies,
2440 2180 2527 2233 sed
2565 2196 2721 2251 usque
2750 2182 3032 2252 septuagies
3058 2184 3238 2252 septies
3267 2180 3477 2253 (Matth.

1895 2284 2046 2338 xvm,
2084 2271 2200 2341 22).
2232 2273 2298 2327 Et
2326 2273 2371 2327 si
2404 2273 2532 2342 quid
2564 2273 2708 2328 aliud
2739 2274 2805 2329 de
2832 2274 2913 2329 his
2936 2274 3158 2330 secretis
3183 2285 3238 2330 et
3266 2275 3483 2353 thesau-

1895 2361 1969 2415 ris
2008 2363 2380 2432 mysteriorum
2416 2364 2532 2430 Dei,
2560 2380 2590 2419 a
2621 2364 3041 2435 diligentioribus
3074 2376 3129 2421 et
3158 2366 3484 2437 dignioribus

1894 2456 2008 2510 erui
2056 2466 2245 2525 potest.
2285 2457 2393 2513 Nos
2436 2466 2614 2513 tamen
2654 2472 2750 2528 pro
2793 2468 2976 2514 nostro
3017 2469 3196 2529 captu,
3226 2468 3482 2529 quanmm

1894 2545 2097 2615 adjuvit
2125 2557 2179 2602 et
2207 2557 2462 2617 quantum
2485 2548 2632 2604 dedit
2657 2549 2933 2614 Dominus,
2965 2565 3062 2619 pro
3089 2550 3325 2621 angustia
3354 2565 3484 2620 quo-

1896 2650 1997 2705 que
2044 2639 2317 2707 temporis,
2360 2654 2477 2709 quae
2526 2640 2811 2708 potuimus,
2846 2640 3096 2695 diximus.
3135 2640 3191 2696 Si
3231 2641 3350 2711 quis
3395 2656 3485 2695 ve-

1895 2735 2062 2781 strum
2112 2729 2339 2797 amplius
2382 2730 2540 2797 capit,
2586 2731 2654 2785 ad
2694 2730 2842 2785 illum
2876 2732 3067 2801 pulset,
3097 2747 3128 2785 a
3155 2747 3260 2802 quo
3298 2740 3352 2788 et
3381 2746 3482 2787 nos

1895 2817 2035 2886 quod
2068 2833 2278 2887 capere,
2308 2820 2448 2889 quod
2476 2821 2654 2875 dicere
2695 2828 2997 2889 possumus,
3031 2823 3309 2881 sumimus.
3354 2822 3484 2879 Illud

1895 2920 2018 2965 ante
2056 2913 2232 2965 omnia
2284 2913 2528 2977 retinete,
2580 2924 2639 2968 ut
2680 2914 2968 2984 Scripturis
3010 2917 3208 2971 sanctis
3248 2915 3485 2972 nondum

1896 3000 2181 3056 intellectis
2210 3018 2315 3058 non
2344 3005 2766 3073 perturbemini;
2797 3008 3152 3079 intelligentes
3173 3018 3349 3064 autem
3379 3024 3485 3064 non

1895 3091 2150 3146 inﬂetniui
2184 3111 2197 3148 :
2229 3095 2322 3149 sed
2351 3103 2405 3150 et
2447 3095 2591 3164 quod
2631 3112 2735 3151 non
2777 3099 3091 3169 intelligitis,
3123 3115 3244 3154 cum
3281 3099 3486 3156 honore

1894 3182 2179 3251 diﬁ‘eratis;
2213 3196 2265 3241 et
2298 3186 2439 3256 quod
2466 3187 2781 3258 intelligitis,
2814 3204 2935 3244 cum
2957 3191 3217 3247 charitate
3240 3192 3483 3248 teneatis.

2424 3275 2654 3332 SERMO
2690 3277 2779 3333 Lll
2803 3282 2821 3302 ε
2855 3280 2954 3351 (α).

1895 3362 2164 3439 De_verbis
2214 3365 2477 3439 Evangelii
2520 3367 2774 3434 Matthwi,
2824 3388 2938 3439 cap.
2983 3387 3058 3436 ιιι,
3103 3373 3294 3435 13-17,
3331 3373 3487 3429 Venit

1964 3435 2118 3490 Jesus
2145 3452 2176 3490 a
2204 3435 2417 3516 Caliltua
2440 3439 2491 3491 in
2517 3439 2803 3516 JOI‘dﬂJlCnI
2829 3435 2895 3495 ad
2916 3441 3200 3516 Joannem,
3234 3454 3289 3499 ut
3313 3444 3486 3516 bapti-

1966 3516 2177 3561 zaretur
2201 3508 2269 3561 ab
2295 3524 2381 3571 eo,
2409 3520 2533 3576 etc.,
2565 3510 2628 3563 de
2653 3508 2901 3565 Triuitate
2930 3512 3026 3582 (b).

1970 3595 2195 3652 CAPUT
2251 3599 2533 3654 PRIMUM.
2587 3630 2657 3640 -——
2704 3602 2756 3655 1.
2807 3601 2948 3656 Deus
2998 3602 3216 3660 Trinitas
3270 3607 3324 3660 in
3388 3607 3483 3662 ba-

1894 3690 2075 3759 ptismo
2110 3688 2298 3744 Christi
2335 3692 2732 3747 commendatur.
2783 3694 3099 3764 Evangelica
3146 3697 3303 3753 lectio
3358 3714 3485 3769 pro-

1894 3782 2072 3849 posuit
2108 3782 2260 3835 nobis
2288 3782 2430 3837 unde
2460 3783 2737 3853 loquamur
2767 3784 2833 3839 ad
2862 3784 3187 3842 Charitatem
3230 3798 3480 3858 vestram,

1896 3879 2142 3939 tanquam
2187 3872 2394 3926 Domini
2440 3874 2684 3943 imperio,
2724 3884 2777 3929 et
2818 3891 2944 3931 vere
2985 3878 3193 3933 Domini
3234 3880 3478 3949 imperio.

1894 3963 1975 4017 Ab
2017 3963 2107 4017 illo
2144 3962 2283 4018 enim
2323 3967 2650 4034 ex5pectavit
2680 3982 2773 4022 cor
2808 3984 2986 4023 meum
3021 3978 3265 4041 tauquam
3288 3972 3486 4043 ju5sio-

1896 4070 2016 4109 nem
2062 4054 2362 4125 proferendi
2391 4058 2675 4124 sermonis,
2705 4067 2763 4113 ut
2806 4059 2931 4116 hinc
2969 4078 3088 4116 cum
3134 4064 3482 4135 intelligerent

1895 4145 2039 4216 loqui
2084 4163 2170 4200 me
2200 4148 2355 4213 velle,
2386 4148 2524 4218 quod
2566 4151 2778 4205 recitari
2822 4152 2935 4221 ipse
2973 4155 3246 4209 voluisset.
3290 4157 3484 4212 Audiat

1894 4252 2020 4307 ergo
2045 4239 2274 4293 studium
2304 4249 2356 4294 ct
2382 4241 2593 4296 devotio
2616 4253 2811 4307 vestra,
2835 4236 3118 4315 etadjuvct
3138 4248 3276 4317 apud
3307 4249 3480 4319 ipsum

1895 4330 2178 4386 Dominum
2218 4333 2386 4388 Deum
2433 4344 2673 4389 nostrum
2718 4336 2953 4392 laborem
2994 4356 3193 4395 tuentn.
3228 4342 3483 4398 Videmus

1893 4420 2035 4474 enim
2061 4431 2116 4476 et
2143 4430 2392 4490 tauquam
2420 4427 2695 4493 proposito
2720 4425 2900 4480 divino
2926 4430 3231 4497 spectaculo
3265 4442 3483 4487 contue-

1895 4526 2036 4577 tuur,
2065 4511 2205 4582 apud
2234 4512 2432 4568 ﬂumen
2471 4512 2717 4570 Iordanis
2742 4518 3105 4575 commendari
3133 4521 3286 4576 nobis
3314 4524 3482 4578 Deum

1895 4610 2133 4656 nostrum
2157 4603 2210 4657 in
2235 4603 2515 4659 Trinitate.
2539 4606 2668 4661 Cum
2692 4609 2833 4662 enim
2857 4610 3064 4666 veniret
3089 4610 3269 4682 Jesus,
3305 4623 3359 4669 et
3384 4614 3481 4668 ba-

1894 4691 2122 4761 ptizatus
2170 4702 2315 4748 esset
2357 4710 2388 4748 a
2433 4694 2659 4762 Joanne,
2710 4697 2969 4754 Dominus
3011 4716 3039 4754 a
3083 4718 3240 4757 servo
3282 4703 3302 4774 (
3340 4705 3481 4774 quod

1892 4780 2021 4836 fecit
2044 4783 2109 4837 ad
2139 4782 2449 4840 humilitatis
2480 4788 2815 4857 exemplum;
2850 4790 2902 4844 in
2941 4793 3053 4861 ipsa
3084 4794 3279 4863 quippe
3302 4795 3480 4850 Immi-

1893 4872 2042 4928 litate
2068 4875 2300 4929 ostendit
2339 4876 2549 4946 impleri
2574 4877 2861 4948 justitiam,
2889 4882 3102 4952 quando
3132 4883 3341 4940 dicente
3382 4886 3481 4941 sibi

1893 4963 2117 5029 Joanne,
2160 4966 2270 5036 Ego
2307 4966 2458 5021 debeo
2500 4986 2531 5021 a
2575 4979 2621 5023 te
2650 4970 2916 5042 baptizari,
2947 4984 2991 5027 et
3018 4983 3070 5027 tu
3096 4976 3230 5029 venis
3258 4978 3325 5030 ad
3362 4994 3478 5043 me;

1956 5056 1975 5073 '
1996 5058 2261 5126 Castigatus
2286 5066 2361 5107 est
2383 5060 2442 5107 ad
2472 5067 2574 5126 tres
2595 5061 2678 5110 bu.
2702 5063 2758 5110 ad
2782 5071 2987 5126 quatuor
3020 5064 3081 5115 cl.
3107 5066 3165 5116 ad
3187 5080 3232 5117 a.
3259 5069 3337 5117 ob.
3364 5068 3396 5119 f.
3422 5070 3475 5120 ﬁ.

1892 5116 1951 5168 fs.
1983 5131 2034 5180 ε.
2060 5116 2211 5167 Ir.'tn.
2232 5133 2305 5180 pr.
2328 5133 2418 5169 rm.
2453 5122 2530 5171 vd.
2555 5130 2655 5172 Am.
2680 5130 2754 5172 Er.
2777 5116 2876 5174 P'ar.
2901 5132 3004 5175 Lov.

1955 5179 2029 5303 ἔα)
2064 5180 2201 5251 Alias,
2223 5179 2286 5231 65
2302 5181 2365 5231 de
2393 5185 2559 5233 verbis
2578 5187 2780 5234 Domini.

1977 5240 2024 5302 ὁ)
2057 5248 2234 5291 Citatur
2256 5256 2283 5292 a
2304 5242 2439 5293 Floro
2461 5246 2518 5293 ad
2540 5246 2685 5296 Galat.
2710 5263 2772 5303 ιγ,

1977 5240 2024 5313 li)
2057 5240 2283 5313 Citatura
2304 5242 2439 5293 Floro
2461 5246 2518 5293 ad
2540 5246 2685 5296 Galat.
2710 5263 2772 5313 tv,
2788 5247 2927 5313 titulo
2949 5252 3188 5313 sermonis
3217 5260 3308 5303 «De
3330 5257 3479 5305 'n'ini-

1901 5321 1923 5350 ι
1946 5310 2063 5369 tate.
2086 5320 2107 5347 ι)
2132 5303 2379 5367 Plerisque
2403 5313 2567 5356 autem
2584 5315 2691 5357 Mss.
2710 5303 3000 5369 inscribitur,
3029 5318 3128 5361 «De
3145 5303 3479 5368 mammae

1900 5382 1922 5411 «
1944 5366 2165 5432 uinaque
2183 5366 2444 5432 unitate;»
2477 5382 2634 5431 eaque
2673 5372 2916 5432 inscriptio
2940 5366 3054 5421 ante
3091 5376 3326 5427 Hincmari
3363 5366 3479 5430 aeta;

1892 5434 1994 5499 t_em
2013 5428 2292 5499 obtinebat,
2321 5437 2374 5499 ut
2393 5428 2981 5499 'llincriiartts:__ipse_'lateri
3007 5444 3198 5499 coactus
3234 5447 3326 5499 est,
3353 5428 3478 5489 libro

1890 5490 1955 5563 de
1979 5502 2073 5536 non
2094 5502 2188 5538 una
2211 5492 2468 5563 “trinitate,
2496 5506 2614 5563 pag._
2637 5490 2854 5563 45$?)_I__Hio
2876 5490 3323 5563 obiterobservare
3344 5502 3479 5563 juvat

1892 5554 2201 5625 Hinemarum‘
2216 5553 2441 5601 eumdem
2457 5554 2503 5601 in
2525 5553 2697 5625 endem
2722 5555 2842 5605 libro
2864 5564 3008 5625 totam
3029 5560 3131 5608 fere
3150 5553 3370 5625 paginam
3386 5565 3481 5612 544

1892 5620 2093 5686 tresque
2132 5616 2493 5686 subsequentes
2527 5616 2739 5686 implere
2777 5623 3007 5686 _cxcerp_t_i
3056 5616 3297 5673 sermonis
3327 5638 3475 5686 quem

1892 5680 2032 5747 vocat
2054 5677 2299 5747 Augustini
2331 5694 2353 5723 (ς
2369 5677 2433 5725 de
2456 5678 2643 5747 Unitate
2667 5680 2815 5747 Patris
2836 5689 2888 5731 et
2910 5677 3005 5730 Filii
3047 5691 3099 5733 et
3133 5677 3476 5747 Spiritus'san-

1900 5753 1922 5779 ι
1945 5736 2008 5783 eti
2032 5745 2197 5785 contra
2220 5740 2442 5801 manus;
2463 5756 2484 5783 ιι
2512 5741 2594 5805 qui
2616 5746 2778 5808 tamen
2799 5744 2924 5795 inter
2941 5736 3307 5808 Augustiuianos
3335 5749 3476 5800 modo

1895 5808 2273 5861 nouoomparet.
2652 5808 2663 5817 "
2843 5828 2846 5832 λ
2990 5822 2993 5825 ν
3152 5824 3153 5827 η
3214 5814 3249 5825 ι·
3300 5814 3307 5818 ’
