  <div class='ocr_page' id='page_1' title='image "/cluster/home/n/w/nwhite01/storage/ocr_20150623/38/hvd.32044015706294/183.png"; bbox 0 0 4032 6332; ppageno 0'>
   <div class='ocr_carea' id='block_1_1' title="bbox 536 456 2120 547">
    <p class='ocr_par' dir='ltr' id='par_1_1' title="bbox 536 456 2120 547">
     <span class='ocr_line' id='line_1_1' title="bbox 536 456 2120 547; baseline -0.016 -14"><span class='ocrx_word' id='word_1_1' title='bbox 536 456 972 547; x_wconf 48' lang='grc' dir='ltr'><strong>ηψυωιῑτβτω</strong></span> <span class='ocrx_word' id='word_1_2' title='bbox 989 468 1227 537; x_wconf 75' lang='lat' dir='ltr'><strong>modo,&#39;ttt</strong></span> <span class='ocrx_word' id='word_1_3' title='bbox 1247 461 1701 537; x_wconf 70' lang='lat' dir='ltr'><strong>ititpleatur&#39;om&#39;nis</strong></span> <span class='ocrx_word' id='word_1_4' title='bbox 1718 458 1938 532; x_wconf 83' lang='lat' dir='ltr'><strong>justitia)</strong></span> <span class='ocrx_word' id='word_1_5' title='bbox 1967 459 2120 511; x_wconf 89' lang='lat' dir='ltr'><strong>:cum</strong></span> 
     </span>
    </p>
   </div>
   <div class='ocr_carea' id='block_1_2' title="bbox 538 548 2125 640">
    <p class='ocr_par' dir='ltr' id='par_1_2' title="bbox 538 548 2125 640">
     <span class='ocr_line' id='line_1_2' title="bbox 538 548 2125 640; baseline -0.016 -14"><span class='ocrx_word' id='word_1_6' title='bbox 538 585 665 640; x_wconf 80' lang='lat' dir='ltr'><strong>ergo</strong></span> <span class='ocrx_word' id='word_1_7' title='bbox 699 568 990 638; x_wconf 72' lang='lat' dir='ltr'><strong>baptizatus</strong></span> <span class='ocrx_word' id='word_1_8' title='bbox 1019 571 1182 628; x_wconf 85' lang='lat' dir='ltr'><strong>esset,</strong></span> <span class='ocrx_word' id='word_1_9' title='bbox 1224 561 1390 629; x_wconf 82' lang='lat' dir='ltr'><strong>aperti</strong></span> <span class='ocrx_word' id='word_1_10' title='bbox 1417 566 1551 612; x_wconf 87' lang='lat' dir='ltr'><strong>&#39;Sunt</strong></span> <span class='ocrx_word' id='word_1_11' title='bbox 1590 555 1734 620; x_wconf 62' lang='lat' dir='ltr'><strong>caeli,</strong></span> <span class='ocrx_word' id='word_1_12' title='bbox 1767 561 1820 608; x_wconf 89' lang='lat' dir='ltr'><strong>et</strong></span> <span class='ocrx_word' id='word_1_13' title='bbox 1847 548 2125 630; x_wconf 86' lang='lat' dir='ltr'><strong>descendit</strong></span> 
     </span>
    </p>
   </div>
   <div class='ocr_carea' id='block_1_3' title="bbox 529 642 2125 733">
    <p class='ocr_par' dir='ltr' id='par_1_3' title="bbox 529 642 2125 733">
     <span class='ocr_line' id='line_1_3' title="bbox 529 642 2125 733; baseline -0.015 -16"><span class='ocrx_word' id='word_1_14' title='bbox 529 669 698 733; x_wconf 79' lang='lat' dir='ltr'><strong>super</strong></span> <span class='ocrx_word' id='word_1_15' title='bbox 726 663 844 714; x_wconf 83' lang='lat' dir='ltr'><strong>eum</strong></span> <span class='ocrx_word' id='word_1_16' title='bbox 871 656 1097 726; x_wconf 80' lang='lat' dir='ltr'><strong>Spiritus</strong></span> <span class='ocrx_word' id='word_1_17' title='bbox 1119 659 1330 708; x_wconf 70' lang='lat' dir='ltr'><strong>sant-tus</strong></span> <span class='ocrx_word' id='word_1_18' title='bbox 1355 652 1407 704; x_wconf 90' lang='lat' dir='ltr'><strong>in</strong></span> <span class='ocrx_word' id='word_1_19' title='bbox 1433 650 1619 718; x_wconf 86' lang='lat' dir='ltr'><strong>specie</strong></span> <span class='ocrx_word' id='word_1_20' title='bbox 1645 645 1937 708; x_wconf 56' lang='lat' dir='ltr'><strong>columba;</strong></span> <span class='ocrx_word' id='word_1_21' title='bbox 1968 642 2125 696; x_wconf 85' lang='lat' dir='ltr'><strong>dein-</strong></span> 
     </span>
    </p>
   </div>
   <div class='ocr_carea' id='block_1_4' title="bbox 532 732 2126 819">
    <p class='ocr_par' dir='ltr' id='par_1_4' title="bbox 532 732 2126 819">
     <span class='ocr_line' id='line_1_4' title="bbox 532 732 2126 819; baseline -0.016 -9"><span class='ocrx_word' id='word_1_22' title='bbox 532 732 1285 819; x_wconf 9' lang='lat' dir='ltr'><strong>der‘vox&#39;desuper‘consecuta</strong></span> <span class='ocrx_word' id='word_1_23' title='bbox 1313 754 1410 805; x_wconf 87' lang='lat' dir='ltr'><strong>est,</strong></span> <span class='ocrx_word' id='word_1_24' title='bbox 1447 742 1541 796; x_wconf 78' lang='lat' dir='ltr'><strong>Hic</strong></span> <span class='ocrx_word' id='word_1_25' title='bbox 1573 750 1644 796; x_wconf 83' lang='lat' dir='ltr'><strong>est</strong></span> <span class='ocrx_word' id='word_1_26' title='bbox 1683 739 1848 792; x_wconf 79' lang='lat' dir='ltr'><strong>Filius</strong></span> <span class='ocrx_word' id='word_1_27' title='bbox 1879 751 2020 789; x_wconf 74' lang='lat' dir='ltr'><strong>meus</strong></span> <span class='ocrx_word' id='word_1_28' title='bbox 2045 732 2126 785; x_wconf 83' lang='lat' dir='ltr'><strong>di-</strong></span> 
     </span>
    </p>
   </div>
   <div class='ocr_carea' id='block_1_5' title="bbox 437 829 2123 910">
    <p class='ocr_par' dir='ltr' id='par_1_5' title="bbox 437 829 2123 910">
     <span class='ocr_line' id='line_1_5' title="bbox 437 829 2123 910; baseline -0.014 -10"><span class='ocrx_word' id='word_1_29' title='bbox 437 865 446 877; x_wconf 69' lang='grc' dir='ltr'><em>ι</em></span> <span class='ocrx_word' id='word_1_30' title='bbox 527 843 794 909; x_wconf 43' lang='lat' dir='ltr'><strong>iectusyin</strong></span> <span class='ocrx_word' id='word_1_31' title='bbox 831 851 932 910; x_wconf 83' lang='lat' dir='ltr'><strong>quo</strong></span> <span class='ocrx_word' id='word_1_32' title='bbox 975 840 1095 893; x_wconf 80' lang='lat' dir='ltr'><strong>bene</strong></span> <span class='ocrx_word' id='word_1_33' title='bbox 1146 838 1298 892; x_wconf 76' lang='lat' dir='ltr'><strong>sensi.</strong></span> <span class='ocrx_word' id='word_1_34' title='bbox 1329 836 1608 890; x_wconf 65' lang='lat' dir='ltr'><strong>Habemus</strong></span> <span class='ocrx_word' id='word_1_35' title='bbox 1653 845 1780 900; x_wconf 81' lang='lat' dir='ltr'><strong>ergo</strong></span> <span class='ocrx_word' id='word_1_36' title='bbox 1823 829 2123 883; x_wconf 74' lang='lat' dir='ltr'><strong>distinctam</strong></span> 
     </span>
    </p>
   </div>
   <div class='ocr_carea' id='block_1_6' title="bbox 533 916 2126 1006">
    <p class='ocr_par' dir='ltr' id='par_1_6' title="bbox 533 916 2126 1006">
     <span class='ocr_line' id='line_1_6' title="bbox 533 916 2126 1006; baseline -0.013 -17"><span class='ocrx_word' id='word_1_37' title='bbox 533 933 765 1006; x_wconf 66' lang='lat' dir='ltr'><strong>quodam</strong></span> <span class='ocrx_word' id='word_1_38' title='bbox 805 931 963 986; x_wconf 71' lang='grc' dir='ltr'><strong>Μοῧο</strong></span> <span class='ocrx_word' id='word_1_39' title='bbox 986 930 1300 985; x_wconf 67' lang='lat' dir='ltr'><strong>Trinitatem</strong></span> <span class='ocrx_word' id='word_1_40' title='bbox 1332 946 1344 981; x_wconf 93' lang='lat'>:</span> <span class='ocrx_word' id='word_1_41' title='bbox 1377 928 1428 980; x_wconf 86' lang='lat' dir='ltr'><strong>in</strong></span> <span class='ocrx_word' id='word_1_42' title='bbox 1455 933 1584 979; x_wconf 71' lang='lat' dir='ltr'><strong>t&#39;oee</strong></span> <span class='ocrx_word' id='word_1_43' title='bbox 1605 923 1846 985; x_wconf 78' lang='lat' dir='ltr'><strong>Patrem,</strong></span> <span class='ocrx_word' id='word_1_44' title='bbox 1873 921 1924 973; x_wconf 91' lang='lat' dir='ltr'><strong>in</strong></span> <span class='ocrx_word' id='word_1_45' title='bbox 1956 916 2126 972; x_wconf 88' lang='lat' dir='ltr'><strong>homi-</strong></span> 
     </span>
    </p>
   </div>
   <div class='ocr_carea' id='block_1_7' title="bbox 537 1009 2122 1090">
    <p class='ocr_par' dir='ltr' id='par_1_7' title="bbox 537 1009 2122 1090">
     <span class='ocr_line' id='line_1_7' title="bbox 537 1009 2122 1090; baseline -0.013 -9"><span class='ocrx_word' id='word_1_46' title='bbox 537 1024 847 1088; x_wconf 77' lang='lat' dir='ltr'><strong>ne-Fiilum,</strong></span> <span class='ocrx_word' id='word_1_47' title='bbox 859 1022 922 1076; x_wconf 80' lang='lat' dir='ltr'><strong>in</strong></span> <span class='ocrx_word' id='word_1_48' title='bbox 937 1021 1185 1076; x_wconf 79' lang='lat' dir='ltr'><strong>cutumba</strong></span> <span class='ocrx_word' id='word_1_49' title='bbox 1201 1019 1460 1090; x_wconf 74' lang='lat' dir='ltr'><strong>Spiritum</strong></span> <span class='ocrx_word' id='word_1_50' title='bbox 1481 1025 1748 1070; x_wconf 77' lang='lat' dir='ltr'><strong>sanetum.</strong></span> <span class='ocrx_word' id='word_1_51' title='bbox 1779 1013 1889 1066; x_wconf 79' lang='lat' dir='ltr'><strong>Hoc</strong></span> <span class='ocrx_word' id='word_1_52' title='bbox 1907 1009 2122 1080; x_wconf 86' lang='lat' dir='ltr'><strong>quidem</strong></span> 
     </span>
    </p>
   </div>
   <div class='ocr_carea' id='block_1_8' title="bbox 535 1103 2123 1182">
    <p class='ocr_par' dir='ltr' id='par_1_8' title="bbox 535 1103 2123 1182">
     <span class='ocr_line' id='line_1_8' title="bbox 535 1103 2123 1182; baseline -0.01 -12"><span class='ocrx_word' id='word_1_53' title='bbox 535 1123 959 1171; x_wconf 75' lang='lat' dir='ltr'><strong>commemorare</strong></span> <span class='ocrx_word' id='word_1_54' title='bbox 971 1122 1116 1182; x_wconf 78' lang='lat' dir='ltr'><strong>opus</strong></span> <span class='ocrx_word' id='word_1_55' title='bbox 1134 1119 1295 1175; x_wconf 78' lang='lat' dir='ltr'><strong>erat;</strong></span> <span class='ocrx_word' id='word_1_56' title='bbox 1325 1123 1447 1163; x_wconf 85' lang='lat' dir='ltr'><strong>nam</strong></span> <span class='ocrx_word' id='word_1_57' title='bbox 1477 1107 1658 1160; x_wconf 83' lang='lat' dir='ltr'><strong>videre</strong></span> <span class='ocrx_word' id='word_1_58' title='bbox 1687 1103 1992 1158; x_wconf 65' lang='lat' dir='ltr'><strong>facillimum</strong></span> <span class='ocrx_word' id='word_1_59' title='bbox 2020 1106 2123 1154; x_wconf 87' lang='lat' dir='ltr'><strong>cst.</strong></span> 
     </span>
    </p>
   </div>
   <div class='ocr_carea' id='block_1_9' title="bbox 533 1197 2128 1273">
    <p class='ocr_par' dir='ltr' id='par_1_9' title="bbox 533 1197 2128 1273">
     <span class='ocr_line' id='line_1_9' title="bbox 533 1197 2128 1273; baseline -0.011 -10"><span class='ocrx_word' id='word_1_60' title='bbox 533 1207 824 1263; x_wconf 74' lang='lat' dir='ltr'><strong>Evidenter</strong></span> <span class='ocrx_word' id='word_1_61' title='bbox 849 1207 1017 1273; x_wconf 87' lang='lat' dir='ltr'><strong>enim,</strong></span> <span class='ocrx_word' id='word_1_62' title='bbox 1041 1205 1295 1260; x_wconf 66' lang='lat' dir='ltr'><strong>peculio</strong></span> <span class='ocrx_word' id='word_1_63' title='bbox 1333 1200 1674 1257; x_wconf 76' lang='lat' dir='ltr'><strong>dubitationis</strong></span> <span class='ocrx_word' id='word_1_64' title='bbox 1715 1197 1961 1265; x_wconf 86' lang='lat' dir='ltr'><strong>scrupulo</strong></span> <span class='ocrx_word' id='word_1_65' title='bbox 1988 1208 2128 1247; x_wconf 87' lang='lat' dir='ltr'><strong>com-</strong></span> 
     </span>
    </p>
   </div>
   <div class='ocr_carea' id='block_1_10' title="bbox 539 1286 2126 1362">
    <p class='ocr_par' dir='ltr' id='par_1_10' title="bbox 539 1286 2126 1362">
     <span class='ocr_line' id='line_1_10' title="bbox 539 1286 2126 1362; baseline -0.011 -7"><span class='ocrx_word' id='word_1_66' title='bbox 539 1299 818 1355; x_wconf 88' lang='lat' dir='ltr'><strong>mendatur</strong></span> <span class='ocrx_word' id='word_1_67' title='bbox 853 1299 967 1352; x_wconf 82' lang='lat' dir='ltr'><strong>haec</strong></span> <span class='ocrx_word' id='word_1_68' title='bbox 993 1297 1240 1351; x_wconf 90' lang='lat' dir='ltr'><strong>Trinitas.</strong></span> <span class='ocrx_word' id='word_1_69' title='bbox 1273 1294 1405 1349; x_wconf 88' lang='lat' dir='ltr'><strong>Nam</strong></span> <span class='ocrx_word' id='word_1_70' title='bbox 1444 1293 1555 1362; x_wconf 91' lang='lat' dir='ltr'><strong>ipse</strong></span> <span class='ocrx_word' id='word_1_71' title='bbox 1597 1290 1847 1344; x_wconf 88' lang='lat' dir='ltr'><strong>Dominus</strong></span> <span class='ocrx_word' id='word_1_72' title='bbox 1885 1286 2126 1340; x_wconf 79' lang='lat' dir='ltr'><strong>Christus</strong></span> 
     </span>
    </p>
   </div>
   <div class='ocr_carea' id='block_1_11' title="bbox 489 1376 2121 1448">
    <p class='ocr_par' dir='ltr' id='par_1_11' title="bbox 489 1376 2121 1448">
     <span class='ocr_line' id='line_1_11' title="bbox 489 1376 2121 1448; baseline -0.01 -3"><span class='ocrx_word' id='word_1_73' title='bbox 489 1378 492 1383; x_wconf 59' lang='grc'><em>’</em></span> <span class='ocrx_word' id='word_1_74' title='bbox 537 1389 782 1444; x_wconf 70' lang='lat' dir='ltr'><strong>Momm</strong></span> <span class='ocrx_word' id='word_1_75' title='bbox 813 1387 950 1442; x_wconf 78' lang='lat' dir='ltr'><strong>servi</strong></span> <span class='ocrx_word' id='word_1_76' title='bbox 969 1387 1196 1442; x_wconf 82' lang='lat' dir='ltr'><strong>veniens</strong></span> <span class='ocrx_word' id='word_1_77' title='bbox 1219 1384 1283 1437; x_wconf 87' lang='lat' dir='ltr'><strong>ad</strong></span> <span class='ocrx_word' id='word_1_78' title='bbox 1306 1384 1584 1445; x_wconf 78' lang='lat' dir='ltr'><strong>Joannem,</strong></span> <span class='ocrx_word' id='word_1_79' title='bbox 1609 1381 1788 1448; x_wconf 84' lang='lat' dir='ltr'><strong>utique</strong></span> <span class='ocrx_word' id='word_1_80' title='bbox 1815 1376 1979 1430; x_wconf 85' lang='lat' dir='ltr'><strong>Filius</strong></span> <span class='ocrx_word' id='word_1_81' title='bbox 2005 1383 2121 1428; x_wconf 85' lang='lat' dir='ltr'><strong>est:</strong></span> 
     </span>
    </p>
   </div>
   <div class='ocr_carea' id='block_1_12' title="bbox 465 1461 2127 1557">
    <p class='ocr_par' dir='ltr' id='par_1_12' title="bbox 465 1461 2127 1557">
     <span class='ocr_line' id='line_1_12' title="bbox 465 1461 2127 1557; baseline -0.011 -20"><span class='ocrx_word' id='word_1_82' title='bbox 465 1461 487 1552; x_wconf 41' lang='grc' dir='ltr'><strong>,ί</strong></span> <span class='ocrx_word' id='word_1_83' title='bbox 535 1493 644 1536; x_wconf 74' lang='lat' dir='ltr'><strong>non</strong></span> <span class='ocrx_word' id='word_1_84' title='bbox 657 1480 799 1534; x_wconf 85' lang='lat' dir='ltr'><strong>enim</strong></span> <span class='ocrx_word' id='word_1_85' title='bbox 811 1479 917 1533; x_wconf 86' lang='lat' dir='ltr'><strong>dici</strong></span> <span class='ocrx_word' id='word_1_86' title='bbox 935 1487 1109 1557; x_wconf 85' lang='lat' dir='ltr'><strong>potest</strong></span> <span class='ocrx_word' id='word_1_87' title='bbox 1123 1476 1260 1546; x_wconf 86' lang='lat' dir='ltr'><strong>quod</strong></span> <span class='ocrx_word' id='word_1_88' title='bbox 1279 1476 1436 1528; x_wconf 86' lang='lat' dir='ltr'><strong>Pater</strong></span> <span class='ocrx_word' id='word_1_89' title='bbox 1451 1482 1552 1538; x_wconf 86' lang='lat' dir='ltr'><strong>est,</strong></span> <span class='ocrx_word' id='word_1_90' title='bbox 1569 1481 1657 1525; x_wconf 88' lang='lat' dir='ltr'><strong>aut</strong></span> <span class='ocrx_word' id='word_1_91' title='bbox 1673 1471 1776 1524; x_wconf 90' lang='lat' dir='ltr'><strong>dici</strong></span> <span class='ocrx_word' id='word_1_92' title='bbox 1798 1477 1972 1538; x_wconf 82' lang='lat' dir='ltr'><strong>potest</strong></span> <span class='ocrx_word' id='word_1_93' title='bbox 1985 1465 2127 1535; x_wconf 87' lang='lat' dir='ltr'><strong>quod</strong></span> 
     </span>
    </p>
   </div>
   <div class='ocr_carea' id='block_1_13' title="bbox 534 1555 2128 1642">
    <p class='ocr_par' dir='ltr' id='par_1_13' title="bbox 534 1555 2128 1642">
     <span class='ocr_line' id='line_1_13' title="bbox 534 1555 2128 1642; baseline -0.012 -13"><span class='ocrx_word' id='word_1_94' title='bbox 534 1573 765 1642; x_wconf 68' lang='lat' dir='ltr'><strong>spumis</strong></span> <span class='ocrx_word' id='word_1_95' title='bbox 785 1555 1122 1626; x_wconf 73' lang='lat' dir='ltr'><strong>metusest.</strong></span> <span class='ocrx_word' id='word_1_96' title='bbox 1149 1565 1314 1631; x_wconf 82' lang='lat' dir='ltr'><strong>Venit,</strong></span> <span class='ocrx_word' id='word_1_97' title='bbox 1339 1565 1524 1633; x_wconf 87' lang='lat' dir='ltr'><strong>inquit,</strong></span> <span class='ocrx_word' id='word_1_98' title='bbox 1551 1561 1700 1615; x_wconf 70' lang='lat' dir='ltr'><strong>tem</strong></span> <span class='ocrx_word' id='word_1_99' title='bbox 1725 1578 1737 1614; x_wconf 75' lang='grc' dir='ltr'><strong><em>τ</em></strong></span> <span class='ocrx_word' id='word_1_100' title='bbox 1761 1561 1942 1628; x_wconf 89' lang='lat' dir='ltr'><strong>utique</strong></span> <span class='ocrx_word' id='word_1_101' title='bbox 1965 1555 2128 1610; x_wconf 85' lang='lat' dir='ltr'><strong>Filius</strong></span> 
     </span>
    </p>
   </div>
   <div class='ocr_carea' id='block_1_14' title="bbox 537 1645 2128 1727">
    <p class='ocr_par' dir='ltr' id='par_1_14' title="bbox 537 1645 2128 1727">
     <span class='ocr_line' id='line_1_14' title="bbox 537 1645 2128 1727; baseline -0.012 -9"><span class='ocrx_word' id='word_1_102' title='bbox 537 1664 656 1719; x_wconf 76' lang='lat' dir='ltr'><strong>Dei.</strong></span> <span class='ocrx_word' id='word_1_103' title='bbox 689 1663 779 1716; x_wconf 45' lang='lat' dir='ltr'><strong>‘De</strong></span> <span class='ocrx_word' id='word_1_104' title='bbox 807 1659 1065 1716; x_wconf 77' lang='lat' dir='ltr'><strong>columba</strong></span> <span class='ocrx_word' id='word_1_105' title='bbox 1104 1657 1223 1727; x_wconf 86' lang='lat' dir='ltr'><strong>quis</strong></span> <span class='ocrx_word' id='word_1_106' title='bbox 1261 1655 1494 1718; x_wconf 83' lang='lat' dir='ltr'><strong>dubitet;</strong></span> <span class='ocrx_word' id='word_1_107' title='bbox 1525 1661 1617 1706; x_wconf 88' lang='lat' dir='ltr'><strong>aut</strong></span> <span class='ocrx_word' id='word_1_108' title='bbox 1658 1652 1776 1721; x_wconf 88' lang='lat' dir='ltr'><strong>quis</strong></span> <span class='ocrx_word' id='word_1_109' title='bbox 1799 1650 1958 1711; x_wconf 83' lang='lat' dir='ltr'><strong>dicat,</strong></span> <span class='ocrx_word' id='word_1_110' title='bbox 1989 1645 2128 1713; x_wconf 85' lang='lat' dir='ltr'><strong>Quid</strong></span> 
     </span>
    </p>
   </div>
   <div class='ocr_carea' id='block_1_15' title="bbox 534 1744 2126 1818">
    <p class='ocr_par' dir='ltr' id='par_1_15' title="bbox 534 1744 2126 1818">
     <span class='ocr_line' id='line_1_15' title="bbox 534 1744 2126 1818; baseline -0.012 -9"><span class='ocrx_word' id='word_1_111' title='bbox 534 1763 622 1808; x_wconf 69' lang='lat' dir='ltr'><strong>est</strong></span> <span class='ocrx_word' id='word_1_112' title='bbox 656 1752 899 1808; x_wconf 78' lang='lat' dir='ltr'><strong>columba</strong></span> <span class='ocrx_word' id='word_1_113' title='bbox 939 1765 1059 1805; x_wconf 89' lang='lat' dir='ltr'><strong>cum</strong></span> <span class='ocrx_word' id='word_1_114' title='bbox 1109 1750 1283 1818; x_wconf 83' lang='lat' dir='ltr'><strong>ipsum</strong></span> <span class='ocrx_word' id='word_1_115' title='bbox 1325 1744 1670 1815; x_wconf 77' lang='lat' dir='ltr'><strong>Evangelium</strong></span> <span class='ocrx_word' id='word_1_116' title='bbox 1707 1750 1933 1796; x_wconf 84' lang='lat' dir='ltr'><strong>testetur</strong></span> <span class='ocrx_word' id='word_1_117' title='bbox 1970 1751 2126 1808; x_wconf 87' lang='lat' dir='ltr'><strong>aper-</strong></span> 
     </span>
    </p>
   </div>
   <div class='ocr_carea' id='block_1_16' title="bbox 539 1829 2130 1908">
    <p class='ocr_par' dir='ltr' id='par_1_16' title="bbox 539 1829 2130 1908">
     <span class='ocr_line' id='line_1_16' title="bbox 539 1829 2130 1908; baseline -0.011 -10"><span class='ocrx_word' id='word_1_118' title='bbox 539 1844 772 1907; x_wconf 81' lang='lat' dir='ltr'><strong>tissime,</strong></span> <span class='ocrx_word' id='word_1_119' title='bbox 793 1841 1062 1895; x_wconf 72' lang='lat' dir='ltr'><strong>Descendit</strong></span> <span class='ocrx_word' id='word_1_120' title='bbox 1083 1853 1235 1908; x_wconf 76' lang='lat' dir='ltr'><strong>super</strong></span> <span class='ocrx_word' id='word_1_121' title='bbox 1263 1851 1373 1890; x_wconf 85' lang='lat' dir='ltr'><strong>cum</strong></span> <span class='ocrx_word' id='word_1_122' title='bbox 1401 1834 1623 1904; x_wconf 73' lang='lat' dir='ltr'><strong>Spiritus</strong></span> <span class='ocrx_word' id='word_1_123' title='bbox 1651 1841 1851 1886; x_wconf 81' lang='lat' dir='ltr'><strong>sanctus</strong></span> <span class='ocrx_word' id='word_1_124' title='bbox 1887 1830 1940 1883; x_wconf 84' lang='lat' dir='ltr'><strong>in</strong></span> <span class='ocrx_word' id='word_1_125' title='bbox 1966 1829 2130 1897; x_wconf 85' lang='lat' dir='ltr'><strong>specie</strong></span> 
     </span>
    </p>
   </div>
   <div class='ocr_carea' id='block_1_17' title="bbox 540 1919 2128 1988">
    <p class='ocr_par' dir='ltr' id='par_1_17' title="bbox 540 1919 2128 1988">
     <span class='ocr_line' id='line_1_17' title="bbox 540 1919 2128 1988; baseline -0.011 1"><span class='ocrx_word' id='word_1_126' title='bbox 540 1933 825 1988; x_wconf 61' lang='lat' dir='ltr'><strong>columbae?</strong></span> <span class='ocrx_word' id='word_1_127' title='bbox 856 1933 930 1986; x_wconf 88' lang='lat' dir='ltr'><strong>De</strong></span> <span class='ocrx_word' id='word_1_128' title='bbox 949 1945 1082 1986; x_wconf 78' lang='lat' dir='ltr'><strong>voce</strong></span> <span class='ocrx_word' id='word_1_129' title='bbox 1105 1939 1284 1983; x_wconf 90' lang='lat' dir='ltr'><strong>autem</strong></span> <span class='ocrx_word' id='word_1_130' title='bbox 1312 1928 1400 1981; x_wconf 81' lang='lat' dir='ltr'><strong>ilia</strong></span> <span class='ocrx_word' id='word_1_131' title='bbox 1426 1925 1671 1980; x_wconf 85' lang='lat' dir='ltr'><strong>similiter</strong></span> <span class='ocrx_word' id='word_1_132' title='bbox 1701 1923 1840 1977; x_wconf 83' lang='lat' dir='ltr'><strong>nulla</strong></span> <span class='ocrx_word' id='word_1_133' title='bbox 1869 1919 2128 1975; x_wconf 83' lang='lat' dir='ltr'><strong>dubitatio</strong></span> 
     </span>
    </p>
   </div>
   <div class='ocr_carea' id='block_1_18' title="bbox 538 2012 2124 2097">
    <p class='ocr_par' dir='ltr' id='par_1_18' title="bbox 538 2012 2124 2097">
     <span class='ocr_line' id='line_1_18' title="bbox 538 2012 2124 2097; baseline -0.012 -15"><span class='ocrx_word' id='word_1_134' title='bbox 538 2027 683 2097; x_wconf 80' lang='lat' dir='ltr'><strong>quod</strong></span> <span class='ocrx_word' id='word_1_135' title='bbox 714 2027 882 2080; x_wconf 81' lang='lat' dir='ltr'><strong>Patris</strong></span> <span class='ocrx_word' id='word_1_136' title='bbox 909 2025 996 2090; x_wconf 85' lang='lat' dir='ltr'><strong>sit,</strong></span> <span class='ocrx_word' id='word_1_137' title='bbox 1037 2036 1158 2077; x_wconf 88' lang='lat' dir='ltr'><strong>cum</strong></span> <span class='ocrx_word' id='word_1_138' title='bbox 1188 2021 1334 2086; x_wconf 82' lang='lat' dir='ltr'><strong>dicit,</strong></span> <span class='ocrx_word' id='word_1_139' title='bbox 1365 2018 1445 2072; x_wconf 73' lang='lat' dir='ltr'><strong>Tu</strong></span> <span class='ocrx_word' id='word_1_140' title='bbox 1475 2035 1525 2072; x_wconf 89' lang='lat' dir='ltr'><strong>es</strong></span> <span class='ocrx_word' id='word_1_141' title='bbox 1547 2016 1720 2070; x_wconf 76' lang='lat' dir='ltr'><strong>&#39;Filins</strong></span> <span class='ocrx_word' id='word_1_142' title='bbox 1755 2029 1894 2070; x_wconf 79' lang='lat' dir='ltr'><strong>meus</strong></span> <span class='ocrx_word' id='word_1_143' title='bbox 1933 2012 2124 2083; x_wconf 82' lang='lat' dir='ltr'><strong>(Marc.</strong></span> 
     </span>
    </p>
   </div>
   <div class='ocr_carea' id='block_1_19' title="bbox 544 2107 1866 2186">
    <p class='ocr_par' dir='ltr' id='par_1_19' title="bbox 544 2107 1866 2186">
     <span class='ocr_line' id='line_1_19' title="bbox 544 2107 1866 2186; baseline -0.009 -14"><span class='ocrx_word' id='word_1_144' title='bbox 544 2134 580 2185; x_wconf 77' lang='grc' dir='ltr'><strong>ι,</strong></span> <span class='ocrx_word' id='word_1_145' title='bbox 615 2119 727 2186; x_wconf 74' lang='grc' dir='ltr'><strong>Η).</strong></span> <span class='ocrx_word' id='word_1_146' title='bbox 757 2118 1021 2171; x_wconf 80' lang='lat' dir='ltr'><strong>liabetmts</strong></span> <span class='ocrx_word' id='word_1_147' title='bbox 1048 2128 1175 2183; x_wconf 76' lang='lat' dir='ltr'><strong>ergo</strong></span> <span class='ocrx_word' id='word_1_148' title='bbox 1199 2112 1500 2166; x_wconf 84' lang='lat' dir='ltr'><strong>distinctam</strong></span> <span class='ocrx_word' id='word_1_149' title='bbox 1529 2107 1866 2163; x_wconf 75' lang='lat' dir='ltr'><strong>Trinitatem.</strong></span> 
     </span>
    </p>
   </div>
   <div class='ocr_carea' id='block_1_20' title="bbox 599 2194 2127 2270">
    <p class='ocr_par' dir='ltr' id='par_1_20' title="bbox 599 2194 2127 2270">
     <span class='ocr_line' id='line_1_20' title="bbox 599 2194 2127 2270; baseline -0.012 -6"><span class='ocrx_word' id='word_1_150' title='bbox 599 2207 839 2265; x_wconf 75' lang='lat' dir='ltr'><strong>‘GA-PUT</strong></span> <span class='ocrx_word' id='word_1_151' title='bbox 863 2207 942 2262; x_wconf 51' lang='lat' dir='ltr'><strong>&quot;H.</strong></span> <span class='ocrx_word' id='word_1_152' title='bbox 971 2235 1046 2248; x_wconf 74' lang='grc' dir='ltr'><strong>-ι</strong></span> <span class='ocrx_word' id='word_1_153' title='bbox 1067 2205 1123 2259; x_wconf 71' lang='grc'><strong>2.</strong></span> <span class='ocrx_word' id='word_1_154' title='bbox 1149 2203 1228 2257; x_wconf 78' lang='lat' dir='ltr'><strong>De</strong></span> <span class='ocrx_word' id='word_1_155' title='bbox 1272 2201 1514 2255; x_wconf 83' lang='lat' dir='ltr'><strong>Trinitate</strong></span> <span class='ocrx_word' id='word_1_156' title='bbox 1545 2197 1871 2270; x_wconf 72' lang='lat' dir='ltr'><strong>niseparabili</strong></span> <span class='ocrx_word' id='word_1_157' title='bbox 1911 2194 2127 2266; x_wconf 59' lang='lat' dir='ltr'><strong>diﬁcat-</strong></span> 
     </span>
    </p>
   </div>
   <div class='ocr_carea' id='block_1_21' title="bbox 539 2291 2129 2359">
    <p class='ocr_par' dir='ltr' id='par_1_21' title="bbox 539 2291 2129 2359">
     <span class='ocr_line' id='line_1_21' title="bbox 539 2291 2129 2359; baseline -0.009 -5"><span class='ocrx_word' id='word_1_158' title='bbox 539 2311 641 2356; x_wconf 77' lang='lat' dir='ltr'><strong>tas.</strong></span> <span class='ocrx_word' id='word_1_159' title='bbox 683 2301 755 2355; x_wconf 73' lang='lat' dir='ltr'><strong>Et</strong></span> <span class='ocrx_word' id='word_1_160' title='bbox 793 2300 852 2354; x_wconf 76' lang='lat' dir='ltr'><strong>=si</strong></span> <span class='ocrx_word' id='word_1_161' title='bbox 899 2297 1307 2353; x_wconf 78' lang='lat' dir='ltr'><strong>consideremus</strong></span> <span class='ocrx_word' id='word_1_162' title='bbox 1355 2293 1693 2359; x_wconf 82' lang='lat' dir='ltr'><strong>loca,audeo</strong></span> <span class='ocrx_word' id='word_1_163' title='bbox 1719 2291 1896 2346; x_wconf 83' lang='lat' dir='ltr'><strong>dicere</strong></span> <span class='ocrx_word' id='word_1_164' title='bbox 1922 2291 2129 2359; x_wconf 84' lang='lat' dir='ltr'><strong>(quam-</strong></span> 
     </span>
    </p>
   </div>
   <div class='ocr_carea' id='block_1_22' title="bbox 541 2383 2129 2458">
    <p class='ocr_par' dir='ltr' id='par_1_22' title="bbox 541 2383 2129 2458">
     <span class='ocr_line' id='line_1_22' title="bbox 541 2383 2129 2458; baseline -0.009 -11"><span class='ocrx_word' id='word_1_165' title='bbox 541 2391 832 2449; x_wconf 56' lang='lat' dir='ltr'><strong>ltris-tittnide</strong></span> <span class='ocrx_word' id='word_1_166' title='bbox 852 2391 1128 2457; x_wconf 59' lang='lat' dir='ltr'><strong>id&#39;dicam,</strong></span> <span class='ocrx_word' id='word_1_167' title='bbox 1157 2397 1336 2443; x_wconf 86' lang='lat' dir='ltr'><strong>tamen</strong></span> <span class='ocrx_word' id='word_1_168' title='bbox 1362 2385 1554 2458; x_wconf 86' lang='lat' dir='ltr'><strong>audeo)</strong></span> <span class='ocrx_word' id='word_1_169' title='bbox 1583 2385 1735 2454; x_wconf 78' lang='lat' dir='ltr'><strong>quasi</strong></span> <span class='ocrx_word' id='word_1_170' title='bbox 1777 2383 2129 2454; x_wconf 81' lang='lat' dir='ltr'><strong>separabilem</strong></span> 
     </span>
    </p>
   </div>
   <div class='ocr_carea' id='block_1_23' title="bbox 543 2472 2128 2542">
    <p class='ocr_par' dir='ltr' id='par_1_23' title="bbox 543 2472 2128 2542">
     <span class='ocr_line' id='line_1_23' title="bbox 543 2472 2128 2542; baseline -0.008 -2"><span class='ocrx_word' id='word_1_171' title='bbox 543 2483 1043 2540; x_wconf 72' lang='lat' dir='ltr'><strong>&#39;l‘rittitatetn.&#39;(3uni</strong></span> <span class='ocrx_word' id='word_1_172' title='bbox 1067 2481 1229 2536; x_wconf 52' lang='lat' dir='ltr'><strong>&#39;Jesus</strong></span> <span class='ocrx_word' id='word_1_173' title='bbox 1255 2479 1400 2534; x_wconf 80' lang='lat' dir='ltr'><strong>venit</strong></span> <span class='ocrx_word' id='word_1_174' title='bbox 1422 2476 1758 2542; x_wconf 63' lang='lat' dir='ltr'><strong>aid-ﬂuvium,</strong></span> <span class='ocrx_word' id='word_1_175' title='bbox 1785 2489 1853 2529; x_wconf 79' lang='lat' dir='ltr'><strong>ex</strong></span> <span class='ocrx_word' id='word_1_176' title='bbox 1874 2473 1977 2528; x_wconf 83' lang='lat' dir='ltr'><strong>alio</strong></span> <span class='ocrx_word' id='word_1_177' title='bbox 2005 2472 2128 2527; x_wconf 90' lang='lat' dir='ltr'><strong>loco</strong></span> 
     </span>
    </p>
   </div>
   <div class='ocr_carea' id='block_1_24' title="bbox 543 2565 2130 2638">
    <p class='ocr_par' dir='ltr' id='par_1_24' title="bbox 543 2565 2130 2638">
     <span class='ocr_line' id='line_1_24' title="bbox 543 2565 2130 2638; baseline -0.008 -7"><span class='ocrx_word' id='word_1_178' title='bbox 543 2577 779 2632; x_wconf 45' lang='lat' dir='ltr'><strong>in&#39;alinm</strong></span> <span class='ocrx_word' id='word_1_179' title='bbox 803 2576 1015 2638; x_wconf 78' lang='lat' dir='ltr'><strong>iocum;</strong></span> <span class='ocrx_word' id='word_1_180' title='bbox 1046 2572 1288 2627; x_wconf 79' lang='lat' dir='ltr'><strong>coiomba</strong></span> <span class='ocrx_word' id='word_1_181' title='bbox 1313 2570 1383 2625; x_wconf 79' lang='lat' dir='ltr'><strong>de</strong></span> <span class='ocrx_word' id='word_1_182' title='bbox 1411 2569 1548 2625; x_wconf 63' lang='lat' dir='ltr'><strong>celo</strong></span> <span class='ocrx_word' id='word_1_183' title='bbox 1590 2567 1869 2623; x_wconf 85' lang='lat' dir='ltr'><strong>descendit</strong></span> <span class='ocrx_word' id='word_1_184' title='bbox 1911 2565 1977 2620; x_wconf 88' lang='lat' dir='ltr'><strong>ad</strong></span> <span class='ocrx_word' id='word_1_185' title='bbox 2024 2573 2130 2619; x_wconf 87' lang='lat' dir='ltr'><strong>ter-</strong></span> 
     </span>
    </p>
   </div>
   <div class='ocr_carea' id='block_1_25' title="bbox 535 2656 2126 2732">
    <p class='ocr_par' dir='ltr' id='par_1_25' title="bbox 535 2656 2126 2732">
     <span class='ocr_line' id='line_1_25' title="bbox 535 2656 2126 2732; baseline -0.009 -10"><span class='ocrx_word' id='word_1_186' title='bbox 535 2681 680 2732; x_wconf 72' lang='lat' dir='ltr'><strong>nm,</strong></span> <span class='ocrx_word' id='word_1_187' title='bbox 705 2666 779 2720; x_wconf 70' lang='lat' dir='ltr'><strong>de</strong></span> <span class='ocrx_word' id='word_1_188' title='bbox 813 2665 918 2719; x_wconf 68' lang='lat' dir='ltr'><strong>alio</strong></span> <span class='ocrx_word' id='word_1_189' title='bbox 948 2665 1078 2718; x_wconf 64' lang='lat' dir='ltr'><strong>ioco</strong></span> <span class='ocrx_word' id='word_1_190' title='bbox 1100 2661 1172 2717; x_wconf 82' lang='lat' dir='ltr'><strong>ad</strong></span> <span class='ocrx_word' id='word_1_191' title='bbox 1197 2663 1358 2716; x_wconf 83' lang='lat' dir='ltr'><strong>alium</strong></span> <span class='ocrx_word' id='word_1_192' title='bbox 1403 2662 1608 2725; x_wconf 85' lang='lat' dir='ltr'><strong>locum;</strong></span> <span class='ocrx_word' id='word_1_193' title='bbox 1648 2673 1752 2713; x_wconf 80' lang='lat' dir='ltr'><strong>vox</strong></span> <span class='ocrx_word' id='word_1_194' title='bbox 1795 2658 1904 2726; x_wconf 85' lang='lat' dir='ltr'><strong>ipsa</strong></span> <span class='ocrx_word' id='word_1_195' title='bbox 1928 2656 2126 2723; x_wconf 82' lang='lat' dir='ltr'><strong>Patris,</strong></span> 
     </span>
    </p>
   </div>
   <div class='ocr_carea' id='block_1_26' title="bbox 542 2748 2130 2822">
    <p class='ocr_par' dir='ltr' id='par_1_26' title="bbox 542 2748 2130 2822">
     <span class='ocr_line' id='line_1_26' title="bbox 542 2748 2130 2822; baseline -0.008 -8"><span class='ocrx_word' id='word_1_196' title='bbox 542 2773 645 2814; x_wconf 77' lang='lat' dir='ltr'><strong>nec</strong></span> <span class='ocrx_word' id='word_1_197' title='bbox 672 2757 740 2812; x_wconf 80' lang='lat' dir='ltr'><strong>de</strong></span> <span class='ocrx_word' id='word_1_198' title='bbox 765 2765 909 2811; x_wconf 80' lang='lat' dir='ltr'><strong>terra</strong></span> <span class='ocrx_word' id='word_1_199' title='bbox 931 2797 946 2822; x_wconf 93' lang='lat'><strong>,</strong></span> <span class='ocrx_word' id='word_1_200' title='bbox 979 2754 1168 2809; x_wconf 66' lang='lat' dir='ltr'><strong>nec&#39;de</strong></span> <span class='ocrx_word' id='word_1_201' title='bbox 1189 2767 1327 2822; x_wconf 81' lang='lat' dir='ltr'><strong>aqua</strong></span> <span class='ocrx_word' id='word_1_202' title='bbox 1369 2752 1576 2817; x_wconf 82' lang='lat' dir='ltr'><strong>sonuit,</strong></span> <span class='ocrx_word' id='word_1_203' title='bbox 1608 2750 1702 2805; x_wconf 87' lang='lat' dir='ltr'><strong>sed</strong></span> <span class='ocrx_word' id='word_1_204' title='bbox 1728 2750 1795 2804; x_wconf 92' lang='lat' dir='ltr'><strong>de</strong></span> <span class='ocrx_word' id='word_1_205' title='bbox 1819 2750 1956 2805; x_wconf 68' lang='lat' dir='ltr'><strong>coelo</strong></span> <span class='ocrx_word' id='word_1_206' title='bbox 1985 2767 1997 2802; x_wconf 92' lang='lat'>:</span> <span class='ocrx_word' id='word_1_207' title='bbox 2029 2748 2130 2803; x_wconf 85' lang='lat' dir='ltr'><strong>tria</strong></span> 
     </span>
    </p>
   </div>
   <div class='ocr_carea' id='block_1_27' title="bbox 544 2839 2132 2918">
    <p class='ocr_par' dir='ltr' id='par_1_27' title="bbox 544 2839 2132 2918">
     <span class='ocr_line' id='line_1_27' title="bbox 544 2839 2132 2918; baseline -0.008 -14"><span class='ocrx_word' id='word_1_208' title='bbox 544 2849 660 2904; x_wconf 61' lang='lat' dir='ltr'><strong>huic</strong></span> <span class='ocrx_word' id='word_1_209' title='bbox 689 2847 843 2918; x_wconf 77' lang='lat' dir='ltr'><strong>quasi</strong></span> <span class='ocrx_word' id='word_1_210' title='bbox 863 2845 1338 2916; x_wconf 27' lang='lat' dir='ltr'><strong>iseparantur&#39;locis</strong></span> <span class='ocrx_word' id='word_1_211' title='bbox 1363 2886 1377 2912; x_wconf 93' lang='lat'><strong>,</strong></span> <span class='ocrx_word' id='word_1_212' title='bbox 1405 2851 1716 2912; x_wconf 85' lang='lat' dir='ltr'><strong>separantur</strong></span> <span class='ocrx_word' id='word_1_213' title='bbox 1740 2839 1952 2905; x_wconf 83' lang='lat' dir='ltr'><strong>ofﬁciis,</strong></span> <span class='ocrx_word' id='word_1_214' title='bbox 1977 2853 2132 2910; x_wconf 78' lang='lat' dir='ltr'><strong>seps-</strong></span> 
     </span>
    </p>
   </div>
   <div class='ocr_carea' id='block_1_28' title="bbox 543 2932 2130 3008">
    <p class='ocr_par' dir='ltr' id='par_1_28' title="bbox 543 2932 2130 3008">
     <span class='ocr_line' id='line_1_28' title="bbox 543 2932 2130 3008; baseline -0.005 -13"><span class='ocrx_word' id='word_1_215' title='bbox 543 2949 732 2995; x_wconf 73' lang='lat' dir='ltr'><strong>rantur</strong></span> <span class='ocrx_word' id='word_1_216' title='bbox 766 2938 1031 3008; x_wconf 78' lang='lat' dir='ltr'><strong>operibus.</strong></span> <span class='ocrx_word' id='word_1_217' title='bbox 1081 2937 1232 2992; x_wconf 82' lang='lat' dir='ltr'><strong>Dicat</strong></span> <span class='ocrx_word' id='word_1_218' title='bbox 1264 2935 1395 2990; x_wconf 80' lang='lat' dir='ltr'><strong>mihi</strong></span> <span class='ocrx_word' id='word_1_219' title='bbox 1435 2935 1632 3004; x_wconf 87' lang='lat' dir='ltr'><strong>aliquis</strong></span> <span class='ocrx_word' id='word_1_220' title='bbox 1663 2952 1676 2988; x_wconf 90' lang='lat'><strong>:</strong></span> <span class='ocrx_word' id='word_1_221' title='bbox 1716 2933 1952 2988; x_wconf 86' lang='lat' dir='ltr'><strong>Ostende</strong></span> <span class='ocrx_word' id='word_1_222' title='bbox 1990 2932 2130 2987; x_wconf 87' lang='lat' dir='ltr'><strong>inse-</strong></span> 
     </span>
    </p>
   </div>
   <div class='ocr_carea' id='block_1_29' title="bbox 545 3027 2125 3103">
    <p class='ocr_par' dir='ltr' id='par_1_29' title="bbox 545 3027 2125 3103">
     <span class='ocr_line' id='line_1_29' title="bbox 545 3027 2125 3103; baseline -0.006 -15"><span class='ocrx_word' id='word_1_223' title='bbox 545 3033 836 3103; x_wconf 65' lang='lat' dir='ltr'><strong>parabilem</strong></span> <span class='ocrx_word' id='word_1_224' title='bbox 865 3032 1198 3086; x_wconf 76' lang='lat' dir='ltr'><strong>Trinitatem.</strong></span> <span class='ocrx_word' id='word_1_225' title='bbox 1236 3029 1500 3084; x_wconf 85' lang='lat' dir='ltr'><strong>Memento</strong></span> <span class='ocrx_word' id='word_1_226' title='bbox 1525 3027 1844 3082; x_wconf 84' lang='lat' dir='ltr'><strong>catholicum</strong></span> <span class='ocrx_word' id='word_1_227' title='bbox 1867 3036 1919 3081; x_wconf 87' lang='lat' dir='ltr'><strong>te</strong></span> <span class='ocrx_word' id='word_1_228' title='bbox 1948 3027 2125 3096; x_wconf 90' lang='lat' dir='ltr'><strong>loqui,</strong></span> 
     </span>
    </p>
   </div>
   <div class='ocr_carea' id='block_1_30' title="bbox 544 3116 2126 3192">
    <p class='ocr_par' dir='ltr' id='par_1_30' title="bbox 544 3116 2126 3192">
     <span class='ocr_line' id='line_1_30' title="bbox 544 3116 2126 3192; baseline -0.006 -13"><span class='ocrx_word' id='word_1_229' title='bbox 544 3122 1010 3192; x_wconf 65' lang='lat' dir='ltr'><strong>eatholicisloqui.</strong></span> <span class='ocrx_word' id='word_1_230' title='bbox 1038 3120 1198 3174; x_wconf 87' lang='lat' dir='ltr'><strong>Fides</strong></span> <span class='ocrx_word' id='word_1_231' title='bbox 1221 3120 1365 3174; x_wconf 88' lang='lat' dir='ltr'><strong>enim</strong></span> <span class='ocrx_word' id='word_1_232' title='bbox 1386 3127 1590 3184; x_wconf 89' lang='lat' dir='ltr'><strong>nostra,</strong></span> <span class='ocrx_word' id='word_1_233' title='bbox 1621 3119 1673 3171; x_wconf 89' lang='lat' dir='ltr'><strong>id</strong></span> <span class='ocrx_word' id='word_1_234' title='bbox 1699 3127 1796 3183; x_wconf 86' lang='lat' dir='ltr'><strong>est,</strong></span> <span class='ocrx_word' id='word_1_235' title='bbox 1826 3116 1956 3172; x_wconf 86' lang='lat' dir='ltr'><strong>tides</strong></span> <span class='ocrx_word' id='word_1_236' title='bbox 1978 3132 2126 3184; x_wconf 81' lang='lat' dir='ltr'><strong>vera,</strong></span> 
     </span>
    </p>
   </div>
   <div class='ocr_carea' id='block_1_31' title="bbox 547 3209 2131 3280">
    <p class='ocr_par' dir='ltr' id='par_1_31' title="bbox 547 3209 2131 3280">
     <span class='ocr_line' id='line_1_31' title="bbox 547 3209 2131 3280; baseline -0.004 -11"><span class='ocrx_word' id='word_1_237' title='bbox 547 3215 869 3280; x_wconf 38' lang='lat' dir='ltr'><strong>lides‘mcta,</strong></span> <span class='ocrx_word' id='word_1_238' title='bbox 902 3212 1034 3267; x_wconf 83' lang='lat' dir='ltr'><strong>ﬁdes</strong></span> <span class='ocrx_word' id='word_1_239' title='bbox 1054 3213 1459 3275; x_wconf 58' lang='lat' dir='ltr'><strong>catholica,~non</strong></span> <span class='ocrx_word' id='word_1_240' title='bbox 1483 3209 1733 3280; x_wconf 82' lang='lat' dir='ltr'><strong>opinione</strong></span> <span class='ocrx_word' id='word_1_241' title='bbox 1760 3209 2131 3279; x_wconf 85' lang='lat' dir='ltr'><strong>praesumptio-</strong></span> 
     </span>
    </p>
   </div>
   <div class='ocr_carea' id='block_1_32' title="bbox 545 3302 2130 3375">
    <p class='ocr_par' dir='ltr' id='par_1_32' title="bbox 545 3302 2130 3375">
     <span class='ocr_line' id='line_1_32' title="bbox 545 3302 2130 3375; baseline -0.004 -13"><span class='ocrx_word' id='word_1_242' title='bbox 545 3309 658 3375; x_wconf 92' lang='lat' dir='ltr'><strong>nis,</strong></span> <span class='ocrx_word' id='word_1_243' title='bbox 682 3307 776 3363; x_wconf 90' lang='lat' dir='ltr'><strong>sed</strong></span> <span class='ocrx_word' id='word_1_244' title='bbox 819 3305 1124 3361; x_wconf 91' lang='lat' dir='ltr'><strong>testimonio</strong></span> <span class='ocrx_word' id='word_1_245' title='bbox 1164 3304 1406 3358; x_wconf 83' lang='lat' dir='ltr'><strong>lectionis</strong></span> <span class='ocrx_word' id='word_1_246' title='bbox 1447 3304 1704 3370; x_wconf 86' lang='lat' dir='ltr'><strong>collecta,</strong></span> <span class='ocrx_word' id='word_1_247' title='bbox 1742 3318 1841 3358; x_wconf 90' lang='lat' dir='ltr'><strong>nec</strong></span> <span class='ocrx_word' id='word_1_248' title='bbox 1882 3302 2130 3357; x_wconf 82' lang='lat' dir='ltr'><strong>haeretica</strong></span> 
     </span>
    </p>
   </div>
   <div class='ocr_carea' id='block_1_33' title="bbox 548 3395 2126 3466">
    <p class='ocr_par' dir='ltr' id='par_1_33' title="bbox 548 3395 2126 3466">
     <span class='ocr_line' id='line_1_33' title="bbox 548 3395 2126 3466; baseline -0.005 -10"><span class='ocrx_word' id='word_1_249' title='bbox 548 3402 844 3457; x_wconf 69' lang='lat' dir='ltr'><strong>temeritate</strong></span> <span class='ocrx_word' id='word_1_250' title='bbox 865 3400 1114 3464; x_wconf 76' lang='lat' dir='ltr'><strong>incerta,</strong></span> <span class='ocrx_word' id='word_1_251' title='bbox 1145 3397 1240 3452; x_wconf 85' lang='lat' dir='ltr'><strong>sed</strong></span> <span class='ocrx_word' id='word_1_252' title='bbox 1285 3397 1575 3466; x_wconf 78' lang='lat' dir='ltr'><strong>apostolica</strong></span> <span class='ocrx_word' id='word_1_253' title='bbox 1623 3396 1846 3450; x_wconf 77' lang='lat' dir='ltr'><strong>veritate</strong></span> <span class='ocrx_word' id='word_1_254' title='bbox 1891 3395 2126 3461; x_wconf 86' lang='lat' dir='ltr'><strong>fundata,</strong></span> 
     </span>
    </p>
   </div>
   <div class='ocr_carea' id='block_1_34' title="bbox 547 3485 2129 3555">
    <p class='ocr_par' dir='ltr' id='par_1_34' title="bbox 547 3485 2129 3555">
     <span class='ocr_line' id='line_1_34' title="bbox 547 3485 2129 3555; baseline -0.006 -7"><span class='ocrx_word' id='word_1_255' title='bbox 547 3492 909 3548; x_wconf 81' lang='lat' dir='ltr'><strong>hocinsinuat</strong></span> <span class='ocrx_word' id='word_1_256' title='bbox 932 3507 946 3555; x_wconf 89' lang='lat'><strong>;</strong></span> <span class='ocrx_word' id='word_1_257' title='bbox 971 3491 1077 3546; x_wconf 79' lang='lat' dir='ltr'><strong>hoc</strong></span> <span class='ocrx_word' id='word_1_258' title='bbox 1111 3490 1390 3555; x_wconf 80' lang='lat' dir='ltr'><strong>novimus,</strong></span> <span class='ocrx_word' id='word_1_259' title='bbox 1415 3488 1516 3542; x_wconf 91' lang='lat' dir='ltr'><strong>hoc</strong></span> <span class='ocrx_word' id='word_1_260' title='bbox 1558 3487 1844 3542; x_wconf 88' lang='lat' dir='ltr'><strong>credimus.</strong></span> <span class='ocrx_word' id='word_1_261' title='bbox 1878 3485 2000 3540; x_wconf 11' lang='lat' dir='ltr'><strong>&#39;lsloc</strong></span> <span class='ocrx_word' id='word_1_262' title='bbox 2028 3487 2129 3540; x_wconf 88' lang='lat' dir='ltr'><strong>etsi</strong></span> 
     </span>
    </p>
   </div>
   <div class='ocr_carea' id='block_1_35' title="bbox 547 3576 2132 3648">
    <p class='ocr_par' dir='ltr' id='par_1_35' title="bbox 547 3576 2132 3648">
     <span class='ocr_line' id='line_1_35' title="bbox 547 3576 2132 3648; baseline -0.005 -8"><span class='ocrx_word' id='word_1_263' title='bbox 547 3601 654 3640; x_wconf 93' lang='lat' dir='ltr'><strong>non</strong></span> <span class='ocrx_word' id='word_1_264' title='bbox 688 3585 928 3640; x_wconf 88' lang='lat' dir='ltr'><strong>videmus</strong></span> <span class='ocrx_word' id='word_1_265' title='bbox 972 3583 1178 3648; x_wconf 86' lang='lat' dir='ltr'><strong>oculis,</strong></span> <span class='ocrx_word' id='word_1_266' title='bbox 1203 3595 1301 3635; x_wconf 89' lang='lat' dir='ltr'><strong>nec</strong></span> <span class='ocrx_word' id='word_1_267' title='bbox 1338 3579 1512 3634; x_wconf 81' lang='lat' dir='ltr'><strong>adhuc</strong></span> <span class='ocrx_word' id='word_1_268' title='bbox 1531 3578 1692 3634; x_wconf 86' lang='lat' dir='ltr'><strong>corde</strong></span> <span class='ocrx_word' id='word_1_269' title='bbox 1737 3577 1990 3648; x_wconf 83' lang='lat' dir='ltr'><strong>quamdiu</strong></span> <span class='ocrx_word' id='word_1_270' title='bbox 2029 3576 2132 3632; x_wconf 86' lang='lat' dir='ltr'><strong>iide</strong></span> 
     </span>
    </p>
   </div>
   <div class='ocr_carea' id='block_1_36' title="bbox 548 3672 2129 3747">
    <p class='ocr_par' dir='ltr' id='par_1_36' title="bbox 548 3672 2129 3747">
     <span class='ocr_line' id='line_1_36' title="bbox 548 3672 2129 3747; baseline -0.005 -13"><span class='ocrx_word' id='word_1_271' title='bbox 548 3677 899 3744; x_wconf 86' lang='lat' dir='ltr'><strong>mundamur;</strong></span> <span class='ocrx_word' id='word_1_272' title='bbox 926 3677 1038 3747; x_wconf 90' lang='lat' dir='ltr'><strong>ipsa</strong></span> <span class='ocrx_word' id='word_1_273' title='bbox 1075 3684 1250 3730; x_wconf 87' lang='lat' dir='ltr'><strong>tamen</strong></span> <span class='ocrx_word' id='word_1_274' title='bbox 1282 3674 1385 3729; x_wconf 80' lang='lat' dir='ltr'><strong>ﬁde</strong></span> <span class='ocrx_word' id='word_1_275' title='bbox 1423 3673 1719 3727; x_wconf 81' lang='lat' dir='ltr'><strong>rectissime</strong></span> <span class='ocrx_word' id='word_1_276' title='bbox 1739 3713 1752 3737; x_wconf 90' lang='lat'><strong>,</strong></span> <span class='ocrx_word' id='word_1_277' title='bbox 1775 3687 1839 3726; x_wconf 90' lang='lat' dir='ltr'><strong>ac</strong></span> <span class='ocrx_word' id='word_1_278' title='bbox 1867 3672 2129 3727; x_wconf 87' lang='lat' dir='ltr'><strong>robustis-</strong></span> 
     </span>
    </p>
   </div>
   <div class='ocr_carea' id='block_1_37' title="bbox 545 3757 2128 3834">
    <p class='ocr_par' dir='ltr' id='par_1_37' title="bbox 545 3757 2128 3834">
     <span class='ocr_line' id='line_1_37' title="bbox 545 3757 2128 3834; baseline -0.004 -8"><span class='ocrx_word' id='word_1_279' title='bbox 545 3761 680 3827; x_wconf 84' lang='lat' dir='ltr'><strong>sime</strong></span> <span class='ocrx_word' id='word_1_280' title='bbox 706 3770 999 3826; x_wconf 88' lang='lat' dir='ltr'><strong>retinemus</strong></span> <span class='ocrx_word' id='word_1_281' title='bbox 1037 3765 1250 3823; x_wconf 90' lang='lat' dir='ltr'><strong>Patrem</strong></span> <span class='ocrx_word' id='word_1_282' title='bbox 1268 3809 1282 3834; x_wconf 95' lang='lat'><strong>,</strong></span> <span class='ocrx_word' id='word_1_283' title='bbox 1305 3757 1498 3821; x_wconf 87' lang='lat' dir='ltr'><strong>Filium</strong></span> <span class='ocrx_word' id='word_1_284' title='bbox 1519 3808 1533 3833; x_wconf 96' lang='lat'><strong>,</strong></span> <span class='ocrx_word' id='word_1_285' title='bbox 1568 3765 1823 3834; x_wconf 87' lang='lat' dir='ltr'><strong>Spiritum</strong></span> <span class='ocrx_word' id='word_1_286' title='bbox 1851 3773 2090 3820; x_wconf 83' lang='lat' dir='ltr'><strong>sanctum</strong></span> <span class='ocrx_word' id='word_1_287' title='bbox 2112 3805 2128 3831; x_wconf 87' lang='lat'><strong>,</strong></span> 
     </span>
    </p>
   </div>
   <div class='ocr_carea' id='block_1_38' title="bbox 545 3846 2132 3933">
    <p class='ocr_par' dir='ltr' id='par_1_38' title="bbox 545 3846 2132 3933">
     <span class='ocr_line' id='line_1_38' title="bbox 545 3846 2132 3933; baseline -0.004 -15"><span class='ocrx_word' id='word_1_288' title='bbox 545 3862 956 3933; x_wconf 78' lang='lat' dir='ltr'><strong>iuseparabilem</strong></span> <span class='ocrx_word' id='word_1_289' title='bbox 978 3876 1096 3916; x_wconf 89' lang='lat' dir='ltr'><strong>esse</strong></span> <span class='ocrx_word' id='word_1_290' title='bbox 1116 3846 1450 3926; x_wconf 88' lang='lat' dir='ltr'><strong>Trinitatem,</strong></span> <span class='ocrx_word' id='word_1_291' title='bbox 1481 3874 1643 3912; x_wconf 91' lang='lat' dir='ltr'><strong>unum</strong></span> <span class='ocrx_word' id='word_1_292' title='bbox 1679 3858 1867 3922; x_wconf 86' lang='lat' dir='ltr'><strong>Deum,</strong></span> <span class='ocrx_word' id='word_1_293' title='bbox 1891 3872 1998 3912; x_wconf 90' lang='lat' dir='ltr'><strong>non</strong></span> <span class='ocrx_word' id='word_1_294' title='bbox 2022 3866 2132 3913; x_wconf 89' lang='lat' dir='ltr'><strong>tres</strong></span> 
     </span>
    </p>
   </div>
   <div class='ocr_carea' id='block_1_39' title="bbox 547 3937 2124 4018">
    <p class='ocr_par' dir='ltr' id='par_1_39' title="bbox 547 3937 2124 4018">
     <span class='ocr_line' id='line_1_39' title="bbox 547 3937 2124 4018; baseline -0.004 -10"><span class='ocrx_word' id='word_1_295' title='bbox 547 3954 699 4010; x_wconf 91' lang='lat' dir='ltr'><strong>deos.</strong></span> <span class='ocrx_word' id='word_1_296' title='bbox 731 3952 808 4008; x_wconf 87' lang='lat' dir='ltr'><strong>Ita</strong></span> <span class='ocrx_word' id='word_1_297' title='bbox 838 3963 1015 4007; x_wconf 89' lang='lat' dir='ltr'><strong>tamen</strong></span> <span class='ocrx_word' id='word_1_298' title='bbox 1042 3967 1204 4006; x_wconf 91' lang='lat' dir='ltr'><strong>unum</strong></span> <span class='ocrx_word' id='word_1_299' title='bbox 1236 3951 1420 4015; x_wconf 88' lang='lat' dir='ltr'><strong>Deum,</strong></span> <span class='ocrx_word' id='word_1_300' title='bbox 1452 3937 1692 4003; x_wconf 16' lang='lat' dir='ltr'><strong>utiFilius</strong></span> <span class='ocrx_word' id='word_1_301' title='bbox 1718 3963 1823 4002; x_wconf 90' lang='lat' dir='ltr'><strong>non</strong></span> <span class='ocrx_word' id='word_1_302' title='bbox 1854 3948 1923 4003; x_wconf 90' lang='lat' dir='ltr'><strong>sit</strong></span> <span class='ocrx_word' id='word_1_303' title='bbox 1942 3948 2124 4018; x_wconf 88' lang='lat' dir='ltr'><strong>Pater,</strong></span> 
     </span>
    </p>
   </div>
   <div class='ocr_carea' id='block_1_40' title="bbox 549 4039 2132 4110">
    <p class='ocr_par' dir='ltr' id='par_1_40' title="bbox 549 4039 2132 4110">
     <span class='ocr_line' id='line_1_40' title="bbox 549 4039 2132 4110; baseline -0.004 -9"><span class='ocrx_word' id='word_1_304' title='bbox 549 4056 606 4102; x_wconf 93' lang='lat' dir='ltr'><strong>ut</strong></span> <span class='ocrx_word' id='word_1_305' title='bbox 634 4041 791 4101; x_wconf 82' lang='lat' dir='ltr'><strong>Pater</strong></span> <span class='ocrx_word' id='word_1_306' title='bbox 816 4057 920 4098; x_wconf 92' lang='lat' dir='ltr'><strong>non</strong></span> <span class='ocrx_word' id='word_1_307' title='bbox 951 4043 1019 4098; x_wconf 88' lang='lat' dir='ltr'><strong>sit</strong></span> <span class='ocrx_word' id='word_1_308' title='bbox 1042 4041 1207 4096; x_wconf 90' lang='lat' dir='ltr'><strong>Filius</strong></span> <span class='ocrx_word' id='word_1_309' title='bbox 1225 4081 1240 4106; x_wconf 90' lang='lat'><strong>,</strong></span> <span class='ocrx_word' id='word_1_310' title='bbox 1269 4051 1327 4095; x_wconf 93' lang='lat' dir='ltr'><strong>ut</strong></span> <span class='ocrx_word' id='word_1_311' title='bbox 1351 4039 1579 4110; x_wconf 89' lang='lat' dir='ltr'><strong>Spiritus</strong></span> <span class='ocrx_word' id='word_1_312' title='bbox 1609 4048 1823 4094; x_wconf 89' lang='lat' dir='ltr'><strong>sanctus</strong></span> <span class='ocrx_word' id='word_1_313' title='bbox 1850 4054 1948 4093; x_wconf 90' lang='lat' dir='ltr'><strong>nec</strong></span> <span class='ocrx_word' id='word_1_314' title='bbox 1975 4039 2132 4094; x_wconf 81' lang='lat' dir='ltr'><strong>Pater</strong></span> 
     </span>
    </p>
   </div>
   <div class='ocr_carea' id='block_1_41' title="bbox 550 4129 2129 4201">
    <p class='ocr_par' dir='ltr' id='par_1_41' title="bbox 550 4129 2129 4201">
     <span class='ocr_line' id='line_1_41' title="bbox 550 4129 2129 4201; baseline -0.006 -9"><span class='ocrx_word' id='word_1_315' title='bbox 550 4135 641 4201; x_wconf 87' lang='lat' dir='ltr'><strong>sit,</strong></span> <span class='ocrx_word' id='word_1_316' title='bbox 669 4152 766 4191; x_wconf 86' lang='lat' dir='ltr'><strong>nec</strong></span> <span class='ocrx_word' id='word_1_317' title='bbox 787 4132 976 4200; x_wconf 83' lang='lat' dir='ltr'><strong>Filius,</strong></span> <span class='ocrx_word' id='word_1_318' title='bbox 1000 4133 1092 4189; x_wconf 89' lang='lat' dir='ltr'><strong>sed</strong></span> <span class='ocrx_word' id='word_1_319' title='bbox 1115 4131 1284 4187; x_wconf 87' lang='lat' dir='ltr'><strong>Patris</strong></span> <span class='ocrx_word' id='word_1_320' title='bbox 1304 4140 1358 4186; x_wconf 89' lang='lat' dir='ltr'><strong>ct</strong></span> <span class='ocrx_word' id='word_1_321' title='bbox 1387 4131 1504 4185; x_wconf 88' lang='lat' dir='ltr'><strong>Filii</strong></span> <span class='ocrx_word' id='word_1_322' title='bbox 1551 4131 1800 4200; x_wconf 82' lang='lat' dir='ltr'><strong>Spiritus.</strong></span> <span class='ocrx_word' id='word_1_323' title='bbox 1827 4129 1974 4184; x_wconf 81' lang='lat' dir='ltr'><strong>lianc</strong></span> <span class='ocrx_word' id='word_1_324' title='bbox 1993 4130 2129 4185; x_wconf 83' lang='lat' dir='ltr'><strong>inei-</strong></span> 
     </span>
    </p>
   </div>
   <div class='ocr_carea' id='block_1_42' title="bbox 551 4221 2132 4293">
    <p class='ocr_par' dir='ltr' id='par_1_42' title="bbox 551 4221 2132 4293">
     <span class='ocr_line' id='line_1_42' title="bbox 551 4221 2132 4293; baseline -0.004 -11"><span class='ocrx_word' id='word_1_325' title='bbox 551 4227 764 4283; x_wconf 86' lang='lat' dir='ltr'><strong>fabilem</strong></span> <span class='ocrx_word' id='word_1_326' title='bbox 783 4223 1112 4281; x_wconf 86' lang='lat' dir='ltr'><strong>divinitatem</strong></span> <span class='ocrx_word' id='word_1_327' title='bbox 1140 4224 1278 4293; x_wconf 90' lang='lat' dir='ltr'><strong>apud</strong></span> <span class='ocrx_word' id='word_1_328' title='bbox 1306 4239 1366 4278; x_wconf 92' lang='lat' dir='ltr'><strong>se</strong></span> <span class='ocrx_word' id='word_1_329' title='bbox 1395 4222 1563 4293; x_wconf 89' lang='lat' dir='ltr'><strong>ipsam</strong></span> <span class='ocrx_word' id='word_1_330' title='bbox 1591 4230 1892 4276; x_wconf 87' lang='lat' dir='ltr'><strong>manentem</strong></span> <span class='ocrx_word' id='word_1_331' title='bbox 1913 4263 1928 4290; x_wconf 95' lang='lat'><strong>,</strong></span> <span class='ocrx_word' id='word_1_332' title='bbox 1955 4221 2132 4276; x_wconf 89' lang='lat' dir='ltr'><strong>omnia</strong></span> 
     </span>
    </p>
   </div>
   <div class='ocr_carea' id='block_1_43' title="bbox 551 4314 2134 4384">
    <p class='ocr_par' dir='ltr' id='par_1_43' title="bbox 551 4314 2134 4384">
     <span class='ocr_line' id='line_1_43' title="bbox 551 4314 2134 4384; baseline -0.004 -9"><span class='ocrx_word' id='word_1_333' title='bbox 551 4321 890 4375; x_wconf 86' lang='lat' dir='ltr'><strong>innovantem</strong></span> <span class='ocrx_word' id='word_1_334' title='bbox 912 4359 927 4384; x_wconf 90' lang='lat'><strong>,</strong></span> <span class='ocrx_word' id='word_1_335' title='bbox 956 4328 1228 4372; x_wconf 88' lang='lat' dir='ltr'><strong>crcautem</strong></span> <span class='ocrx_word' id='word_1_336' title='bbox 1247 4358 1261 4381; x_wconf 88' lang='lat'><strong>,</strong></span> <span class='ocrx_word' id='word_1_337' title='bbox 1291 4323 1620 4370; x_wconf 85' lang='lat' dir='ltr'><strong>recreantem</strong></span> <span class='ocrx_word' id='word_1_338' title='bbox 1647 4355 1661 4380; x_wconf 94' lang='lat'><strong>,</strong></span> <span class='ocrx_word' id='word_1_339' title='bbox 1694 4314 2014 4381; x_wconf 88' lang='lat' dir='ltr'><strong>mittentem,</strong></span> <span class='ocrx_word' id='word_1_340' title='bbox 2043 4330 2134 4369; x_wconf 90' lang='lat' dir='ltr'><strong>re-</strong></span> 
     </span>
    </p>
   </div>
   <div class='ocr_carea' id='block_1_44' title="bbox 550 4405 2134 4482">
    <p class='ocr_par' dir='ltr' id='par_1_44' title="bbox 550 4405 2134 4482">
     <span class='ocr_line' id='line_1_44' title="bbox 550 4405 2134 4482; baseline -0.005 -14"><span class='ocrx_word' id='word_1_341' title='bbox 550 4413 846 4479; x_wconf 78' lang='lat' dir='ltr'><strong>vecantem,</strong></span> <span class='ocrx_word' id='word_1_342' title='bbox 873 4410 1220 4482; x_wconf 86' lang='lat' dir='ltr'><strong>judicautem,</strong></span> <span class='ocrx_word' id='word_1_343' title='bbox 1251 4408 1564 4462; x_wconf 87' lang='lat' dir='ltr'><strong>liberantem</strong></span> <span class='ocrx_word' id='word_1_344' title='bbox 1590 4423 1604 4472; x_wconf 92' lang='lat'><strong>;</strong></span> <span class='ocrx_word' id='word_1_345' title='bbox 1635 4407 1774 4462; x_wconf 66' lang='lat' dir='ltr'><strong>hanc</strong></span> <span class='ocrx_word' id='word_1_346' title='bbox 1792 4422 1919 4476; x_wconf 78' lang='lat' dir='ltr'><strong>ergo</strong></span> <span class='ocrx_word' id='word_1_347' title='bbox 1955 4405 2134 4460; x_wconf 87' lang='lat' dir='ltr'><strong>Trini-</strong></span> 
     </span>
    </p>
   </div>
   <div class='ocr_carea' id='block_1_45' title="bbox 551 4498 2033 4567">
    <p class='ocr_par' dir='ltr' id='par_1_45' title="bbox 551 4498 2033 4567">
     <span class='ocr_line' id='line_1_45' title="bbox 551 4498 2033 4567; baseline -0.006 -8"><span class='ocrx_word' id='word_1_348' title='bbox 551 4512 712 4559; x_wconf 87' lang='lat' dir='ltr'><strong>tatem</strong></span> <span class='ocrx_word' id='word_1_349' title='bbox 735 4502 1053 4557; x_wconf 71' lang='lat' dir='ltr'><strong>incil‘abilem</strong></span> <span class='ocrx_word' id='word_1_350' title='bbox 1079 4501 1233 4554; x_wconf 90' lang='lat' dir='ltr'><strong>simul</strong></span> <span class='ocrx_word' id='word_1_351' title='bbox 1258 4500 1498 4554; x_wconf 87' lang='lat' dir='ltr'><strong>novimus</strong></span> <span class='ocrx_word' id='word_1_352' title='bbox 1529 4508 1584 4552; x_wconf 87' lang='lat' dir='ltr'><strong>et</strong></span> <span class='ocrx_word' id='word_1_353' title='bbox 1610 4498 2033 4567; x_wconf 87' lang='lat' dir='ltr'><strong>inseparabilem.</strong></span> 
     </span>
    </p>
   </div>
   <div class='ocr_carea' id='block_1_46' title="bbox 623 4587 2134 4658">
    <p class='ocr_par' dir='ltr' id='par_1_46' title="bbox 623 4587 2134 4658">
     <span class='ocr_line' id='line_1_46' title="bbox 623 4587 2134 4658; baseline -0.007 -8"><span class='ocrx_word' id='word_1_354' title='bbox 623 4589 676 4650; x_wconf 76' lang='grc'><strong>5.</strong></span> <span class='ocrx_word' id='word_1_355' title='bbox 704 4595 898 4649; x_wconf 74' lang='lat' dir='ltr'><strong>Auxilii</strong></span> <span class='ocrx_word' id='word_1_356' title='bbox 919 4593 1075 4646; x_wconf 84' lang='lat' dir='ltr'><strong>divini</strong></span> <span class='ocrx_word' id='word_1_357' title='bbox 1098 4591 1364 4645; x_wconf 81' lang='lat' dir='ltr'><strong>necessitas</strong></span> <span class='ocrx_word' id='word_1_358' title='bbox 1400 4591 1465 4642; x_wconf 90' lang='lat' dir='ltr'><strong>ad</strong></span> <span class='ocrx_word' id='word_1_359' title='bbox 1489 4587 1987 4644; x_wconf 81' lang='lat' dir='ltr'><strong>soluendum-nodum</strong></span> <span class='ocrx_word' id='word_1_360' title='bbox 2027 4587 2134 4658; x_wconf 79' lang='lat' dir='ltr'><strong>dif-</strong></span> 
     </span>
    </p>
   </div>
   <div class='ocr_carea' id='block_1_47' title="bbox 552 4679 2136 4758">
    <p class='ocr_par' dir='ltr' id='par_1_47' title="bbox 552 4679 2136 4758">
     <span class='ocr_line' id='line_1_47' title="bbox 552 4679 2136 4758; baseline -0.005 -18"><span class='ocrx_word' id='word_1_361' title='bbox 552 4686 810 4758; x_wconf 78' lang='lat' dir='ltr'><strong>ﬁcultatis.</strong></span> <span class='ocrx_word' id='word_1_362' title='bbox 859 4683 996 4750; x_wconf 85' lang='lat' dir='ltr'><strong>Quid</strong></span> <span class='ocrx_word' id='word_1_363' title='bbox 1048 4696 1176 4752; x_wconf 81' lang='lat' dir='ltr'><strong>ergo</strong></span> <span class='ocrx_word' id='word_1_364' title='bbox 1229 4681 1476 4752; x_wconf 82' lang='lat' dir='ltr'><strong>agimus?</strong></span> <span class='ocrx_word' id='word_1_365' title='bbox 1505 4680 1642 4735; x_wconf 88' lang='lat' dir='ltr'><strong>Ecce</strong></span> <span class='ocrx_word' id='word_1_366' title='bbox 1687 4694 1929 4733; x_wconf 88' lang='lat' dir='ltr'><strong>seorsum</strong></span> <span class='ocrx_word' id='word_1_367' title='bbox 1987 4679 2136 4733; x_wconf 88' lang='lat' dir='ltr'><strong>venit</strong></span> 
     </span>
    </p>
   </div>
   <div class='ocr_carea' id='block_1_48' title="bbox 553 4759 2136 4844">
    <p class='ocr_par' dir='ltr' id='par_1_48' title="bbox 553 4759 2136 4844">
     <span class='ocr_line' id='line_1_48' title="bbox 553 4759 2136 4844; baseline -0.003 -11"><span class='ocrx_word' id='word_1_368' title='bbox 553 4777 718 4834; x_wconf 89' lang='lat' dir='ltr'><strong>Filius</strong></span> <span class='ocrx_word' id='word_1_369' title='bbox 748 4778 802 4832; x_wconf 89' lang='lat' dir='ltr'><strong>in</strong></span> <span class='ocrx_word' id='word_1_370' title='bbox 831 4775 1046 4831; x_wconf 85' lang='lat' dir='ltr'><strong>homine</strong></span> <span class='ocrx_word' id='word_1_371' title='bbox 1067 4815 1082 4840; x_wconf 91' lang='lat'><strong>,</strong></span> <span class='ocrx_word' id='word_1_372' title='bbox 1116 4791 1357 4830; x_wconf 88' lang='lat' dir='ltr'><strong>seorsum</strong></span> <span class='ocrx_word' id='word_1_373' title='bbox 1393 4759 1628 4844; x_wconf 86' lang='lat' dir='ltr'><strong>Spiritus</strong></span> <span class='ocrx_word' id='word_1_374' title='bbox 1648 4782 1862 4827; x_wconf 89' lang='lat' dir='ltr'><strong>sanctus</strong></span> <span class='ocrx_word' id='word_1_375' title='bbox 1890 4773 1956 4827; x_wconf 85' lang='lat' dir='ltr'><strong>de</strong></span> <span class='ocrx_word' id='word_1_376' title='bbox 1999 4773 2136 4828; x_wconf 79' lang='lat' dir='ltr'><strong>Ctelo</strong></span> 
     </span>
    </p>
   </div>
   <div class='ocr_carea' id='block_1_49' title="bbox 553 4864 2138 4938">
    <p class='ocr_par' dir='ltr' id='par_1_49' title="bbox 553 4864 2138 4938">
     <span class='ocr_line' id='line_1_49' title="bbox 553 4864 2138 4938; baseline -0.006 -11"><span class='ocrx_word' id='word_1_377' title='bbox 553 4867 832 4928; x_wconf 88' lang='lat' dir='ltr'><strong>descendit</strong></span> <span class='ocrx_word' id='word_1_378' title='bbox 859 4869 910 4923; x_wconf 92' lang='lat' dir='ltr'><strong>in</strong></span> <span class='ocrx_word' id='word_1_379' title='bbox 941 4868 1118 4938; x_wconf 82' lang='lat' dir='ltr'><strong>Specie</strong></span> <span class='ocrx_word' id='word_1_380' title='bbox 1149 4866 1407 4921; x_wconf 65' lang='lat' dir='ltr'><strong>columbas</strong></span> <span class='ocrx_word' id='word_1_381' title='bbox 1432 4907 1446 4933; x_wconf 91' lang='lat'><strong>,</strong></span> <span class='ocrx_word' id='word_1_382' title='bbox 1476 4880 1716 4920; x_wconf 88' lang='lat' dir='ltr'><strong>seorsum</strong></span> <span class='ocrx_word' id='word_1_383' title='bbox 1743 4880 1843 4918; x_wconf 85' lang='lat' dir='ltr'><strong>vox</strong></span> <span class='ocrx_word' id='word_1_384' title='bbox 1877 4864 2044 4919; x_wconf 85' lang='lat' dir='ltr'><strong>Patris</strong></span> <span class='ocrx_word' id='word_1_385' title='bbox 2069 4864 2138 4918; x_wconf 89' lang='lat' dir='ltr'><strong>de</strong></span> 
     </span>
    </p>
   </div>
   <div class='ocr_carea' id='block_1_50' title="bbox 555 4945 2141 5026">
    <p class='ocr_par' dir='ltr' id='par_1_50' title="bbox 555 4945 2141 5026">
     <span class='ocr_line' id='line_1_50' title="bbox 555 4945 2141 5026; baseline -0.008 -4"><span class='ocrx_word' id='word_1_386' title='bbox 555 4966 691 5022; x_wconf 69' lang='lat' dir='ltr'><strong>caelo</strong></span> <span class='ocrx_word' id='word_1_387' title='bbox 719 4962 914 5024; x_wconf 88' lang='lat' dir='ltr'><strong>sonuit,</strong></span> <span class='ocrx_word' id='word_1_388' title='bbox 950 4960 1046 5014; x_wconf 77' lang='lat' dir='ltr'><strong>llic</strong></span> <span class='ocrx_word' id='word_1_389' title='bbox 1075 4969 1145 5015; x_wconf 86' lang='lat' dir='ltr'><strong>est</strong></span> <span class='ocrx_word' id='word_1_390' title='bbox 1185 4945 1352 5012; x_wconf 81' lang='lat' dir='ltr'><strong>Filius</strong></span> <span class='ocrx_word' id='word_1_391' title='bbox 1382 4976 1537 5012; x_wconf 85' lang='lat' dir='ltr'><strong>meus.</strong></span> <span class='ocrx_word' id='word_1_392' title='bbox 1574 4957 1669 5014; x_wconf 90' lang='lat' dir='ltr'><strong>Ubi</strong></span> <span class='ocrx_word' id='word_1_393' title='bbox 1700 4969 1780 5012; x_wconf 87' lang='lat' dir='ltr'><strong>est</strong></span> <span class='ocrx_word' id='word_1_394' title='bbox 1814 4957 2141 5026; x_wconf 87' lang='lat' dir='ltr'><strong>inseparabi-</strong></span> 
     </span>
    </p>
   </div>
   <div class='ocr_carea' id='block_1_51' title="bbox 557 5048 2140 5121">
    <p class='ocr_par' dir='ltr' id='par_1_51' title="bbox 557 5048 2140 5121">
     <span class='ocr_line' id='line_1_51' title="bbox 557 5048 2140 5121; baseline -0.007 -8"><span class='ocrx_word' id='word_1_395' title='bbox 557 5057 622 5114; x_wconf 88' lang='lat' dir='ltr'><strong>lis</strong></span> <span class='ocrx_word' id='word_1_396' title='bbox 649 5053 921 5112; x_wconf 87' lang='lat' dir='ltr'><strong>Trinitas?</strong></span> <span class='ocrx_word' id='word_1_397' title='bbox 948 5053 1096 5107; x_wconf 86' lang='lat' dir='ltr'><strong>Fecit</strong></span> <span class='ocrx_word' id='word_1_398' title='bbox 1131 5067 1227 5106; x_wconf 90' lang='lat' dir='ltr'><strong>vos</strong></span> <span class='ocrx_word' id='word_1_399' title='bbox 1262 5067 1356 5121; x_wconf 88' lang='lat' dir='ltr'><strong>per</strong></span> <span class='ocrx_word' id='word_1_400' title='bbox 1378 5066 1464 5105; x_wconf 89' lang='lat' dir='ltr'><strong>me</strong></span> <span class='ocrx_word' id='word_1_401' title='bbox 1499 5051 1637 5103; x_wconf 89' lang='lat' dir='ltr'><strong>Deus</strong></span> <span class='ocrx_word' id='word_1_402' title='bbox 1691 5050 1938 5102; x_wconf 85' lang='lat' dir='ltr'><strong>intentos.</strong></span> <span class='ocrx_word' id='word_1_403' title='bbox 1981 5048 2140 5102; x_wconf 86' lang='lat' dir='ltr'><strong>Orate</strong></span> 
     </span>
    </p>
   </div>
   <div class='ocr_carea' id='block_1_52' title="bbox 561 5140 2141 5218">
    <p class='ocr_par' dir='ltr' id='par_1_52' title="bbox 561 5140 2141 5218">
     <span class='ocr_line' id='line_1_52' title="bbox 561 5140 2141 5218; baseline -0.006 -16"><span class='ocrx_word' id='word_1_404' title='bbox 561 5163 658 5218; x_wconf 93' lang='lat' dir='ltr'><strong>pro</strong></span> <span class='ocrx_word' id='word_1_405' title='bbox 703 5146 890 5212; x_wconf 87' lang='lat' dir='ltr'><strong>nobis,</strong></span> <span class='ocrx_word' id='word_1_406' title='bbox 918 5154 973 5199; x_wconf 86' lang='lat' dir='ltr'><strong>et</strong></span> <span class='ocrx_word' id='word_1_407' title='bbox 997 5143 1151 5213; x_wconf 83' lang='lat' dir='ltr'><strong>quasi</strong></span> <span class='ocrx_word' id='word_1_408' title='bbox 1185 5143 1490 5212; x_wconf 85' lang='lat' dir='ltr'><strong>aperientes</strong></span> <span class='ocrx_word' id='word_1_409' title='bbox 1537 5141 1712 5195; x_wconf 90' lang='lat' dir='ltr'><strong>sinum</strong></span> <span class='ocrx_word' id='word_1_410' title='bbox 1737 5141 1751 5170; x_wconf 81' lang='grc'>¹</span> <span class='ocrx_word' id='word_1_411' title='bbox 1779 5157 1790 5192; x_wconf 86' lang='lat'><strong>:</strong></span> <span class='ocrx_word' id='word_1_412' title='bbox 1832 5140 1993 5193; x_wconf 86' lang='lat' dir='ltr'><strong>donet</strong></span> <span class='ocrx_word' id='word_1_413' title='bbox 2023 5141 2141 5208; x_wconf 84' lang='lat' dir='ltr'><strong>ipse</strong></span> 
     </span>
    </p>
   </div>
   <div class='ocr_carea' id='block_1_53' title="bbox 562 5231 2137 5309">
    <p class='ocr_par' dir='ltr' id='par_1_53' title="bbox 562 5231 2137 5309">
     <span class='ocr_line' id='line_1_53' title="bbox 562 5231 2137 5309; baseline -0.006 -15"><span class='ocrx_word' id='word_1_414' title='bbox 562 5239 702 5294; x_wconf 80' lang='lat' dir='ltr'><strong>unde</strong></span> <span class='ocrx_word' id='word_1_415' title='bbox 741 5237 883 5308; x_wconf 89' lang='lat' dir='ltr'><strong>quod</strong></span> <span class='ocrx_word' id='word_1_416' title='bbox 923 5236 1206 5309; x_wconf 89' lang='lat' dir='ltr'><strong>aperuistis</strong></span> <span class='ocrx_word' id='word_1_417' title='bbox 1247 5235 1547 5304; x_wconf 82' lang='lat' dir='ltr'><strong>it&#39;npleatur.</strong></span> <span class='ocrx_word' id='word_1_418' title='bbox 1592 5231 1926 5287; x_wconf 89' lang='lat' dir='ltr'><strong>Collaborate</strong></span> <span class='ocrx_word' id='word_1_419' title='bbox 1965 5233 2137 5285; x_wconf 89' lang='lat' dir='ltr'><strong>nobis.</strong></span> 
     </span>
    </p>
   </div>
   <div class='ocr_carea' id='block_1_54' title="bbox 560 5324 2139 5398">
    <p class='ocr_par' dir='ltr' id='par_1_54' title="bbox 560 5324 2139 5398">
     <span class='ocr_line' id='line_1_54' title="bbox 560 5324 2139 5398; baseline -0.006 -13"><span class='ocrx_word' id='word_1_420' title='bbox 560 5330 765 5385; x_wconf 81' lang='lat' dir='ltr'><strong>Videtis</strong></span> <span class='ocrx_word' id='word_1_421' title='bbox 801 5331 942 5385; x_wconf 86' lang='lat' dir='ltr'><strong>enim</strong></span> <span class='ocrx_word' id='word_1_422' title='bbox 981 5326 1110 5398; x_wconf 82' lang='lat' dir='ltr'><strong>quid</strong></span> <span class='ocrx_word' id='word_1_423' title='bbox 1143 5327 1538 5396; x_wconf 79' lang='lat' dir='ltr'><strong>susceperimus</strong></span> <span class='ocrx_word' id='word_1_424' title='bbox 1575 5341 1589 5390; x_wconf 90' lang='lat'><strong>;</strong></span> <span class='ocrx_word' id='word_1_425' title='bbox 1620 5339 1727 5379; x_wconf 88' lang='lat' dir='ltr'><strong>non</strong></span> <span class='ocrx_word' id='word_1_426' title='bbox 1766 5324 1935 5379; x_wconf 87' lang='lat' dir='ltr'><strong>solum</strong></span> <span class='ocrx_word' id='word_1_427' title='bbox 1977 5324 2103 5394; x_wconf 85' lang='lat' dir='ltr'><strong>quid</strong></span> <span class='ocrx_word' id='word_1_428' title='bbox 2124 5365 2139 5388; x_wconf 92' lang='lat'><strong>,</strong></span> 
     </span>
    </p>
   </div>
   <div class='ocr_carea' id='block_1_55' title="bbox 565 5413 2140 5489">
    <p class='ocr_par' dir='ltr' id='par_1_55' title="bbox 565 5413 2140 5489">
     <span class='ocr_line' id='line_1_55' title="bbox 565 5413 2140 5489; baseline -0.006 -12"><span class='ocrx_word' id='word_1_429' title='bbox 565 5422 746 5477; x_wconf 77' lang='lat' dir='ltr'><strong>verum</strong></span> <span class='ocrx_word' id='word_1_430' title='bbox 772 5420 929 5474; x_wconf 78' lang='lat' dir='ltr'><strong>etiam</strong></span> <span class='ocrx_word' id='word_1_431' title='bbox 957 5421 1080 5489; x_wconf 88' lang='lat' dir='ltr'><strong>qui;</strong></span> <span class='ocrx_word' id='word_1_432' title='bbox 1107 5417 1248 5474; x_wconf 86' lang='lat' dir='ltr'><strong>unde</strong></span> <span class='ocrx_word' id='word_1_433' title='bbox 1275 5417 1526 5471; x_wconf 79' lang='lat' dir='ltr'><strong>volumus</strong></span> <span class='ocrx_word' id='word_1_434' title='bbox 1565 5416 1740 5471; x_wconf 87' lang='lat' dir='ltr'><strong>dicere</strong></span> <span class='ocrx_word' id='word_1_435' title='bbox 1763 5456 1778 5481; x_wconf 89' lang='lat'><strong>,</strong></span> <span class='ocrx_word' id='word_1_436' title='bbox 1815 5413 1902 5471; x_wconf 81' lang='lat' dir='ltr'><strong>ubi</strong></span> <span class='ocrx_word' id='word_1_437' title='bbox 1944 5416 2099 5485; x_wconf 89' lang='lat' dir='ltr'><strong>positi</strong></span> <span class='ocrx_word' id='word_1_438' title='bbox 2125 5455 2140 5479; x_wconf 93' lang='lat'><strong>,</strong></span> 
     </span>
    </p>
   </div>
   <div class='ocr_carea' id='block_1_56' title="bbox 565 5505 2142 5582">
    <p class='ocr_par' dir='ltr' id='par_1_56' title="bbox 565 5505 2142 5582">
     <span class='ocr_line' id='line_1_56' title="bbox 565 5505 2142 5582; baseline -0.004 -17"><span class='ocrx_word' id='word_1_439' title='bbox 565 5509 834 5582; x_wconf 89' lang='lat' dir='ltr'><strong>quomodo</strong></span> <span class='ocrx_word' id='word_1_440' title='bbox 878 5510 1032 5580; x_wconf 89' lang='lat' dir='ltr'><strong>positi</strong></span> <span class='ocrx_word' id='word_1_441' title='bbox 1063 5509 1114 5563; x_wconf 91' lang='lat' dir='ltr'><strong>in</strong></span> <span class='ocrx_word' id='word_1_442' title='bbox 1159 5521 1385 5576; x_wconf 87' lang='lat' dir='ltr'><strong>corpore</strong></span> <span class='ocrx_word' id='word_1_443' title='bbox 1419 5505 1561 5576; x_wconf 86' lang='lat' dir='ltr'><strong>quod</strong></span> <span class='ocrx_word' id='word_1_444' title='bbox 1596 5507 1951 5576; x_wconf 89' lang='lat' dir='ltr'><strong>corrumpitur</strong></span> <span class='ocrx_word' id='word_1_445' title='bbox 1975 5514 2029 5560; x_wconf 88' lang='lat' dir='ltr'><strong>et</strong></span> <span class='ocrx_word' id='word_1_446' title='bbox 2051 5520 2142 5575; x_wconf 79' lang='lat' dir='ltr'><strong>ag-</strong></span> 
     </span>
    </p>
   </div>
   <div class='ocr_carea' id='block_1_57' title="bbox 564 5599 2145 5675">
    <p class='ocr_par' dir='ltr' id='par_1_57' title="bbox 564 5599 2145 5675">
     <span class='ocr_line' id='line_1_57' title="bbox 564 5599 2145 5675; baseline -0.003 -18"><span class='ocrx_word' id='word_1_447' title='bbox 564 5613 748 5675; x_wconf 79' lang='lat' dir='ltr'><strong>gravat</strong></span> <span class='ocrx_word' id='word_1_448' title='bbox 775 5603 1005 5657; x_wconf 87' lang='lat' dir='ltr'><strong>animam</strong></span> <span class='ocrx_word' id='word_1_449' title='bbox 1025 5645 1038 5666; x_wconf 96' lang='lat'><strong>,</strong></span> <span class='ocrx_word' id='word_1_450' title='bbox 1073 5609 1128 5657; x_wconf 89' lang='lat' dir='ltr'><strong>et</strong></span> <span class='ocrx_word' id='word_1_451' title='bbox 1151 5599 1401 5670; x_wconf 90' lang='lat' dir='ltr'><strong>deprimit</strong></span> <span class='ocrx_word' id='word_1_452' title='bbox 1443 5608 1651 5654; x_wconf 88' lang='lat' dir='ltr'><strong>terrena</strong></span> <span class='ocrx_word' id='word_1_453' title='bbox 1681 5599 1993 5654; x_wconf 81' lang='lat' dir='ltr'><strong>inltabitatio</strong></span> <span class='ocrx_word' id='word_1_454' title='bbox 2021 5613 2145 5653; x_wconf 84' lang='lat' dir='ltr'><strong>sen-</strong></span> 
     </span>
    </p>
   </div>
   <div class='ocr_carea' id='block_1_58' title="bbox 563 5691 2144 5766">
    <p class='ocr_par' dir='ltr' id='par_1_58' title="bbox 563 5691 2144 5766">
     <span class='ocr_line' id='line_1_58' title="bbox 563 5691 2144 5766; baseline -0.005 -11"><span class='ocrx_word' id='word_1_455' title='bbox 563 5714 684 5755; x_wconf 66' lang='lat' dir='ltr'><strong>sum</strong></span> <span class='ocrx_word' id='word_1_456' title='bbox 721 5696 884 5751; x_wconf 86' lang='lat' dir='ltr'><strong>multa</strong></span> <span class='ocrx_word' id='word_1_457' title='bbox 924 5697 1243 5766; x_wconf 79' lang='lat' dir='ltr'><strong>cogitantem</strong></span> <span class='ocrx_word' id='word_1_458' title='bbox 1284 5693 1436 5765; x_wconf 77' lang='lat' dir='ltr'><strong>(Sep.</strong></span> <span class='ocrx_word' id='word_1_459' title='bbox 1491 5691 1715 5766; x_wconf 72' lang='lat' dir='ltr'><strong>ix,15).</strong></span> <span class='ocrx_word' id='word_1_460' title='bbox 1761 5692 1985 5763; x_wconf 83' lang='lat' dir='ltr'><strong>Quando</strong></span> <span class='ocrx_word' id='word_1_461' title='bbox 2017 5707 2144 5765; x_wconf 82' lang='lat' dir='ltr'><strong>ergo</strong></span> 
     </span>
    </p>
   </div>
   <div class='ocr_carea' id='block_1_59' title="bbox 630 5792 1542 5862">
    <p class='ocr_par' dir='ltr' id='par_1_59' title="bbox 630 5792 1542 5862">
     <span class='ocr_line' id='line_1_59' title="bbox 630 5792 1542 5862; baseline -0.003 -16"><span class='ocrx_word' id='word_1_462' title='bbox 630 5798 648 5828; x_wconf 76' lang='grc' dir='ltr'><strong><em>ι</em></strong></span> <span class='ocrx_word' id='word_1_463' title='bbox 671 5795 1120 5862; x_wconf 68' lang='lat' dir='ltr'><strong>sextiss.,‘aperite</strong></span> <span class='ocrx_word' id='word_1_464' title='bbox 1141 5792 1299 5847; x_wconf 79' lang='lat' dir='ltr'><strong>sinum</strong></span> <span class='ocrx_word' id='word_1_465' title='bbox 1321 5799 1542 5845; x_wconf 75' lang='lat' dir='ltr'><strong>vestrum.</strong></span> 
     </span>
    </p>
   </div>
   <div class='ocr_carea' id='block_1_60' title="bbox 1738 327 2535 408">
    <p class='ocr_par' dir='ltr' id='par_1_60' title="bbox 1738 327 2535 408">
     <span class='ocr_line' id='line_1_60' title="bbox 1738 327 2535 408; baseline -0.016 -2"><span class='ocrx_word' id='word_1_466' title='bbox 1738 349 1794 408; x_wconf 90' lang='lat' dir='ltr'><strong>s.</strong></span> <span class='ocrx_word' id='word_1_467' title='bbox 1834 327 2201 404; x_wconf 70' lang='lat' dir='ltr'><strong>AUGUSTINI</strong></span> <span class='ocrx_word' id='word_1_468' title='bbox 2239 338 2535 398; x_wconf 83' lang='lat' dir='ltr'><strong>EPISCOPI</strong></span> 
     </span>
    </p>
   </div>
   <div class='ocr_carea' id='block_1_61' title="bbox 3701 333 3817 401">
    <p class='ocr_par' dir='ltr' id='par_1_61' title="bbox 3701 333 3817 401">
     <span class='ocr_line' id='line_1_61' title="bbox 3701 333 3817 401; baseline 0.009 -1"><span class='ocrx_word' id='word_1_469' title='bbox 3701 333 3817 401; x_wconf 71' lang='lat'><strong>356</strong></span> 
     </span>
    </p>
   </div>
   <div class='ocr_carea' id='block_1_62' title="bbox 2233 453 3815 522">
    <p class='ocr_par' dir='ltr' id='par_1_62' title="bbox 2233 453 3815 522">
     <span class='ocr_line' id='line_1_62' title="bbox 2233 453 3815 522; baseline 0.003 -14"><span class='ocrx_word' id='word_1_470' title='bbox 2233 454 2390 508; x_wconf 91' lang='lat' dir='ltr'><strong>istum</strong></span> <span class='ocrx_word' id='word_1_471' title='bbox 2434 465 2650 508; x_wconf 88' lang='lat' dir='ltr'><strong>sensum</strong></span> <span class='ocrx_word' id='word_1_472' title='bbox 2694 467 2725 508; x_wconf 89' lang='lat' dir='ltr'><strong>a</strong></span> <span class='ocrx_word' id='word_1_473' title='bbox 2769 453 2950 510; x_wconf 88' lang='lat' dir='ltr'><strong>multis</strong></span> <span class='ocrx_word' id='word_1_474' title='bbox 2993 453 3216 511; x_wconf 77' lang='lat' dir='ltr'><strong>extraho</strong></span> <span class='ocrx_word' id='word_1_475' title='bbox 3237 493 3254 522; x_wconf 93' lang='lat'><strong>,</strong></span> <span class='ocrx_word' id='word_1_476' title='bbox 3285 462 3340 510; x_wconf 90' lang='lat' dir='ltr'><strong>et</strong></span> <span class='ocrx_word' id='word_1_477' title='bbox 3361 453 3426 510; x_wconf 90' lang='lat' dir='ltr'><strong>ad</strong></span> <span class='ocrx_word' id='word_1_478' title='bbox 3457 467 3619 510; x_wconf 91' lang='lat' dir='ltr'><strong>unum</strong></span> <span class='ocrx_word' id='word_1_479' title='bbox 3643 454 3815 514; x_wconf 79' lang='lat' dir='ltr'><strong>Deum</strong></span> 
     </span>
    </p>
   </div>
   <div class='ocr_carea' id='block_1_63' title="bbox 2229 545 3815 615">
    <p class='ocr_par' dir='ltr' id='par_1_63' title="bbox 2229 545 3815 615">
     <span class='ocr_line' id='line_1_63' title="bbox 2229 545 3815 615; baseline 0.004 -16"><span class='ocrx_word' id='word_1_480' title='bbox 2229 546 2536 600; x_wconf 87' lang='lat' dir='ltr'><strong>Trinitatem</strong></span> <span class='ocrx_word' id='word_1_481' title='bbox 2575 545 2981 615; x_wconf 89' lang='lat' dir='ltr'><strong>inseparabilem</strong></span> <span class='ocrx_word' id='word_1_482' title='bbox 3025 547 3249 615; x_wconf 83' lang='lat' dir='ltr'><strong>colligo,</strong></span> <span class='ocrx_word' id='word_1_483' title='bbox 3280 555 3334 599; x_wconf 91' lang='lat' dir='ltr'><strong>ut</strong></span> <span class='ocrx_word' id='word_1_484' title='bbox 3363 547 3561 615; x_wconf 83' lang='lat' dir='ltr'><strong>aliquid</strong></span> <span class='ocrx_word' id='word_1_485' title='bbox 3602 549 3815 606; x_wconf 81' lang='lat' dir='ltr'><strong>videam</strong></span> 
     </span>
    </p>
   </div>
   <div class='ocr_carea' id='block_1_64' title="bbox 2229 636 3819 710">
    <p class='ocr_par' dir='ltr' id='par_1_64' title="bbox 2229 636 3819 710">
     <span class='ocr_line' id='line_1_64' title="bbox 2229 636 3819 710; baseline 0.003 -19"><span class='ocrx_word' id='word_1_486' title='bbox 2229 638 2369 707; x_wconf 86' lang='lat' dir='ltr'><strong>quod</strong></span> <span class='ocrx_word' id='word_1_487' title='bbox 2400 636 2569 691; x_wconf 90' lang='lat' dir='ltr'><strong>dicam</strong></span> <span class='ocrx_word' id='word_1_488' title='bbox 2593 653 2606 702; x_wconf 91' lang='lat'><strong>;</strong></span> <span class='ocrx_word' id='word_1_489' title='bbox 2629 647 2851 705; x_wconf 88' lang='lat' dir='ltr'><strong>putasne</strong></span> <span class='ocrx_word' id='word_1_490' title='bbox 2895 638 2948 690; x_wconf 93' lang='lat' dir='ltr'><strong>in</strong></span> <span class='ocrx_word' id='word_1_491' title='bbox 2988 637 3088 692; x_wconf 89' lang='lat' dir='ltr'><strong>hoc</strong></span> <span class='ocrx_word' id='word_1_492' title='bbox 3131 651 3356 706; x_wconf 88' lang='lat' dir='ltr'><strong>corpore</strong></span> <span class='ocrx_word' id='word_1_493' title='bbox 3383 639 3525 708; x_wconf 89' lang='lat' dir='ltr'><strong>quod</strong></span> <span class='ocrx_word' id='word_1_494' title='bbox 3563 649 3819 710; x_wconf 70' lang='lat' dir='ltr'><strong>aggravet</strong></span> 
     </span>
    </p>
   </div>
   <div class='ocr_carea' id='block_1_65' title="bbox 2227 728 3815 820">
    <p class='ocr_par' dir='ltr' id='par_1_65' title="bbox 2227 728 3815 820">
     <span class='ocr_line' id='line_1_65' title="bbox 2227 728 3815 820; baseline 0.002 -37"><span class='ocrx_word' id='word_1_495' title='bbox 2227 731 2479 795; x_wconf 88' lang='lat' dir='ltr'><strong>animam,</strong></span> <span class='ocrx_word' id='word_1_496' title='bbox 2509 739 2567 782; x_wconf 89' lang='lat' dir='ltr'><strong>ut</strong></span> <span class='ocrx_word' id='word_1_497' title='bbox 2589 729 2795 820; x_wconf 56' lang='lat' dir='ltr'><strong>aliquid</strong></span> <span class='ocrx_word' id='word_1_498' title='bbox 2811 728 2961 784; x_wconf 84' lang='lat' dir='ltr'><strong>vobis</strong></span> <span class='ocrx_word' id='word_1_499' title='bbox 2985 729 3140 799; x_wconf 84' lang='lat' dir='ltr'><strong>digne</strong></span> <span class='ocrx_word' id='word_1_500' title='bbox 3162 730 3367 800; x_wconf 88' lang='lat' dir='ltr'><strong>loquar,</strong></span> <span class='ocrx_word' id='word_1_501' title='bbox 3397 739 3584 800; x_wconf 88' lang='lat' dir='ltr'><strong>potero</strong></span> <span class='ocrx_word' id='word_1_502' title='bbox 3608 730 3815 801; x_wconf 87' lang='lat' dir='ltr'><strong>dicere,</strong></span> 
     </span>
    </p>
   </div>
   <div class='ocr_carea' id='block_1_66' title="bbox 2225 821 3816 898">
    <p class='ocr_par' dir='ltr' id='par_1_66' title="bbox 2225 821 3816 898">
     <span class='ocr_line' id='line_1_66' title="bbox 2225 821 3816 898; baseline 0.004 -23"><span class='ocrx_word' id='word_1_503' title='bbox 2225 821 2482 888; x_wconf 75' lang='lat' dir='ltr'><strong>’QuOniam</strong></span> <span class='ocrx_word' id='word_1_504' title='bbox 2507 822 2574 875; x_wconf 84' lang='lat' dir='ltr'><strong>ad</strong></span> <span class='ocrx_word' id='word_1_505' title='bbox 2606 831 2668 888; x_wconf 90' lang='lat' dir='ltr'><strong>te,</strong></span> <span class='ocrx_word' id='word_1_506' title='bbox 2703 821 2939 888; x_wconf 70' lang='lat' dir='ltr'><strong>Dm’nlne,</strong></span> <span class='ocrx_word' id='word_1_507' title='bbox 2964 823 3185 875; x_wconf 75' lang='lat' dir='ltr'><strong>animum</strong></span> <span class='ocrx_word' id='word_1_508' title='bbox 3208 833 3369 877; x_wconf 64' lang='lat' dir='ltr'><strong>meum</strong></span> <span class='ocrx_word' id='word_1_509' title='bbox 3397 823 3554 877; x_wconf 77' lang='lat' dir='ltr'><strong>levavi</strong></span> <span class='ocrx_word' id='word_1_510' title='bbox 3589 823 3816 898; x_wconf 83' lang='lat' dir='ltr'><strong>(Psalm.</strong></span> 
     </span>
    </p>
   </div>
   <div class='ocr_carea' id='block_1_67' title="bbox 2229 914 3822 986">
    <p class='ocr_par' dir='ltr' id='par_1_67' title="bbox 2229 914 3822 986">
     <span class='ocr_line' id='line_1_67' title="bbox 2229 914 3822 986; baseline 0.002 -16"><span class='ocrx_word' id='word_1_511' title='bbox 2229 931 2427 983; x_wconf 79' lang='lat' dir='ltr'><strong>Lxxxv,</strong></span> <span class='ocrx_word' id='word_1_512' title='bbox 2460 915 2512 986; x_wconf 77' lang='grc'><strong>4)</strong></span> <span class='ocrx_word' id='word_1_513' title='bbox 2537 917 2560 969; x_wconf 90' lang='lat'><strong>?</strong></span> <span class='ocrx_word' id='word_1_514' title='bbox 2582 914 2809 986; x_wconf 69' lang='lat' dir='ltr'><strong>Adjuve‘t</strong></span> <span class='ocrx_word' id='word_1_515' title='bbox 2831 928 2922 970; x_wconf 89' lang='lat' dir='ltr'><strong>me</strong></span> <span class='ocrx_word' id='word_1_516' title='bbox 2944 957 2959 982; x_wconf 96' lang='lat'><strong>,</strong></span> <span class='ocrx_word' id='word_1_517' title='bbox 2991 915 3130 970; x_wconf 84' lang='lat' dir='ltr'><strong>levet</strong></span> <span class='ocrx_word' id='word_1_518' title='bbox 3153 931 3271 971; x_wconf 89' lang='lat' dir='ltr'><strong>eam</strong></span> <span class='ocrx_word' id='word_1_519' title='bbox 3301 931 3532 972; x_wconf 88' lang='lat' dir='ltr'><strong>mecum.</strong></span> <span class='ocrx_word' id='word_1_520' title='bbox 3577 917 3822 974; x_wconf 66' lang='lat' dir='ltr'><strong>Nam‘in—</strong></span> 
     </span>
    </p>
   </div>
   <div class='ocr_carea' id='block_1_68' title="bbox 2231 1008 3229 1080">
    <p class='ocr_par' dir='ltr' id='par_1_68' title="bbox 2231 1008 3229 1080">
     <span class='ocr_line' id='line_1_68' title="bbox 2231 1008 3229 1080; baseline 0.001 -18"><span class='ocrx_word' id='word_1_521' title='bbox 2231 1008 2414 1063; x_wconf 84' lang='lat' dir='ltr'><strong>ﬁrmus</strong></span> <span class='ocrx_word' id='word_1_522' title='bbox 2434 1019 2551 1063; x_wconf 92' lang='lat' dir='ltr'><strong>sum</strong></span> <span class='ocrx_word' id='word_1_523' title='bbox 2581 1010 2674 1076; x_wconf 92' lang='lat' dir='ltr'><strong>illi,</strong></span> <span class='ocrx_word' id='word_1_524' title='bbox 2701 1018 2756 1064; x_wconf 88' lang='lat' dir='ltr'><strong>et</strong></span> <span class='ocrx_word' id='word_1_525' title='bbox 2777 1009 3051 1080; x_wconf 80' lang='lat' dir='ltr'><strong>gravis&#39;est</strong></span> <span class='ocrx_word' id='word_1_526' title='bbox 3078 1009 3229 1065; x_wconf 87' lang='lat' dir='ltr'><strong>mihi.</strong></span> 
     </span>
    </p>
   </div>
   <div class='ocr_carea' id='block_1_69' title="bbox 2300 1097 3821 1172">
    <p class='ocr_par' dir='ltr' id='par_1_69' title="bbox 2300 1097 3821 1172">
     <span class='ocr_line' id='line_1_69' title="bbox 2300 1097 3821 1172; baseline 0.003 -18"><span class='ocrx_word' id='word_1_527' title='bbox 2300 1100 2525 1154; x_wconf 81' lang='lat' dir='ltr'><strong>CAPUT</strong></span> <span class='ocrx_word' id='word_1_528' title='bbox 2563 1099 2646 1154; x_wconf 83' lang='grc' dir='ltr'><strong>ΙΙΙ.</strong></span> <span class='ocrx_word' id='word_1_529' title='bbox 2689 1097 2842 1156; x_wconf 74' lang='grc'><strong>-²4.</strong></span> <span class='ocrx_word' id='word_1_530' title='bbox 2876 1100 3045 1172; x_wconf 79' lang='lat' dir='ltr'><strong>Opera</strong></span> <span class='ocrx_word' id='word_1_531' title='bbox 3088 1098 3256 1157; x_wconf 81' lang='lat' dir='ltr'><strong>Patris</strong></span> <span class='ocrx_word' id='word_1_532' title='bbox 3295 1105 3348 1158; x_wconf 75' lang='lat' dir='ltr'><strong>et</strong></span> <span class='ocrx_word' id='word_1_533' title='bbox 3386 1097 3514 1157; x_wconf 68' lang='lat' dir='ltr'><strong>Filii</strong></span> <span class='ocrx_word' id='word_1_534' title='bbox 3554 1103 3821 1172; x_wconf 80' lang='lat' dir='ltr'><strong>insepara-</strong></span> 
     </span>
    </p>
   </div>
   <div class='ocr_carea' id='block_1_70' title="bbox 2232 1187 3819 1264">
    <p class='ocr_par' dir='ltr' id='par_1_70' title="bbox 2232 1187 3819 1264">
     <span class='ocr_line' id='line_1_70' title="bbox 2232 1187 3819 1264; baseline 0.004 -19"><span class='ocrx_word' id='word_1_535' title='bbox 2232 1193 2369 1246; x_wconf 82' lang='lat' dir='ltr'><strong>bilia.</strong></span> <span class='ocrx_word' id='word_1_536' title='bbox 2424 1193 2572 1247; x_wconf 86' lang='lat' dir='ltr'><strong>Solet</strong></span> <span class='ocrx_word' id='word_1_537' title='bbox 2620 1193 2733 1249; x_wconf 63' lang='lat' dir='ltr'><strong>haec</strong></span> <span class='ocrx_word' id='word_1_538' title='bbox 2781 1195 3006 1264; x_wconf 62' lang='lat' dir='ltr'><strong>quaestio</strong></span> <span class='ocrx_word' id='word_1_539' title='bbox 3045 1193 3113 1248; x_wconf 90' lang='lat' dir='ltr'><strong>ab</strong></span> <span class='ocrx_word' id='word_1_540' title='bbox 3137 1187 3819 1253; x_wconf 51' lang='lat' dir='ltr'><strong>studiosissimis&quot;fratribus</strong></span> 
     </span>
    </p>
   </div>
   <div class='ocr_carea' id='block_1_71' title="bbox 2231 1285 3822 1353">
    <p class='ocr_par' dir='ltr' id='par_1_71' title="bbox 2231 1285 3822 1353">
     <span class='ocr_line' id='line_1_71' title="bbox 2231 1285 3822 1353; baseline 0 -17"><span class='ocrx_word' id='word_1_541' title='bbox 2231 1285 2474 1353; x_wconf 90' lang='lat' dir='ltr'><strong>proponi,</strong></span> <span class='ocrx_word' id='word_1_542' title='bbox 2504 1285 2639 1340; x_wconf 88' lang='lat' dir='ltr'><strong>solet</strong></span> <span class='ocrx_word' id='word_1_543' title='bbox 2667 1285 2718 1339; x_wconf 90' lang='lat' dir='ltr'><strong>in</strong></span> <span class='ocrx_word' id='word_1_544' title='bbox 2749 1294 3043 1340; x_wconf 88' lang='lat' dir='ltr'><strong>amatorum</strong></span> <span class='ocrx_word' id='word_1_545' title='bbox 3068 1285 3215 1340; x_wconf 77' lang='lat' dir='ltr'><strong>‘vcrbi</strong></span> <span class='ocrx_word' id='word_1_546' title='bbox 3241 1285 3332 1340; x_wconf 91' lang='lat' dir='ltr'><strong>Dei</strong></span> <span class='ocrx_word' id='word_1_547' title='bbox 3360 1301 3606 1340; x_wconf 89' lang='lat' dir='ltr'><strong>sermone</strong></span> <span class='ocrx_word' id='word_1_548' title='bbox 3632 1304 3822 1343; x_wconf 67' lang='lat' dir='ltr'><strong>versa.</strong></span> 
     </span>
    </p>
   </div>
   <div class='ocr_carea' id='block_1_72' title="bbox 2232 1377 3822 1448">
    <p class='ocr_par' dir='ltr' id='par_1_72' title="bbox 2232 1377 3822 1448">
     <span class='ocr_line' id='line_1_72' title="bbox 2232 1377 3822 1448; baseline 0.004 -19"><span class='ocrx_word' id='word_1_549' title='bbox 2232 1377 2296 1442; x_wconf 89' lang='lat' dir='ltr'><strong>ri,</strong></span> <span class='ocrx_word' id='word_1_550' title='bbox 2327 1377 2461 1432; x_wconf 91' lang='lat' dir='ltr'><strong>solet</strong></span> <span class='ocrx_word' id='word_1_551' title='bbox 2492 1394 2585 1447; x_wconf 91' lang='lat' dir='ltr'><strong>pro</strong></span> <span class='ocrx_word' id='word_1_552' title='bbox 2617 1378 2712 1431; x_wconf 89' lang='lat' dir='ltr'><strong>hac</strong></span> <span class='ocrx_word' id='word_1_553' title='bbox 2740 1379 2964 1432; x_wconf 90' lang='lat' dir='ltr'><strong>multum</strong></span> <span class='ocrx_word' id='word_1_554' title='bbox 2993 1379 3190 1448; x_wconf 85' lang='lat' dir='ltr'><strong>pulsari</strong></span> <span class='ocrx_word' id='word_1_555' title='bbox 3212 1378 3277 1432; x_wconf 92' lang='lat' dir='ltr'><strong>ad</strong></span> <span class='ocrx_word' id='word_1_556' title='bbox 3300 1377 3484 1442; x_wconf 85' lang='lat' dir='ltr'><strong>Deum,</strong></span> <span class='ocrx_word' id='word_1_557' title='bbox 3517 1379 3822 1436; x_wconf 85' lang='lat' dir='ltr'><strong>dicentibus</strong></span> 
     </span>
    </p>
   </div>
   <div class='ocr_carea' id='block_1_73' title="bbox 2232 1469 3820 1542">
    <p class='ocr_par' dir='ltr' id='par_1_73' title="bbox 2232 1469 3820 1542">
     <span class='ocr_line' id='line_1_73' title="bbox 2232 1469 3820 1542; baseline 0.004 -20"><span class='ocrx_word' id='word_1_558' title='bbox 2232 1469 2534 1524; x_wconf 86' lang='lat' dir='ltr'><strong>hominibus</strong></span> <span class='ocrx_word' id='word_1_559' title='bbox 2563 1490 2576 1524; x_wconf 90' lang='lat'><strong>:</strong></span> <span class='ocrx_word' id='word_1_560' title='bbox 2601 1470 2749 1524; x_wconf 87' lang='lat' dir='ltr'><strong>Facit</strong></span> <span class='ocrx_word' id='word_1_561' title='bbox 2795 1472 2989 1541; x_wconf 86' lang='lat' dir='ltr'><strong>aliquid</strong></span> <span class='ocrx_word' id='word_1_562' title='bbox 3037 1471 3392 1542; x_wconf 51' lang='lat' dir='ltr'><strong>Pater,’quod</strong></span> <span class='ocrx_word' id='word_1_563' title='bbox 3435 1488 3540 1526; x_wconf 87' lang='lat' dir='ltr'><strong>non</strong></span> <span class='ocrx_word' id='word_1_564' title='bbox 3569 1473 3697 1528; x_wconf 68' lang='lat' dir='ltr'><strong>facit</strong></span> <span class='ocrx_word' id='word_1_565' title='bbox 3726 1470 3820 1528; x_wconf 86' lang='lat' dir='ltr'><strong>Fi-</strong></span> 
     </span>
    </p>
   </div>
   <div class='ocr_carea' id='block_1_74' title="bbox 2231 1560 3898 1636">
    <p class='ocr_par' dir='ltr' id='par_1_74' title="bbox 2231 1560 3898 1636">
     <span class='ocr_line' id='line_1_74' title="bbox 2231 1560 3898 1636; baseline 0.004 -23"><span class='ocrx_word' id='word_1_566' title='bbox 2231 1560 2364 1625; x_wconf 90' lang='lat' dir='ltr'><strong>lius;</strong></span> <span class='ocrx_word' id='word_1_567' title='bbox 2404 1571 2494 1614; x_wconf 88' lang='lat' dir='ltr'><strong>aut</strong></span> <span class='ocrx_word' id='word_1_568' title='bbox 2528 1561 2652 1615; x_wconf 81' lang='lat' dir='ltr'><strong>facit</strong></span> <span class='ocrx_word' id='word_1_569' title='bbox 2679 1562 2875 1632; x_wconf 89' lang='lat' dir='ltr'><strong>aliquid</strong></span> <span class='ocrx_word' id='word_1_570' title='bbox 2932 1563 3093 1616; x_wconf 88' lang='lat' dir='ltr'><strong>Filius</strong></span> <span class='ocrx_word' id='word_1_571' title='bbox 3117 1563 3258 1633; x_wconf 86' lang='lat' dir='ltr'><strong>quod</strong></span> <span class='ocrx_word' id='word_1_572' title='bbox 3296 1575 3406 1617; x_wconf 86' lang='lat' dir='ltr'><strong>non</strong></span> <span class='ocrx_word' id='word_1_573' title='bbox 3449 1563 3575 1618; x_wconf 82' lang='lat' dir='ltr'><strong>facit</strong></span> <span class='ocrx_word' id='word_1_574' title='bbox 3622 1565 3823 1620; x_wconf 77' lang='lat' dir='ltr'><strong>Pater?</strong></span> <span class='ocrx_word' id='word_1_575' title='bbox 3893 1632 3898 1636; x_wconf 21' lang='grc' dir='ltr'><strong>ι</strong></span> 
     </span>
    </p>
   </div>
   <div class='ocr_carea' id='block_1_75' title="bbox 2225 1651 3824 1714">
    <p class='ocr_par' dir='ltr' id='par_1_75' title="bbox 2225 1651 3824 1714">
     <span class='ocr_line' id='line_1_75' title="bbox 2225 1651 3824 1714; baseline 0.005 -9"><span class='ocrx_word' id='word_1_576' title='bbox 2225 1651 2444 1706; x_wconf 71' lang='lat' dir='ltr'><strong>interim</strong></span> <span class='ocrx_word' id='word_1_577' title='bbox 2481 1654 2549 1707; x_wconf 83' lang='lat' dir='ltr'><strong>de</strong></span> <span class='ocrx_word' id='word_1_578' title='bbox 2583 1654 2738 1708; x_wconf 86' lang='lat' dir='ltr'><strong>Patre</strong></span> <span class='ocrx_word' id='word_1_579' title='bbox 2765 1663 2819 1708; x_wconf 88' lang='lat' dir='ltr'><strong>et</strong></span> <span class='ocrx_word' id='word_1_580' title='bbox 2861 1654 2996 1709; x_wconf 90' lang='lat' dir='ltr'><strong>Filio</strong></span> <span class='ocrx_word' id='word_1_581' title='bbox 3025 1655 3282 1711; x_wconf 85' lang='lat' dir='ltr'><strong>dicamus.</strong></span> <span class='ocrx_word' id='word_1_582' title='bbox 3305 1654 3434 1710; x_wconf 86' lang='lat' dir='ltr'><strong>Cum</strong></span> <span class='ocrx_word' id='word_1_583' title='bbox 3478 1666 3656 1712; x_wconf 89' lang='lat' dir='ltr'><strong>autem</strong></span> <span class='ocrx_word' id='word_1_584' title='bbox 3698 1659 3824 1714; x_wconf 86' lang='lat' dir='ltr'><strong>hinc</strong></span> 
     </span>
    </p>
   </div>
   <div class='ocr_carea' id='block_1_76' title="bbox 2229 1747 3826 1821">
    <p class='ocr_par' dir='ltr' id='par_1_76' title="bbox 2229 1747 3826 1821">
     <span class='ocr_line' id='line_1_76' title="bbox 2229 1747 3826 1821; baseline 0.003 -20"><span class='ocrx_word' id='word_1_585' title='bbox 2229 1747 2528 1815; x_wconf 78' lang='lat' dir='ltr'><strong>expedierit</strong></span> <span class='ocrx_word' id='word_1_586' title='bbox 2569 1757 2816 1801; x_wconf 88' lang='lat' dir='ltr'><strong>conatum</strong></span> <span class='ocrx_word' id='word_1_587' title='bbox 2859 1758 3097 1802; x_wconf 87' lang='lat' dir='ltr'><strong>nostrum</strong></span> <span class='ocrx_word' id='word_1_588' title='bbox 3123 1791 3138 1815; x_wconf 95' lang='lat'><strong>,</strong></span> <span class='ocrx_word' id='word_1_589' title='bbox 3165 1751 3250 1803; x_wconf 84' lang='lat' dir='ltr'><strong>cui</strong></span> <span class='ocrx_word' id='word_1_590' title='bbox 3285 1750 3540 1818; x_wconf 85' lang='lat' dir='ltr'><strong>dicimus,</strong></span> <span class='ocrx_word' id='word_1_591' title='bbox 3598 1750 3826 1821; x_wconf 82' lang='lat' dir='ltr'><strong>Adjutor</strong></span> 
     </span>
    </p>
   </div>
   <div class='ocr_carea' id='block_1_77' title="bbox 2229 1839 3822 1913">
    <p class='ocr_par' dir='ltr' id='par_1_77' title="bbox 2229 1839 3822 1913">
     <span class='ocr_line' id='line_1_77' title="bbox 2229 1839 3822 1913; baseline 0.005 -23"><span class='ocrx_word' id='word_1_592' title='bbox 2229 1853 2371 1892; x_wconf 84' lang='lat' dir='ltr'><strong>meus</strong></span> <span class='ocrx_word' id='word_1_593' title='bbox 2395 1848 2516 1901; x_wconf 88' lang='lat' dir='ltr'><strong>esto,</strong></span> <span class='ocrx_word' id='word_1_594' title='bbox 2539 1855 2602 1891; x_wconf 84' lang='lat' dir='ltr'><strong>ne</strong></span> <span class='ocrx_word' id='word_1_595' title='bbox 2627 1839 2942 1910; x_wconf 77' lang='lat' dir='ltr'><strong>derelinquas</strong></span> <span class='ocrx_word' id='word_1_596' title='bbox 2964 1857 3041 1894; x_wconf 85' lang='lat' dir='ltr'><strong>me</strong></span> <span class='ocrx_word' id='word_1_597' title='bbox 3063 1839 3235 1912; x_wconf 79' lang='lat' dir='ltr'><strong>(Psal.</strong></span> <span class='ocrx_word' id='word_1_598' title='bbox 3267 1857 3411 1906; x_wconf 74' lang='lat' dir='ltr'><strong>xxvr,</strong></span> <span class='ocrx_word' id='word_1_599' title='bbox 3433 1842 3491 1913; x_wconf 90' lang='lat'><strong>9)</strong></span> <span class='ocrx_word' id='word_1_600' title='bbox 3519 1859 3532 1907; x_wconf 84' lang='lat'><strong>;</strong></span> <span class='ocrx_word' id='word_1_601' title='bbox 3565 1843 3822 1912; x_wconf 81' lang='lat' dir='ltr'><strong>intelligi-</strong></span> 
     </span>
    </p>
   </div>
   <div class='ocr_carea' id='block_1_78' title="bbox 2231 1930 3826 2000">
    <p class='ocr_par' dir='ltr' id='par_1_78' title="bbox 2231 1930 3826 2000">
     <span class='ocr_line' id='line_1_78' title="bbox 2231 1930 3826 2000; baseline 0.004 -17"><span class='ocrx_word' id='word_1_602' title='bbox 2231 1939 2318 1983; x_wconf 86' lang='lat' dir='ltr'><strong>tur</strong></span> <span class='ocrx_word' id='word_1_603' title='bbox 2343 1931 2501 1983; x_wconf 87' lang='lat' dir='ltr'><strong>etiam</strong></span> <span class='ocrx_word' id='word_1_604' title='bbox 2515 1930 2756 1998; x_wconf 83' lang='lat' dir='ltr'><strong>Spiritus</strong></span> <span class='ocrx_word' id='word_1_605' title='bbox 2783 1938 3000 1990; x_wconf 76' lang='lat' dir='ltr'><strong>sanctus</strong></span> <span class='ocrx_word' id='word_1_606' title='bbox 3019 1932 3085 1985; x_wconf 90' lang='lat' dir='ltr'><strong>ab</strong></span> <span class='ocrx_word' id='word_1_607' title='bbox 3105 1933 3606 2000; x_wconf 73' lang='lat' dir='ltr'><strong>operatione&#39;Patris</strong></span> <span class='ocrx_word' id='word_1_608' title='bbox 3623 1943 3681 1989; x_wconf 92' lang='lat' dir='ltr'><strong>et</strong></span> <span class='ocrx_word' id='word_1_609' title='bbox 3696 1933 3826 1990; x_wconf 84' lang='lat' dir='ltr'><strong>Filii</strong></span> 
     </span>
    </p>
   </div>
   <div class='ocr_carea' id='block_1_79' title="bbox 2232 2020 3822 2095">
    <p class='ocr_par' dir='ltr' id='par_1_79' title="bbox 2232 2020 3822 2095">
     <span class='ocr_line' id='line_1_79' title="bbox 2232 2020 3822 2095; baseline 0.006 -23"><span class='ocrx_word' id='word_1_610' title='bbox 2232 2034 2561 2088; x_wconf 84' lang='lat' dir='ltr'><strong>nequaquam</strong></span> <span class='ocrx_word' id='word_1_611' title='bbox 2589 2020 2882 2075; x_wconf 79' lang='lat' dir='ltr'><strong>discedere.</strong></span> <span class='ocrx_word' id='word_1_612' title='bbox 2908 2021 2983 2075; x_wconf 88' lang='lat' dir='ltr'><strong>De</strong></span> <span class='ocrx_word' id='word_1_613' title='bbox 3012 2021 3171 2077; x_wconf 89' lang='lat' dir='ltr'><strong>Patre</strong></span> <span class='ocrx_word' id='word_1_614' title='bbox 3191 2037 3316 2092; x_wconf 82' lang='lat' dir='ltr'><strong>ergo</strong></span> <span class='ocrx_word' id='word_1_615' title='bbox 3339 2033 3391 2078; x_wconf 91' lang='lat' dir='ltr'><strong>et</strong></span> <span class='ocrx_word' id='word_1_616' title='bbox 3415 2023 3572 2090; x_wconf 88' lang='lat' dir='ltr'><strong>Filio,</strong></span> <span class='ocrx_word' id='word_1_617' title='bbox 3602 2024 3822 2095; x_wconf 78' lang='lat' dir='ltr'><strong>fratres,</strong></span> 
     </span>
    </p>
   </div>
   <div class='ocr_carea' id='block_1_80' title="bbox 2231 2110 3823 2186">
    <p class='ocr_par' dir='ltr' id='par_1_80' title="bbox 2231 2110 3823 2186">
     <span class='ocr_line' id='line_1_80' title="bbox 2231 2110 3823 2186; baseline 0.005 -23"><span class='ocrx_word' id='word_1_618' title='bbox 2231 2110 2427 2165; x_wconf 88' lang='lat' dir='ltr'><strong>audite.</strong></span> <span class='ocrx_word' id='word_1_619' title='bbox 2462 2110 2608 2166; x_wconf 87' lang='lat' dir='ltr'><strong>Facit</strong></span> <span class='ocrx_word' id='word_1_620' title='bbox 2631 2112 2828 2180; x_wconf 78' lang='lat' dir='ltr'><strong>aliquit!</strong></span> <span class='ocrx_word' id='word_1_621' title='bbox 2861 2112 3018 2166; x_wconf 86' lang='lat' dir='ltr'><strong>Pater</strong></span> <span class='ocrx_word' id='word_1_622' title='bbox 3042 2113 3159 2169; x_wconf 90' lang='lat' dir='ltr'><strong>sine</strong></span> <span class='ocrx_word' id='word_1_623' title='bbox 3184 2111 3358 2168; x_wconf 86' lang='lat' dir='ltr'><strong>Filio?</strong></span> <span class='ocrx_word' id='word_1_624' title='bbox 3379 2111 3823 2186; x_wconf 65' lang='lat' dir='ltr'><strong>Respondemus,</strong></span> 
     </span>
    </p>
   </div>
   <div class='ocr_carea' id='block_1_81' title="bbox 2230 2191 3826 2280">
    <p class='ocr_par' dir='ltr' id='par_1_81' title="bbox 2230 2191 3826 2280">
     <span class='ocr_line' id='line_1_81' title="bbox 2230 2191 3826 2280; baseline 0.004 -22"><span class='ocrx_word' id='word_1_625' title='bbox 2230 2203 2367 2258; x_wconf 76' lang='lat' dir='ltr'><strong>Non.</strong></span> <span class='ocrx_word' id='word_1_626' title='bbox 2423 2206 2503 2258; x_wconf 86' lang='lat' dir='ltr'><strong>An</strong></span> <span class='ocrx_word' id='word_1_627' title='bbox 2551 2204 2844 2259; x_wconf 77' lang='lat' dir='ltr'><strong>dubitatis?</strong></span> <span class='ocrx_word' id='word_1_628' title='bbox 2884 2205 3020 2271; x_wconf 89' lang='lat' dir='ltr'><strong>Quid</strong></span> <span class='ocrx_word' id='word_1_629' title='bbox 3069 2208 3212 2261; x_wconf 80' lang='lat' dir='ltr'><strong>enim</strong></span> <span class='ocrx_word' id='word_1_630' title='bbox 3249 2191 3389 2262; x_wconf 31' lang='lat' dir='ltr'><strong>ﬁcit,</strong></span> <span class='ocrx_word' id='word_1_631' title='bbox 3423 2212 3539 2264; x_wconf 86' lang='lat' dir='ltr'><strong>sine</strong></span> <span class='ocrx_word' id='word_1_632' title='bbox 3568 2209 3700 2276; x_wconf 78' lang='lat' dir='ltr'><strong>illo,</strong></span> <span class='ocrx_word' id='word_1_633' title='bbox 3727 2217 3826 2280; x_wconf 83' lang='lat' dir='ltr'><strong>per</strong></span> 
     </span>
    </p>
   </div>
   <div class='ocr_carea' id='block_1_82' title="bbox 2231 2296 3827 2372">
    <p class='ocr_par' dir='ltr' id='par_1_82' title="bbox 2231 2296 3827 2372">
     <span class='ocr_line' id='line_1_82' title="bbox 2231 2296 3827 2372; baseline 0.003 -22"><span class='ocrx_word' id='word_1_634' title='bbox 2231 2311 2388 2366; x_wconf 86' lang='lat' dir='ltr'><strong>quem</strong></span> <span class='ocrx_word' id='word_1_635' title='bbox 2415 2296 2548 2350; x_wconf 84' lang='lat' dir='ltr'><strong>facta</strong></span> <span class='ocrx_word' id='word_1_636' title='bbox 2572 2305 2695 2350; x_wconf 82' lang='lat' dir='ltr'><strong>sunt</strong></span> <span class='ocrx_word' id='word_1_637' title='bbox 2723 2297 2939 2351; x_wconf 82' lang='lat' dir='ltr'><strong>omnia?</strong></span> <span class='ocrx_word' id='word_1_638' title='bbox 2967 2297 3152 2351; x_wconf 70' lang='lat' dir='ltr'><strong>Urania</strong></span> <span class='ocrx_word' id='word_1_639' title='bbox 3177 2341 3189 2356; x_wconf 84' lang='lat'><strong>.</strong></span> <span class='ocrx_word' id='word_1_640' title='bbox 3223 2299 3409 2368; x_wconf 88' lang='lat' dir='ltr'><strong>inquit,</strong></span> <span class='ocrx_word' id='word_1_641' title='bbox 3435 2316 3524 2369; x_wconf 82' lang='lat' dir='ltr'><strong>per</strong></span> <span class='ocrx_word' id='word_1_642' title='bbox 3543 2301 3713 2371; x_wconf 81' lang='lat' dir='ltr'><strong>ipsum</strong></span> <span class='ocrx_word' id='word_1_643' title='bbox 3745 2303 3827 2372; x_wconf 81' lang='lat' dir='ltr'><strong>[a-</strong></span> 
     </span>
    </p>
   </div>
   <div class='ocr_carea' id='block_1_83' title="bbox 2230 2390 3822 2464">
    <p class='ocr_par' dir='ltr' id='par_1_83' title="bbox 2230 2390 3822 2464">
     <span class='ocr_line' id='line_1_83' title="bbox 2230 2390 3822 2464; baseline 0.004 -22"><span class='ocrx_word' id='word_1_644' title='bbox 2230 2397 2310 2442; x_wconf 85' lang='lat' dir='ltr'><strong>cta</strong></span> <span class='ocrx_word' id='word_1_645' title='bbox 2333 2399 2467 2442; x_wconf 83' lang='lat' dir='ltr'><strong>sunt.</strong></span> <span class='ocrx_word' id='word_1_646' title='bbox 2493 2390 2559 2443; x_wconf 81' lang='lat' dir='ltr'><strong>Et</strong></span> <span class='ocrx_word' id='word_1_647' title='bbox 2579 2390 2766 2445; x_wconf 86' lang='lat' dir='ltr'><strong>satiate</strong></span> <span class='ocrx_word' id='word_1_648' title='bbox 2795 2391 3065 2446; x_wconf 77' lang='lat' dir='ltr'><strong>inculcatis</strong></span> <span class='ocrx_word' id='word_1_649' title='bbox 3087 2393 3250 2446; x_wconf 86' lang='lat' dir='ltr'><strong>tardis</strong></span> <span class='ocrx_word' id='word_1_650' title='bbox 3279 2393 3316 2456; x_wconf 76' lang='grc'>³,</span> <span class='ocrx_word' id='word_1_651' title='bbox 3347 2393 3525 2460; x_wconf 89' lang='lat' dir='ltr'><strong>duris,</strong></span> <span class='ocrx_word' id='word_1_652' title='bbox 3555 2393 3822 2464; x_wconf 80' lang='lat' dir='ltr'><strong>litigiosis,</strong></span> 
     </span>
    </p>
   </div>
   <div class='ocr_carea' id='block_1_84' title="bbox 2231 2479 3640 2555">
    <p class='ocr_par' dir='ltr' id='par_1_84' title="bbox 2231 2479 3640 2555">
     <span class='ocr_line' id='line_1_84' title="bbox 2231 2479 3640 2555; baseline 0.004 -21"><span class='ocrx_word' id='word_1_653' title='bbox 2231 2479 2450 2544; x_wconf 75' lang='lat' dir='ltr'><strong>addidit,</strong></span> <span class='ocrx_word' id='word_1_654' title='bbox 2480 2480 2548 2533; x_wconf 81' lang='lat' dir='ltr'><strong>Et</strong></span> <span class='ocrx_word' id='word_1_655' title='bbox 2569 2482 2677 2534; x_wconf 85' lang='lat' dir='ltr'><strong>sine</strong></span> <span class='ocrx_word' id='word_1_656' title='bbox 2695 2483 2804 2552; x_wconf 69' lang='lat' dir='ltr'><strong>ipso</strong></span> <span class='ocrx_word' id='word_1_657' title='bbox 2831 2487 3017 2553; x_wconf 81' lang='lat' dir='ltr'><strong>factum</strong></span> <span class='ocrx_word' id='word_1_658' title='bbox 3042 2493 3113 2537; x_wconf 86' lang='lat' dir='ltr'><strong>est</strong></span> <span class='ocrx_word' id='word_1_659' title='bbox 3133 2483 3266 2536; x_wconf 83' lang='lat' dir='ltr'><strong>nihil</strong></span> <span class='ocrx_word' id='word_1_660' title='bbox 3292 2483 3468 2555; x_wconf 87' lang='lat' dir='ltr'><strong>(Joan.</strong></span> <span class='ocrx_word' id='word_1_661' title='bbox 3498 2501 3535 2550; x_wconf 92' lang='grc' dir='ltr'><strong>ι,</strong></span> <span class='ocrx_word' id='word_1_662' title='bbox 3559 2485 3640 2554; x_wconf 82' lang='grc'><strong>5).</strong></span> 
     </span>
    </p>
   </div>
   <div class='ocr_carea' id='block_1_85' title="bbox 2302 2571 3825 2646">
    <p class='ocr_par' dir='ltr' id='par_1_85' title="bbox 2302 2571 3825 2646">
     <span class='ocr_line' id='line_1_85' title="bbox 2302 2571 3825 2646; baseline 0.004 -20"><span class='ocrx_word' id='word_1_663' title='bbox 2302 2573 2354 2626; x_wconf 83' lang='grc'><strong>5.</strong></span> <span class='ocrx_word' id='word_1_664' title='bbox 2389 2571 2544 2626; x_wconf 84' lang='lat' dir='ltr'><strong>Pater</strong></span> <span class='ocrx_word' id='word_1_665' title='bbox 2583 2575 2751 2626; x_wconf 80' lang='lat' dir='ltr'><strong>omnia</strong></span> <span class='ocrx_word' id='word_1_666' title='bbox 2791 2587 2880 2642; x_wconf 85' lang='lat' dir='ltr'><strong>per</strong></span> <span class='ocrx_word' id='word_1_667' title='bbox 2906 2573 2953 2626; x_wconf 85' lang='lat' dir='ltr'><strong>F</strong></span> <span class='ocrx_word' id='word_1_668' title='bbox 2955 2576 3096 2627; x_wconf 77' lang='lat' dir='ltr'><strong>ilium</strong></span> <span class='ocrx_word' id='word_1_669' title='bbox 3139 2585 3185 2628; x_wconf 85' lang='lat' dir='ltr'><strong>et</strong></span> <span class='ocrx_word' id='word_1_670' title='bbox 3226 2575 3342 2646; x_wconf 79' lang='lat' dir='ltr'><strong>fecit</strong></span> <span class='ocrx_word' id='word_1_671' title='bbox 3405 2585 3453 2628; x_wconf 90' lang='lat' dir='ltr'><strong>et</strong></span> <span class='ocrx_word' id='word_1_672' title='bbox 3494 2577 3638 2645; x_wconf 82' lang='lat' dir='ltr'><strong>regit.</strong></span> <span class='ocrx_word' id='word_1_673' title='bbox 3686 2571 3825 2646; x_wconf 81' lang='lat' dir='ltr'><strong>Quid</strong></span> 
     </span>
    </p>
   </div>
   <div class='ocr_carea' id='block_1_86' title="bbox 2232 2664 3825 2740">
    <p class='ocr_par' dir='ltr' id='par_1_86' title="bbox 2232 2664 3825 2740">
     <span class='ocr_line' id='line_1_86' title="bbox 2232 2664 3825 2740; baseline 0.003 -22"><span class='ocrx_word' id='word_1_674' title='bbox 2232 2664 2409 2736; x_wconf 74' lang='lat' dir='ltr'><strong>igitur,</strong></span> <span class='ocrx_word' id='word_1_675' title='bbox 2436 2665 2664 2719; x_wconf 80' lang='lat' dir='ltr'><strong>fratres?</strong></span> <span class='ocrx_word' id='word_1_676' title='bbox 2698 2664 2883 2720; x_wconf 84' lang='lat' dir='ltr'><strong>Omnia</strong></span> <span class='ocrx_word' id='word_1_677' title='bbox 2912 2682 2999 2736; x_wconf 88' lang='lat' dir='ltr'><strong>per</strong></span> <span class='ocrx_word' id='word_1_678' title='bbox 3027 2667 3190 2735; x_wconf 84' lang='lat' dir='ltr'><strong>ipsum</strong></span> <span class='ocrx_word' id='word_1_679' title='bbox 3230 2669 3532 2738; x_wconf 81' lang='lat' dir='ltr'><strong>factasunt;</strong></span> <span class='ocrx_word' id='word_1_680' title='bbox 3568 2668 3825 2740; x_wconf 81' lang='lat' dir='ltr'><strong>intelligi-</strong></span> 
     </span>
    </p>
   </div>
   <div class='ocr_carea' id='block_1_87' title="bbox 2233 2758 3823 2829">
    <p class='ocr_par' dir='ltr' id='par_1_87' title="bbox 2233 2758 3823 2829">
     <span class='ocr_line' id='line_1_87' title="bbox 2233 2758 3823 2829; baseline 0.001 -16"><span class='ocrx_word' id='word_1_681' title='bbox 2233 2775 2350 2813; x_wconf 90' lang='lat' dir='ltr'><strong>mus</strong></span> <span class='ocrx_word' id='word_1_682' title='bbox 2380 2760 2559 2828; x_wconf 88' lang='lat' dir='ltr'><strong>utique</strong></span> <span class='ocrx_word' id='word_1_683' title='bbox 2587 2758 2884 2813; x_wconf 87' lang='lat' dir='ltr'><strong>universam</strong></span> <span class='ocrx_word' id='word_1_684' title='bbox 2914 2769 3211 2814; x_wconf 84' lang='lat' dir='ltr'><strong>creaturam</strong></span> <span class='ocrx_word' id='word_1_685' title='bbox 3238 2758 3428 2814; x_wconf 83' lang='lat' dir='ltr'><strong>factam</strong></span> <span class='ocrx_word' id='word_1_686' title='bbox 3460 2773 3555 2828; x_wconf 85' lang='lat' dir='ltr'><strong>per</strong></span> <span class='ocrx_word' id='word_1_687' title='bbox 3585 2761 3786 2815; x_wconf 86' lang='lat' dir='ltr'><strong>Filium</strong></span> <span class='ocrx_word' id='word_1_688' title='bbox 3806 2802 3823 2829; x_wconf 92' lang='lat'><strong>,</strong></span> 
     </span>
    </p>
   </div>
   <div class='ocr_carea' id='block_1_88' title="bbox 2232 2845 3826 2922">
    <p class='ocr_par' dir='ltr' id='par_1_88' title="bbox 2232 2845 3826 2922">
     <span class='ocr_line' id='line_1_88' title="bbox 2232 2845 3826 2922; baseline 0.002 -18"><span class='ocrx_word' id='word_1_689' title='bbox 2232 2849 2427 2905; x_wconf 88' lang='lat' dir='ltr'><strong>fecisse</strong></span> <span class='ocrx_word' id='word_1_690' title='bbox 2453 2851 2662 2904; x_wconf 79' lang='lat' dir='ltr'><strong>Patrem</strong></span> <span class='ocrx_word' id='word_1_691' title='bbox 2692 2865 2785 2919; x_wconf 87' lang='lat' dir='ltr'><strong>per</strong></span> <span class='ocrx_word' id='word_1_692' title='bbox 2822 2851 3058 2905; x_wconf 77' lang='lat' dir='ltr'><strong>Verbum</strong></span> <span class='ocrx_word' id='word_1_693' title='bbox 3096 2865 3281 2917; x_wconf 88' lang='lat' dir='ltr'><strong>suum,</strong></span> <span class='ocrx_word' id='word_1_694' title='bbox 3316 2849 3482 2905; x_wconf 89' lang='lat' dir='ltr'><strong>Deum</strong></span> <span class='ocrx_word' id='word_1_695' title='bbox 3516 2845 3826 2922; x_wconf 36' lang='lat' dir='ltr'><strong>per&#39;Virtu-</strong></span> 
     </span>
    </p>
   </div>
   <div class='ocr_carea' id='block_1_89' title="bbox 2234 2943 3822 3013">
    <p class='ocr_par' dir='ltr' id='par_1_89' title="bbox 2234 2943 3822 3013">
     <span class='ocr_line' id='line_1_89' title="bbox 2234 2943 3822 3013; baseline 0.001 -15"><span class='ocrx_word' id='word_1_696' title='bbox 2234 2953 2340 2998; x_wconf 90' lang='lat' dir='ltr'><strong>tem</strong></span> <span class='ocrx_word' id='word_1_697' title='bbox 2378 2954 2432 2999; x_wconf 89' lang='lat' dir='ltr'><strong>et</strong></span> <span class='ocrx_word' id='word_1_698' title='bbox 2469 2944 2793 3013; x_wconf 88' lang='lat' dir='ltr'><strong>Sapientiam</strong></span> <span class='ocrx_word' id='word_1_699' title='bbox 2825 2955 2976 2995; x_wconf 88' lang='lat' dir='ltr'><strong>suam</strong></span> <span class='ocrx_word' id='word_1_700' title='bbox 3020 2960 3032 2995; x_wconf 95' lang='lat'><strong>:</strong></span> <span class='ocrx_word' id='word_1_701' title='bbox 3076 2943 3332 3012; x_wconf 85' lang='lat' dir='ltr'><strong>numquid</strong></span> <span class='ocrx_word' id='word_1_702' title='bbox 3373 2943 3564 2998; x_wconf 77' lang='lat' dir='ltr'><strong>&#39;diot‘uri</strong></span> <span class='ocrx_word' id='word_1_703' title='bbox 3609 2949 3822 3011; x_wconf 77' lang='lat' dir='ltr'><strong>sumtis,</strong></span> 
     </span>
    </p>
   </div>
   <div class='ocr_carea' id='block_1_90' title="bbox 2233 3032 3824 3104">
    <p class='ocr_par' dir='ltr' id='par_1_90' title="bbox 2233 3032 3824 3104">
     <span class='ocr_line' id='line_1_90' title="bbox 2233 3032 3824 3104; baseline -0.001 -15"><span class='ocrx_word' id='word_1_704' title='bbox 2233 3035 2419 3090; x_wconf 90' lang='lat' dir='ltr'><strong>Omnia</strong></span> <span class='ocrx_word' id='word_1_705' title='bbox 2445 3033 2662 3104; x_wconf 89' lang='lat' dir='ltr'><strong>quidem</strong></span> <span class='ocrx_word' id='word_1_706' title='bbox 2685 3076 2699 3101; x_wconf 97' lang='lat'><strong>,</strong></span> <span class='ocrx_word' id='word_1_707' title='bbox 2728 3032 2941 3104; x_wconf 89' lang='lat' dir='ltr'><strong>quando</strong></span> <span class='ocrx_word' id='word_1_708' title='bbox 2969 3040 3144 3087; x_wconf 89' lang='lat' dir='ltr'><strong>creata</strong></span> <span class='ocrx_word' id='word_1_709' title='bbox 3186 3043 3329 3097; x_wconf 89' lang='lat' dir='ltr'><strong>sunt,</strong></span> <span class='ocrx_word' id='word_1_710' title='bbox 3360 3040 3452 3103; x_wconf 85' lang='lat' dir='ltr'><strong>per</strong></span> <span class='ocrx_word' id='word_1_711' title='bbox 3487 3035 3660 3102; x_wconf 88' lang='lat' dir='ltr'><strong>ipsum</strong></span> <span class='ocrx_word' id='word_1_712' title='bbox 3689 3035 3824 3088; x_wconf 84' lang='lat' dir='ltr'><strong>facta</strong></span> 
     </span>
    </p>
   </div>
   <div class='ocr_carea' id='block_1_91' title="bbox 2233 3121 3827 3194">
    <p class='ocr_par' dir='ltr' id='par_1_91' title="bbox 2233 3121 3827 3194">
     <span class='ocr_line' id='line_1_91' title="bbox 2233 3121 3827 3194; baseline 0 -14"><span class='ocrx_word' id='word_1_713' title='bbox 2233 3133 2375 3192; x_wconf 86' lang='lat' dir='ltr'><strong>sunt,</strong></span> <span class='ocrx_word' id='word_1_714' title='bbox 2417 3125 2516 3180; x_wconf 82' lang='lat' dir='ltr'><strong>sed</strong></span> <span class='ocrx_word' id='word_1_715' title='bbox 2582 3140 2723 3178; x_wconf 90' lang='lat' dir='ltr'><strong>nunc</strong></span> <span class='ocrx_word' id='word_1_716' title='bbox 2769 3137 2877 3178; x_wconf 86' lang='lat' dir='ltr'><strong>non</strong></span> <span class='ocrx_word' id='word_1_717' title='bbox 2895 3125 3070 3178; x_wconf 89' lang='lat' dir='ltr'><strong>omnia</strong></span> <span class='ocrx_word' id='word_1_718' title='bbox 3109 3140 3202 3194; x_wconf 85' lang='lat' dir='ltr'><strong>per</strong></span> <span class='ocrx_word' id='word_1_719' title='bbox 3236 3125 3408 3194; x_wconf 90' lang='lat' dir='ltr'><strong>ipsum</strong></span> <span class='ocrx_word' id='word_1_720' title='bbox 3451 3126 3577 3180; x_wconf 85' lang='lat' dir='ltr'><strong>facit</strong></span> <span class='ocrx_word' id='word_1_721' title='bbox 3627 3121 3827 3181; x_wconf 76' lang='lat' dir='ltr'><strong>Pater?</strong></span> 
     </span>
    </p>
   </div>
   <div class='ocr_carea' id='block_1_92' title="bbox 2233 3215 3826 3285">
    <p class='ocr_par' dir='ltr' id='par_1_92' title="bbox 2233 3215 3826 3285">
     <span class='ocr_line' id='line_1_92' title="bbox 2233 3215 3826 3285; baseline 0 -13"><span class='ocrx_word' id='word_1_722' title='bbox 2233 3218 2405 3273; x_wconf 82' lang='lat' dir='ltr'><strong>Absit.</strong></span> <span class='ocrx_word' id='word_1_723' title='bbox 2425 3216 2665 3271; x_wconf 74' lang='lat' dir='ltr'><strong>Recedet</strong></span> <span class='ocrx_word' id='word_1_724' title='bbox 2687 3216 2800 3270; x_wconf 69' lang='lat' dir='ltr'><strong>haec</strong></span> <span class='ocrx_word' id='word_1_725' title='bbox 2838 3215 3086 3285; x_wconf 83' lang='lat' dir='ltr'><strong>cogitatio</strong></span> <span class='ocrx_word' id='word_1_726' title='bbox 3106 3231 3135 3268; x_wconf 90' lang='lat' dir='ltr'><strong>a</strong></span> <span class='ocrx_word' id='word_1_727' title='bbox 3158 3216 3390 3269; x_wconf 81' lang='lat' dir='ltr'><strong>ﬁdelium</strong></span> <span class='ocrx_word' id='word_1_728' title='bbox 3414 3216 3688 3283; x_wconf 90' lang='lat' dir='ltr'><strong>cordibus,</strong></span> <span class='ocrx_word' id='word_1_729' title='bbox 3713 3218 3826 3272; x_wconf 90' lang='lat' dir='ltr'><strong>abi-</strong></span> 
     </span>
    </p>
   </div>
   <div class='ocr_carea' id='block_1_93' title="bbox 2234 3307 3821 3382">
    <p class='ocr_par' dir='ltr' id='par_1_93' title="bbox 2234 3307 3821 3382">
     <span class='ocr_line' id='line_1_93' title="bbox 2234 3307 3821 3382; baseline 0 -18"><span class='ocrx_word' id='word_1_730' title='bbox 2234 3319 2388 3382; x_wconf 76' lang='lat' dir='ltr'><strong>gatur</strong></span> <span class='ocrx_word' id='word_1_731' title='bbox 2411 3323 2442 3361; x_wconf 89' lang='lat' dir='ltr'><strong>a</strong></span> <span class='ocrx_word' id='word_1_732' title='bbox 2469 3323 2626 3362; x_wconf 91' lang='lat' dir='ltr'><strong>sensu</strong></span> <span class='ocrx_word' id='word_1_733' title='bbox 2657 3308 2993 3374; x_wconf 87' lang='lat' dir='ltr'><strong>devotorum,</strong></span> <span class='ocrx_word' id='word_1_734' title='bbox 3024 3308 3091 3361; x_wconf 86' lang='lat' dir='ltr'><strong>ab</strong></span> <span class='ocrx_word' id='word_1_735' title='bbox 3121 3307 3392 3362; x_wconf 89' lang='lat' dir='ltr'><strong>intellectu</strong></span> <span class='ocrx_word' id='word_1_736' title='bbox 3423 3309 3648 3377; x_wconf 89' lang='lat' dir='ltr'><strong>piorum.</strong></span> <span class='ocrx_word' id='word_1_737' title='bbox 3677 3310 3821 3364; x_wconf 87' lang='lat' dir='ltr'><strong>Fieri</strong></span> 
     </span>
    </p>
   </div>
   <div class='ocr_carea' id='block_1_94' title="bbox 2233 3400 3822 3471">
    <p class='ocr_par' dir='ltr' id='par_1_94' title="bbox 2233 3400 3822 3471">
     <span class='ocr_line' id='line_1_94' title="bbox 2233 3400 3822 3471; baseline 0.001 -15"><span class='ocrx_word' id='word_1_738' title='bbox 2233 3415 2339 3456; x_wconf 90' lang='lat' dir='ltr'><strong>non</strong></span> <span class='ocrx_word' id='word_1_739' title='bbox 2367 3409 2538 3471; x_wconf 82' lang='lat' dir='ltr'><strong>potest</strong></span> <span class='ocrx_word' id='word_1_740' title='bbox 2560 3409 2615 3454; x_wconf 88' lang='lat' dir='ltr'><strong>ut</strong></span> <span class='ocrx_word' id='word_1_741' title='bbox 2643 3415 2738 3469; x_wconf 88' lang='lat' dir='ltr'><strong>per</strong></span> <span class='ocrx_word' id='word_1_742' title='bbox 2771 3400 2942 3468; x_wconf 87' lang='lat' dir='ltr'><strong>ipsum</strong></span> <span class='ocrx_word' id='word_1_743' title='bbox 2981 3401 3269 3466; x_wconf 81' lang='lat' dir='ltr'><strong>creaverit,</strong></span> <span class='ocrx_word' id='word_1_744' title='bbox 3298 3410 3351 3455; x_wconf 91' lang='lat' dir='ltr'><strong>et</strong></span> <span class='ocrx_word' id='word_1_745' title='bbox 3373 3411 3477 3455; x_wconf 78' lang='lat' dir='ltr'><strong>nun</strong></span> <span class='ocrx_word' id='word_1_746' title='bbox 3525 3416 3616 3470; x_wconf 91' lang='lat' dir='ltr'><strong>per</strong></span> <span class='ocrx_word' id='word_1_747' title='bbox 3643 3402 3822 3471; x_wconf 88' lang='lat' dir='ltr'><strong>ipsum</strong></span> 
     </span>
    </p>
   </div>
   <div class='ocr_carea' id='block_1_95' title="bbox 2233 3493 3824 3564">
    <p class='ocr_par' dir='ltr' id='par_1_95' title="bbox 2233 3493 3824 3564">
     <span class='ocr_line' id='line_1_95' title="bbox 2233 3493 3824 3564; baseline 0.001 -16"><span class='ocrx_word' id='word_1_748' title='bbox 2233 3493 2510 3563; x_wconf 73' lang='lat' dir='ltr'><strong>gubernet.</strong></span> <span class='ocrx_word' id='word_1_749' title='bbox 2539 3493 2690 3547; x_wconf 87' lang='lat' dir='ltr'><strong>Absit</strong></span> <span class='ocrx_word' id='word_1_750' title='bbox 2716 3502 2771 3545; x_wconf 92' lang='lat' dir='ltr'><strong>ut</strong></span> <span class='ocrx_word' id='word_1_751' title='bbox 2795 3493 2909 3547; x_wconf 82' lang='lat' dir='ltr'><strong>sine</strong></span> <span class='ocrx_word' id='word_1_752' title='bbox 2937 3493 3049 3562; x_wconf 84' lang='lat' dir='ltr'><strong>Ipso</strong></span> <span class='ocrx_word' id='word_1_753' title='bbox 3075 3501 3290 3561; x_wconf 83' lang='lat' dir='ltr'><strong>regatur</strong></span> <span class='ocrx_word' id='word_1_754' title='bbox 3316 3493 3456 3562; x_wconf 90' lang='lat' dir='ltr'><strong>quod</strong></span> <span class='ocrx_word' id='word_1_755' title='bbox 3479 3504 3580 3560; x_wconf 92' lang='lat' dir='ltr'><strong>est,</strong></span> <span class='ocrx_word' id='word_1_756' title='bbox 3609 3495 3824 3564; x_wconf 85' lang='lat' dir='ltr'><strong>quando</strong></span> 
     </span>
    </p>
   </div>
   <div class='ocr_carea' id='block_1_96' title="bbox 2235 3583 3823 3656">
    <p class='ocr_par' dir='ltr' id='par_1_96' title="bbox 2235 3583 3823 3656">
     <span class='ocr_line' id='line_1_96' title="bbox 2235 3583 3823 3656; baseline 0.002 -17"><span class='ocrx_word' id='word_1_757' title='bbox 2235 3599 2329 3656; x_wconf 87' lang='lat' dir='ltr'><strong>per</strong></span> <span class='ocrx_word' id='word_1_758' title='bbox 2360 3587 2528 3656; x_wconf 84' lang='lat' dir='ltr'><strong>ipsum</strong></span> <span class='ocrx_word' id='word_1_759' title='bbox 2556 3586 2752 3638; x_wconf 75' lang='lat' dir='ltr'><strong>factum</strong></span> <span class='ocrx_word' id='word_1_760' title='bbox 2773 3591 2861 3638; x_wconf 90' lang='lat' dir='ltr'><strong>‘est</strong></span> <span class='ocrx_word' id='word_1_761' title='bbox 2887 3592 2942 3638; x_wconf 88' lang='lat' dir='ltr'><strong>ut</strong></span> <span class='ocrx_word' id='word_1_762' title='bbox 2981 3595 3144 3649; x_wconf 82' lang='lat' dir='ltr'><strong>esset.</strong></span> <span class='ocrx_word' id='word_1_763' title='bbox 3177 3583 3282 3639; x_wconf 85' lang='lat' dir='ltr'><strong>Sed</strong></span> <span class='ocrx_word' id='word_1_764' title='bbox 3319 3585 3491 3639; x_wconf 89' lang='lat' dir='ltr'><strong>ethoc</strong></span> <span class='ocrx_word' id='word_1_765' title='bbox 3518 3586 3823 3642; x_wconf 87' lang='lat' dir='ltr'><strong>testimonio</strong></span> 
     </span>
    </p>
   </div>
   <div class='ocr_carea' id='block_1_97' title="bbox 2233 3677 3825 3750">
    <p class='ocr_par' dir='ltr' id='par_1_97' title="bbox 2233 3677 3825 3750">
     <span class='ocr_line' id='line_1_97' title="bbox 2233 3677 3825 3750; baseline 0.002 -16"><span class='ocrx_word' id='word_1_766' title='bbox 2233 3678 2518 3748; x_wconf 62' lang='lat' dir='ltr'><strong>Scriptura:</strong></span> <span class='ocrx_word' id='word_1_767' title='bbox 2553 3677 2874 3744; x_wconf 76' lang='lat' dir='ltr'><strong>doceamus,</strong></span> <span class='ocrx_word' id='word_1_768' title='bbox 2902 3679 3009 3731; x_wconf 74' lang='lat' dir='ltr'><strong>nan</strong></span> <span class='ocrx_word' id='word_1_769' title='bbox 3049 3678 3222 3732; x_wconf 89' lang='lat' dir='ltr'><strong>solum</strong></span> <span class='ocrx_word' id='word_1_770' title='bbox 3260 3693 3356 3750; x_wconf 90' lang='lat' dir='ltr'><strong>per</strong></span> <span class='ocrx_word' id='word_1_771' title='bbox 3381 3679 3553 3748; x_wconf 90' lang='lat' dir='ltr'><strong>ipsum</strong></span> <span class='ocrx_word' id='word_1_772' title='bbox 3603 3679 3745 3735; x_wconf 86' lang='lat' dir='ltr'><strong>facta</strong></span> <span class='ocrx_word' id='word_1_773' title='bbox 3771 3689 3825 3737; x_wconf 86' lang='lat' dir='ltr'><strong>et</strong></span> 
     </span>
    </p>
   </div>
   <div class='ocr_carea' id='block_1_98' title="bbox 2233 3763 3821 3839">
    <p class='ocr_par' dir='ltr' id='par_1_98' title="bbox 2233 3763 3821 3839">
     <span class='ocr_line' id='line_1_98' title="bbox 2233 3763 3821 3839; baseline 0.001 -13"><span class='ocrx_word' id='word_1_774' title='bbox 2233 3778 2413 3826; x_wconf 76' lang='lat' dir='ltr'><strong>creata</strong></span> <span class='ocrx_word' id='word_1_775' title='bbox 2439 3770 2639 3836; x_wconf 87' lang='lat' dir='ltr'><strong>omnia,</strong></span> <span class='ocrx_word' id='word_1_776' title='bbox 2661 3770 2798 3824; x_wconf 82' lang='lat' dir='ltr'><strong>sicut</strong></span> <span class='ocrx_word' id='word_1_777' title='bbox 2833 3779 2898 3824; x_wconf 73' lang='lat' dir='ltr'><strong>ex</strong></span> <span class='ocrx_word' id='word_1_778' title='bbox 2936 3763 3220 3839; x_wconf 73' lang='lat' dir='ltr'><strong>Evang‘éiio</strong></span> <span class='ocrx_word' id='word_1_779' title='bbox 3259 3773 3821 3839; x_wconf 82' lang='lat' dir='ltr'><strong>commemoravimus,</strong></span> 
     </span>
    </p>
   </div>
   <div class='ocr_carea' id='block_1_99' title="bbox 2239 3861 3826 3932">
    <p class='ocr_par' dir='ltr' id='par_1_99' title="bbox 2239 3861 3826 3932">
     <span class='ocr_line' id='line_1_99' title="bbox 2239 3861 3826 3932; baseline 0.001 -17"><span class='ocrx_word' id='word_1_780' title='bbox 2239 3861 2423 3916; x_wconf 82' lang='lat' dir='ltr'><strong>Omnia</strong></span> <span class='ocrx_word' id='word_1_781' title='bbox 2469 3869 2559 3931; x_wconf 79' lang='lat' dir='ltr'><strong>per</strong></span> <span class='ocrx_word' id='word_1_782' title='bbox 2587 3862 2755 3931; x_wconf 79' lang='lat' dir='ltr'><strong>ipsum</strong></span> <span class='ocrx_word' id='word_1_783' title='bbox 2802 3864 2936 3931; x_wconf 77' lang='lat' dir='ltr'><strong>facta</strong></span> <span class='ocrx_word' id='word_1_784' title='bbox 2969 3863 3106 3926; x_wconf 82' lang='lat' dir='ltr'><strong>sunt,</strong></span> <span class='ocrx_word' id='word_1_785' title='bbox 3139 3869 3184 3914; x_wconf 87' lang='lat' dir='ltr'><strong>et</strong></span> <span class='ocrx_word' id='word_1_786' title='bbox 3221 3862 3328 3916; x_wconf 77' lang='lat' dir='ltr'><strong>sine</strong></span> <span class='ocrx_word' id='word_1_787' title='bbox 3363 3861 3474 3932; x_wconf 79' lang='lat' dir='ltr'><strong>ipso</strong></span> <span class='ocrx_word' id='word_1_788' title='bbox 3513 3863 3707 3932; x_wconf 75' lang='lat' dir='ltr'><strong>factunz</strong></span> <span class='ocrx_word' id='word_1_789' title='bbox 3756 3871 3826 3919; x_wconf 87' lang='lat' dir='ltr'><strong>est</strong></span> 
     </span>
    </p>
   </div>
   <div class='ocr_carea' id='block_1_100' title="bbox 2235 3951 3823 4026">
    <p class='ocr_par' dir='ltr' id='par_1_100' title="bbox 2235 3951 3823 4026">
     <span class='ocr_line' id='line_1_100' title="bbox 2235 3951 3823 4026; baseline 0.003 -18"><span class='ocrx_word' id='word_1_790' title='bbox 2235 3955 2363 4008; x_wconf 77' lang='lat' dir='ltr'><strong>nihil</strong></span> <span class='ocrx_word' id='word_1_791' title='bbox 2387 3969 2406 4008; x_wconf 92' lang='lat'><strong><em>:</em></strong></span> <span class='ocrx_word' id='word_1_792' title='bbox 2431 3953 2524 4009; x_wconf 88' lang='lat' dir='ltr'><strong>sed</strong></span> <span class='ocrx_word' id='word_1_793' title='bbox 2547 3967 2642 4024; x_wconf 89' lang='lat' dir='ltr'><strong>per</strong></span> <span class='ocrx_word' id='word_1_794' title='bbox 2671 3954 2842 4023; x_wconf 84' lang='lat' dir='ltr'><strong>ipsum</strong></span> <span class='ocrx_word' id='word_1_795' title='bbox 2871 3953 3029 4007; x_wconf 87' lang='lat' dir='ltr'><strong>etiam</strong></span> <span class='ocrx_word' id='word_1_796' title='bbox 3065 3953 3175 4024; x_wconf 78' lang='lat' dir='ltr'><strong>regi</strong></span> <span class='ocrx_word' id='word_1_797' title='bbox 3203 3963 3255 4008; x_wconf 86' lang='lat' dir='ltr'><strong>et</strong></span> <span class='ocrx_word' id='word_1_798' title='bbox 3292 3951 3502 4024; x_wconf 86' lang='lat' dir='ltr'><strong>disponi</strong></span> <span class='ocrx_word' id='word_1_799' title='bbox 3531 3971 3649 4026; x_wconf 55' lang='lat' dir='ltr'><strong>quia</strong></span> <span class='ocrx_word' id='word_1_800' title='bbox 3683 3957 3823 4014; x_wconf 83' lang='lat' dir='ltr'><strong>facta</strong></span> 
     </span>
    </p>
   </div>
   <div class='ocr_carea' id='block_1_101' title="bbox 2236 4041 3826 4115">
    <p class='ocr_par' dir='ltr' id='par_1_101' title="bbox 2236 4041 3826 4115">
     <span class='ocr_line' id='line_1_101' title="bbox 2236 4041 3826 4115; baseline 0.004 -15"><span class='ocrx_word' id='word_1_801' title='bbox 2236 4055 2379 4101; x_wconf 80' lang='lat' dir='ltr'><strong>sunt.</strong></span> <span class='ocrx_word' id='word_1_802' title='bbox 2410 4045 2708 4115; x_wconf 80' lang='lat' dir='ltr'><strong>Agnoscitis</strong></span> <span class='ocrx_word' id='word_1_803' title='bbox 2753 4059 2878 4114; x_wconf 78' lang='lat' dir='ltr'><strong>ergo</strong></span> <span class='ocrx_word' id='word_1_804' title='bbox 2903 4041 3172 4099; x_wconf 85' lang='lat' dir='ltr'><strong>Christum</strong></span> <span class='ocrx_word' id='word_1_805' title='bbox 3211 4045 3302 4100; x_wconf 91' lang='lat' dir='ltr'><strong>Dei</strong></span> <span class='ocrx_word' id='word_1_806' title='bbox 3321 4045 3590 4102; x_wconf 80' lang='lat' dir='ltr'><strong>Virtutem</strong></span> <span class='ocrx_word' id='word_1_807' title='bbox 3630 4059 3689 4103; x_wconf 89' lang='lat' dir='ltr'><strong>et</strong></span> <span class='ocrx_word' id='word_1_808' title='bbox 3730 4051 3826 4106; x_wconf 88' lang='lat' dir='ltr'><strong>Dei</strong></span> 
     </span>
    </p>
   </div>
   <div class='ocr_carea' id='block_1_102' title="bbox 2237 4135 3826 4207">
    <p class='ocr_par' dir='ltr' id='par_1_102' title="bbox 2237 4135 3826 4207">
     <span class='ocr_line' id='line_1_102' title="bbox 2237 4135 3826 4207; baseline 0.002 -16"><span class='ocrx_word' id='word_1_809' title='bbox 2237 4138 2558 4202; x_wconf 82' lang='lat' dir='ltr'><strong>Sapientiam</strong></span> <span class='ocrx_word' id='word_1_810' title='bbox 2585 4155 2597 4189; x_wconf 90' lang='lat'>:</span> <span class='ocrx_word' id='word_1_811' title='bbox 2643 4135 2916 4205; x_wconf 77' lang='lat' dir='ltr'><strong>agnoscite</strong></span> <span class='ocrx_word' id='word_1_812' title='bbox 2940 4135 3142 4190; x_wconf 75' lang='lat' dir='ltr'><strong>dictum</strong></span> <span class='ocrx_word' id='word_1_813' title='bbox 3161 4146 3214 4191; x_wconf 90' lang='lat' dir='ltr'><strong>et</strong></span> <span class='ocrx_word' id='word_1_814' title='bbox 3238 4136 3304 4191; x_wconf 91' lang='lat' dir='ltr'><strong>de</strong></span> <span class='ocrx_word' id='word_1_815' title='bbox 3321 4136 3619 4207; x_wconf 85' lang='lat' dir='ltr'><strong>Sapientia,</strong></span> <span class='ocrx_word' id='word_1_816' title='bbox 3651 4141 3826 4194; x_wconf 84' lang='lat' dir='ltr'><strong>Attin—</strong></span> 
     </span>
    </p>
   </div>
   <div class='ocr_carea' id='block_1_103' title="bbox 2237 4227 3827 4301">
    <p class='ocr_par' dir='ltr' id='par_1_103' title="bbox 2237 4227 3827 4301">
     <span class='ocr_line' id='line_1_103' title="bbox 2237 4227 3827 4301; baseline 0.003 -21"><span class='ocrx_word' id='word_1_817' title='bbox 2237 4230 2306 4301; x_wconf 83' lang='lat' dir='ltr'><strong>gil</strong></span> <span class='ocrx_word' id='word_1_818' title='bbox 2329 4247 2359 4280; x_wconf 89' lang='lat' dir='ltr'><strong>a</strong></span> <span class='ocrx_word' id='word_1_819' title='bbox 2377 4229 2481 4296; x_wconf 26' lang='lat' dir='ltr'><strong>{ﬁne</strong></span> <span class='ocrx_word' id='word_1_820' title='bbox 2508 4243 2665 4298; x_wconf 77' lang='lat' dir='ltr'><strong>usque</strong></span> <span class='ocrx_word' id='word_1_821' title='bbox 2689 4227 2756 4279; x_wconf 86' lang='lat' dir='ltr'><strong>ad</strong></span> <span class='ocrx_word' id='word_1_822' title='bbox 2782 4227 2931 4295; x_wconf 70' lang='lat' dir='ltr'><strong>ﬁnem</strong></span> <span class='ocrx_word' id='word_1_823' title='bbox 2950 4228 3175 4295; x_wconf 82' lang='lat' dir='ltr'><strong>fortiter,</strong></span> <span class='ocrx_word' id='word_1_824' title='bbox 3200 4239 3244 4282; x_wconf 89' lang='lat' dir='ltr'><strong>et</strong></span> <span class='ocrx_word' id='word_1_825' title='bbox 3266 4230 3486 4298; x_wconf 82' lang='lat' dir='ltr'><strong>disponit</strong></span> <span class='ocrx_word' id='word_1_826' title='bbox 3508 4232 3677 4284; x_wconf 80' lang='lat' dir='ltr'><strong>omm&#39;a</strong></span> <span class='ocrx_word' id='word_1_827' title='bbox 3705 4250 3827 4286; x_wconf 80' lang='lat' dir='ltr'><strong>sua-</strong></span> 
     </span>
    </p>
   </div>
   <div class='ocr_carea' id='block_1_104' title="bbox 2238 4318 3825 4392">
    <p class='ocr_par' dir='ltr' id='par_1_104' title="bbox 2238 4318 3825 4392">
     <span class='ocr_line' id='line_1_104' title="bbox 2238 4318 3825 4392; baseline 0.002 -18"><span class='ocrx_word' id='word_1_828' title='bbox 2238 4323 2362 4375; x_wconf 78' lang='lat' dir='ltr'><strong>viter</strong></span> <span class='ocrx_word' id='word_1_829' title='bbox 2401 4321 2555 4390; x_wconf 87' lang='lat' dir='ltr'><strong>(Sap.</strong></span> <span class='ocrx_word' id='word_1_830' title='bbox 2593 4334 2684 4373; x_wconf 87' lang='lat' dir='ltr'><strong>vut</strong></span> <span class='ocrx_word' id='word_1_831' title='bbox 2707 4361 2722 4386; x_wconf 93' lang='lat'><strong>,</strong></span> <span class='ocrx_word' id='word_1_832' title='bbox 2753 4321 2824 4388; x_wconf 84' lang='grc'><strong>1).</strong></span> <span class='ocrx_word' id='word_1_833' title='bbox 2852 4318 2969 4373; x_wconf 83' lang='grc' dir='ltr'><strong>Νοη</strong></span> <span class='ocrx_word' id='word_1_834' title='bbox 3016 4335 3141 4390; x_wconf 84' lang='lat' dir='ltr'><strong>ergo</strong></span> <span class='ocrx_word' id='word_1_835' title='bbox 3179 4321 3482 4375; x_wconf 75' lang='lat' dir='ltr'><strong>dubitemus</strong></span> <span class='ocrx_word' id='word_1_836' title='bbox 3529 4337 3622 4391; x_wconf 89' lang='lat' dir='ltr'><strong>per</strong></span> <span class='ocrx_word' id='word_1_837' title='bbox 3648 4323 3825 4392; x_wconf 89' lang='lat' dir='ltr'><strong>ipsum</strong></span> 
     </span>
    </p>
   </div>
   <div class='ocr_carea' id='block_1_105' title="bbox 2238 4410 3826 4486">
    <p class='ocr_par' dir='ltr' id='par_1_105' title="bbox 2238 4410 3826 4486">
     <span class='ocr_line' id='line_1_105' title="bbox 2238 4410 3826 4486; baseline 0.003 -20"><span class='ocrx_word' id='word_1_838' title='bbox 2238 4413 2351 4482; x_wconf 84' lang='lat' dir='ltr'><strong>regi</strong></span> <span class='ocrx_word' id='word_1_839' title='bbox 2373 4411 2567 4476; x_wconf 90' lang='lat' dir='ltr'><strong>omnia,</strong></span> <span class='ocrx_word' id='word_1_840' title='bbox 2600 4423 2694 4479; x_wconf 90' lang='lat' dir='ltr'><strong>per</strong></span> <span class='ocrx_word' id='word_1_841' title='bbox 2719 4419 2874 4481; x_wconf 89' lang='lat' dir='ltr'><strong>quem</strong></span> <span class='ocrx_word' id='word_1_842' title='bbox 2913 4410 3050 4465; x_wconf 80' lang='lat' dir='ltr'><strong>facta</strong></span> <span class='ocrx_word' id='word_1_843' title='bbox 3073 4413 3207 4466; x_wconf 83' lang='lat' dir='ltr'><strong>sunt</strong></span> <span class='ocrx_word' id='word_1_844' title='bbox 3235 4414 3430 4466; x_wconf 81' lang='lat' dir='ltr'><strong>omnia.</strong></span> <span class='ocrx_word' id='word_1_845' title='bbox 3460 4411 3600 4468; x_wconf 86' lang='lat' dir='ltr'><strong>Nihil</strong></span> <span class='ocrx_word' id='word_1_846' title='bbox 3642 4416 3826 4486; x_wconf 89' lang='lat' dir='ltr'><strong>itaque</strong></span> 
     </span>
    </p>
   </div>
   <div class='ocr_carea' id='block_1_106' title="bbox 2239 4497 3567 4568">
    <p class='ocr_par' dir='ltr' id='par_1_106' title="bbox 2239 4497 3567 4568">
     <span class='ocr_line' id='line_1_106' title="bbox 2239 4497 3567 4568; baseline 0 -8"><span class='ocrx_word' id='word_1_847' title='bbox 2239 4504 2396 4560; x_wconf 82' lang='lat' dir='ltr'><strong>Pater</strong></span> <span class='ocrx_word' id='word_1_848' title='bbox 2422 4503 2714 4568; x_wconf 64' lang='lat' dir='ltr'><strong>sine‘Filio,</strong></span> <span class='ocrx_word' id='word_1_849' title='bbox 2737 4503 2874 4556; x_wconf 81' lang='lat' dir='ltr'><strong>nihil</strong></span> <span class='ocrx_word' id='word_1_850' title='bbox 2903 4499 3072 4558; x_wconf 82' lang='lat' dir='ltr'><strong>Filius</strong></span> <span class='ocrx_word' id='word_1_851' title='bbox 3099 4505 3213 4558; x_wconf 87' lang='lat' dir='ltr'><strong>sine</strong></span> <span class='ocrx_word' id='word_1_852' title='bbox 3243 4499 3397 4559; x_wconf 85' lang='lat' dir='ltr'><strong>Patre</strong></span> <span class='ocrx_word' id='word_1_853' title='bbox 3424 4497 3567 4560; x_wconf 59' lang='lat' dir='ltr'><strong>facit.</strong></span> 
     </span>
    </p>
   </div>
   <div class='ocr_carea' id='block_1_107' title="bbox 2309 4593 3825 4669">
    <p class='ocr_par' dir='ltr' id='par_1_107' title="bbox 2309 4593 3825 4669">
     <span class='ocr_line' id='line_1_107' title="bbox 2309 4593 3825 4669; baseline 0.003 -17"><span class='ocrx_word' id='word_1_854' title='bbox 2309 4600 2362 4652; x_wconf 81' lang='grc'><strong>6.</strong></span> <span class='ocrx_word' id='word_1_855' title='bbox 2396 4597 2685 4668; x_wconf 80' lang='lat' dir='ltr'><strong>Difﬁcultas</strong></span> <span class='ocrx_word' id='word_1_856' title='bbox 2723 4613 2740 4650; x_wconf 92' lang='lat'><em>:</em></span> <span class='ocrx_word' id='word_1_857' title='bbox 2777 4611 2843 4650; x_wconf 87' lang='lat' dir='ltr'><strong>an</strong></span> <span class='ocrx_word' id='word_1_858' title='bbox 2859 4593 2990 4650; x_wconf 63' lang='lat' dir='ltr'><strong>Filii</strong></span> <span class='ocrx_word' id='word_1_859' title='bbox 3022 4599 3254 4652; x_wconf 70' lang='lat' dir='ltr'><strong>itativitas</strong></span> <span class='ocrx_word' id='word_1_860' title='bbox 3293 4608 3338 4653; x_wconf 90' lang='lat' dir='ltr'><strong>et</strong></span> <span class='ocrx_word' id='word_1_861' title='bbox 3375 4601 3543 4669; x_wconf 84' lang='lat' dir='ltr'><strong>passio</strong></span> <span class='ocrx_word' id='word_1_862' title='bbox 3579 4601 3642 4654; x_wconf 86' lang='lat' dir='ltr'><strong>sit</strong></span> <span class='ocrx_word' id='word_1_863' title='bbox 3674 4603 3825 4656; x_wconf 83' lang='lat' dir='ltr'><strong>etiam</strong></span> 
     </span>
    </p>
   </div>
   <div class='ocr_carea' id='block_1_108' title="bbox 2243 4689 3828 4765">
    <p class='ocr_par' dir='ltr' id='par_1_108' title="bbox 2243 4689 3828 4765">
     <span class='ocr_line' id='line_1_108' title="bbox 2243 4689 3828 4765; baseline 0.004 -22"><span class='ocrx_word' id='word_1_864' title='bbox 2243 4689 2432 4744; x_wconf 79' lang='lat' dir='ltr'><strong>Patris.</strong></span> <span class='ocrx_word' id='word_1_865' title='bbox 2499 4689 2996 4760; x_wconf 81' lang='lat' dir='ltr'><strong>Patripassianormn</strong></span> <span class='ocrx_word' id='word_1_866' title='bbox 3058 4689 3280 4744; x_wconf 61' lang='lat' dir='ltr'><strong>haeresis.</strong></span> <span class='ocrx_word' id='word_1_867' title='bbox 3340 4689 3581 4747; x_wconf 85' lang='lat' dir='ltr'><strong>Occurrit</strong></span> <span class='ocrx_word' id='word_1_868' title='bbox 3649 4695 3828 4765; x_wconf 81' lang='lat' dir='ltr'><strong>itaque</strong></span> 
     </span>
    </p>
   </div>
   <div class='ocr_carea' id='block_1_109' title="bbox 2241 4781 3830 4855">
    <p class='ocr_par' dir='ltr' id='par_1_109' title="bbox 2241 4781 3830 4855">
     <span class='ocr_line' id='line_1_109' title="bbox 2241 4781 3830 4855; baseline 0.004 -20"><span class='ocrx_word' id='word_1_869' title='bbox 2241 4784 2498 4855; x_wconf 78' lang='lat' dir='ltr'><strong>quaestio,</strong></span> <span class='ocrx_word' id='word_1_870' title='bbox 2525 4791 2682 4852; x_wconf 77' lang='lat' dir='ltr'><strong>qnam</strong></span> <span class='ocrx_word' id='word_1_871' title='bbox 2728 4783 2781 4836; x_wconf 91' lang='lat' dir='ltr'><strong>in</strong></span> <span class='ocrx_word' id='word_1_872' title='bbox 2821 4782 3036 4836; x_wconf 85' lang='lat' dir='ltr'><strong>nomine</strong></span> <span class='ocrx_word' id='word_1_873' title='bbox 3073 4781 3280 4836; x_wconf 86' lang='lat' dir='ltr'><strong>Domini</strong></span> <span class='ocrx_word' id='word_1_874' title='bbox 3321 4792 3374 4837; x_wconf 88' lang='lat' dir='ltr'><strong>et</strong></span> <span class='ocrx_word' id='word_1_875' title='bbox 3411 4783 3523 4853; x_wconf 89' lang='lat' dir='ltr'><strong>ejus</strong></span> <span class='ocrx_word' id='word_1_876' title='bbox 3554 4786 3830 4842; x_wconf 81' lang='lat' dir='ltr'><strong>voluntate</strong></span> 
     </span>
    </p>
   </div>
   <div class='ocr_carea' id='block_1_110' title="bbox 2243 4875 3827 4945">
    <p class='ocr_par' dir='ltr' id='par_1_110' title="bbox 2243 4875 3827 4945">
     <span class='ocr_line' id='line_1_110' title="bbox 2243 4875 3827 4945; baseline -0.002 -12"><span class='ocrx_word' id='word_1_877' title='bbox 2243 4878 2548 4933; x_wconf 86' lang='lat' dir='ltr'><strong>solvendam</strong></span> <span class='ocrx_word' id='word_1_878' title='bbox 2572 4877 2923 4945; x_wconf 87' lang='lat' dir='ltr'><strong>suscepimus.</strong></span> <span class='ocrx_word' id='word_1_879' title='bbox 2949 4875 3158 4930; x_wconf 77' lang='lat' dir='ltr'><strong>Si&#39;nibil</strong></span> <span class='ocrx_word' id='word_1_880' title='bbox 3186 4876 3310 4930; x_wconf 76' lang='lat' dir='ltr'><strong>facit</strong></span> <span class='ocrx_word' id='word_1_881' title='bbox 3334 4877 3494 4932; x_wconf 90' lang='lat' dir='ltr'><strong>Pater</strong></span> <span class='ocrx_word' id='word_1_882' title='bbox 3513 4878 3626 4932; x_wconf 88' lang='lat' dir='ltr'><strong>sine</strong></span> <span class='ocrx_word' id='word_1_883' title='bbox 3653 4877 3793 4932; x_wconf 88' lang='lat' dir='ltr'><strong>Filio</strong></span> <span class='ocrx_word' id='word_1_884' title='bbox 3811 4920 3827 4945; x_wconf 94' lang='lat'><strong>,</strong></span> 
     </span>
    </p>
   </div>
   <div class='ocr_carea' id='block_1_111' title="bbox 2244 4967 3832 5038">
    <p class='ocr_par' dir='ltr' id='par_1_111' title="bbox 2244 4967 3832 5038">
     <span class='ocr_line' id='line_1_111' title="bbox 2244 4967 3832 5038; baseline -0.001 -14"><span class='ocrx_word' id='word_1_885' title='bbox 2244 4980 2298 5024; x_wconf 91' lang='lat' dir='ltr'><strong>et</strong></span> <span class='ocrx_word' id='word_1_886' title='bbox 2324 4969 2451 5023; x_wconf 85' lang='lat' dir='ltr'><strong>nihil</strong></span> <span class='ocrx_word' id='word_1_887' title='bbox 2495 4968 2659 5023; x_wconf 85' lang='lat' dir='ltr'><strong>Filius</strong></span> <span class='ocrx_word' id='word_1_888' title='bbox 2709 4968 2821 5021; x_wconf 78' lang='lat' dir='ltr'><strong>sine</strong></span> <span class='ocrx_word' id='word_1_889' title='bbox 2863 4967 3018 5021; x_wconf 82' lang='lat' dir='ltr'><strong>Patre</strong></span> <span class='ocrx_word' id='word_1_890' title='bbox 3043 4983 3057 5030; x_wconf 89' lang='lat'><strong>;</strong></span> <span class='ocrx_word' id='word_1_891' title='bbox 3085 4977 3262 5021; x_wconf 82' lang='lat' dir='ltr'><strong>neune</strong></span> <span class='ocrx_word' id='word_1_892' title='bbox 3297 4970 3449 5037; x_wconf 82' lang='lat' dir='ltr'><strong>quasi</strong></span> <span class='ocrx_word' id='word_1_893' title='bbox 3491 4983 3832 5038; x_wconf 81' lang='lat' dir='ltr'><strong>consequens</strong></span> 
     </span>
    </p>
   </div>
   <div class='ocr_carea' id='block_1_112' title="bbox 2245 5054 3851 5131">
    <p class='ocr_par' dir='ltr' id='par_1_112' title="bbox 2245 5054 3851 5131">
     <span class='ocr_line' id='line_1_112' title="bbox 2245 5054 3851 5131; baseline -0.002 -14"><span class='ocrx_word' id='word_1_894' title='bbox 2245 5063 2346 5117; x_wconf 87' lang='lat' dir='ltr'><strong>erit</strong></span> <span class='ocrx_word' id='word_1_895' title='bbox 2387 5070 2443 5114; x_wconf 90' lang='lat' dir='ltr'><strong>ut</strong></span> <span class='ocrx_word' id='word_1_896' title='bbox 2481 5069 2533 5114; x_wconf 89' lang='lat' dir='ltr'><strong>et</strong></span> <span class='ocrx_word' id='word_1_897' title='bbox 2570 5061 2778 5113; x_wconf 68' lang='lat' dir='ltr'><strong>Patrem</strong></span> <span class='ocrx_word' id='word_1_898' title='bbox 2809 5059 3046 5112; x_wconf 79' lang='lat' dir='ltr'><strong>dicamus</strong></span> <span class='ocrx_word' id='word_1_899' title='bbox 3085 5065 3262 5112; x_wconf 86' lang='lat' dir='ltr'><strong>natum</strong></span> <span class='ocrx_word' id='word_1_900' title='bbox 3301 5060 3364 5113; x_wconf 86' lang='lat' dir='ltr'><strong>de</strong></span> <span class='ocrx_word' id='word_1_901' title='bbox 3394 5061 3600 5131; x_wconf 81' lang='lat' dir='ltr'><strong>virgine</strong></span> <span class='ocrx_word' id='word_1_902' title='bbox 3639 5054 3851 5128; x_wconf 78' lang='lat' dir='ltr'><strong>Maria,’</strong></span> 
     </span>
    </p>
   </div>
   <div class='ocr_carea' id='block_1_113' title="bbox 2244 5142 3836 5220">
    <p class='ocr_par' dir='ltr' id='par_1_113' title="bbox 2244 5142 3836 5220">
     <span class='ocr_line' id='line_1_113' title="bbox 2244 5142 3836 5220; baseline -0.001 -12"><span class='ocrx_word' id='word_1_903' title='bbox 2244 5154 2456 5208; x_wconf 87' lang='lat' dir='ltr'><strong>Patrem</strong></span> <span class='ocrx_word' id='word_1_904' title='bbox 2502 5163 2714 5220; x_wconf 84' lang='lat' dir='ltr'><strong>passum</strong></span> <span class='ocrx_word' id='word_1_905' title='bbox 2772 5151 2870 5204; x_wconf 87' lang='lat' dir='ltr'><strong>sub</strong></span> <span class='ocrx_word' id='word_1_906' title='bbox 2921 5142 3110 5204; x_wconf 83' lang='lat' dir='ltr'><strong>Pontio</strong></span> <span class='ocrx_word' id='word_1_907' title='bbox 3165 5143 3365 5217; x_wconf 80' lang='lat' dir='ltr'><strong>Pilato,</strong></span> <span class='ocrx_word' id='word_1_908' title='bbox 3397 5149 3606 5207; x_wconf 80' lang='lat' dir='ltr'><strong>Patrem</strong></span> <span class='ocrx_word' id='word_1_909' title='bbox 3652 5167 3836 5208; x_wconf 88' lang='lat' dir='ltr'><strong>resur-</strong></span> 
     </span>
    </p>
   </div>
   <div class='ocr_carea' id='block_1_114' title="bbox 2247 5239 3835 5298">
    <p class='ocr_par' dir='ltr' id='par_1_114' title="bbox 2247 5239 3835 5298">
     <span class='ocr_line' id='line_1_114' title="bbox 2247 5239 3835 5298; baseline 0.001 -1"><span class='ocrx_word' id='word_1_910' title='bbox 2247 5244 2448 5298; x_wconf 80' lang='lat' dir='ltr'><strong>rexisse</strong></span> <span class='ocrx_word' id='word_1_911' title='bbox 2476 5247 2528 5295; x_wconf 79' lang='lat' dir='ltr'><strong>et</strong></span> <span class='ocrx_word' id='word_1_912' title='bbox 2557 5240 2606 5294; x_wconf 83' lang='lat' dir='ltr'><strong>in</strong></span> <span class='ocrx_word' id='word_1_913' title='bbox 2631 5239 2822 5294; x_wconf 65' lang='lat' dir='ltr'><strong>cretum</strong></span> <span class='ocrx_word' id='word_1_914' title='bbox 2855 5240 3157 5295; x_wconf 75' lang='lat' dir='ltr'><strong>as‘cendiSSc</strong></span> <span class='ocrx_word' id='word_1_915' title='bbox 3179 5241 3202 5294; x_wconf 78' lang='lat' dir='ltr'><strong>&#39;t</strong></span> <span class='ocrx_word' id='word_1_916' title='bbox 3224 5241 3391 5295; x_wconf 73' lang='lat' dir='ltr'><strong>Absit.</strong></span> <span class='ocrx_word' id='word_1_917' title='bbox 3421 5239 3536 5297; x_wconf 76' lang='lat' dir='ltr'><strong>Nan</strong></span> <span class='ocrx_word' id='word_1_918' title='bbox 3569 5242 3668 5297; x_wconf 91' lang='lat' dir='ltr'><strong>hoc</strong></span> <span class='ocrx_word' id='word_1_919' title='bbox 3697 5244 3835 5298; x_wconf 87' lang='lat' dir='ltr'><strong>dici-</strong></span> 
     </span>
    </p>
   </div>
   <div class='ocr_carea' id='block_1_115' title="bbox 2248 5332 3834 5405">
    <p class='ocr_par' dir='ltr' id='par_1_115' title="bbox 2248 5332 3834 5405">
     <span class='ocr_line' id='line_1_115' title="bbox 2248 5332 3834 5405; baseline -0.002 -13"><span class='ocrx_word' id='word_1_920' title='bbox 2248 5353 2385 5402; x_wconf 83' lang='lat' dir='ltr'><strong>mus,</strong></span> <span class='ocrx_word' id='word_1_921' title='bbox 2419 5336 2539 5405; x_wconf 87' lang='lat' dir='ltr'><strong>quia</strong></span> <span class='ocrx_word' id='word_1_922' title='bbox 2585 5341 2693 5388; x_wconf 72' lang='lat' dir='ltr'><strong>non</strong></span> <span class='ocrx_word' id='word_1_923' title='bbox 2741 5333 2845 5387; x_wconf 89' lang='lat' dir='ltr'><strong>hoc</strong></span> <span class='ocrx_word' id='word_1_924' title='bbox 2883 5332 3169 5387; x_wconf 79' lang='lat' dir='ltr'><strong>credimus.</strong></span> <span class='ocrx_word' id='word_1_925' title='bbox 3217 5332 3421 5388; x_wconf 79' lang='lat' dir='ltr'><strong>Credidi</strong></span> <span class='ocrx_word' id='word_1_926' title='bbox 3459 5336 3598 5389; x_wconf 91' lang='lat' dir='ltr'><strong>enim</strong></span> <span class='ocrx_word' id='word_1_927' title='bbox 3622 5346 3834 5405; x_wconf 87' lang='lat' dir='ltr'><strong>propter</strong></span> 
     </span>
    </p>
   </div>
   <div class='ocr_carea' id='block_1_116' title="bbox 2248 5427 3834 5502">
    <p class='ocr_par' dir='ltr' id='par_1_116' title="bbox 2248 5427 3834 5502">
     <span class='ocr_line' id='line_1_116' title="bbox 2248 5427 3834 5502; baseline -0.001 -19"><span class='ocrx_word' id='word_1_928' title='bbox 2248 5432 2380 5502; x_wconf 70' lang='lat' dir='ltr'><strong>quod</strong></span> <span class='ocrx_word' id='word_1_929' title='bbox 2405 5431 2598 5482; x_wconf 77' lang='lat' dir='ltr'><strong>locutus</strong></span> <span class='ocrx_word' id='word_1_930' title='bbox 2624 5431 2734 5480; x_wconf 84' lang='lat' dir='ltr'><strong>sum</strong></span> <span class='ocrx_word' id='word_1_931' title='bbox 2761 5437 2848 5479; x_wconf 71' lang='lat' dir='ltr'><strong>:‘et</strong></span> <span class='ocrx_word' id='word_1_932' title='bbox 2877 5441 2966 5479; x_wconf 86' lang='lat' dir='ltr'><strong>nos</strong></span> <span class='ocrx_word' id='word_1_933' title='bbox 3007 5427 3252 5480; x_wconf 74' lang='lat' dir='ltr'><strong>credimus</strong></span> <span class='ocrx_word' id='word_1_934' title='bbox 3293 5437 3496 5496; x_wconf 83' lang='lat' dir='ltr'><strong>propter</strong></span> <span class='ocrx_word' id='word_1_935' title='bbox 3527 5428 3661 5498; x_wconf 83' lang='lat' dir='ltr'><strong>quod</strong></span> <span class='ocrx_word' id='word_1_936' title='bbox 3681 5437 3726 5481; x_wconf 84' lang='lat' dir='ltr'><strong>et</strong></span> <span class='ocrx_word' id='word_1_937' title='bbox 3756 5429 3834 5482; x_wconf 84' lang='lat' dir='ltr'><strong>lo-</strong></span> 
     </span>
    </p>
   </div>
   <div class='ocr_carea' id='block_1_117' title="bbox 2249 5516 3830 5593">
    <p class='ocr_par' dir='ltr' id='par_1_117' title="bbox 2249 5516 3830 5593">
     <span class='ocr_line' id='line_1_117' title="bbox 2249 5516 3830 5593; baseline -0.002 -18"><span class='ocrx_word' id='word_1_938' title='bbox 2249 5525 2447 5593; x_wconf 80' lang='lat' dir='ltr'><strong>quimur</strong></span> <span class='ocrx_word' id='word_1_939' title='bbox 2469 5519 2635 5590; x_wconf 82' lang='lat' dir='ltr'><strong>(Psal.</strong></span> <span class='ocrx_word' id='word_1_940' title='bbox 2660 5535 2779 5582; x_wconf 87' lang='lat' dir='ltr'><strong>cxv,</strong></span> <span class='ocrx_word' id='word_1_941' title='bbox 2816 5518 2901 5582; x_wconf 80' lang='grc'><strong>10,</strong></span> <span class='ocrx_word' id='word_1_942' title='bbox 2927 5526 2973 5570; x_wconf 87' lang='lat' dir='ltr'><strong>et</strong></span> <span class='ocrx_word' id='word_1_943' title='bbox 3009 5516 3053 5570; x_wconf 87' lang='lat' dir='ltr'><strong>ll</strong></span> <span class='ocrx_word' id='word_1_944' title='bbox 3080 5516 3196 5572; x_wconf 87' lang='lat' dir='ltr'><strong>Cor.</strong></span> <span class='ocrx_word' id='word_1_945' title='bbox 3225 5533 3300 5582; x_wconf 86' lang='lat' dir='ltr'><strong>tv,</strong></span> <span class='ocrx_word' id='word_1_946' title='bbox 3336 5519 3444 5589; x_wconf 80' lang='grc'><strong>15).</strong></span> <span class='ocrx_word' id='word_1_947' title='bbox 3478 5517 3612 5585; x_wconf 82' lang='lat' dir='ltr'><strong>Quid</strong></span> <span class='ocrx_word' id='word_1_948' title='bbox 3653 5529 3736 5573; x_wconf 91' lang='lat' dir='ltr'><strong>cst</strong></span> <span class='ocrx_word' id='word_1_949' title='bbox 3779 5518 3830 5572; x_wconf 91' lang='lat' dir='ltr'><strong>in</strong></span> 
     </span>
    </p>
   </div>
   <div class='ocr_carea' id='block_1_118' title="bbox 2252 5609 3832 5685">
    <p class='ocr_par' dir='ltr' id='par_1_118' title="bbox 2252 5609 3832 5685">
     <span class='ocr_line' id='line_1_118' title="bbox 2252 5609 3832 5685; baseline -0.003 -16"><span class='ocrx_word' id='word_1_950' title='bbox 2252 5616 2352 5670; x_wconf 79' lang='lat' dir='ltr'><strong>iide</strong></span> <span class='ocrx_word' id='word_1_951' title='bbox 2371 5612 2482 5685; x_wconf 82' lang='lat' dir='ltr'><strong>(a)?</strong></span> <span class='ocrx_word' id='word_1_952' title='bbox 2511 5613 2640 5679; x_wconf 84' lang='lat' dir='ltr'><strong>Quia</strong></span> <span class='ocrx_word' id='word_1_953' title='bbox 2667 5611 2828 5664; x_wconf 83' lang='lat' dir='ltr'><strong>Filius</strong></span> <span class='ocrx_word' id='word_1_954' title='bbox 2855 5610 2920 5664; x_wconf 91' lang='lat' dir='ltr'><strong>dc</strong></span> <span class='ocrx_word' id='word_1_955' title='bbox 2946 5609 3157 5681; x_wconf 73' lang='lat' dir='ltr'><strong>Virgine</strong></span> <span class='ocrx_word' id='word_1_956' title='bbox 3200 5621 3354 5665; x_wconf 88' lang='lat' dir='ltr'><strong>natus</strong></span> <span class='ocrx_word' id='word_1_957' title='bbox 3384 5621 3493 5672; x_wconf 86' lang='lat' dir='ltr'><strong>est,</strong></span> <span class='ocrx_word' id='word_1_958' title='bbox 3523 5628 3626 5665; x_wconf 88' lang='lat' dir='ltr'><strong>non</strong></span> <span class='ocrx_word' id='word_1_959' title='bbox 3650 5611 3832 5665; x_wconf 85' lang='lat' dir='ltr'><strong>Pater.</strong></span> 
     </span>
    </p>
   </div>
   <div class='ocr_carea' id='block_1_119' title="bbox 2319 5725 3679 5787">
    <p class='ocr_par' dir='ltr' id='par_1_119' title="bbox 2319 5725 3679 5787">
     <span class='ocr_line' id='line_1_119' title="bbox 2319 5725 3679 5787; baseline 0.001 -14"><span class='ocrx_word' id='word_1_960' title='bbox 2319 5732 2332 5759; x_wconf 81' lang='grc' dir='ltr'>ι</span> <span class='ocrx_word' id='word_1_961' title='bbox 2357 5738 2530 5773; x_wconf 64' lang='lat' dir='ltr'><strong>(nunt-is</strong></span> <span class='ocrx_word' id='word_1_962' title='bbox 2557 5739 2705 5787; x_wconf 70' lang='lat' dir='ltr'><strong>prope</strong></span> <span class='ocrx_word' id='word_1_963' title='bbox 2730 5733 2853 5780; x_wconf 74' lang='lat' dir='ltr'><strong>Mss,</strong></span> <span class='ocrx_word' id='word_1_964' title='bbox 2883 5733 2930 5773; x_wconf 80' lang='lat' dir='ltr'><strong>I‘t</strong></span> <span class='ocrx_word' id='word_1_965' title='bbox 2953 5725 3218 5777; x_wconf 77' lang='lat' dir='ltr'><strong>societatem</strong></span> <span class='ocrx_word' id='word_1_966' title='bbox 3242 5726 3485 5778; x_wconf 73' lang='lat' dir='ltr'><strong>inculcatis</strong></span> <span class='ocrx_word' id='word_1_967' title='bbox 3508 5729 3679 5778; x_wconf 74' lang='lat' dir='ltr'><strong>tardis.</strong></span> 
     </span>
    </p>
   </div>
   <div class='ocr_carea' id='block_1_120' title="bbox 2317 5787 2940 5851">
    <p class='ocr_par' dir='ltr' id='par_1_120' title="bbox 2317 5787 2940 5851">
     <span class='ocr_line' id='line_1_120' title="bbox 2317 5787 2940 5851; baseline -0.005 -13"><span class='ocrx_word' id='word_1_968' title='bbox 2317 5792 2386 5851; x_wconf 78' lang='grc' dir='ltr'><strong>(α)</strong></span> <span class='ocrx_word' id='word_1_969' title='bbox 2409 5792 2452 5837; x_wconf 89' lang='lat' dir='ltr'><strong>Id</strong></span> <span class='ocrx_word' id='word_1_970' title='bbox 2477 5797 2569 5848; x_wconf 77' lang='lat' dir='ltr'><strong>est,</strong></span> <span class='ocrx_word' id='word_1_971' title='bbox 2585 5787 2798 5850; x_wconf 72' lang='lat' dir='ltr'><strong>symbolo</strong></span> <span class='ocrx_word' id='word_1_972' title='bbox 2811 5789 2940 5836; x_wconf 74' lang='lat' dir='ltr'><strong>ﬁdei.</strong></span> 
     </span>
    </p>
   </div>
  </div>
