3994 6462
533 333 641 392 559

539 539 724 597 Passio
753 540 866 595 hinc
902 538 991 594 uni
1021 537 1156 593 facta
1187 545 1296 604 est,
1340 535 1434 592 sed
1471 536 1538 591 ab
1575 546 1802 608 utroque
1843 535 1976 590 facta
2017 545 2119 591 est.

537 631 688 687 Sicut
732 646 862 702 ergo
904 629 1270 694 nativitatem,
1319 627 1390 683 ita
1435 628 1735 698 passionem
1785 626 1983 681 Christi
2025 642 2123 682 nec

535 723 694 779 Pater
715 723 833 778 sine
858 720 996 776 Filio
1023 720 1169 790 fecit,
1201 735 1301 776 nec
1325 718 1492 776 Filius
1521 720 1638 776 sine
1663 719 1838 774 Patre.
1885 718 2126 775 Tradidit

539 815 698 873 Pater
717 814 931 882 Filium,
965 812 1182 868 tradidit
1207 811 1373 868 Filius
1400 827 1459 868 se
1484 812 1676 882 ipsum.
1711 810 1849 880 Quid
1887 811 1974 866 hic
2001 811 2126 866 fecit

534 907 718 974 ludas,
743 907 844 963 nisi
872 907 1184 977 peccatum?
1213 906 1591 974 Transeamus,
1620 915 1674 961 et
1706 903 1831 960 hinc
1849 904 2124 959 veniamus

537 1002 605 1058 ad
631 1002 1101 1058 resurrectionem.

605 1095 694 1150 15.
733 1093 883 1149 Idem
910 1094 972 1150 de
1027 1092 1217 1149 Christi
1267 1093 1629 1148 resurrectione
1685 1091 1946 1162 probatur.
2024 1089 2119 1144 Vi-

535 1189 756 1245 deamus
783 1188 976 1244 Filium
1015 1186 1230 1258 quidem
1251 1226 1267 1253 ,
1311 1201 1418 1241 non
1456 1185 1702 1251 Patrem,
1734 1191 2121 1254 resurgentem,

538 1281 637 1338 sed
663 1279 1114 1337 resurrectionem
1145 1277 1268 1334 Filii
1295 1285 1349 1332 et
1373 1277 1584 1332 Patrem
1615 1286 1668 1330 et
1695 1275 1886 1330 Filium
1919 1273 2123 1328 facien-

536 1385 665 1432 tem.
694 1374 956 1444 Operetur
977 1372 1134 1427 Pater
1158 1369 1601 1426 resurrectionem
1628 1367 1767 1422 Filii.
1792 1365 2011 1436 Pmpter
2031 1365 2124 1418 hoc

535 1467 680 1524 enim
708 1466 942 1521 exaltavit
971 1481 1105 1530 eum,
1133 1472 1181 1518 et
1205 1463 1406 1517 donavit
1436 1461 1480 1514 ei
1508 1476 1689 1514 nomen
1717 1459 1849 1528 quod
1875 1467 1946 1511 est
1973 1473 2126 1526 super

539 1576 688 1615 omne
715 1576 896 1614 nomen
923 1556 1183 1629 (Philipp.
1211 1571 1270 1624 ιι,
1302 1553 1399 1627 9).
1432 1553 1786 1609 Resuseitavit
1811 1566 1938 1622 ergo
1968 1549 2125 1606 Pater

541 1650 758 1714 Filium,
782 1647 1064 1704 exaltando
1094 1662 1214 1702 eum
1244 1655 1298 1701 et
1335 1642 1612 1700 excitando
1650 1657 1772 1697 cum
1810 1657 1840 1695 a
1879 1639 2122 1696 mortuis.

536 1740 804 1810 Numquid
833 1749 886 1795 et
915 1737 1080 1793 Filius
1103 1735 1439 1792 resuscitavit
1468 1732 1852 1803 semetipsum?
1878 1731 2126 1787 Rcsusci-

538 1833 671 1890 tavit
698 1832 876 1902 plane.
908 1831 967 1886 ln
1005 1830 1173 1900 ﬁgura
1211 1828 1294 1884 sui
1333 1826 1576 1896 corporis
1613 1825 1680 1880 de
1719 1824 1918 1894 templo
1941 1823 2077 1878 dixit
2108 1841 2122 1879 :

541 1927 734 1984 Solvite
752 1925 993 1997 templum
1013 1926 1128 1989 hoc,
1151 1933 1196 1976 et
1215 1923 1270 1976 in
1291 1920 1458 1974 triduo
1473 1918 1776 1973 resuscitabo
1796 1916 1924 1970 illud
1943 1915 2120 1987 (Joan.

539 2035 599 2086 ιι,
623 2017 756 2089 19).
789 2017 1064 2074 Postremo
1101 2015 1239 2070 sicut
1276 2013 1343 2069 ad
1388 2011 1692 2083 passionem
1739 2010 1969 2080 pertinet
2011 2009 2127 2063 ani-

540 2124 682 2166 mam
712 2123 932 2179 ponere,
956 2108 1034 2162 sic
1067 2106 1134 2162 ad
1171 2105 1619 2161 resurrectionem
1659 2102 1888 2156 animam
1931 2101 2124 2156 iterum

539 2219 789 2260 sumere:
813 2201 1088 2257 videamus
1111 2200 1156 2255 si
1180 2199 1347 2254 Filius
1367 2197 1579 2268 quidem
1601 2195 1830 2250 animam
1853 2210 2002 2249 suam
2025 2209 2122 2263 po-

540 2298 670 2366 suit,
693 2305 748 2352 et
770 2296 821 2351 ei
843 2295 1074 2349 animam
1101 2308 1250 2348 suam
1275 2291 1432 2346 Pater
1452 2289 1699 2357 reddidit,
1727 2304 1833 2344 non
1861 2289 1975 2358 ipse
1999 2286 2121 2342 sibi.

539 2389 699 2446 Pater
727 2387 869 2444 enim
897 2385 1019 2456 quia
1048 2382 1297 2447 reddidit,
1325 2381 1663 2436 manifestum
1692 2388 1795 2434 est.
1823 2378 1951 2434 inde
1979 2378 2123 2434 enim

541 2481 784 2538 Psalmus
807 2479 957 2546 dicit,
986 2477 1051 2532 Et
1072 2477 1313 2532 resuscita
1339 2492 1436 2543 me,
1463 2485 1511 2530 et
1536 2474 1744 2528 reddam
1782 2473 1884 2528 illis
1928 2474 1947 2544 (
1974 2472 2121 2526 Psal.

538 2589 628 2641 XL,
656 2573 718 2628 11
746 2572 786 2642 ).
817 2571 922 2627 Sed
953 2569 1074 2640 quia
1099 2577 1155 2624 et
1178 2568 1345 2623 Filius
1370 2567 1600 2621 animam
1631 2581 1782 2620 suam
1809 2565 1907 2620 sibi
1947 2564 2125 2618 reddi-

537 2669 638 2735 dit,
669 2667 794 2738 quid
819 2681 848 2720 a
880 2665 1034 2720 nobis
1062 2660 1417 2733 exspectatis?
1446 2659 1564 2729 Ipse
1605 2659 1746 2714 dicat
1773 2677 1786 2710 :
1817 2657 2120 2712 Potestatem

540 2760 697 2815 habeo
726 2758 942 2829 ponendi
970 2757 1193 2810 animum
1213 2770 1395 2808 meam.
1427 2751 1672 2807 Nondum
1697 2749 1804 2804 dixi
1834 2749 1975 2820 quod
2001 2763 2124 2818 pro-

538 2850 682 2906 misi.
716 2849 942 2903 Ponendi
969 2847 1078 2902 dixi
1102 2863 1116 2900 :
1140 2845 1233 2900 sed
1256 2845 1365 2914 jam
1391 2842 1630 2898 claritatis
1651 2841 1692 2906 ⁸,
1721 2841 1840 2910 quia
1868 2840 2123 2910 praevola-

535 2942 627 2998 tis.
656 2940 865 2996 Eruditi
901 2938 1097 3010 quippe
1140 2937 1192 2991 in
1237 2935 1420 2990 schola
1450 2933 1688 3004 magistri
1724 2931 1978 2998 caelestis,
2008 2939 2123 2985 tan-

539 3050 699 3107 quam
725 3034 982 3089 lectiones
1001 3032 1206 3088 intente
1225 3028 1520 3095 audientes,
1546 3027 1632 3097 pie
1663 3026 1964 3090 reddentes,
1995 3023 2122 3095 quid

542 3135 798 3198 sequatur
823 3140 928 3180 non
957 3121 1232 3195 ignoratis.
1259 3119 1588 3187 Potestatem,
1622 3117 1813 3188 inquit,
1845 3117 2000 3171 habeo
2027 3133 2120 3186 po-

539 3217 690 3272 nendi
733 3216 956 3270 animam
995 3229 1180 3279 meam,
1221 3220 1268 3266 et
1309 3219 1602 3282 potestatem
1638 3209 1794 3264 habeo
1830 3209 2012 3262 iterum
2037 3223 2124 3260 su-

538 3311 706 3368 mendi
727 3328 860 3366 eam.
887 3308 1051 3364 Nemo
1076 3307 1205 3362 tollit
1233 3322 1344 3361 eam
1369 3322 1400 3359 a
1423 3320 1543 3359 me:
1568 3303 1656 3358 sed
1681 3319 1770 3374 ego
1793 3317 1924 3373 pono
1952 3316 2062 3355 eam
2087 3317 2119 3368 α

537 3422 637 3474 me,
661 3415 706 3460 et
731 3405 913 3458 iterum
932 3417 1074 3456 sumo
1093 3417 1205 3455 eam
1231 3397 1408 3472 (Joan.
1436 3413 1492 3465 ι,
1522 3394 1650 3468 18).
2083 3443 2085 3446 ι

604 3495 831 3555 CAPUT
861 3494 928 3549 ν.
945 3495 1116 3548 -14.
1136 3491 1418 3562 Replicatio
1444 3488 1689 3544 doctrinm
1711 3486 1995 3556 explicatw.
2015 3483 2122 3538 Ex-

534 3589 791 3643 solvimus
816 3601 934 3656 qua:
959 3583 1303 3655 promisimus
1329 3599 1343 3636 :
1373 3579 1764 3651 propositiones
1787 3583 1999 3630 nostras
2026 3571 2119 3628 fir-

534 3679 810 3746 missimis,
836 3688 893 3732 ut
913 3676 1162 3741 arbitror,
1187 3672 1614 3730 testimoniorum
1639 3667 1974 3724 documentis
1996 3680 2122 3736 pro-

533 3773 792 3828 bavimus.
838 3769 1041 3826 Tenete
1078 3766 1220 3838 quod
1250 3764 1492 3820 audistis.
1533 3762 1773 3816 Breviter
1811 3758 2032 3829 replico,
2063 3765 2120 3812 et

536 3883 651 3923 rem
683 3865 1040 3929 utilissimam,
1066 3869 1319 3932 quantum
1347 3856 1616 3923 existimo,
1638 3855 1906 3910 mentibus
1928 3851 2120 3908 vestris

537 3956 904 4014 collocandam
944 3949 1279 4009 commendo.
1309 3948 1467 4004 Pater
1491 3961 1596 4001 non
1623 3953 1706 4001 est
1735 3955 1890 3999 natus
1915 3943 1985 3999 de
2009 3941 2118 3996 vir-

533 4051 695 4121 gine:
726 4047 1054 4102 nativitatem
1086 4052 1263 4097 tamen
1308 4041 1464 4094 istam
1507 4037 1629 4094 Filii
1668 4047 1723 4092 et
1763 4037 1920 4091 Pater
1945 4044 2000 4090 et
2026 4032 2117 4089 Fi-

537 4143 640 4197 lius
673 4147 926 4209 Operatus
951 4146 1124 4192 estex
1151 4133 1378 4203 virgine.
1402 4131 1560 4186 Pater
1585 4144 1691 4184 non
1717 4138 1802 4184 est
1839 4142 2027 4198 passus
2064 4128 2119 4182 in

535 4250 694 4290 cruce
721 4253 734 4289 :
764 4233 1066 4304 passionem
1095 4238 1272 4284 tamen
1303 4225 1424 4282 Filii
1447 4234 1502 4280 et
1527 4224 1687 4279 Pater
1714 4233 1770 4278 et
1796 4221 1961 4277 Filius
1986 4236 2117 4291 ope-

533 4335 684 4382 ratus
711 4332 812 4380 εει.
839 4321 956 4378 NOII
987 4317 1278 4375 resurrexit
1302 4317 1459 4372 Pater
1495 4331 1525 4368 a
1575 4313 1837 4368 mortuis:
1871 4326 2118 4368 resurre-

531 4419 765 4474 ctionem
787 4425 963 4470 tamen
984 4412 1173 4469 Filiiet
1195 4410 1350 4466 Pater
1367 4417 1422 4463 et
1440 4407 1602 4463 Filius
1624 4412 1873 4475 operatus
1884 4413 1985 4459 est.
2009 4402 2118 4457 Ha-

531 4509 668 4566 betis
689 4521 1035 4578 personarum
1054 4502 1537 4580 distinctionem,et
1555 4497 1878 4568 operationis
1903 4496 2118 4565 insepa-

529 4601 872 4658 rabilitatem.
894 4597 1010 4653 Non
1029 4611 1160 4667 ergo
1185 4595 1425 4650 dicamus
1445 4591 1642 4662 aliquid
1664 4591 1875 4646 Patrem
1904 4588 2116 4660 operari

530 4696 649 4752 sine
673 4693 824 4759 Filio,
845 4690 1041 4761 aliquid
1059 4689 1253 4745 Filium
1277 4688 1394 4741 sine
1410 4685 1588 4741 Patre.
1603 4684 1684 4739 An
1702 4682 1839 4739 forte
1864 4682 2117 4737 miracula

530 4806 652 4862 quae
678 4787 802 4844 fecit
828 4786 1003 4852 Jesus,
1034 4791 1250 4838 movent
1283 4795 1400 4847 vos,
1426 4794 1495 4834 ne
1521 4777 1657 4832 forte
1688 4777 1864 4846 aliqua
1889 4776 2004 4846 ipse
2034 4776 2116 4831 fe-

529 4885 683 4949 cerit,
712 4897 831 4952 qua:
861 4895 966 4935 non
992 4878 1114 4933 fecit
1139 4873 1330 4930 Pater?
1357 4873 1422 4929 Et
1450 4871 1539 4927 ubi
1565 4880 1668 4936 est,
1696 4869 1849 4923 Pater
1876 4879 2043 4923 autem
2063 4868 2117 4922 in

529 4993 612 5031 me
624 4990 850 5038 manens,
864 4973 970 5044 ipse
985 4969 1107 5040 facit
1127 4982 1280 5038 opera
1301 4963 1478 5035 (Joan.
1496 4977 1611 5028 xxv,
1627 4959 1744 5029 10)?
1755 4959 1879 5014 llaec
1892 4975 2010 5028 qua:
2029 4958 2116 5012 di-

531 5072 709 5126 ximus
732 5069 884 5138 plana
912 5071 1090 5130 erant,
1115 5069 1321 5116 tantum
1351 5057 1576 5113 dicenda
1608 5062 1761 5111 erant
1787 5073 1800 5107 :
1835 5069 1938 5107 non
1970 5052 2111 5107 labo-

529 5163 754 5218 randum
788 5168 846 5214 ut
876 5155 1317 5225 intelligerentur,
1349 5149 1443 5206 sed
1469 5147 1763 5204 curandum
1790 5154 1846 5200 ut
1876 5158 2113 5200 comme-

529 5261 883 5310 morarentur.

611 5345 699 5400 15.
714 5343 853 5396 Deus
872 5342 938 5394 ad
959 5340 1164 5395 modum
1182 5336 1404 5408 corporis
1419 5336 1472 5389 in
1487 5333 1652 5404 spatio
1675 5349 1774 5386 non
1795 5330 2112 5402 cogitandus.

529 5436 741 5507 Aliquid
790 5435 966 5490 adhuc
1021 5435 1144 5489 volo
1185 5431 1404 5494 dicere,
1446 5429 1534 5484 ubi
1574 5442 1698 5482 vere
1755 5437 1809 5480 ct
1851 5424 2112 5478 acriorem

530 5529 880 5585 intentionem
919 5537 1150 5581 vestram
1197 5522 1414 5593 requiro
1438 5563 1452 5585 ,
1497 5529 1551 5576 et
1592 5518 1930 5574 devotionem
1973 5516 2112 5586 apud

535 5624 726 5679 Deum.
771 5620 981 5674 Etenim
1017 5619 1148 5674 locis
1186 5613 1550 5687 corporalibus
1578 5626 1686 5666 non
1725 5617 1973 5664 tenentur
2015 5621 2115 5663 nec

595 5760 613 5790 ι
639 5766 739 5807 Am.
764 5762 860 5814 Er.,
908 5751 1168 5805 clamastis.
1217 5753 1288 5803 sic
1311 5749 1458 5800 etiam
1477 5753 1586 5798 Mss.
1613 5753 1666 5798 et
1687 5757 1754 5795 ex
1776 5741 1852 5792 his
1875 5739 2112 5802 nonnulli,

526 5816 842 5891 praeeuntis.

1763 325 1822 384 S.
1863 325 2230 384 AUGUSTINI
2271 327 2576 386 EPlSCOPl

531 449 604 507 9.0
632 451 672 522 ).
705 446 945 505 Tradidit
973 446 1130 502 Pater
1148 444 1339 502 Filium
1359 487 1374 514 ,
1395 442 1615 500 tradidit
1642 443 1808 499 Filius
1837 459 1896 500 se
1923 445 2119 515 ipsum.

3706 334 3805 398 360

2233 455 2559 516 occupantur
2601 446 2704 502 nisi
2740 460 2982 518 corpora.
3025 449 3174 507 Ultra
3204 449 3351 508 locos
3395 451 3696 524 corporales
3731 465 3808 512 est

2231 536 2480 594 divinitas
2506 557 2519 594 :
2547 554 2708 596 nemo
2737 555 2855 596 eam
2881 550 3131 613 tanquam
3154 545 3208 600 in
3229 546 3401 614 spatio
3419 547 3672 617 requirat.
3685 547 3807 605 Ubi-

2229 645 2336 700 que
2374 630 2652 686 invisibilis
2690 639 2744 686 et
2780 632 3206 703 inseparabiliter
3227 635 3418 692 adest:
3451 652 3556 692 non
3583 638 3636 693 in
3666 649 3809 709 parte

2230 720 2421 790 major,
2469 721 2521 776 in
2569 730 2719 791 parte
2755 723 2967 790 minor;
3007 725 3105 781 sed
3139 726 3334 798 ubique
3377 736 3507 798 tota,
3554 745 3807 801 nusquam

2228 811 2420 867 divisa.
2463 811 2595 879 Quis
2621 813 2768 869 videt
2798 813 2940 870 hoc?
2976 816 3095 887 quis
3133 818 3276 888 capit
3317 817 3457 874 hoc?
3493 819 3807 890 Compesca-

2230 917 2354 958 mus
2379 917 2476 959 nos
2501 920 2515 956 :
2545 903 2948 960 meminerimus
2970 907 3081 977 qui,
3111 907 3254 963 unde
3276 907 3575 978 loquamur.
3601 909 3737 966 Illud
3761 919 3810 968 et

2227 995 2382 1064 illud,
2403 995 2659 1067 quidquid
2684 1005 2767 1052 est
2790 997 2932 1068 quod
2956 998 3096 1054 Deus
3115 1009 3218 1067 est,
3235 1000 3319 1071 pie
3338 1001 3608 1069 credatur,
3632 1014 3808 1059 sancte

2228 1087 2524 1158 cogitetur;
2554 1097 2608 1143 et
2635 1097 2893 1159 quantum
2919 1089 3096 1157 datur,
3129 1101 3382 1162 quantum
3408 1101 3604 1163 potest,
3627 1094 3812 1149 inetia-

2227 1178 2409 1235 biliter
2430 1179 2772 1252 intelligatur.
2789 1182 3078 1250 Quiescant
3097 1184 3278 1250 verba,
3298 1194 3474 1240 cesset
3491 1186 3700 1257 lingua;
3724 1203 3810 1243 cor

2227 1271 2517 1337 excitetur,
2549 1287 2643 1326 cor
2681 1272 2807 1328 illuc
2837 1273 3060 1328 levetur.
3092 1273 3206 1328 Non
3249 1276 3393 1330 enim
3422 1285 3507 1331 est
3530 1277 3662 1333 illud
3688 1278 3809 1343 tale,

2227 1362 2370 1434 quod
2397 1363 2452 1418 in
2480 1380 2574 1420 cor
2604 1365 2835 1420 hominis
2863 1357 3120 1422 ascendat
3144 1407 3158 1431 ,
3201 1367 3296 1422 sed
3335 1384 3440 1438 quo
3467 1384 3562 1424 eor
3587 1369 3812 1427 hominis

2228 1455 2861 1512 ascendat.Attendamus
2881 1467 3212 1514 creaturam:
3236 1457 3264 1512 1
3273 1459 3520 1514 nvisibilia
3535 1462 3669 1516 enim
3688 1463 3812 1532 ejus,

2230 1563 2264 1600 a
2291 1557 2522 1601 creatura
2546 1548 2742 1616 mundi,
2778 1566 2867 1618 per
2884 1565 2944 1604 ea
2967 1565 3083 1620 qua:
3103 1549 3240 1620 facta
3263 1561 3402 1617 sunt,
3427 1552 3679 1607 intellecta
3701 1571 3814 1608 con-

2228 1640 2513 1708 spiciuntur
2543 1639 2737 1712 (Rom.
2770 1657 2809 1709 ι,
2837 1641 2907 1698 20
2933 1641 2952 1713 )
2982 1659 2994 1696 :
3037 1657 3104 1698 ne
3147 1643 3282 1699 forte
3318 1643 3372 1699 in
3419 1643 3502 1699 his
3543 1662 3664 1716 quae
3697 1646 3816 1703 fecit

2229 1731 2390 1798 Deus,
2420 1732 2471 1786 in
2501 1733 2695 1803 quibus
2720 1733 2974 1790 habemus
2996 1735 3281 1806 quamdam
3308 1738 3710 1794 consuetudinis
3738 1740 3813 1795 fa-

2231 1825 2615 1894 miliaritatem,
2634 1827 2969 1882 inveniamus
2985 1828 3217 1898 aliquam
3240 1828 3665 1898 similitudinem,
3680 1832 3817 1887 unde

2229 1917 2516 1986 probemus
2541 1932 2662 1974 esse
2686 1920 2860 1990 aliqua
2889 1921 3008 1987 tria,
3035 1935 3156 1990 qua:
3184 1922 3284 1975 tria
3309 1921 3684 1992 separabiliter
3707 1939 3816 1994 pro-

2228 2008 2486 2075 ferantur,
2515 2011 2941 2082 inseparabiliter
2969 2023 3279 2083 operentur.

2299 2102 2524 2160 CAPUT
2555 2104 2640 2160 γι.
2656 2134 2726 2144 -
2744 2103 2830 2160 16.
2850 2103 2988 2160 Deus
3009 2105 3544 2177 incomprehensibilis.
3570 2107 3689 2174 Eia,
3716 2108 3816 2164 fra-

2228 2205 2360 2263 tres,
2373 2197 2610 2252 adestote
2631 2205 2742 2253 toto
2761 2197 3156 2253 animo.Videte
3175 2198 3318 2268 prius
3333 2197 3458 2268 quid
3479 2198 3812 2267 promittam;

2229 2306 2297 2347 ne
2325 2292 2459 2347 forte
2502 2291 2554 2346 in
2583 2300 2824 2347 creatura
2855 2291 3143 2358 inveniam,
3171 2292 3294 2362 quia
3325 2291 3546 2347 Creator
3585 2307 3615 2346 a
3661 2293 3816 2349 nobis

2226 2384 2468 2440 excelsus
2507 2394 2606 2440 est.
2641 2384 2708 2438 Et
2744 2383 2880 2439 forte
2913 2385 3073 2440 verba
3119 2385 3400 2454 quisquam
3428 2394 3699 2452 nostrum,
3732 2385 3815 2440 cui

2226 2475 2402 2546 fulgor
2419 2476 2656 2531 veritatis
2677 2475 2852 2545 aliqua
2876 2484 3108 2530 mentem
3129 2476 3278 2545 quasi
3297 2476 3670 2531 coruscatione
3691 2491 3816 2546 per-

2226 2567 2457 2637 stringit,
2477 2575 2652 2637 potest
2667 2565 2845 2622 dicere
2861 2566 3020 2621 verha
3039 2565 3145 2620 illa:
3166 2566 3278 2637 Ego
3293 2568 3465 2620 dixiin
3485 2568 3668 2622 στειαεὶ
3684 2585 3815 2622 mea.

2227 2657 2286 2712 In
2315 2659 2507 2714 ecstasi
2531 2668 2616 2712 tua
2641 2658 2766 2728 quid
2787 2657 3000 2713 dixisti?
3022 2656 3284 2729 Projectus
3303 2675 3416 2712 sum
3435 2675 3467 2711 a
3487 2658 3616 2728 facie
3643 2660 3820 2713 oculo-

2225 2765 2338 2802 rum
2365 2757 2566 2802 tuorum
2589 2747 2762 2818 (Psal.
2787 2763 2922 2816 xxx,
2949 2747 3066 2820 23).
3085 2748 3296 2803 Etenim
3324 2748 3530 2804 videtur
3557 2749 3693 2805 mihi
3720 2751 3820 2807 iste

2225 2841 2310 2909 qui
2340 2838 2443 2894 hoc
2467 2839 2619 2906 dixit,
2643 2840 2849 2895 levasse
2873 2838 2940 2894 ad
2965 2839 3131 2894 Deum
3157 2839 3386 2894 animam
3409 2855 3579 2904 suam,
3602 2850 3661 2896 et
3688 2840 3822 2897 etfu-

2225 2933 2368 2989 disse
2389 2947 2549 3003 super
2568 2947 2628 2988 se
2649 2933 2880 2988 animam
2925 2946 3075 2987 suam
3093 2971 3109 2997 ,
3135 2947 3254 2988 eum
3277 2933 3325 2987 ei
3349 2931 3613 2988 diceretur
3639 2935 3823 3004 quoti~

2223 3023 2330 3090 die,
2359 3023 2457 3079 Ubi
2484 3034 2556 3079 est
2583 3024 2720 3078 Deus
2747 3035 2864 3078 tuus
2894 3022 3074 3096 (Psal.
3097 3041 3207 3091 xu,
3241 3026 3294 3092 4,
3329 3025 3390 3080 11
3416 3023 3477 3096 )?
3504 3027 3823 3096 pervenisse

2224 3116 2483 3187 spirituali
2512 3115 2742 3187 quodam
2779 3125 3028 3172 contactu
3051 3114 3120 3171 ad
3147 3116 3290 3170 illam
3325 3116 3822 3173 incommutabilem

2223 3209 2418 3275 lucem,
2444 3223 2669 3279 eamque
2704 3207 3013 3264 infirmitate
3039 3216 3361 3278 conspectus
3389 3206 3531 3263 ferre
3570 3222 3685 3264 non
3730 3225 3825 3264 va-

2224 3303 2422 3368 luisse;
2463 3310 2519 3357 et
2556 3302 2610 3356 in
2641 3316 2791 3356 suam
2823 3301 2974 3372 quasi
3003 3299 3367 3370 (egritudinem
3398 3308 3556 3370 atque
3584 3299 3824 3372 languo-

2223 3407 2338 3448 rem
2367 3392 2560 3447 iterum
2592 3390 2872 3458 recidisse,
2901 3397 2958 3445 et
2983 3403 3324 3460 comparasse
3350 3404 3410 3444 se
3439 3389 3551 3455 illi,
3593 3398 3653 3444 et
3698 3405 3827 3445 sen-

2223 3482 2358 3538 sisse
2385 3480 2559 3537 adhuc
2579 3480 2967 3551 contemperari
2995 3495 3099 3535 non
3143 3494 3304 3552 posse
3346 3479 3363 3510 ¹
3406 3478 3574 3534 aciem
3614 3480 3828 3537 mentis

2223 3587 2335 3628 suae
2355 3572 2460 3628 luci
2483 3571 2758 3641 sapientia:
2787 3571 2901 3626 Dei.
2927 3569 2996 3625 Et
3018 3570 3140 3641 quia
3167 3570 3342 3625 hocin
3367 3569 3555 3624 ecstasi
3583 3569 3826 3638 fecerat,

2222 3665 2480 3734 abreptus
2509 3678 2540 3717 a
2583 3663 2832 3718 sensibus
2869 3661 3112 3733 corporis
3136 3669 3191 3716 et
3218 3660 3502 3732 subreptus
3526 3661 3578 3715 in
3606 3661 3826 3728 Deum;

2225 3755 2313 3810 ubi
2343 3754 2572 3826 quodam
2600 3753 2761 3809 modo
2789 3769 2820 3807 a
2851 3753 2962 3810 Deo
3006 3751 3074 3808 ad
3113 3752 3382 3808 hominem
3403 3763 3692 3810 revocatus
3717 3763 3830 3821 est,

2222 3849 2320 3916 ait,
2350 3847 2464 3919 Ego
2505 3847 2609 3902 dimi
2639 3847 2692 3900 in
2721 3847 2900 3901 ecstasi
2925 3862 3054 3899 mea.
3081 3843 3204 3900 Vidi
3229 3845 3370 3900 enim
3399 3845 3579 3900 nescio
3603 3847 3746 3916 quid
3775 3848 3832 3902 in

2223 3940 2445 4008 ecstasi,
2478 3938 2620 4010 quod
2649 3937 2740 3992 diu
2765 3935 2906 3994 ferre
2931 3953 3036 3992 non
3073 3937 3249 4008 potui;
3277 3946 3329 3994 et
3354 3937 3591 4002 redditus
3610 3951 3837 3996 morta-

2221 4031 2359 4087 libus
2384 4031 2658 4097 membris,
2689 4039 2744 4086 et
2768 4029 2949 4085 multis
2983 4029 3286 4085 mortalium
3325 4029 3758 4100 cogitationibus
3797 4048 3832 4087 a

2221 4138 2448 4194 corpore
2469 4122 2612 4193 quod
2638 4132 2888 4194 aggravat
2908 4122 3166 4191 animam,
3187 4122 3317 4178 dixi.
3339 4123 3514 4192 Quid?
3537 4121 3839 4197 Projectus

2221 4231 2332 4270 sum
2355 4233 2388 4268 a
2408 4215 2538 4286 [acie
2556 4215 2817 4268 oculorum
2845 4223 3063 4268 tuorum.
3095 4214 3277 4286 Longe
3299 4229 3513 4270 sursum
3541 4230 3623 4282 es,
3658 4217 3838 4288 longe

2222 4304 2475 4360 deorsum
2504 4319 2644 4359 sum.
2686 4303 2823 4373 Quid
2853 4319 2981 4374 ergo
3021 4304 3282 4371 dicamus,
3330 4304 3540 4372 fratres,
3568 4305 3638 4360 de
3675 4307 3840 4364 Deo?

2220 4395 2277 4451 Si
2305 4395 2448 4451 enim
2478 4395 2619 4466 quod
2660 4395 2740 4450 vis
2777 4394 2977 4461 dicere,
3004 4395 3049 4451 si
3077 4395 3331 4466 cepisti’,
3362 4410 3468 4450 non
3497 4403 3580 4451 est
3623 4396 3792 4453 Deus
3824 4416 3839 4452 :

2221 4489 2267 4542 si
2293 4486 2750 4556 comprehendere
2771 4486 3012 4557 potuisti,
3035 4485 3180 4541 aliud
3199 4503 3297 4557 pro
3318 4487 3429 4542 Deo
3457 4489 3844 4556 compreheno

2221 4577 2369 4634 disti.
2413 4578 2467 4634 Si
2509 4579 2658 4648 quasi
2688 4577 3146 4649 comprehendere
3185 4578 3442 4650 potuisti.
3489 4578 3846 4648 cogitatione

2222 4680 2310 4727 tua
2341 4681 2392 4726 te
2428 4671 2704 4741 deeepisti.
2740 4670 2850 4726 l-loc
2877 4685 3006 4742 ergo
3043 4686 3149 4726 non
3188 4679 3312 4738 est,
3357 4671 3404 4725 si
3451 4671 3844 4740 comprehen-

2221 4761 2342 4817 disti
2370 4779 2382 4816 :
2413 4761 2456 4816 si
2504 4771 2683 4816 autem
2726 4762 2828 4816 hoc
2853 4771 2966 4826 est,
3001 4776 3106 4816 non
3153 4760 3627 4832 comprehendisti.
3684 4762 3850 4832 Quid

2222 4867 2350 4922 ergo
2379 4852 2456 4906 vis
2488 4852 2653 4921 loqui,
2677 4851 2817 4922 quod
2846 4850 3298 4922 comprehendere
3323 4866 3428 4905 non
3457 4851 3734 4921 potuisti?

2292 4944 2379 4998 17.
2422 4941 2488 4995 In
2516 4943 2656 4997 nobis
2711 4944 2981 5012 querenda
3035 4941 3134 4996 Dei
3176 4942 3476 4996 similitudo.
3519 4941 3856 5001 Videamus

2220 5050 2368 5105 ergo,
2401 5050 2469 5088 ne
2509 5035 2648 5089 forte
2687 5035 2738 5089 in
2777 5045 3020 5090 creatura
3060 5035 3391 5090 inveniamus
3429 5034 3630 5104 aliquid
3663 5079 3681 5104 ,
3748 5040 3852 5092 ubi

2221 5126 2513 5196 probemus
2537 5127 2712 5196 aliqua
2741 5127 2836 5180 tria
2862 5135 2916 5181 et
2941 5127 3307 5196 separabiliter
3335 5127 3708 5182 demonstrari
3732 5171 3751 5194 ,
3794 5142 3860 5186 ct

2221 5218 2648 5288 inseparabiliter
2676 5219 2904 5289 operari.
2933 5218 3050 5285 Quo
3080 5217 3311 5273 ibimus?
3339 5217 3419 5272 Ad
3445 5220 3644 5273 malum
3678 5230 3750 5274 ut
3776 5223 3857 5277 de

2221 5313 2334 5367 sole
2364 5323 2417 5366 et
2443 5313 2563 5366 luna
2592 5321 2644 5366 et
2669 5311 2930 5365 sideribus
2959 5310 3328 5380 disputemus?
3353 5310 3432 5364 Ad
3476 5319 3688 5365 terram
3718 5353 3738 5376 ,
3793 5326 3861 5368 ιιι

2221 5404 2358 5460 forte
2385 5405 2452 5459 de
2478 5403 2707 5468 frutetis,
2739 5402 2805 5458 de
2845 5403 3140 5468 arboribus,
3169 5403 3236 5457 de
3264 5402 3579 5456 animalibus
3607 5410 3857 5461 terram

2221 5499 2600 5571 implentibus?
2627 5501 2704 5553 An
2734 5498 2800 5553 de
2824 5498 2938 5568 ipso
2968 5497 3124 5564 cmlo,
3155 5513 3222 5552 an
3247 5495 3314 5551 de
3345 5496 3456 5566 ipsa
3488 5504 3665 5563 terra,
3708 5516 3862 5570 quae

2285 5679 2300 5709 ι
2329 5677 2494 5725 Plures
2518 5685 2644 5736 uss,
2675 5682 2721 5726 et
2753 5674 3080 5739 mead/mc
3112 5671 3286 5739 puerili
3301 5671 3689 5736 contemperari,
3735 5683 3864 5730 etc.

2219 5747 2287 5792 Ex
2311 5741 2482 5801 iisdem
2505 5753 2648 5798 unus,
2667 5751 2761 5788 non

2282 5804 2304 5835 ³
2326 5800 2492 5854 Plures
2515 5809 2641 5863 Mss,
2667 5799 2929 5863 suscepisti.
