4032 6332
300 356 395 414 561
1738 350 1970 409 SERMO
2005 351 2113 410 LII.

299 475 571 532 continent
597 470 775 529 omnia
797 487 914 545 quae
942 482 1066 531 sunt
1087 473 1141 529 in
1170 470 1308 531 etelo
1328 481 1381 529 et
1410 474 1461 529 in
1483 470 1656 529 terra?
1680 470 1878 540 Quam-

296 569 383 624 diu
411 569 576 625 homo
602 569 795 624 circuis
821 569 1154 624 creaturam?
1178 566 1259 623 Ad
1286 576 1337 623 te
1360 567 1472 622 redi
1498 609 1511 633 ,
1542 576 1592 622 te
1624 565 1744 622 vide
1766 607 1782 634 ,
1823 574 1877 621 te

294 662 516 731 inspice,
553 672 603 717 te
629 663 854 718 discute.
887 662 945 717 In
971 670 1213 717 creatura
1242 661 1434 732 quieris
1471 660 1645 731 aliqua
1687 659 1786 715 tria
1823 665 1877 714 et

293 754 580 824 separatim
625 754 1059 815 demonstranda,
1102 762 1155 809 et
1199 751 1622 822 inseparabiliter
1646 765 1874 822 operan-

293 848 395 900 lia:
431 848 476 901 si
510 848 562 902 in
593 858 835 903 creatura
866 847 1092 917 quaeris,
1136 847 1190 901 in
1232 854 1282 901 te
1322 845 1465 915 prius
1509 859 1709 914 quzere.
1755 842 1872 898 Non

288 940 430 995 enim
460 950 514 995 tu
541 955 649 995 non
678 956 737 995 es
762 938 1457 995 creatura.'Similitudinem
1484 936 1700 1008 quaeris.
1718 935 1874 1004 Quae-

289 1033 490 1087 siturus
519 1047 580 1088 es
610 1032 665 1087 in
707 1032 940 1103 pecore?
984 1032 1059 1086 De
1089 1031 1200 1085 Deo
1225 1029 1365 1084 enim
1395 1028 1717 1099 loquebaris,
1746 1042 1872 1083 cum

285 1139 560 1196 quaereres
578 1123 863 1195 quamdam
880 1122 1298 1178 similitudinem.
1326 1122 1400 1176 De
1411 1120 1666 1175 Trinitate
1688 1118 1873 1173 inetia-

283 1218 404 1273 bilis
427 1216 719 1286 Majestatis
739 1214 1042 1287 loquebaris
1064 1232 1078 1281 ;
1100 1222 1154 1270 et
1178 1214 1297 1283 quia
1316 1212 1557 1269 deiecisti
1582 1212 1633 1266 in
1652 1210 1867 1277 divinis,

285 1318 535 1380 tuamque
550 1308 907 1364 inﬁrmitatem
922 1307 1095 1363 debita
1114 1307 1408 1361 humilitate
1420 1304 1695 1360 confessus
1707 1314 1791 1373 es,“
1800 1302 1871 1359 ad

284 1402 517 1457 humana
542 1403 770 1467 venisti;
802 1402 872 1457 ibi
901 1401 1121 1457 discute.
1151 1399 1423 1469 Quterisin
1444 1413 1655 1468 pecore,
1671 1396 1869 1467 quaeris

280 1495 333 1549 in
353 1494 492 1559 sole,
512 1495 567 1549 in
592 1494 744 1549 stella
759 1494 783 1547 ?
798 1493 934 1562 Quid
956 1494 1097 1549 enim
1118 1491 1307 1547 horum
1331 1492 1523 1546 factum
1542 1498 1626 1545 est
1640 1490 1705 1544 ad
1732 1489 1868 1544 ima-

278 1585 460 1655 ginem
477 1594 531 1640 et
550 1585 949 1640 similitudinem
968 1585 1060 1639 Dei
1074 1584 1098 1638 ?
1112 1584 1339 1639 Prorsus
1354 1582 1669 1642 familiarius
1684 1590 1738 1637 et
1755 1595 1869 1637 me-

278 1678 377 1731 lius
404 1678 609 1748 aliquid
638 1676 829 1733 horum
856 1678 1052 1748 quaeris
1074 1676 1127 1731 in
1149 1685 1219 1732 te.
1243 1674 1526 1731 Hominem
1552 1675 1695 1731 enim
1724 1673 1866 1731 Deus

278 1764 403 1825 fecit
419 1771 487 1825 ad
508 1771 792 1841 imaginem
816 1779 870 1825 et
897 1769 1297 1825 similitudinem
1325 1783 1495 1823 suam.
1520 1767 1574 1821 In
1600 1777 1648 1822 te
1662 1782 1863 1839 quaere,

276 1877 342 1916 nc
370 1862 515 1917 forte
559 1864 733 1932 imago
779 1862 1055 1916 Trinitatis
1091 1860 1285 1916 habeat
1332 1857 1545 1930 aliquod
1584 1859 1866 1929 vestigium

275 1953 576 2009 Trinitatis.
605 1954 673 2009 Et
696 1955 851 2024 quae?
876 1953 1054 2024 Imago
1078 1953 1211 2008 facta
1242 1953 1399 2022 longe
1424 1951 1656 2007 distans:
1680 1951 1867 2006 simili-

276 2044 401 2100 tudo
445 2055 624 2101 tamen
664 2055 717 2100 et
754 2046 930 2116 imago
975 2046 1131 2116 longe
1168 2046 1370 2099 distans
1394 2087 1408 2112 ,
1452 2058 1556 2100 non
1598 2044 1865 2116 quomodo

275 2140 450 2209 imago
479 2140 644 2194 Filius
674 2139 775 2195 hoc
814 2139 956 2211 quod
999 2139 1173 2194 Pater.
1204 2138 1373 2193 Aliter
1401 2139 1543 2193 enim
1588 2138 1761 2209 imago
1809 2139 1864 2194 in

275 2231 403 2297 tilio,
435 2232 593 2287 aliter
628 2232 684 2286 in
726 2231 962 2302 speculo.
997 2230 1212 2285 Multum
1243 2230 1419 2285 distat.
1452 2229 1505 2284 In
1538 2228 1645 2284 ﬁlio
1688 2230 1864 2299 imago

275 2335 383 2393 tua,
416 2336 472 2380 tu
500 2326 614 2396 ipse
645 2341 724 2382 es.
765 2326 875 2380 Hoc
904 2334 987 2380 est
1012 2323 1153 2378 enim
1188 2324 1327 2379 [ilius
1368 2323 1509 2393 quod
1558 2332 1611 2377 tu
1648 2332 1859 2378 natura.

273 2418 585 2473 Substantia
613 2417 717 2473 hoc
744 2417 885 2488 quod
918 2425 991 2483 tu,
1024 2430 1249 2486 persona
1275 2416 1409 2471 alius
1434 2431 1590 2487 quam
1622 2424 1697 2469 tu.
1743 2415 1860 2471 Non

274 2526 398 2582 ergo
426 2512 591 2566 homo
629 2500 804 2583 imago
846 2518 1093 2581 tanquam
1122 2508 1424 2579 unigenitus
1453 2508 1644 2574 Filius,
1669 2508 1763 2562 sed
1792 2507 1860 2562 ad

272 2602 565 2673 imaginem
592 2601 876 2672 quamdam
918 2610 972 2656 et
1011 2600 1291 2671 quamdam
1338 2598 1734 2655 similitudinem
1778 2597 1859 2652 fa-

272 2705 409 2751 ctus.
435 2695 654 2763 Quaerat
682 2695 736 2750 in
765 2710 825 2750 se
848 2693 1067 2764 aliquid,
1098 2693 1141 2749 si
1173 2694 1340 2764 possit
1385 2692 1643 2759 invenire,
1676 2699 1730 2747 et
1759 2690 1858 2746 tria

275 2786 521 2857 quaedam
543 2802 661 2854 qua:
678 2785 1043 2857 separabiliter
1055 2784 1508 2855 pronuntientur‘,
1528 2782 1857 2853 inseparabi-

272 2878 389 2934 liter
418 2888 732 2949 operentur.
764 2880 1005 2946 Quteram
1027 2919 1041 2943 ,
1074 2880 1293 2947 qmerite
1322 2892 1550 2933 mecum.
1599 2877 1715 2933 Non
1759 2892 1860 2949 ego

274 2972 325 3026 in
349 2970 507 3025 vobis
527 2973 571 3038 ',
601 2970 697 3027 sed
720 2985 815 3026 vos
847 2971 898 3025 in
926 2971 1094 3038 vobis,
1124 2980 1177 3025 et
1203 2986 1302 3041 ego
1329 2972 1381 3025 in
1410 2987 1513 3025 me.
1548 2971 1857 3038 Quaeramus

276 3065 649 3129 communiter,
690 3074 743 3119 et
770 3079 1105 3120 communem
1138 3073 1375 3119 naturam
1414 3073 1570 3135 atque
1611 3065 1856 3120 substan-

271 3154 393 3209 tiam
426 3156 783 3211 communiter
812 3162 1217 3225 pertractemus.

336 3248 567 3304 CAPUT
604 3246 717 3303 VII.
770 3279 842 3289 —
904 3248 990 3303 18.
1040 3249 1223 3303 Anima
1272 3258 1443 3304 nostra
1485 3250 1553 3304 ad
1588 3250 1855 3321 imaginem

273 3338 361 3392 Dei
404 3340 565 3409 facta.
619 3339 786 3407 Vide,
839 3355 871 3394 ο
919 3337 1080 3395 homo
1110 3381 1125 3407 ,
1175 3340 1392 3396 adverte
1449 3342 1497 3398 si
1544 3356 1724 3397 verum
1773 3350 1857 3397 est

271 3430 403 3499 quod
436 3430 579 3483 diro.
608 3429 855 3486 Habesne
892 3445 1085 3501 corpus
1105 3473 1119 3498 ,
1154 3431 1319 3487 habes
1358 3433 1610 3488 carnem?
1637 3432 1852 3500 Habeo,

270 3522 465 3593 inquis.
520 3522 651 3578 Nam
701 3524 842 3579 unde
889 3532 1005 3591 est,
1060 3524 1202 3579 unde
1262 3525 1314 3579 in
1370 3525 1488 3581 loco
1518 3541 1670 3593 sum,
1712 3526 1854 3583 unde

270 3612 331 3669 de
382 3614 505 3670 loco
566 3616 619 3670 in
674 3615 850 3670 locum
900 3616 1161 3671 moveor?
1214 3616 1367 3672 Unde
1416 3618 1576 3673 verba
1633 3619 1855 3688 loquen-

272 3705 335 3759 tis
359 3706 526 3762 audio
543 3747 558 3771 ,
589 3707 689 3763 nisi
729 3723 825 3778 per
852 3722 1034 3763 aurem
1076 3708 1289 3763 carnis?
1316 3708 1470 3764 Unde
1496 3724 1557 3763 os
1582 3710 1851 3779 loquentis

266 3796 418 3853 vida)
443 3841 459 3866 ,
494 3800 594 3852 nisi
619 3814 714 3869 per
740 3800 921 3856 oculos
959 3801 1177 3855 carnis?
1225 3800 1432 3867 Habes,
1482 3811 1721 3867 constat,
1752 3818 1851 3858 nec

268 3890 350 3945 diu
402 3892 753 3963 satagendum
794 3901 877 3948 est
914 3892 980 3947 de
1032 3907 1091 3948 re
1127 3891 1424 3947 manifesta.
1477 3893 1610 3949 Vide
1651 3894 1850 3965 aliquid

267 3981 402 4037 aliud
420 4024 435 4049 ,
465 3983 589 4038 vide
616 3983 758 4054 quod
804 3992 1053 4054 operatur
1082 3999 1177 4055 per
1204 3998 1441 4040 carnem.
1488 3984 1657 4040 Audis
1706 3984 1849 4041 enim

267 4090 390 4129 aure
409 4116 423 4139 ,
448 4074 546 4130 sed
578 4091 685 4131 non
710 4075 779 4130 ab
804 4091 932 4132 aure
957 4076 1127 4132 audis.
1168 4078 1322 4132 Alius
1346 4086 1427 4133 est
1465 4078 1606 4133 intus
1636 4079 1725 4149 qui
1755 4094 1850 4135 au-

264 4167 336 4222 dit
360 4184 460 4240 per
488 4184 692 4225 aurem.
724 4170 881 4225 Vides
902 4184 998 4239 per
1020 4171 1262 4237 oculum,
1290 4172 1461 4241 ipsum
1497 4172 1723 4228 intuere.
1764 4174 1848 4229 An

262 4260 478 4317 domum
508 4263 769 4333 agnovisti
791 4303 806 4330 ,
836 4263 1185 4318 habitatorem
1208 4264 1521 4333 neglexisti?
1551 4264 1845 4335 Numquid-

263 4368 379 4407 nam
404 4353 553 4408 videt
574 4354 759 4409 oculus
784 4369 883 4425 per
908 4368 967 4410 se
991 4355 1198 4424 ipsum?
1226 4352 1414 4410 Nonne
1457 4356 1595 4409 alius
1630 4367 1713 4411 eSt
1755 4356 1846 4427 qui

261 4446 399 4501 videt
424 4462 521 4516 per
547 4447 801 4504 oculum?
829 4447 943 4503 Non
990 4447 1111 4502 dico
1130 4487 1144 4511 ,
1182 4445 1295 4502 Non
1320 4448 1462 4503 videt
1489 4449 1675 4505 oculus
1702 4464 1849 4505 mor-

261 4538 361 4603 tui,
385 4538 456 4593 de
479 4553 587 4609 quo
611 4547 818 4595 constat
842 4553 1064 4609 corpore
1090 4538 1443 4595 habitatorem
1475 4540 1799 4597 abscessisse
1826 4561 1839 4597 :

262 4630 348 4685 sed
392 4631 586 4685 oculus
622 4631 690 4687 de
740 4647 801 4687 re
830 4632 932 4686 alia
970 4631 1284 4703 cogitantis,
1327 4647 1435 4687 non
1472 4633 1617 4689 videt
1653 4633 1843 4690 faciem

260 4721 558 4789 pnesentis.
582 4722 807 4793 Respice
840 4738 967 4794 ergo
1011 4723 1321 4780 interiorem
1349 4722 1619 4781 hominem
1668 4735 1839 4783 tuum.

262 4811 331 4868 lbi
358 4814 505 4869 enim
532 4815 702 4885 magis
726 4815 898 4885 aliqua
944 4813 1236 4870 similitudo
1275 4814 1562 4885 quaerenda
1600 4825 1683 4873 est
1709 4833 1843 4889 quo-

260 4906 501 4961 rumdam
516 4906 677 4961 trium
688 4908 971 4977 separatim
988 4906 1292 4962 demonstra
1301 4915 1495 4973 torum,
1516 4909 1842 4980 inseparabi-

260 4992 377 5052 liter
400 4998 755 5067 operantium.
778 4996 913 5065 Quid
939 4996 1098 5052 habet
1123 5012 1275 5053 mens
1300 4999 1421 5052 tua?
1447 4997 1608 5055 Forte
1633 5001 1677 5057 si
1694 5016 1840 5072 qua:-

260 5104 365 5145 ram
387 5133 402 5157 ,
434 5091 603 5146 multa
631 5092 842 5147 invenio
866 5112 880 5147 :
904 5092 996 5148 sed
1016 5092 1213 5163 aliquid
1241 5094 1542 5164 proximum
1565 5105 1668 5162 est,
1696 5097 1837 5167 quod

264 5179 468 5237 facilius
518 5184 849 5255 intelligitur.
902 5183 1040 5252 Quid
1086 5183 1249 5240 habet
1287 5185 1473 5267 anima
1516 5188 1647 5242 tua?
1691 5187 1837 5243 Intus

263 5285 641 5343 commemora,
674 5274 849 5331 recole
876 5275 916 5328 ³.
944 5274 1060 5330 Non
1090 5276 1232 5331 enim
1256 5278 1398 5348 quod
1428 5278 1666 5335 dicturus
1696 5294 1833 5350 sum,

261 5364 313 5421 id
338 5381 502 5436 posco
538 5373 599 5421 ut
632 5366 880 5423 credatur
922 5368 1053 5423 mihi
1078 5387 1092 5424 :
1121 5369 1229 5425 noli
1258 5380 1565 5441 acceptare,
1595 5372 1640 5427 si
1686 5372 1740 5428 in
1784 5382 1836 5429 te

260 5472 359 5513 non
381 5461 667 5515 inveneris.
690 5461 901 5517 Intuere
920 5476 1068 5533 ergo,
1086 5462 1179 5520 sed
1196 5462 1368 5533 primo
1385 5464 1525 5536 quod
1544 5465 1833 5537 exciderat,

317 5574 333 5640 ξ
358 5582 462 5640 Duo
481 5582 609 5640 ωε,
631 5587 740 5640 qua
754 5574 1085 5640 separabiliter
1106 5578 1501 5630 dernonstremisr.

315 5636 441 5718 Line
462 5636 1669 5704 apudlbv.additur,etvosinme;quodabaliis
1697 5643 1835 5699 libris

485 5764 559 5809 Er.
583 5766 638 5830 et
656 5758 841 5825 aliquot
862 5768 991 5826 Ias,
1022 5777 1354 5830 commemoro,
1386 5764 1558 5821 recole.
1581 5772 1833 5824 Fossatem

252 5820 316 5868 sis
337 5827 437 5883 Ms,
462 5820 637 5883 recole,
664 5820 989 5876 conunemorol

528 5904 779 5995 Saucr.‘
790 5907 1068 5974 Auens'r.
1109 5912 1187 5976 V.

1986 470 2279 540 videamus,
2307 475 2351 529 sl
2382 473 2540 531 homo
2582 491 2689 534 non
2718 478 2837 537 Filii
2866 490 3067 540 tantum
3114 484 3288 559 Imago
3323 500 3442 559 est,
3470 504 3562 553 aut

1985 561 2155 619 Patris
2182 572 2383 621 tantum
2413 570 2587 641 imago
2615 582 2731 641 est,
2779 574 2874 631 sed
2900 576 3072 633 Patris
3112 588 3164 633 et
3192 580 3341 649 Filii;
3372 594 3425 639 et
3455 590 3561 642 nti-

1980 668 2086 723 que
2103 655 2212 725 jam
2241 670 2631 730 consequenter
2654 673 2710 720 et
2744 660 2974 737 Spiritus
3006 672 3195 726 sancti.
3237 673 3460 733 Genesis
3481 678 3562 734 lo-

1981 751 2158 842 quitur
2186 770 2198 805 :
2227 752 2521 824 Faciamus,
2566 759 2766 829 inquit,
2799 765 3050 819 hominem
3097 768 3167 820 ad
3195 768 3472 842 imaginem
3514 782 3563 829 et

1979 841 2354 899 similitudinem
2379 858 2602 903 nostram
2629 849 2781 920 (Gen.
2809 854 2962 926 1,26).
2990 855 3105 911 Non
3136 874 3264 931 ergo
3305 841 3432 918 facit
3460 864 3562 921 Pa-

1977 938 2061 986 ter
2084 935 2199 990 sine
2221 934 2383 1004 Filio,
2415 954 2511 994 nec
2539 939 2708 996 Filius
2736 943 2851 1000 sine
2877 946 3052 1002 Patre.
3097 947 3371 1007 Faciamus
3397 954 3560 1009 Itami-

1976 1038 2090 1078 nem
2115 1026 2182 1079 ad
2210 1028 2481 1100 imaginem
2507 1041 2553 1086 et
2574 1034 2955 1091 similitudinem
2976 1050 3217 1095 nostram.
3245 1042 3557 1113 Faciamus;

1976 1130 2105 1183 non,
2126 1117 2357 1187 Faciam;
2376 1131 2485 1189 aut,
2506 1124 2620 1191 fac;
2639 1136 2749 1194 aut,
2771 1128 2925 1185 faciat
2942 1131 3027 1188 ille
3049 1151 3060 1185 :
3082 1134 3195 1203 sed,
3218 1136 3466 1205 faciamus
3486 1154 3556 1195 aa

1977 1205 2284 1280 imaginem;
2306 1228 2433 1281 non,
2467 1215 2670 1286 Tuam;
2699 1230 2809 1287 aut,
2842 1238 3014 1279 meum
3037 1243 3050 1289 ;
3074 1227 3188 1293 sed,
3212 1231 3280 1283 ad
3309 1242 3556 1291 nostram.

2048 1299 2136 1355 I9.
2196 1301 2458 1361 Trinitatis
2500 1310 2778 1367 similitudo
2821 1314 2876 1369 in
2918 1315 3140 1373 homine.
3192 1320 3332 1393 Ergo
3386 1325 3559 1382 inter-

1973 1405 2136 1462 rogo,
2161 1394 2470 1454 dissimilem
2498 1415 2609 1457 rem
2640 1403 2779 1460 dico.
2818 1406 2988 1463 Nemo
3020 1409 3164 1467 dicat
3193 1429 3206 1467 :
3236 1413 3372 1470 Ecce
3414 1419 3560 1487 quod

1973 1488 2298 1555 comparavit
2320 1489 2446 1546 Deo.
2472 1492 2588 1547 Jam
2615 1494 2820 1552 locutus
2845 1514 2962 1554 sum
2989 1542 3004 1569 ,
3037 1510 3092 1557 et
3120 1504 3439 1574 praelocutus
3456 1550 3474 1576 ,
3501 1520 3558 1567 et

1972 1584 2159 1632 cautos
2184 1579 2428 1650 reddidi,
2472 1594 2529 1640 et
2565 1596 2751 1643 cautus
2785 1589 2879 1645 fui.
2912 1590 3097 1665 Longe
3135 1596 3236 1652 ista
3266 1596 3496 1667 distant,
3524 1616 3559 1659 a

1972 1672 2193 1728 summis
2211 1673 2337 1743 ima,
2356 1676 2423 1731 ab
2444 1678 2963 1741 incommutabilibus
2987 1688 3283 1758 mutabilia,
3310 1706 3341 1746 a
3369 1706 3557 1749 crean-

1972 1761 2111 1819 tibus
2133 1774 2332 1833 creata,
2356 1784 2386 1823 a
2410 1768 2605 1825 divinis
2634 1772 2888 1829 humana.
2912 1777 3050 1835 Ecce
3089 1781 3264 1850 primo
3290 1784 3394 1840 hoc
3408 1799 3558 1841 com-

1971 1853 2185 1921 mendo,
2226 1858 2347 1926 quia
2375 1861 2514 1930 quod
2545 1861 2781 1919 dicturus
2810 1881 2929 1923 sum
2968 1869 3126 1941 longe
3168 1874 3363 1943 distat,
3394 1892 3556 1934 nemo

1969 1943 2101 1999 mihi
2125 1945 2494 2006 calumnietur.
2530 1952 2609 2009 Ne
2640 1956 2775 2012 forte
2795 1972 2924 2029 ergo
2966 1969 3020 2015 et
3070 1978 3171 2034 ego
3220 1980 3376 2023 aures
3403 1984 3554 2040 quae-

1968 2048 2082 2089 ram
2102 2076 2120 2101 ,
2144 2044 2202 2093 et
2227 2039 2315 2096 ille
2334 2041 2522 2099 dentes
2561 2056 2731 2115 paret,
2760 2047 2862 2104 hoc
2890 2067 2977 2107 me
3018 2056 3239 2123 promisi
3281 2039 3554 2117 exhibitu-

1968 2143 2118 2199 rum,
2140 2132 2313 2203 aliqua
2340 2137 2439 2192 tria
2458 2137 2820 2197 demonstrata
2854 2149 3139 2216 separatim
3159 2192 3174 2218 ,
3208 2164 3424 2223 operata
3466 2158 3550 2213 in-

1968 2222 2354 2290 separabiliter.
2408 2226 2578 2295 Quam
2626 2232 2734 2288 sint
2772 2235 2872 2290 ista
2913 2237 3105 2294 similia
3150 2222 3553 2305 veldissimilia

1971 2310 2218 2405 Irinthi
2274 2321 2671 2391 omnipotenti,
2747 2342 2852 2383 non
2912 2346 3055 2387 nunc
3123 2349 3223 2405 ago
3271 2354 3285 2390 :
3328 2339 3421 2394 sed
3498 2341 3554 2397 in

1968 2402 2081 2473 ipsa
2112 2417 2355 2465 creatura
2383 2410 2487 2467 ima
2512 2422 2566 2470 et
2600 2418 2840 2474 mutabili
2878 2402 3179 2481 invenimus
3205 2428 3380 2500 aliqua
3423 2432 3548 2495 tria,

1968 2510 2115 2594 quae“
2141 2502 2345 2569 possint
2386 2508 2760 2575 separabiliter
2802 2512 3190 2585 demonstrari,
3233 2530 3288 2576 et
3338 2522 3552 2594 insepa-

1967 2588 2203 2646 rabiliter
2253 2596 2484 2664 operari.
2540 2598 2584 2652 0
2623 2603 2855 2658 carnalis
2882 2607 3162 2676 cogitatio,
3194 2619 3247 2665 et
3275 2588 3553 2671 conscien-

1967 2678 2038 2772 tia
2060 2682 2300 2772 pertinax
2328 2692 2485 2756 atque
2511 2688 2776 2746 infidelis!
2832 2692 2970 2761 Quid
3018 2696 3090 2751 de
3138 2698 3225 2753 illa
3269 2700 3545 2772 Majestate

1966 2770 2214 2828 ineffabili
2244 2774 2295 2829 in
2342 2792 2403 2831 ea
2433 2793 2492 2833 re
2524 2779 2735 2836 dubitas
2756 2824 2770 2847 ,
2818 2798 2975 2853 quam
3001 2787 3053 2841 in
3084 2797 3137 2844 te
3180 2770 3421 2848 invenire
3451 2810 3552 2865 po-

1965 2864 2153 2921 tuisti?
2182 2867 2318 2923 Ecce
2338 2868 2477 2936 dico,
2506 2886 2632 2927 ecce
2652 2873 2922 2947 interrogo
2950 2896 2963 2933 :
2998 2878 3203 2950 Homo,
3236 2884 3402 2942 habes
3436 2864 3551 2944 me-

1964 2956 2227 3013 moriam?
2248 2959 2303 3015 Si
2325 2977 2430 3017 non
2457 2963 2641 3033 babes,
2674 2967 2815 3037 quod
2845 2968 2954 3025 dixi
2995 2976 3261 3043 quomodo
3293 2980 3541 3039 tenuisti?

1964 3048 2069 3105 Sed
2096 3050 2233 3107 forte
2262 3053 2393 3124 jam,
2417 3057 2557 3125 quod
2585 3059 2745 3129 paulo
2773 3070 2898 3117 ante
2921 3062 3027 3118 dixi
3052 3106 3068 3131 ,
3099 3067 3294 3125 oblitus
3330 3086 3408 3127 es.
3438 3073 3551 3131 Hoc

1962 3142 2135 3214 ipsum
2165 3146 2306 3217 quod
2333 3147 2471 3216 dico,
2497 3150 2641 3217 Dixi;
2673 3152 2806 3208 duas
2836 3156 2963 3209 istas
3004 3158 3236 3229 syllabas
3261 3179 3369 3218 non
3393 3171 3547 3223 tene-

1959 3251 2076 3304 res,
2108 3238 2208 3294 nisi
2237 3254 2332 3309 per
2353 3242 2690 3299 memoriam.
2719 3244 2871 3301 Unde
2888 3248 3029 3303 enim
3055 3252 3221 3308 scires
3250 3255 3385 3313 duas
3404 3273 3545 3328 esse,

1962 3326 2005 3380 si
2032 3337 2255 3385 sonante
2280 3331 2511 3386 secunda
2541 3332 2739 3389 oblitus
2780 3351 2928 3392 esses
2956 3342 3222 3409 primam?
3246 3345 3382 3413 Quid
3415 3326 3545 3421 ergo

1961 3414 2160 3473 diutius
2206 3420 2497 3477 immoror?
2522 3439 2687 3493 quare
2726 3426 2803 3481 sic
2836 3430 3067 3499 urgeor?
3092 3448 3257 3503 quare
3283 3437 3359 3491 sic
3384 3414 3548 3510 cogor

1960 3510 2315 3567 convincere?
2340 3512 2673 3570 Manifestum
2699 3526 2801 3583 est,
2826 3518 2988 3576 habes
3016 3527 3350 3584 memoriam.
3371 3530 3535 3597 Quae-

1959 3613 2021 3654 ro
2048 3600 2192 3655 aliud
2224 3620 2235 3655 :
2258 3602 2430 3657 Habes
2456 3604 2827 3661 intellectum?
2849 3609 3057 3677 Habeo,
3087 3614 3286 3686 inquis.
3317 3619 3371 3674 Si
3394 3623 3541 3678 enim

1957 3706 2067 3747 non
2112 3692 2339 3749 haberes
2366 3699 2710 3765 memoriam,
2752 3716 2857 3755 non
2888 3711 3098 3760 teneres
3132 3708 3276 3777 quod
3306 3710 3416 3767 dixi
3446 3732 3459 3767 :
3495 3716 3542 3770 si

1957 3798 2062 3839 non
2079 3784 2301 3841 haberes
2322 3788 2668 3857 intellectum,
2688 3807 2793 3847 non
2814 3808 3132 3863 agnosceres
3143 3800 3284 3869 quod
3304 3804 3541 3860 tenuisti.

1958 3875 2133 3933 Habes
2156 3879 2353 3934 ethoc.
2386 3880 2715 3938 Intellectum
2745 3892 2892 3939 tuum
2918 3886 2987 3941 ad
3028 3888 3079 3943 id
3124 3892 3266 3960 quod
3286 3894 3431 3949 intus
3456 3905 3542 3953 te-

1956 3986 2052 4027 nes
2077 4013 2091 4037 ,
2114 3989 2353 4043 revocas,
2373 3984 2428 4031 et
2454 3976 2622 4044 vides,
2654 3988 2707 4033 et
2738 3978 2966 4035 videndo
2988 3980 3255 4053 formaris,
3285 3990 3541 4048 utsciens

1955 4064 2166 4120 dicaris.
2198 4066 2435 4122 Tertium
2472 4059 2692 4138 quiero‘:
2728 4070 2903 4126 Ilabes
2930 4079 3272 4141 memoriam,
3319 4094 3420 4148 qua
3462 4089 3543 4137 te-

1955 4170 2084 4211 neas
2109 4157 2250 4226 quod
2286 4156 2510 4224 dicitur;
2546 4158 2710 4215 babes
2752 4161 3106 4230 intellectum,
3144 4182 3251 4237 quo
3280 4169 3541 4243 intelligas

1953 4248 2093 4317 quod
2118 4256 2357 4314 tenetur;
2390 4247 2457 4304 de
2500 4249 2584 4304 his
2633 4248 2839 4307 duobus
2868 4256 3083 4324 requiro
3108 4257 3204 4312 abs
3236 4268 3316 4326 te,
3353 4262 3540 4319 volens

1954 4340 2169 4394 tenuisti
2196 4350 2249 4395 et
2286 4340 2631 4396 intellexisti?
2677 4343 2873 4401 Volens
2904 4346 3063 4415 plane
3084 4391 3100 4417 ,
3130 4349 3325 4421 inquis.
3362 4354 3539 4413 Habes

1953 4445 2081 4501 ergo
2092 4431 2442 4488 voluntatem.
2460 4433 2584 4489 Haec
2604 4443 2726 4489 sunt
2749 4436 2870 4505 tria,
2894 4454 3012 4508 quae
3029 4456 3115 4497 me
3131 4441 3398 4501 dicturum
3415 4463 3537 4506 esse

1950 4525 2297 4595 promiseram
2315 4526 2530 4581 auribus
2545 4535 2599 4582 et
2619 4528 2889 4584 mentibus
2908 4533 3117 4588 vestris.
3137 4534 3262 4590 Tria
3289 4538 3402 4594 haec
3412 4549 3536 4597 sunt

1950 4614 2005 4669 in
2033 4624 2109 4683 te,
2135 4632 2252 4687 quae
2281 4626 2433 4687 potes
2471 4633 2785 4688 numerare,
2829 4629 2882 4677 et
2922 4638 3029 4678 non
3073 4634 3223 4694 potes
3262 4644 3531 4699 separare.

1952 4706 2077 4764 Haec
2095 4722 2223 4778 ergo
2252 4708 2372 4776 tria,
2416 4714 2727 4766 memoriam
2750 4755 2764 4779 ,
2803 4713 3165 4786 intellectum,
3204 4728 3259 4775 et
3298 4723 3535 4780 volunta-

1949 4808 2090 4868 tem;
2120 4801 2270 4870 haac,
2302 4804 2538 4873 inquam,
2574 4804 2669 4857 tria
2700 4805 3067 4865 animadverte
3094 4814 3379 4881 separatim
3410 4830 3531 4886 pro-

1947 4895 2177 4950 nuntiari
2195 4936 2211 4961 ,
2238 4894 2661 4964 inseparabiliter
2675 4898 2904 4966 operari.

2016 4985 2242 5044 CAPUT
2283 4987 2492 5042 VIII.—-
2505 4987 2595 5043 20.
2626 4988 2892 5057 Memoria,
2919 4991 3197 5048 intellectus
3215 5002 3261 5048 et
3276 4997 3526 5070 voluntas,

1946 5090 1993 5139 et
2016 5081 2362 5152 separabiliter
2386 5081 2812 5151 demonstrantur,
2836 5092 2884 5137 et
2903 5084 3300 5154 inseparabiliter
3316 5106 3527 5161 aperan-

1946 5182 2046 5230 tur.
2082 5174 2267 5230 Aderit
2320 5175 2606 5241 Dominus,
2654 5184 2709 5229 et
2744 5175 2899 5231 video
2936 5176 3077 5246 quod
3128 5178 3269 5233 adsit
3307 5198 3412 5237 :ex
3445 5186 3526 5239 in-

1944 5265 2163 5321 tellectu
2191 5274 2372 5321 vestro
2398 5266 2635 5336 intelligo
2661 5280 2782 5321 eum
2809 5265 3015 5320 adesse.
3063 5266 3141 5321 Ex
3166 5266 3249 5324 his
3270 5272 3411 5327 enim
3437 5292 3522 5330 vo-

1943 5361 2095 5419 cibus
2119 5360 2311 5415 vestris
2330 5401 2345 5426 ,
2376 5358 2821 5429 quemadmodum
2852 5357 3241 5430 intellexeritis,
3266 5363 3513 5436 adverto;

1944 5466 2213 5525 praesumo
2236 5465 2357 5507 eum
2380 5451 2676 5521 adjuturum
2698 5490 2712 5516 ,
2753 5456 2814 5504 ut
2841 5449 3019 5504 omnia
3044 5450 3370 5524 intelligetis.
3399 5457 3523 5515 Tria

1942 5546 2162 5617 promisi
2227 5544 2597 5616 separabiliter
2653 5543 3041 5612 demonstrari,
3095 5544 3522 5617 inseparabiliter

1942 5638 2174 5710 Operari.
2229 5637 2367 5693 Ecce
2406 5636 2709 5693 nesciebam
2753 5636 2881 5708 quid
2924 5644 3071 5694 esset
3111 5636 3164 5693 in
3189 5640 3369 5696 animo
3395 5649 3519 5710 tuo,

1940 5729 2316 5788 demonstrasti
2355 5730 2487 5785 mihi
2514 5728 2779 5795 dicendo,
2806 5728 3082 5785 Memoria.
3124 5729 3237 5786 Hoc
3262 5732 3517 5802 verbum,

1942 5837 2107 5883 sonus
2132 5824 2254 5896 iste,
2276 5837 2380 5882 vox
2398 5824 2497 5883 ista
2518 5823 2779 5899 processit
2797 5822 2867 5881 ad
2892 5836 3047 5878 aures
3073 5836 3221 5879 meas
3248 5823 3315 5882 ab
3333 5824 3520 5883 animo

2818 5992 2835 6005 ν
2904 5916 3215 6000 (Ποίας.)
