3980 6448
438 435 445 447 ,
476 381 582 445 363

479 514 589 557 tuo.
614 499 727 555 Hoc
760 496 905 555 enim
930 494 1072 569 quod
1114 500 1201 552 est
1237 489 1514 559 memoria,
1547 491 1709 548 tacite
1752 490 2051 564 cogitabas,

477 601 534 650 et
552 605 661 648 non
684 587 919 649 dicebas.
947 588 1076 644 Erat
1099 586 1151 643 in
1176 595 1247 655 te,
1275 594 1331 651 et
1358 585 1594 643 nondum
1621 594 1840 642 venerat
1859 584 1925 641 ad
1947 599 2051 639 me.

476 683 551 743 Ut
573 691 749 741 autem
782 679 923 754 quod
948 687 1063 736 erat
1086 678 1140 736 in
1171 686 1225 735 te
1251 676 1581 749 proferretur
1624 675 1693 733 ad
1733 692 1841 743 me,
1869 675 2051 731 dixisti

474 776 651 851 ipsum
681 789 877 833 nomen
895 815 911 842 ,
939 770 992 828 id
1018 778 1119 841 est,
1142 768 1415 826 Memoria.
1447 768 1638 825 Audivi
1663 786 1676 823 :
1707 777 1937 840 quatuor
1958 767 2054 823 has

479 867 712 943 syllabas
735 866 794 922 id
817 862 1033 922 nomine
1051 863 1324 920 memorias
1345 861 1541 918 audivi.
1566 861 1801 931 Quatuor
1828 860 2057 933 syllaba-

476 976 599 1017 rum
630 972 822 1016 nomen
870 966 974 1025 est,
1018 970 1123 1011 vox
1161 963 1270 1020 est,
1301 954 1510 1022 sonuit,
1551 953 1617 1009 ad
1658 968 1841 1009 aurem
1880 966 2053 1009 meam

476 1049 760 1124 processit,
776 1046 941 1104 menti
961 1044 1161 1119 aliquid
1181 1045 1482 1102 insinuavit.
1507 1044 1658 1113 Quod
1684 1044 1861 1101 sonuit
1884 1052 2053 1099 trans-

474 1143 570 1213 iit,
598 1142 740 1199 unde
768 1140 1092 1198 insinuatum
1116 1148 1171 1195 et
1200 1137 1342 1209 quod
1380 1137 1704 1193 insinuatum
1731 1146 1814 1193 est
1853 1144 2052 1193 manet.

476 1234 583 1293 Sed
612 1235 715 1292 hoc
734 1250 935 1305 quaero,
963 1231 1176 1306 quando
1198 1231 1382 1288 dixisti
1422 1232 1523 1287 hoc
1547 1245 1742 1286 nomen
1774 1230 2053 1299 Memoria,

470 1331 625 1387 vides
652 1338 799 1387 certe
822 1328 946 1400 quia
973 1326 1076 1382 hoc
1104 1340 1299 1382 nomen
1325 1339 1432 1380 non
1456 1324 1686 1396 pertinet
1713 1323 1815 1381 nisi
1839 1320 1907 1378 ad
1932 1337 2055 1377 me-

473 1424 722 1481 moriam.
752 1421 956 1478 Cmtera
986 1419 1131 1476 enim
1157 1418 1265 1475 duo
1288 1417 1485 1473 habent
1508 1417 1725 1473 nomina
1754 1430 1869 1473 sua.
1894 1415 2056 1471 Nam-

473 1531 579 1586 que
622 1512 767 1569 aliud
813 1523 1033 1568 vocatur
1070 1510 1392 1575 intellectus,
1433 1508 1578 1565 aliud
1624 1508 1906 1583 voluntas,
1947 1521 2054 1563 non

474 1603 732 1663 memoria
764 1622 778 1658 :
808 1601 941 1659 illud
980 1600 1156 1659 autem
1192 1616 1354 1657 unum
1384 1608 1604 1657 vocatur
1640 1599 1919 1656 memoria.
1950 1596 2057 1655 Sed

474 1706 535 1753 ut
558 1696 662 1752 hoc
681 1692 907 1763 diceres,
938 1701 1000 1750 ut
1039 1702 1266 1769 quatuor
1294 1694 1423 1749 istas
1450 1693 1683 1766 syllabas
1717 1690 2016 1762 operareris
2037 1729 2053 1756 ,

472 1788 616 1845 unde
645 1796 896 1860 operatus
924 1786 1022 1843 es?
1062 1782 1176 1842 Hoc
1212 1800 1409 1843 nomen
1452 1785 1594 1857 quod
1625 1785 1855 1855 pertinet
1878 1783 1945 1839 ad
1965 1798 2054 1840 so-

469 1878 577 1937 lam
605 1879 948 1947 memoriam,
978 1886 1194 1949 operata
1214 1886 1298 1936 est
1326 1877 1379 1933 in
1406 1886 1531 1935 teet
1564 1876 1843 1942 memoria,
1879 1884 1938 1931 ut
1975 1884 2059 1932 te-

471 1988 627 2029 neres
648 1966 787 2043 quod
807 1969 1057 2036 dicebas;
1086 1978 1141 2025 et
1163 1968 1484 2037 intellectus,
1514 1977 1573 2024 ut
1594 1968 1763 2025 scires
1789 1966 1933 2039 quod
1972 1973 2055 2029 te-

469 2064 669 2130 nebas;
699 2071 753 2120 et
783 2062 1048 2130 voluntas,
1096 2069 1154 2116 ut
1184 2060 1451 2132 proferres
1484 2060 1628 2131 quod
1669 2060 1896 2117 sciebas.
1924 2057 2058 2115 Gra-

471 2156 575 2214 tias
603 2154 830 2211 Domino
866 2152 979 2210 Deo
1006 2163 1210 2209 nostro.
1246 2150 1464 2224 Adjuvit
1492 2166 1610 2219 nos,
1639 2158 1695 2207 et
1721 2151 1776 2206 in
1819 2149 1974 2206 vobis
2000 2156 2057 2207 et

470 2248 527 2306 in
566 2248 739 2304 nobis.
773 2246 915 2303 Vere
942 2245 1063 2302 dico
1086 2242 1348 2301 Charitati
1378 2252 1594 2313 vestrae,
1623 2243 1727 2299 hoc
1764 2242 2056 2299 discutien-

469 2328 595 2399 dum
624 2348 678 2396 et
718 2336 1099 2395 insinuandum
1148 2333 1506 2411 trepidissime
1557 2348 1837 2407 aggressus
1880 2348 2051 2391 eram.

466 2429 765 2497 Metuebam
794 2428 937 2487 enim
965 2443 1035 2485 ne
1065 2422 1204 2483 forte
1233 2420 1562 2483 laetiticarem
1594 2427 1867 2497 capacium
1902 2426 2054 2497 inge-

470 2525 654 2594 nium,
686 2528 739 2580 et
767 2519 1002 2579 facerem
1044 2534 1206 2593 grave
1255 2518 1579 2574 tardioribus
1624 2517 1859 2573 taedium.
1903 2516 2057 2573 Nunc

468 2623 647 2671 autem
674 2610 830 2671 video
860 2627 955 2670 vos
982 2620 1037 2669 et
1061 2611 1358 2668 attentione
1385 2609 1670 2678 audiendi,
1702 2617 1756 2666 et
1778 2609 2053 2669 celeritate

466 2702 831 2780 intelligendi,
870 2718 978 2760 non
1008 2702 1181 2760 solum
1216 2703 1524 2775 percepisse
1549 2701 1773 2768 dictum,
1804 2700 1899 2757 sed
1918 2716 2054 2773 prae-

466 2798 674 2854 volasse
703 2797 969 2853 dicturum
1004 2814 1017 2852 :
1044 2793 1255 2853 Gratias
1274 2793 1523 2850 Domino.

532 2887 760 2946 CAPUT
796 2886 888 2943 IX.
920 2916 995 2930 -â€”
1034 2885 1126 2942 21.
1155 2882 1240 2941 Ea:
1277 2885 1356 2940 his
1404 2885 1559 2940 tribus
1606 2882 1892 2938 illustratur
1936 2880 2056 2938 Tri-

466 2980 639 3037 nilatis
686 2977 997 3050 mysterium.
1044 2973 1235 3032 Videte
1279 2989 1437 3045 ergo,
1477 2973 1587 3045 jam
1632 2987 1853 3029 securus
1901 2987 2053 3028 com-

466 3071 661 3129 mendo
683 3068 825 3143 quod
864 3067 1243 3135 intellexistis;
1290 3081 1399 3122 non
1444 3066 1658 3121 inculco
1704 3065 2050 3136 incognitum,

464 3162 565 3220 sed
592 3171 836 3235 repetens
885 3156 1204 3216 commendo
1233 3165 1563 3228 perceptum.
1603 3152 1747 3213 Ecce
1788 3155 1856 3211 de
1883 3156 2053 3212 tribus

464 3258 569 3315 illis
593 3272 697 3313 una
718 3271 805 3312 res
834 3253 1103 3310 nominata
1147 3259 1267 3320 est,
1303 3250 1460 3307 unius
1502 3249 1581 3306 rei
1626 3263 1823 3305 nomen
1853 3247 2052 3305 dictum

463 3358 547 3407 est
577 3369 590 3405 :
616 3344 871 3405 Memoria
897 3360 1095 3407 nomen
1138 3353 1223 3401 est
1247 3342 1404 3399 unius
1424 3357 1489 3398 ex
1515 3341 1621 3397 illis
1643 3340 1809 3397 tribus
1827 3382 1843 3409 ,
1887 3347 1940 3396 et
1966 3349 2050 3395 ta-

462 3455 586 3500 men
608 3456 800 3499 nomen
827 3438 983 3496 unius
1005 3452 1074 3495 ex
1094 3436 1197 3493 illis
1225 3435 1397 3493 tribus
1417 3435 1517 3491 tria
1538 3435 1652 3508 ipsa
1672 3441 1890 3506 Operata
1904 3441 2047 3491 sunt.

460 3528 578 3591 Non
603 3534 770 3607 potuit
796 3530 897 3588 dici
918 3528 1031 3587 sola
1051 3529 1332 3597 memoria,
1350 3528 1453 3585 nisi
1474 3534 1729 3600 operante
1750 3528 2045 3595 voluntate,

461 3625 737 3683 intellectu
764 3632 819 3680 et
845 3623 1121 3679 memoria.
1144 3618 1264 3677 Non
1290 3628 1479 3704 potest
1516 3618 1621 3676 dici
1662 3619 1810 3676 solus
1834 3619 2049 3702 intelle-

459 3728 579 3776 ctus
597 3760 613 3786 ,
640 3714 743 3773 nisi
772 3724 1028 3787 operante
1054 3713 1333 3782 memoria,
1358 3712 1631 3769 voluntate
1663 3720 1718 3769 et
1736 3711 2042 3768 intellectu:

460 3828 561 3870 nec
588 3819 761 3884 potest
781 3806 886 3865 dici
911 3807 1025 3865 sola
1051 3805 1298 3863 voluntas
1323 3846 1340 3874 ,
1370 3804 1475 3862 nisi
1497 3811 1756 3875 operante
1784 3803 2044 3861 memoria

458 3900 515 3962 et
542 3901 813 3960 intellectu
837 3906 894 3958 et
915 3897 1207 3956 voluntate.
1230 3894 1509 3969 Explicata
1530 3903 1674 3965 sunt,
1702 3904 1763 3952 ut
1786 3895 2042 3966 arbitror,

461 4011 579 4068 qua:
605 3993 865 4065 promissa
892 3996 1018 4047 sunt
1043 4007 1059 4044 :
1081 3986 1223 4062 quod
1249 3987 1535 4060 separatim
1562 3986 1936 4060 pronuntiavi,
1958 3988 2043 4042 in-

459 4087 825 4161 separabiliter
841 4086 1089 4158 cogitavi.
1125 4084 1305 4142 Unum
1327 4084 1521 4141 horum
1560 4084 1798 4140 omnium
1840 4083 1939 4139 tria
1964 4082 2045 4139 fe-

460 4187 648 4237 cerunt
672 4197 685 4233 :
707 4177 802 4236 sed
828 4187 1002 4235 tamen
1024 4177 1127 4233 hoc
1147 4190 1311 4232 unum
1335 4176 1477 4247 quod
1501 4174 1601 4230 tria
1626 4174 1868 4231 fecerunt
1883 4215 1899 4242 ,
1932 4189 2043 4233 non

460 4267 528 4325 ad
554 4270 650 4325 tria
672 4269 916 4339 pertinet,
948 4265 1045 4324 sed
1071 4264 1139 4322 ad
1182 4281 1366 4322 unum.
1412 4263 1538 4321 Tria
1560 4264 1805 4322 fecerunt
1844 4280 2042 4322 nomen

460 4359 770 4414 memoriae:
804 4356 899 4413 sed
938 4357 1040 4413 hoc
1065 4371 1173 4412 non
1207 4356 1438 4427 pertinet
1457 4355 1557 4410 nisi
1602 4353 1671 4409 ad
1711 4354 1880 4411 solam
1924 4371 2042 4413 me-

460 4448 708 4507 moriam.
736 4447 861 4505 Tria
899 4446 1139 4506 fecerunt
1162 4464 1358 4505 nomen
1403 4448 1708 4506 intellectus
1739 4466 1753 4504 :
1796 4448 1890 4505 sed
1932 4465 2042 4506 non

460 4543 690 4617 pertinet
709 4540 810 4597 nisi
830 4539 903 4596 ad
931 4540 1102 4597 solum
1138 4540 1483 4597 intellectum.
1516 4540 1639 4596 Tria
1675 4540 1919 4597 fecerunt
1942 4555 2041 4597 no-

464 4653 589 4693 men
615 4632 900 4692 voluntatis
929 4652 943 4690 :
977 4634 1073 4691 sed
1118 4649 1225 4689 non
1250 4633 1483 4705 pertinet
1517 4632 1617 4688 nisi
1642 4632 1710 4688 ad
1739 4633 1906 4688 solam
1948 4648 2045 4689 vo-

459 4726 738 4784 luntatem.
761 4725 839 4782 Ita
866 4725 1100 4783 Trinitas
1138 4714 1263 4782 fecit
1299 4738 1515 4780 carnem
1544 4721 1742 4780 Christi
1771 4741 1785 4777 :
1811 4723 1907 4781 sed
1933 4741 2042 4782 non

460 4809 690 4895 pertinet
715 4821 815 4878 nisi
861 4818 927 4876 ad
972 4819 1145 4876 solum
1192 4808 1486 4874 Christum.
1529 4816 1761 4873 Trinitas
1809 4816 1936 4874 fecit
1975 4819 2044 4876 de

462 4915 601 4972 caelo
628 4908 928 4970 columbam
958 4930 971 4966 :
1000 4909 1093 4967 sed
1118 4924 1225 4966 non
1244 4903 1478 4981 pertinet
1507 4908 1612 4965 nisi
1636 4908 1703 4965 ad
1728 4908 1902 4965 solum
1924 4907 2044 4981 Spi-

466 5009 627 5066 ritum
670 5013 933 5060 sanctum.
962 5001 1198 5058 Trinitas
1227 5000 1348 5058 fecit
1394 4999 1461 5058 de
1503 5000 1641 5057 coelo
1690 5001 2045 5059 vocemzsed

463 5115 571 5156 non
601 5096 829 5168 pertinet
850 5109 954 5151 vox
981 5093 1081 5149 nisi
1107 5091 1176 5149 ad
1198 5092 1364 5149 solum
1393 5091 1630 5150 Patrem.

532 5189 623 5245 22.
655 5187 790 5255 Quid
813 5187 995 5257 axillis
1005 5185 1073 5241 ad
1094 5183 1326 5256 Patrem,
1353 5186 1477 5259 quid
1501 5187 1570 5242 ad
1592 5186 1784 5244 Filium
1804 5196 1851 5244 et
1872 5187 2044 5261 Spiri-

463 5287 814 5335 Iumsanctum
838 5280 1102 5349 pertineat,
1151 5278 1475 5351 cogitandum
1516 5281 1839 5352 relinquitur.
1877 5281 2045 5340 Nemo

461 5384 588 5440 ergo
619 5369 759 5425 dicat
779 5368 936 5438 mihi,
974 5384 1133 5427 nemo
1161 5369 1518 5429 calumniosus
1542 5386 1631 5428 me
1666 5373 1932 5429 infirmum
1955 5390 2045 5431 ur-

1708 374 1765 431 S.
1806 367 2169 433 AUCUSTINI
2206 366 2511 432 EPISCOPI

3630 370 3741 442 584

2163 505 2305 547 care.
2335 490 2548 563 Aliquid
2602 488 2954 563 cogitantibus
3001 487 3401 565 relinquamus,
3450 491 3655 567 aliquid
3688 485 3779 563 et

2118 644 2123 651 á½·
2162 583 2376 638 silentio
2402 582 2706 653 largiamur.
2737 582 2871 640 Redi
2915 583 2981 640 ad
3020 593 3108 654 te,
3138 594 3192 642 et
3236 585 3305 642 ab
3329 595 3478 643 omnt
3516 587 3749 661 strepitu

2162 676 2289 733 tolle
2310 686 2384 732 te.
2408 677 2548 733 Intra
2578 686 2631 734 te
2660 678 2781 734 vide
2801 718 2818 745 ,
2848 679 2893 735 si
2923 679 3086 737 habes
3130 678 3238 735 illic
3265 679 3480 752 aliquod
3504 690 3750 739 secreta-

2161 767 2298 827 rium
2337 766 2492 824 dulce
2539 770 2878 827 conscientite
2925 778 3055 837 tum,
3110 770 3201 827 ubi
3246 786 3355 829 non
3399 780 3749 845 perstrepas,

2163 858 2248 914 ubi
2282 874 2385 914 non
2409 860 2583 931 litiges
2604 902 2619 929 ,
2650 870 2741 917 aut
2768 862 2887 920 lites
2911 877 3067 933 pares
3085 904 3102 932 ,
3123 863 3214 920 ubi
3237 879 3344 920 non
3381 863 3755 923 dissensiones

2161 958 2215 1009 et
2240 952 2591 1021 pervicaciam
2618 953 2908 1011 mediteris.
2939 954 3071 1011 Esto
3093 964 3402 1014 mansuetus
3428 955 3499 1013 ad
3521 956 3754 1015 audien-

2161 1042 2285 1099 dum
2316 1045 2569 1115 verbum,
2602 1055 2659 1102 ut
2678 1047 2962 1120 intelligas.
2990 1047 3151 1105 Forte
3170 1047 3413 1105 dicturus
3462 1063 3520 1105 cs
3539 1092 3557 1119 ,
3586 1050 3754 1105 Audiâ€”

2165 1137 2239 1193 tui
2259 1153 2366 1192 meo
2387 1138 2531 1193 dabis
2553 1140 2937 1195 exsultationem
2981 1149 3027 1194 et
3070 1138 3314 1207 fretitiam,
3345 1150 3393 1195 et
3417 1139 3753 1197 exsultabant

2162 1242 2293 1293 ossa,
2320 1227 2414 1283 sed
2439 1229 2706 1284 humiliata
2727 1228 2897 1302 (Psal.
2922 1246 2974 1300 Î¹,
3003 1227 3112 1303 10),
3143 1246 3252 1286 non
3277 1231 3435 1288 elata.

2232 1322 2454 1378 CAPUT
2495 1323 2562 1379 Î§.
2588 1355 2659 1365 -
2682 1323 2769 1379 25.
2804 1323 2937 1379 Hinc
2960 1325 3107 1382 .satis
3136 1325 3436 1399 intelligitur
3478 1324 3754 1381 Trinitatis

2159 1429 2403 1485 personas
2428 1432 2574 1485 posse
2593 1425 2642 1472 et
2664 1417 3011 1487 separabiliter
3036 1418 3369 1473 demonstrari
3399 1427 3444 1472 et
3477 1417 3754 1490 insepara-

2162 1506 2327 1573 biliter
2369 1509 2591 1578 operari.
2633 1508 2841 1565 Sufficit
2904 1524 3033 1581 ergo
3104 1510 3228 1581 quia
3273 1508 3604 1567 ostendimus
3645 1511 3755 1567 tria

2162 1598 2402 1671 quaedam
2461 1600 2828 1671 separabiliter
2881 1599 3270 1669 demonstrari,
3320 1601 3755 1674 inseparabiliter

2161 1688 2390 1759 operari.
2418 1688 2473 1744 Si
2496 1689 2599 1745 hoc
2626 1690 2678 1745 in
2721 1699 2772 1747 te
2809 1692 3094 1759 invenisti,
3125 1692 3172 1748 si
3209 1691 3311 1749 hoc
3339 1693 3394 1748 in
3421 1693 3638 1750 homine
3657 1736 3675 1763 ,
3700 1694 3754 1751 si

2162 1779 2338 1836 hocin
2369 1780 2595 1852 quadam
2624 1798 2851 1854 persona
2890 1785 2942 1839 in
2981 1794 3121 1841 terra
3162 1785 3505 1856 ambulante,
3548 1801 3753 1859 corpus

2160 1870 2347 1943 fragile
2368 1914 2385 1940 ,
2412 1873 2553 1944 quod
2596 1886 2844 1947 aggravat
2870 1876 3123 1947 animam,
3150 1886 3425 1950 portante;
3456 1877 3617 1936 crede
3632 1878 3757 1935 *Pa-

2162 1971 2297 2019 trem
2323 1972 2376 2021 et
2399 1965 2590 2020 Filium
2611 1974 2665 2022 et
2688 1966 2940 2038 Spiritum
2970 1976 3212 2025 sanctum
3238 1984 3335 2041 per
3360 1968 3568 2042 singula
3593 1985 3753 2042 qure-

2160 2051 2283 2110 dam
2310 2054 2532 2111 visibilia
2557 2097 2570 2121 ,
2605 2072 2703 2127 per
2728 2058 2935 2128 species
2968 2059 3226 2131 quasdam
3269 2070 3557 2134 assumpta:
3594 2076 3757 2119 crea-

2161 2155 2295 2204 turae
2320 2162 2478 2220 posse
2499 2156 2554 2204 et
2581 2149 2948 2220 scparabiliter
2967 2151 3358 2222 demonstrari,
3385 2162 3443 2210 et
3467 2153 3752 2227 insepara-

2159 2237 2336 2296 biliter
2360 2240 2588 2310 operari.
2618 2239 2823 2297 Sufficit
2846 2240 2967 2298 hoc.
2997 2242 3116 2299 Non
3136 2242 3277 2313 dico,
3304 2244 3465 2302 Pater
3486 2247 3757 2303 memoria

2173 2342 2276 2400 est,
2306 2332 2474 2388 Filius
2497 2332 2799 2390 intellectus
2836 2344 2947 2403 est,
2978 2332 3208 2407 Spiritus
3235 2337 3479 2396 voluntas
3502 2347 3616 2394 est:
3638 2354 3757 2395 non

2162 2422 2303 2490 dico,
2323 2423 2591 2495 quomodo
2610 2424 2739 2481 libet
2758 2425 3101 2499 intelligatur,
3118 2445 3224 2485 non
3246 2429 3436 2486 audeo.
3454 2430 3756 2487 Servemus

2163 2514 2365 2587 majora
2395 2517 2755 2588 capientibus,
2784 2519 3008 2595 infirmis
3042 2521 3236 2578 infirmi
3272 2522 3344 2595 (Î±)
3378 2524 3519 2597 quod
3550 2539 3755 2596 possu-

2157 2622 2296 2664 mus.
2324 2605 2438 2663 Non
2465 2607 2583 2664 dico
2604 2609 2704 2665 ista
2735 2610 2808 2666 illi
2834 2611 3076 2668 Trinitali
3110 2615 3253 2673 velut
3281 2616 3558 2687 aequanda,
3591 2619 3755 2688 quasi

2156 2697 2225 2753 ad
2252 2699 2546 2772 analogiam
2569 2742 2584 2765 ,
2608 2700 2658 2756 id
2678 2710 2779 2770 est,
2794 2702 2859 2758 ad
2875 2704 3134 2761 rationem
3161 2705 3442 2777 quamdam
3463 2722 3756 2778 compara-

2159 2790 2317 2846 tionis
2341 2790 2612 2864 dirigenda
2644 2811 2657 2848 :
2689 2810 2793 2850 non
2826 2794 2928 2853 hoc
2956 2797 3092 2855 dico.
3125 2798 3232 2855 Sed
3258 2799 3387 2871 quid
3408 2799 3574 2858 dico?
3596 2801 3751 2860 Ecce

2157 2880 2210 2936 in
2244 2892 2293 2938 te
2331 2883 2505 2941 inveni
2534 2888 2631 2941 tria
2671 2889 3035 2959 separabiliter
3085 2890 3480 2960 demonstrata,
3526 2893 3751 2967 insepa-

2156 2974 2393 3031 rabiliter
2435 2988 2682 3047 operata;
2715 2990 2769 3037 et
2795 2997 2979 3038 eorum
3010 2984 3169 3041 trium
3202 2986 3613 3058 unumquodque
3641 3004 3752 3045 no-

2156 3081 2283 3122 men
2303 3082 2333 3124 a
2356 3068 2523 3126 tribus
2548 3069 2745 3128 factum
2760 3114 2775 3141 ,
2806 3073 2948 3144 quod
2977 3083 3151 3132 tamen
3172 3090 3280 3132 non
3300 3077 3368 3133 ad
3393 3077 3513 3146 tria,
3545 3078 3644 3136 sed
3668 3080 3748 3141 ad

2158 3157 2316 3214 trium
2357 3158 2547 3218 horum
2574 3179 2737 3219 unum
2759 3164 2961 3237 aliquid
2982 3167 3290 3237 pertineret.
3323 3168 3495 3227 Crede
3515 3170 3628 3242 jam
3664 3172 3750 3230 ibi

2156 3250 2297 3322 quod
2344 3266 2452 3308 non
2482 3262 2635 3325 potes
2662 3254 2862 3325 videre,
2915 3259 2960 3313 si
2986 3256 3076 3313 hic
3107 3258 3304 3316 audisti
3343 3269 3400 3318 et
3449 3261 3633 3318 vidisti
3685 3272 3753 3320 et

2162 3339 2397 3397 tenuisti.
2419 3341 2475 3397 In
2504 3352 2558 3399 te
2581 3344 2721 3400 enim
2749 3346 2889 3417 quod
2918 3357 3030 3415 est,
3065 3359 3218 3420 potes
3256 3365 3451 3408 nosse:
3478 3352 3532 3408 in
3552 3368 3619 3409 eo
3646 3356 3749 3426 qui

2156 3438 2208 3487 te
2247 3430 2371 3488 fecit
2405 3432 2545 3505 quod
2583 3444 2694 3501 est,
2721 3436 2973 3508 quidquid
2999 3446 3113 3508 est,
3141 3440 3352 3513 quando
3371 3451 3522 3515 potes
3544 3445 3752 3503 nosse?

2152 3521 2220 3577 Et
2239 3523 2282 3578 si
2305 3522 2504 3593 poteris
2523 3565 2539 3592 ,
2568 3524 2801 3581 nondum
2829 3538 3001 3598 potes.
3044 3528 3108 3585 Et
3133 3539 3310 3588 tamen
3337 3547 3457 3589 cum
3483 3535 3690 3604 poteris
3714 3576 3738 3606 ,

2152 3614 2406 3685 numquid
2432 3615 2509 3671 sic
2532 3617 2732 3688 poteris
2753 3633 2910 3675 nosse
2942 3620 3113 3696 Deum
3141 3630 3199 3678 tu
3215 3664 3231 3692 ,
3258 3624 3525 3696 quomodo
3546 3639 3609 3682 se
3631 3643 3745 3683 no-

2150 3704 2226 3761 vit
2255 3704 2433 3762 Deus?
2452 3706 2689 3765 Sufï¬ciat
2712 3725 2839 3782 ergo
2858 3711 3111 3769 Charitati
3135 3724 3325 3772 vestra:
3355 3736 3367 3771 :
3394 3718 3533 3788 quod
3551 3721 3746 3791 potui-

2150 3811 2304 3865 mus,
2351 3797 2619 3867 diximus;
2669 3801 3002 3873 exigentibus
3048 3806 3311 3876 promissa
3359 3807 3696 3869 reddidimus
3726 3831 3747 3868 :

2148 3897 2341 3945 caetera
2369 3906 2486 3960 qua:
2510 3888 2752 3949 addenda
2772 3901 2915 3964 sunt,
2949 3904 3007 3952 ut
3022 3895 3305 3969 proficiant
3325 3914 3513 3957 sensus
3538 3903 3715 3960 vestri
3740 3956 3745 3963 .

2147 3992 2178 4037 a
2200 3979 2426 4038 Domino
2450 3983 2693 4055 quaerite.

2636 4120 2876 4181 sentio
2910 4124 3021 4181 un
3041 4129 3059 4151 á½·
3084 4125 3186 4200 (Î¿).

2146 4227 2226 4284 De
2238 4226 2397 4283 verbis
2416 4226 2681 4299 Evangelii
2704 4229 2955 4300 Matthtei,
2968 4232 3117 4289 Beati
3138 4246 3399 4306 pauperes
3413 4235 3624 4306 spiritu,
3639 4246 3749 4296 etc.

2218 4322 2306 4376 sed
2331 4321 2393 4375 de
2413 4320 2504 4375 hoc
2528 4324 2747 4378 maxim
2760 4324 2898 4395 quod
2930 4325 3115 4380 dictum
3138 4337 3232 4397 est,
3256 4326 3405 4383 Beati
3431 4329 3756 4388 mundicor-

2215 4414 2336 4483 des,
2350 4415 2601 4486 quoniam
2618 4416 2721 4487 ipsi
2736 4414 2905 4474 Deum
2922 4418 3196 4476 videbunt.
3216 4420 3340 4493 Cap.
3355 4438 3409 4491 v,
3438 4422 3475 4495 Î³
3498 4423 3624 4481 ,3-8
3643 4425 3754 4498 (Î¹â€™).

2214 4526 2442 4585 CAPUT
2476 4528 2763 4587 PRIMUM.
2807 4562 2878 4573 â€”~
2908 4534 2961 4589 1.
3013 4533 3200 4591 Omnes
3238 4536 3410 4592 volunt
3452 4554 3557 4594 esse
3605 4541 3757 4601 beati

2146 4614 2357 4691 Pauper
2411 4622 2593 4693 spiritu
2643 4625 2773 4695 quis.
2834 4625 3177 4683 Solemnitate
3235 4637 3431 4687 sancta:
3479 4632 3710 4703 virginis
3735 4677 3755 4701 ,

2144 4722 2264 4782 quae
2328 4713 2687 4770 teStimonium
2742 4714 2875 4772 dixit
2927 4717 2994 4775 de
3048 4718 3299 4790 Christo,
3368 4730 3422 4780 et
3488 4725 3717 4783 testimo

2145 4802 2489 4861 ninmmeruit
2526 4820 2556 4861 a
2594 4806 2840 4876 Christo,
2876 4810 3049 4881 palam
3082 4813 3299 4881 occisae,
3335 4815 3540 4872 occulte
3576 4831 3721 4874 coro

2146 4903 2306 4964 natae,
2358 4897 2709 4956 admonemur
2752 4900 3008 4959 Charitati
3037 4913 3229 4961 vestra:
3257 4906 3324 4963 de
3350 4907 3441 4963 illa
3482 4907 3761 4968 exhorta-

2150 4992 2291 5042 tione
2307 4986 2478 5059 loqui,
2505 5004 2662 5061 quam
2680 4990 2839 5048 modo
2864 4991 3122 5052 Dominus
3147 5012 3213 5053 ex
3237 4996 3533 5071 Evangelio
3557 5001 3761 5074 profe-

2144 5078 2318 5149 rebat,
2345 5080 2528 5139 dicens
2563 5084 2755 5142 multas
2783 5101 2972 5145 causas
3015 5089 3187 5147 beatae
3209 5091 3360 5162 vitm,
3389 5109 3545 5167 quam
3574 5112 3757 5158 nemo

2209 5235 2422 5307 indidi.
2442 5237 2498 5307 Ï.
2528 5244 2638 5307 far.
2654 5246 2714 5290 et
2731 5246 2841 5291 nov.

2236 5298 2288 5380 Ï)
2920 5379 2929 5380 á½·
2962 5297 3006 5380 Î¶

2230 5312 2266 5410 3
2319 5298 2516 5363 Supple,
2539 5298 2858 5355 insitum.
2978 5298 3006 5307 â€
3049 5368 3061 5379 Î¸
3086 5368 3103 5380 á½

2232 5424 2282 5487 c)
2314 5430 2367 5472 tn
2384 5424 2587 5496 Possidii
2622 5425 3033 5496 ludiculo-duojn
3060 5430 3187 5481 istud
3208 5429 3457 5495 Evangelii
3480 5432 3766 5496 capitulmâ€œ

2147 5496 2400 5553 sermones
2418 5494 2643 5553 notantur
2662 5501 2675 5538 :
2696 5488 2820 5553 alter
2842 5503 2947 5553 cap.
2963 5490 3013 5551 8,
3048 5509 3071 5539 Î±
3085 5499 3153 5544 De
3170 5500 3282 5545 ceto
3300 5488 3561 5546 sementis
3581 5496 3727 5548 beati
3750 5488 3761 5539 á½²

2155 5546 2438 5624 sardinam;
2463 5565 2485 5621 Î¹Îµ
2510 5546 2634 5624 alter
2656 5562 2761 5624 cap.
2786 5551 2819 5601 9
2836 5546 3111 5624 inscriptus,
3127 5552 3190 5604 de
3212 5554 3636 5624 heatitudinihus,Â»
3660 5546 3765 5622 qui

2149 5608 2333 5691 933Â³Î¡á½¶
2356 5611 2514 5691 Fuï¬i?
3425 5632 3517 5668 Î´Îµá¿–
3550 5608 3770 5691 Ï…á¼±Î¹Î¹á½±á¾–á½·

2147 5672 2337 5734 priores
2356 5672 2688 5725 beatitudines
2719 5672 2999 5739 attingeaii.
3030 5681 3181 5741 Hujus
3198 5693 3343 5742 pomo
3360 5672 3672 5745 "excerptum
3699 5672 3773 5739 id

2146 5729 2576 5811 collectione
2594 5736 2655 5811 ad
2864 5755 2939 5811 in,
2962 5744 3207 5803 reperitur
3228 5744 3331 5811 sub.
3343 5743 3433 5811 isto
3451 5743 3614 5811 titulo,
3640 5761 3670 5811 Îµ
3678 5753 3775 5802 Ex

2154 5798 2736 5907 á¼’á¿“á¿‡Î¹Î´á½²á¼á¿—á¿—á½ºÎ¸á¿§á½·á½²Ï…Î¹á½²Îµá¼±Î¹á½·Ï‰
3071 5818 3084 5853 :
3101 5820 3126 5851 Î½
3155 5816 3264 5867 qua
3286 5802 3518 5857 Vitalian
3544 5798 3771 5865 uilici

2149 5869 2259 5908 erat.
2281 5869 2583 5922 carthagine.

460 5482 588 5536 gere
634 5473 857 5519 conetur
886 5482 899 5518 :
924 5463 1062 5532 Quid
1091 5478 1217 5535 ergo
1244 5464 1299 5518 in
1318 5462 1400 5519 his
1449 5466 1615 5522 tribus
1644 5482 1761 5538 quae
1790 5467 1845 5523 in
1865 5476 2045 5527 mente

466 5566 647 5613 nostra
673 5558 756 5612 vel
774 5557 829 5612 in
855 5557 1029 5613 anima
1060 5572 1181 5614 esse
1228 5556 1506 5615 ostendisti
1527 5599 1541 5623 ,
1585 5560 1710 5631 quid
1747 5576 1810 5616 ex
1843 5561 1923 5617 his
1949 5564 2044 5618 tri-

465 5652 563 5705 bus
592 5651 819 5721 pertinet
846 5650 911 5706 ad
935 5647 1148 5707 Patrem
1166 5692 1185 5720 ,
1210 5650 1261 5707 id
1304 5660 1417 5718 cst,
1449 5652 1599 5722 quasi
1642 5652 1709 5709 ad
1738 5654 2043 5712 similitudi-

463 5756 585 5796 nem
613 5742 804 5810 Patris,
832 5742 959 5816 quid
985 5740 1175 5798 horum
1201 5742 1270 5800 ad
1290 5742 1433 5814 Filii,
1455 5743 1587 5816 quid
1617 5744 1803 5802 horum
1829 5746 1894 5803 ad
1918 5746 2043 5818 Spi-

462 5834 596 5894 ritus
624 5836 828 5893 sancti?
852 5834 970 5894 Non
996 5850 1213 5909 possum
1232 5836 1411 5896 dicere
1433 5881 1449 5900 .
1485 5855 1590 5912 non
1626 5856 1841 5914 possum
1868 5845 2043 5919 expli-
