4032 6332
455 509 620 566 porca
647 491 808 550 facies
835 491 1118 563 cogitetur.
1150 489 1282 546 Nam
1312 490 1358 543 si
1394 499 1649 543 accensus
1674 485 1943 543 desiderio
1966 487 2050 541 vi-

455 587 619 646 dendi
652 587 840 651 Deum,
887 583 1070 639 faciem
1117 593 1262 638 tuam
1309 579 1693 651 praeparaveris
1716 579 2051 650 corporalem

383 663 385 665 1
457 681 528 736 ad
556 677 842 735 videndum
866 692 880 741 ;
913 675 1068 731 talem
1087 674 1277 730 faciem
1297 671 1628 729 desiderabis
1657 679 1712 727 et
1731 670 1847 726 Dei.
1875 670 1928 726 Si
1956 685 2057 726 au-

459 783 567 830 tem
594 772 700 842 jam
724 771 911 826 saltem
959 767 1306 838 spiritualiter
1333 767 1401 822 de
1427 766 1536 822 Deo
1582 765 1745 836 sapis,
1776 773 1834 819 ut
1887 764 2053 819 Deum

462 881 569 921 non
596 863 796 936 cogites
823 875 944 916 esse
984 874 1306 930 corporeum
1334 857 1355 932 (
1385 856 1526 913 unde
1551 855 1749 912 diutius
1782 854 1898 910 heri
1941 855 2056 924 egi-

457 971 578 1013 mus
595 952 692 1028 (a),
712 953 758 1008 si
786 962 964 1008 tamen
987 951 1188 1022 aliquid
1216 949 1585 1022 peregimus);
1611 948 1656 1003 si
1687 948 1740 1002 in
1768 946 1928 1003 corde
1974 961 2060 1001 ve-

459 1056 590 1115 stro,
611 1055 858 1116 tanquam
888 1044 939 1099 in
969 1043 1166 1114 templo
1191 1043 1308 1108 Dei,
1330 1041 1515 1096 formae
1545 1039 1788 1094 humana:
1809 1038 2060 1109 fregimus

459 1138 831 1203 simulacrum;
863 1135 909 1190 si
960 1135 1070 1205 jam
1123 1133 1272 1190 vobis
1320 1133 1458 1189 bene
1513 1131 1658 1186 venit
1698 1130 1751 1184 in
1804 1138 2056 1193 mentem,

461 1240 516 1286 et
559 1231 763 1285 viscera
815 1236 989 1282 vestra
1042 1227 1292 1281 interiora
1338 1223 1590 1296 possedit,
1638 1223 1726 1278 ubi
1769 1222 2061 1278 detestatur

464 1323 750 1394 Apostolus
779 1336 872 1376 eos
898 1321 989 1390 qui
1027 1321 1242 1374 dicentes
1267 1336 1318 1374 se
1345 1335 1451 1373 esse
1475 1317 1743 1387 sapientes,
1772 1315 1912 1370 stulti
1937 1315 2062 1384 facti

460 1425 575 1470 sunt
591 1434 610 1482 ;
629 1426 675 1469 et
695 1417 1075 1468 immutaverunt
1087 1414 1298 1483 gloriam
1319 1410 1712 1480 incorruptibilis
1728 1407 1823 1462 Dei
1839 1417 1884 1462 et
1915 1408 2059 1462 simi-

463 1509 726 1564 litudinem
748 1507 980 1577 imaginis
997 1504 1336 1574 corruptibilis
1357 1501 1807 1574 hominis_(Rom.t,
1831 1499 2054 1569 22,35).

539 1599 764 1656 CAPUT
794 1597 1030 1653 VII.—Si
1047 1597 1155 1667 jam
1180 1596 1284 1652 tale
1301 1595 1497 1649 malum
1514 1591 1871 1658 detestamini,
1901 1591 1947 1644 si
1966 1589 2061 1643 ad-

469 1690 758 1746 versamini
792 1688 886 1761 (b),
921 1687 966 1742 si
994 1687 1234 1743 Creatori
1260 1685 1525 1740 mttndatis
1551 1685 1806 1751 templum
1831 1680 2059 1747 suum,si

468 1785 632 1840 vultis
657 1792 714 1837 ut
732 1783 909 1837 veniat
928 1791 981 1836 et
1007 1781 1337 1836 mansionem
1358 1778 1496 1849 apud
1510 1793 1604 1833 vos
1632 1777 1791 1832 faciat
1815 1793 1828 1829 :
1860 1775 2058 1832 Seutite

465 1878 534 1932 de
556 1877 774 1931 Domino
795 1877 846 1930 in
865 1875 1104 1941 bonitate,
1126 1884 1170 1928 et
1195 1875 1248 1927 in
1273 1873 1594 1942 simplicitate
1637 1870 1805 1925 cordis
1848 1869 2058 1940 φαίη-ἕω

463 1968 609 2023 illum
635 1967 654 2040 (
684 1967 812 2038 Sap.
836 1983 874 2034 ι,
904 1964 990 2038 l).
1022 1965 1208 2021 Videte
1229 1964 1313 2019 cui
1343 1964 1549 2028 dicatis,
1588 1964 1631 2018 si
1654 1969 1832 2016 tamen
1858 1959 2053 2028 dicitis,

463 2060 508 2114 si
539 2073 666 2115 vere
714 2058 889 2113 dicitis
921 2075 933 2110 :
962 2055 1076 2111 Tibi
1104 2057 1232 2110 dixit
1259 2072 1345 2109 cor
1388 2070 1572 2120 meum,
1603 2053 1841 2119 Quccram
1871 2052 2056 2124 faciem

465 2161 623 2207 tuam.
656 2152 804 2206 Dicat
847 2160 901 2206 et
935 2165 1029 2206 cor
1058 2159 1227 2215 tuum,
1257 2158 1311 2203 et
1333 2147 1489 2213 adde,
1517 2146 1724 2201 Vultum
1747 2156 1908 2212 tuum,
1949 2145 2057 2201 Do-

465 2243 620 2308 mine,
649 2245 901 2312 requiram
922 2240 941 2313 (
965 2241 1112 2296 Psal.
1159 2257 1303 2305 xxvr,
1333 2241 1365 2296 8
1393 2239 1433 2312 ).
1461 2240 1605 2294 Bene
1631 2241 1772 2295 enim
1803 2239 2050 2309 requiris,

463 2340 584 2408 quia
629 2340 791 2393 corde
838 2337 1084 2407 requiris.
1128 2335 1330 2391 Dicitur
1373 2333 1467 2388 Dei
1509 2333 1708 2399 vultus,
1739 2331 1934 2388 dicitur
1958 2333 2052 2388 Dei

464 2429 764 2496 brachium,
800 2430 992 2484 dicitur
1035 2429 1126 2484 Dei
1157 2443 1364 2491 manus,
1420 2426 1668 2481 dicuntur
1715 2426 1807 2481 Dei
1866 2424 2049 2495 pedes,

463 2521 660 2577 dicitur
680 2522 771 2576 Dei
791 2521 968 2586 sedes,
996 2519 1190 2574 dicitur
1219 2518 1509 2575 scabellum
1547 2518 1742 2588 pedum
1765 2517 1880 2588 ejus
1912 2535 1924 2571 :
1957 2517 2053 2573 sed

464 2613 570 2667 noli
620 2612 857 2666 membra
891 2611 1119 2666 humana
1153 2611 1406 2681 cogitare.
1439 2609 1495 2665 Si
1522 2610 1601 2664 vis
1629 2625 1750 2664 esse
1793 2609 2051 2679 templum

463 2703 718 2769 veritatis,
745 2702 930 2773 frange
957 2701 1156 2756 idolum
1174 2701 1439 2756 falsitatis.
1462 2700 1649 2756 Manus
1677 2700 1794 2765 Dei,
1819 2701 2052 2771 potentia

462 2795 576 2850 Dei.
602 2794 784 2848 Facies
805 2794 916 2860 Dei,
938 2795 1122 2848 natitia
1143 2793 1260 2848 Dei.
1293 2793 1460 2848 Pedes
1484 2793 1601 2856 Dei,
1623 2793 1905 2863 praesentia
1932 2793 2048 2847 Dci.

461 2886 627 2942 Sedes
650 2887 761 2952 Dei,
787 2887 830 2939 si
857 2886 957 2949 vis,
984 2894 1036 2940 tu
1059 2899 1136 2940 es.
1159 2886 1239 2938 An
1261 2883 1397 2939 forte
1422 2898 1618 2954 negare
1643 2883 1864 2938 audebis
1883 2884 2051 2938 Deum

463 2994 582 3034 esse
611 2978 880 3034 Christum
905 2977 928 3029 ?
971 2977 1110 3043 Non,
1144 2978 1338 3048 inquis.
1365 2975 1625 3032 Concedis
1645 2986 1698 3031 et
1741 2975 1864 3042 hoc,
1894 2976 2051 3030 Chri-

461 3081 603 3126 stum
637 3071 728 3126 Dei
757 3073 1004 3126 virtutem
1034 3080 1089 3125 et
1116 3069 1213 3124 Dei
1255 3069 1566 3139 sapientiam
1596 3068 1614 3140 (
1644 3069 1664 3122 l
1693 3066 1812 3124 Cor.
1844 3084 1882 3134 ι,
1913 3067 2004 3140 24)
2028 3068 2054 3122 ?

461 3161 732 3228 Concedo,
762 3161 955 3230 inquis.
991 3159 1127 3214 Audi
1163 3177 1175 3212 :
1209 3160 1392 3213 Anima
1407 3159 1538 3231 justi
1573 3158 1714 3212 sedes
1743 3167 1815 3212 est
1845 3159 2052 3228 sapien-

463 3253 590 3320 ιίω(
624 3253 754 3322 Sap.
784 3268 796 3304 l
825 3249 866 3321 ).
896 3250 996 3306 Ubi
1041 3250 1182 3305 enim
1211 3249 1391 3304 sedem
1425 3249 1587 3304 habet
1633 3251 1794 3316 Deus,
1841 3250 1942 3305 nisi
1963 3251 2053 3306 ubi

463 3344 700 3399 habitat?
726 3343 826 3399 Ubi
844 3352 1023 3398 autem
1050 3341 1268 3408 habitat,
1295 3342 1397 3396 nisi
1428 3341 1483 3396 in
1507 3342 1706 3412 templo
1730 3341 1868 3396 suo?
1905 3340 2057 3396 Tem-

463 3437 606 3506 plum
644 3436 776 3490 enim
804 3435 900 3490 Dei
919 3445 1150 3490 sanctum
1184 3444 1277 3502 est,
1311 3433 1444 3505 quod
1473 3436 1590 3489 estis
1617 3450 1702 3488 vos
1733 3432 1752 3508 (
1784 3433 1940 3490 lCor.
1971 3450 2050 3504 ιιι,

464 3529 599 3599 17).
634 3529 766 3583 \‘ide
813 3544 940 3599 ergo
993 3527 1261 3597 quomodo
1308 3526 1543 3596 excipias
1588 3526 1774 3580 Deum.
1829 3526 2055 3595 Spiritus

464 3632 534 3676 ost
564 3620 702 3674 Deus
731 3640 747 3685 ;
783 3623 836 3674 in
872 3621 1053 3691 spiritu
1079 3630 1126 3673 et
1171 3620 1377 3674 veritate
1403 3627 1599 3688 oportet
1646 3619 1864 3674 adorare
1890 3618 2056 3674 Deum

467 3713 668 3786 (Joan.
714 3729 786 3780 tv,
818 3713 889 3768 24
918 3713 956 3782 ).
1000 3712 1117 3767 Jam
1167 3712 1220 3766 in
1271 3727 1365 3766 cor
1400 3720 1569 3776 tuum,
1603 3712 1646 3766 si
1678 3712 1866 3781 placet,
1895 3711 2058 3767 intret

465 3822 586 3861 arca
638 3805 964 3871 testamenti,
998 3815 1053 3860 et
1077 3817 1196 3860 ruat
1239 3807 1415 3876 Dagon
1450 3805 1468 3876 (
1499 3805 1519 3860 l
1549 3806 1674 3877 Reg.
1705 3822 1757 3870 v,
1781 3807 1814 3859 5
1844 3807 1885 3876 ).
1919 3807 2056 3861 Audi

464 3913 590 3967 ergo
607 3912 766 3962 nunc,
787 3897 998 3952 etdisce
1016 3897 1180 3951 Deum
1204 3897 1534 3963 desiderare,
1553 3897 1702 3953 disce
1723 3897 1862 3952 unde
1884 3899 2051 3953 Deum

476 3987 656 4042 videre
677 3988 845 4056 possis
886 4003 1206 4058 praeparare.
1251 3987 1419 4055 Beati,
1451 3989 1640 4058 inquit,
1675 3989 2053 4057 Mundicordcs,

472 4083 715 4152 quoniam
745 4080 842 4150 ipsi
873 4078 1035 4133 Deum
1055 4080 1307 4133 videbunt.

536 4170 762 4226 CAPUT
802 4169 936 4224 Vill.
974 4199 1043 4212 -—
1069 4170 1204 4237 Quid
1254 4186 1518 4240 prmparas
1558 4173 1741 4226 oculos
1785 4173 2057 4243 corporis?

465 4261 520 4316 Si
552 4262 627 4314 sic
654 4261 938 4326 videbitur,
966 4261 1016 4314 in
1041 4261 1158 4315 loco
1185 4262 1285 4314 erit
1310 4263 1450 4331 quod
1491 4263 1772 4318 videbitur.
1817 4264 1933 4318 Non
1976 4273 2058 4320 est

470 4353 522 4406 in
555 4353 673 4408 loco
697 4352 786 4422 qui
831 4352 1024 4421 ubique
1066 4361 1206 4406 totus
1239 4362 1340 4407 est.
1387 4352 1576 4408 Munda
1616 4354 1756 4409 unde
1798 4355 2054 4410 videatur.

542 4447 594 4502 8.
640 4446 864 4500 Praemia
894 4446 1128 4515 operibus
1151 4463 1373 4516 congrua
1408 4447 1460 4499 in
1495 4448 1751 4502 sententiis
1794 4447 2060 4502 beatitudi-

469 4555 614 4592 num.
662 4537 821 4604 Audi,
852 4547 905 4592 et
948 4537 1218 4607 intelligo,
1257 4538 1302 4591 si
1344 4538 1458 4607 ipso
1490 4539 1707 4608 juvante
1736 4549 1922 4609 potero
1960 4556 2058 4595 ex-

469 4634 668 4703 plicare
698 4649 709 4684 :
743 4631 958 4701 adjuvet
981 4645 1080 4686 nos
1107 4630 1174 4685 ad
1218 4631 1614 4701 intelligendum
1654 4633 1830 4687 omnia
1867 4647 2058 4703 supra-

467 4730 605 4784 dicta
631 4742 791 4798 Opera
821 4734 878 4781 et
912 4740 1153 4790 munera,
1181 4725 1626 4796 quemadmodum
1643 4727 2059 4796 congruentibus

468 4821 708 4894 apposita
735 4820 860 4874 sint.
892 4819 993 4876 Ubi
1017 4820 1158 4875 enim
1187 4819 1384 4874 dictum
1421 4827 1502 4874 est
1527 4819 1594 4874 de
1621 4820 1877 4890 praemio,
1917 4819 2058 4890 quod

469 4931 577 4969 non
609 4919 928 4983 congrueret
975 4912 1148 4981 operi,
1199 4910 1339 4980 quod
1383 4926 1486 4964 non
1535 4911 1885 4966 consonaret?
1923 4910 2059 4979 Quia

469 5007 697 5060 humiles
720 5005 872 5077 quasi
900 5019 930 5059 a
958 5018 1124 5074 regno
1146 5003 1393 5058 videntur
1415 5003 1573 5058 alieni
1597 5021 1610 5056 :
1637 5002 1819 5069 Beati,
1851 5004 2055 5074 inquit,

468 5115 716 5170 pauperes
741 5099 949 5167 spiritu,
996 5098 1113 5166 quia
1154 5098 1381 5168 ipsorum
1425 5107 1498 5152 est
1537 5115 1745 5169 regnum
1796 5099 2055 5154 ctelorum.

466 5191 599 5256 Quia
623 5191 778 5244 mites
807 5188 1049 5244 homines
1071 5188 1224 5244 facile
1252 5188 1604 5244 excluduntur
1628 5189 1695 5244 de
1719 5198 1855 5244 terra
1905 5205 1998 5244 sua
2039 5207 2053 5244 :

469 5281 648 5346 Beati,
681 5283 880 5352 inquit,
915 5281 1078 5346 mites,
1110 5281 1346 5350 quoniam
1376 5281 1472 5351 ipsi
1499 5282 1789 5336 htereditate
1831 5283 2058 5351 posside-

397 5435 410 5448 ,
468 5373 592 5427 bunt
643 5382 848 5427 terram.
889 5373 1007 5428 Jam
1057 5384 1248 5428 caetera
1291 5383 1470 5443 aperta
1521 5384 1682 5441 sunt,
1727 5376 1906 5441 clara,
1963 5390 2057 5431 sua

471 5476 661 5538 sponte
685 5475 1076 5537 cognoscuntur
1100 5483 1113 5518 :
1141 5467 1472 5537 disputatore
1495 5482 1600 5522 non
1627 5476 1805 5539 egent,
1821 5483 2058 5524 comme-

470 5567 738 5614 moratore
775 5573 908 5627 opus
939 5557 1152 5612 habent.
1185 5557 1328 5612 Beati
1363 5575 1447 5629 qut
1482 5559 1670 5630 lugent.
1704 5559 1832 5626 Quis
1867 5562 2057 5632 lugens

531 5673 604 5737 (a)
637 5674 832 5737 Iudicat,
850 5674 1125 5737 ropinamur,
1143 5686 1423 5737 sermonem
1439 5675 1516 5735 2."),
1541 5675 1603 5724 de.
1627 5676 1868 5728 versiculo
1888 5677 2056 5728 Psalmi

467 5737 546 5795 7‘2,
569 5736 662 5785 seu
683 5736 746 5803 de
771 5736 958 5803 visione
977 5737 1082 5795 Dei,
1104 5736 1187 5798 qui
1208 5738 1352 5787 etiam
1369 5740 1652 5803 Carthagine
1669 5740 1862 5790 habitus
1877 5742 1925 5790 in
1952 5748 2055 5790 Ms.

469 5805 682 5856 notatur,
707 5799 754 5846 in
777 5796 972 5848 basilica
995 5796 1166 5846 Fausti.

530 5858 602 5922 (ὁ)
633 5866 790 5919 Forte,
811 5871 1112 5910 aversatum.

1699 371 1754 427 S.
1795 364 2164 428 AUGUSTlNl
2204 365 2503 428 EPISCOPI

3639 370 3752 434 368

2161 502 2269 542 non
2296 485 2712 543 consolationem
2756 484 3062 542 desiderat?
3100 485 3248 558 Ipsi,
3274 485 3476 560 inquit,
3515 489 3750 544 consola-

2161 579 2366 633 buntur.
2395 579 2539 634 Beati
2558 579 2645 648 qui
2664 580 2892 634 esuriant
2923 589 2971 634 et
2989 580 3165 634 sitiunt
3180 581 3455 651 justitiam.
3476 580 3607 649 Quis
3625 597 3754 638 esu-

2163 671 2308 727 riens
2333 681 2388 727 et
2413 673 2602 728 sitiens
2627 688 2733 727 non
2757 673 3057 728 satietatem
3087 673 3345 743 requirit?
3385 673 3454 727 Et
3486 673 3615 744 ipsi,
3661 676 3749 729 in-

2161 764 2294 833 quit,
2323 764 2699 818 saturabuntur.
2720 763 2864 818 Beati
2883 765 3244 819 misericordes.
3269 763 3399 830 Quis
3418 765 3750 836 misericors,

2162 855 2263 910 nisi
2289 856 2378 926 qui
2407 865 2554 926 optat
2577 872 2643 912 ex
2674 856 2790 927 ipso
2817 871 2980 926 opere
3005 855 3156 911 reddi
3182 856 3282 911 sibi
3315 871 3346 911 a
3389 856 3500 911 Deo
3542 857 3750 927 vicem,

2161 950 2380 1004 utcirca
2407 964 2466 1005 se
2495 950 2601 1016 fiat,
2633 949 2774 1021 quod
2803 951 2943 1005 circa
2967 965 3250 1020 pauperem
3271 949 3436 1006 facit?
3460 950 3628 1016 Beati,
3658 951 3748 1006 in-
3780 971 3798 986 -

2163 1041 2298 1111 quit,
2326 1042 2685 1107 misericordes,
2716 1043 2954 1111 quoniam
2973 1044 3201 1112 ipsorum
3231 1043 3546 1097 miserebitur
3585 1043 3728 1097 Deus

2165 1131 2445 1198 Quomodo
2466 1147 2562 1202 per
2603 1133 2717 1202 ipsa
2753 1132 2959 1202 singula
2995 1132 3215 1204 singulis
3258 1132 3470 1203 prOpria
3507 1136 3754 1205 apposita

2165 1233 2306 1290 sunt,
2337 1231 2393 1279 et
2424 1223 2556 1278 nihil
2581 1224 2889 1296 [adhibitum
2924 1234 3008 1281 est
3057 1225 3110 1280 in
3147 1225 3402 1296 prtemio,
3457 1227 3600 1297 quod
3642 1245 3755 1284 non

2163 1321 2480 1381 congrueret
2502 1315 2805 1384 praecepto?
2832 1323 3158 1386 praeceptum
3183 1324 3264 1370 est
3287 1317 3428 1371 enim
3447 1326 3503 1371 ut
3524 1318 3597 1372 sis
3613 1333 3720 1388 pau
3746 1349 3757 1359 -

2164 1405 2468 1474 perspiritu
2503 1407 2814 1475 :praamium
2848 1415 2932 1462 est
2985 1416 3043 1462 ut
3085 1407 3281 1463 habeas
3321 1424 3542 1478 regnum
3585 1412 3758 1466 ecclo-

2163 1511 2300 1550 rum.
2329 1497 2659 1568 Praeceptum
2684 1507 2850 1554 estut
2883 1499 2957 1554 sis
2982 1500 3127 1554 mitis
3168 1518 3181 1554 :
3235 1501 3515 1570 prtemium
3557 1513 3642 1558 est
3692 1511 3759 1558 ut

2165 1587 2438 1658 possideas
2462 1598 2680 1645 terram.
2710 1590 3040 1660 Praeceptum
3061 1600 3144 1646 est
3167 1599 3224 1646 ut
3249 1591 3325 1646 sis
3352 1592 3540 1663 lugens
3568 1610 3584 1646 :
3615 1608 3760 1664 prte-

2162 1681 2348 1744 mium,
2374 1689 2432 1735 ut
2447 1682 2759 1738 consoleris.
2783 1683 3116 1752 Praeceptum
3131 1691 3215 1737 est
3239 1691 3295 1736 ut
3311 1683 3512 1738 esurias
3530 1691 3586 1739 et
3600 1684 3756 1742 sitias

2156 1770 2416 1840 justitiam
2443 1791 2456 1825 :
2482 1773 2754 1842 praemium
2775 1814 2790 1838 ,
2819 1783 2876 1828 ut
2909 1775 3185 1830 satureris.
3208 1775 3541 1846 Praeceptum
3580 1786 3664 1832 est
3691 1785 3758 1834 ut

2161 1862 2236 1916 sis
2261 1863 2566 1918 misericors
2599 1881 2612 1916 :
2646 1865 2924 1934 praemium
2945 1907 2959 1932 ,
2997 1874 3055 1920 ut
3097 1866 3516 1924 misericordiam
3555 1884 3758 1927 conse-

2160 1955 2359 2025 quaris.
2389 1955 2478 2010 Sic
2503 1968 2826 2027 praeceptum
2851 1967 2938 2014 est
2962 1965 3021 2013 ut
3039 1959 3267 2016 mundes
3287 1975 3380 2015 cor
3407 1978 3420 2014 :
3448 1962 3756 2033 praemium,

2160 2056 2218 2102 ut
2242 2047 2420 2102 videas
2446 2047 2635 2102 Deum.

2229 2138 2454 2196 CAPUT
2482 2139 2571 2194 IX.
2611 2140 2755 2196 ——9.
2793 2139 2930 2194 Visio
2975 2139 3066 2195 Dei
3110 2141 3360 2212 quomodo
3399 2145 3756 2200 mundicordt-

2159 2232 2250 2286 bus
2277 2233 2534 2301 speciatim
2556 2234 2823 2303 promissa.
2845 2232 2963 2288 Non
2983 2249 3111 2304 ergo
3138 2235 3208 2290 ita
3225 2237 3398 2306 sapias
3420 2237 3472 2292 in
3504 2238 3590 2293 his
3613 2255 3757 2310 prte-

2157 2325 2326 2396 ceptis
2350 2334 2406 2380 et
2434 2327 2695 2396 praemiis,
2737 2335 2795 2383 ut
2832 2342 2953 2382 cum
2981 2327 3152 2394 audis,
3180 2327 3327 2384 Beati
3355 2331 3707 2386 mundicordes
3732 2373 3752 2400 ,

2156 2421 2397 2490 quoniam
2424 2420 2524 2490 ipsi
2554 2419 2716 2474 Deum
2753 2420 3017 2488 uidebunt,
3053 2429 3212 2491 putes
3263 2437 3520 2493 pauperes
3561 2424 3755 2494 spiritu

2156 2529 2264 2567 non
2285 2513 2515 2581 visuros,
2544 2522 2635 2569 aut
2663 2529 2770 2570 non
2795 2516 3004 2569 visuros
3035 2514 3192 2570 mites
3214 2555 3229 2580 ,
3262 2530 3367 2570 non
3415 2517 3622 2572 visuros
3663 2518 3754 2572 lu-

2155 2612 2359 2674 gentes,
2390 2619 2496 2660 non
2524 2605 2732 2661 visuros
2753 2607 3051 2662 esurientes
3085 2615 3140 2662 et
3183 2607 3423 2663 sitientes
3465 2609 3751 2678 justitiam,

2156 2712 2266 2752 non
2297 2698 2502 2753 visuros
2529 2699 2924 2755 misericordes.
2954 2699 3069 2755 Non
3095 2701 3372 2757 arbitreris
3410 2716 3504 2758 eos
3542 2711 3753 2760 tantum

2154 2789 2305 2858 quasi
2329 2791 2536 2844 visuros
2574 2791 2665 2860 qui
2695 2790 2895 2846 mundo
2923 2799 3048 2846 sunt
3071 2791 3270 2859 corde,
3326 2793 3431 2848 illis
3467 2810 3498 2849 a
3543 2795 3752 2852 visione

2156 2883 2434 2951 separatis.
2457 2883 2645 2938 Omnia
2671 2884 2812 2938 enim
2845 2883 2960 2939 base
2979 2884 3138 2940 iidem
3167 2886 3267 2956 ipsi
3303 2894 3446 2941 sunt.
3469 2885 3572 2957 Ipsi
3593 2888 3751 2944 vide-

2154 2974 2320 3042 bunt,
2352 2985 2407 3031 et
2441 2991 2548 3032 non
2577 2977 2700 3033 ideo
2733 2977 3020 3046 videbunt,
3076 2981 3201 3050 quia
3245 2995 3508 3052 pauperes
3553 2982 3748 3050 spiritu

2155 3075 2300 3134 sunt,
2332 3066 2454 3136 quia
2483 3068 2641 3122 mites
2663 3077 2804 3134 sunt,
2833 3069 2954 3139 quia
2977 3069 3219 3140 lugentes
3239 3111 3252 3136 ,
3279 3058 3401 3141 quia
3443 3072 3747 3130 esurientes

2156 3157 2503 3228 sitientesque
2526 3158 2815 3229 justitiam,
2856 3161 2978 3229 quia
3021 3161 3398 3218 misericordes
3437 3179 3451 3216 :
3490 3163 3585 3220 sed
3625 3163 3755 3235 quia

2156 3251 2340 3306 mundi
2418 3261 2542 3306 sunt
2593 3252 2774 3307 corde.
2829 3251 3285 3320 Quemadmodum
3352 3255 3398 3310 si
3452 3257 3755 3326 corporalia

2159 3358 2322 3414 opera
2349 3343 2605 3399 membris
2643 3344 3010 3414 corporalibus
3051 3356 3447 3414 coaptarentur,
3497 3363 3561 3404 ac
3604 3347 3757 3405 diee-

2161 3445 2262 3501 rct,
2292 3437 2441 3492 verbi
2465 3438 2657 3508 gratia,
2683 3439 3000 3509 quisquam:
3030 3439 3176 3495 Beati
3201 3443 3290 3512 qui
3332 3442 3498 3512 pedes
3532 3443 3754 3513 habent,

2159 3529 2284 3598 quia
2311 3529 2410 3598 ipsi
2437 3529 2818 3585 ambulabunt:
2852 3531 2990 3585 beati
3022 3532 3111 3600 qui
3139 3547 3331 3588 manus
3357 3534 3575 3603 habent,
3627 3536 3756 3606 quia

2159 3617 2260 3688 ipsi
2280 3619 2639 3688 operabuntur
2665 3637 2680 3674 :
2711 3621 2850 3675 beati
2875 3621 2964 3692 qui
3003 3636 3188 3678 vocem
3218 3623 3450 3691 habent,
3499 3627 3756 3696 quoniam

2162 3713 2264 3783 ipsi
2289 3713 2595 3769 clamabunt
2623 3731 2635 3767 :
2666 3713 2806 3770 beati
2831 3715 2920 3784 qui
2947 3730 3008 3770 os
3031 3724 3085 3770 et
3111 3717 3340 3786 linguam
3371 3717 3587 3784 habent,
3615 3734 3757 3789 quo-

2160 3805 2303 3858 niam
2331 3805 2428 3874 ipsi
2457 3805 2738 3875 loquentur
2783 3823 2796 3858 :
2842 3805 2984 3860 beati
3029 3807 3118 3877 qui
3161 3808 3348 3864 oculos
3401 3809 3620 3877 habent,
3651 3811 3757 3882 ipsi

2160 3897 2302 3950 enim
2332 3898 2604 3952 videbunt.
2633 3897 2722 3953 Sic
2749 3907 2995 3968 tanquam
3022 3901 3313 3969 spiritualia
3338 3903 3575 3958 membra
3601 3918 3758 3958 com-

2161 4006 2386 4062 ponens,
2418 3992 2598 4046 docuit
2623 3992 2746 4061 quid
2782 3992 2848 4046 ad
2889 3992 3015 4061 quid
3045 3995 3325 4063 pertineat.
3355 3997 3491 4066 Apta
3535 4005 3618 4051 est
3657 3996 3760 4052 hu-

2161 4083 2357 4137 militas
2377 4083 2442 4137 ad
2470 4083 2768 4138 habendum
2795 4099 3016 4154 regnum
3044 4087 3334 4151 caelorum;
3363 4096 3484 4159 apta
3506 4103 3759 4146 mansue-

2162 4174 2290 4229 tudo
2310 4175 2376 4229 ad
2403 4175 2785 4244 ‘possidendam
2815 4186 3009 4232 terram
3033 4195 3048 4244 ;
3083 4188 3237 4249 aptus
3266 4181 3438 4237 luctus
3462 4183 3528 4237 ad
3557 4198 3758 4240 conso-

2164 4266 2447 4332 lationem;
2471 4277 2592 4336 apta
2614 4267 2783 4323 fames
2823 4278 2876 4323 et
2901 4269 3250 4339 sitisjustitim
3283 4272 3351 4327 ad
3383 4275 3782 4342 saturitatem;

2162 4366 2285 4428 apta
2320 4359 2682 4414 misericordia
2717 4360 2783 4415 ad
2859 4361 3245 4431 impetrandam
3295 4365 3755 4434 misericordiam;

2162 4460 2343 4521 aptum
2380 4452 2635 4506 mundum
2685 4468 2778 4508 cor
2832 4453 2898 4507 ad
2941 4454 3226 4511 videndum
3256 4457 3442 4513 Deum.

2234 4542 2460 4599 CAPUT
2501 4543 2569 4599 Χ.
2599 4575 2670 4583 -
2701 4545 2784 4600 10.
2823 4545 2950 4599 Fide
2973 4564 3059 4601 cor
3087 4549 3356 4604 mandatur
3384 4551 3450 4604 ad
3485 4551 3756 4607 videndum

2165 4634 2348 4688 Deum.
2393 4634 2448 4689 Si
2497 4651 2624 4704 ergo
2673 4637 3040 4692 desideramus
3088 4640 3268 4696 videre
3302 4641 3508 4711 Deum,
3559 4644 3753 4701 oculus

2165 4726 2266 4781 iste
2287 4725 2426 4780 unde
2469 4727 2851 4782 mandabitur?
2890 4728 3020 4795 Quis
3065 4732 3207 4787 enim
3251 4748 3356 4788 non
3401 4744 3584 4803 curet,
3634 4737 3757 4806 quis

2165 4831 2272 4872 non
2301 4826 2504 4886 quaerat
2531 4818 2673 4873 unde
2697 4820 2950 4887 mundet,
2997 4838 3103 4891 quo
3148 4823 3330 4880 videre
3373 4827 3542 4896 possit
3593 4843 3756 4898 quem

2165 4916 2278 4963 toto
2305 4907 2494 4964 all‘ectu
2523 4908 2833 4966 desiderat?
2866 4912 3138 4982 Expressit
3167 4914 3269 4970 hoc
3290 4915 3469 4974 divina
3493 4919 3709 4974 testatio
3737 4940 3753 4975 :

2166 4999 2299 5054 Fide
2326 5042 2342 5068 ,
2395 5001 2598 5072 inquit,
2653 5004 2904 5059 mandans
2957 5007 3111 5060 corda
3161 5023 3333 5062 eorum
3382 5009 3521 5079 (Act.
3547 5027 3636 5076 xv,
3671 5011 3756 5083 9).

2164 5093 2383 5148 Mundat
2407 5109 2502 5149 cor
2527 5094 2658 5149 fides
2687 5094 2803 5162 Dei,
2834 5096 3090 5152 mundum
3119 5113 3214 5154 cor
3242 5098 3387 5154 videt
3412 5100 3602 5156 Deum.
3646 5101 3759 5158 Sed

2164 5188 2289 5258 quia
2316 5189 2430 5258 ipsa
2460 5187 2590 5244 fides
2616 5189 2900 5259 aliquando
2935 5190 3004 5245 ab
3037 5190 3342 5248 hominibus
3361 5234 3377 5260 ,
3406 5194 3494 5265 qui
3527 5209 3586 5248 se
3609 5194 3758 5264 ipsos

2163 5281 2374 5347 fallunt,
2418 5282 2536 5336 talis
2595 5281 2996 5351 determinatur,
3052 5286 3203 5354 quasi
3245 5286 3471 5342 sufﬁciat
3523 5295 3759 5343 tantum-

2164 5373 2325 5428 modo
2352 5373 2573 5430 credere
2614 5374 2958 5444 (promittunt
2986 5376 3129 5432 enim
3175 5378 3278 5434 sibi
3323 5379 3539 5450 quidam
3587 5381 3755 5435 etiam

2165 5475 2508 5536 conspectum
2549 5467 2644 5523 Dei
2691 5483 3020 5540 regnumque
3074 5469 3330 5526 caelorum
3378 5469 3662 5528 credentes
3699 5480 3758 5527 et

2167 5560 2307 5615 male
2349 5558 2640 5633 viventes);
2684 5571 2869 5617 contra
2910 5562 3010 5618 bos
3050 5578 3337 5621 succensus
3385 5574 3438 5621 et
3488 5565 3757 5634 spirituali

2164 5651 2424 5708 charitate
2447 5652 2840 5722 quodammodo
2881 5655 3221 5712 stomachans
3248 5656 3478 5712 Jacobus
3532 5666 3754 5728 aposto—

2166 5743 2248 5798 lus
2275 5744 2327 5798 in
2356 5743 2592 5814 Epistola
2613 5761 2707 5800 sua
2740 5745 2888 5816 dicit,
2936 5746 3012 5802 Tu
3064 5751 3226 5804 credis
3258 5752 3493 5822 quoniam
3518 5768 3649 5806 unus
3677 5759 3756 5806 est

2166 5833 2324 5890 Deus.
2355 5835 2568 5893 Plaudis
2597 5837 2780 5896 tibide
2807 5838 2946 5896 ﬁde:
2976 5841 3205 5900 attendis
3233 5844 3373 5902 enim
3402 5843 3600 5902 multos
3638 5843 3754 5915 ims
