4032 6332
265 394 370 453 369

269 517 383 586 pios
413 509 681 566 aestimare
699 503 898 560 multos
923 514 1042 558 esse
1061 499 1213 564 deos,
1241 505 1295 552 et
1315 504 1368 552 tu
1391 494 1482 552 tibi
1507 493 1704 565 gaudes
1727 505 1848 546 cre-

269 604 445 661 dendo
475 602 597 672 quia
624 614 760 654 unus
807 604 890 650 est
925 595 1087 649 Deus.
1123 591 1261 646 Bene
1295 590 1442 658 facis.
1497 587 1564 642 Et
1601 587 1851 640 daemones

269 697 495 759 credunt,
525 703 573 748 et
600 690 985 746 contremiscunt
1007 684 1211 756 (Jacobi
1237 700 1296 752 ιι,
1327 682 1444 752 19).
1489 679 1754 750 Numquid
1799 687 1854 732 et

270 791 301 845 ii
332 791 499 844 Deum
548 783 838 840 videbunt?
863 779 1129 835 Videbunt
1157 775 1246 846 qui
1282 773 1482 830 mundo
1517 780 1639 827 sunt
1667 771 1850 827 corde.

269 883 395 949 Quis
422 889 601 934 autem
625 873 1001 931 mundicordes
1025 870 1164 925 dicat
1184 866 1400 938 spiritus
1426 863 1760 919 immundos?
1786 864 1854 919 Et

273 988 448 1032 tamen
479 975 709 1039 credunt,
741 981 785 1025 et
806 966 1212 1023 contremiscunt.

340 1072 424 1125 11.
470 1067 626 1122 Fides
651 1064 1053 1120 Christianorum
1075 1055 1404 1112 discernenda
1443 1070 1476 1107 a
1505 1053 1607 1122 fide
1658 1053 1852 1105 daemo-

269 1179 404 1218 num.
471 1159 619 1213 Fidei
678 1157 881 1211 comites
923 1169 1036 1224 spes
1093 1160 1138 1205 et
1199 1148 1438 1202 charitas.
1497 1143 1853 1199 Discernenda

269 1265 350 1311 est
385 1252 521 1308 ﬁdes
561 1258 743 1305 nostra
771 1263 801 1302 a
831 1246 933 1301 ﬁde
963 1244 1284 1299 damiouum.
1314 1237 1474 1293 Fides
1505 1235 1646 1290 enim
1673 1242 1853 1288 nostra

271 1346 494 1404 mundat
531 1360 624 1399 eor
679 1360 692 1396 :
747 1341 878 1396 ﬁdes
924 1347 1100 1393 autem
1145 1334 1353 1390 illorum
1381 1345 1502 1386 reos
1543 1329 1682 1384 facit.
1721 1327 1856 1383 Male

271 1442 469 1512 quippe
498 1445 812 1508 operantur,
844 1441 896 1488 et
922 1431 1041 1486 ideo
1063 1428 1286 1484 Domino
1325 1425 1508 1480 dicunt
1543 1442 1556 1478 :
1587 1422 1720 1489 Quid
1761 1437 1854 1474 no-

270 1537 341 1590 bis
369 1544 416 1587 et
445 1533 533 1587 tibi
563 1532 673 1585 est?
696 1528 827 1583 Cum
848 1525 999 1581 audis
1023 1525 1126 1578 hoc
1147 1521 1417 1576 daemones
1444 1518 1622 1573 dicere
1646 1558 1660 1584 ,
1701 1524 1856 1586 putas

269 1643 362 1683 eos
382 1641 490 1681 non
519 1620 843 1695 agnoscere?
878 1617 1077 1675 Scimus
1098 1657 1112 1682 ,
1139 1614 1412 1684 inquiunt,
1452 1612 1536 1682 qui
1556 1611 1644 1665 sis.
1689 1609 1764 1662 Tu
1805 1625 1856 1662 es

271 1722 438 1778 Filius
460 1719 555 1773 Dei
583 1717 734 1790 (Luc.
765 1731 837 1780 ιγ,
861 1711 972 1785 54).
997 1711 1133 1766 Dicit
1150 1709 1252 1764 hoc
1271 1709 1480 1773 Petrus,
1522 1713 1578 1760 et
1614 1702 1858 1758 laudatur

272 1814 485 1884 (Matth.
511 1828 624 1876 xvi,
651 1811 740 1876 16,
774 1808 862 1877 17)
896 1823 909 1857 :
943 1804 1070 1859 dicit
1091 1806 1193 1857 hoc
1218 1801 1450 1864 daemon,
1478 1806 1532 1852 et
1552 1796 1852 1850 damnatur.

270 1907 421 1965 Unde
445 1907 569 1970 hoc,
597 1903 704 1958 nisi
731 1903 852 1971 quia
874 1914 976 1954 vox
1007 1913 1120 1967 par,
1151 1905 1204 1950 et
1230 1909 1324 1950 cor
1349 1893 1550 1962 impar?
1581 1891 1859 1945 Diseerna-

269 2018 388 2058 mus
415 2016 547 2069 ergo
571 1997 730 2052 ﬁdem
762 2003 996 2048 nostram
1023 2033 1038 2057 ,
1066 2005 1165 2045 nec
1193 1988 1412 2043 credere
1449 1986 1694 2040 sufﬁciat.
1740 1983 1855 2038 Non

269 2104 350 2150 est
381 2092 503 2145 talis
531 2089 664 2143 ﬁdes
692 2102 808 2158 quae
831 2084 1052 2141 mundat
1079 2098 1190 2138 cor.
1242 2080 1404 2145 Fide,
1456 2078 1657 2148 inquit,
1706 2093 1856 2130 mun-

268 2188 395 2240 dans
417 2182 579 2238 corda
606 2197 798 2236 eorum.
827 2177 932 2234 Sed
954 2192 1055 2247 qua
1083 2175 1207 2240 lide,
1235 2173 1376 2242 quali
1405 2171 1539 2237 ﬁde,
1569 2170 1668 2224 nisi
1698 2183 1854 2239 quam

267 2276 457 2332 deﬁnit
477 2273 673 2328 Paulus
697 2269 991 2340 apostolus,
1021 2266 1110 2320 ubi
1141 2264 1214 2318 ait
1247 2282 1259 2316 :
1293 2262 1445 2315 Fides
1485 2277 1598 2330 aute
1639 2277 1729 2330 per
1773 2259 1856 2312 di-

270 2369 535 2423 lectionem
564 2372 799 2435 aperatur
830 2359 1027 2430 (Galat.
1058 2373 1115 2422 v,
1138 2356 1231 2428 6)?
1259 2354 1362 2409 Ista
1386 2354 1517 2408 ﬁdes
1547 2350 1804 2406 discernit
1826 2365 1857 2404 a

269 2461 372 2516 ﬁde
398 2459 704 2513 darmonum
726 2495 740 2520 ,
772 2451 1026 2508 discernit
1054 2449 1121 2504 ab
1163 2447 1442 2518 hominum
1479 2443 1752 2513 ﬂagitiosis
1797 2457 1860 2496 ac

270 2552 495 2623 perditis
521 2547 780 2603 moribus.
809 2544 982 2609 Fides,
1011 2541 1200 2611 inquit.
1228 2539 1356 2606 Qurc
1393 2536 1557 2591 ﬁdes?
1602 2535 1727 2600 Qua:
1771 2551 1859 2603 per

269 2643 590 2698 dilectionem
610 2648 868 2710 operatur,
899 2641 1079 2705 sperat
1104 2630 1244 2702 quod
1276 2631 1414 2684 Deus
1436 2628 1732 2698 pollicetur.
1763 2626 1860 2681 Ni-

271 2737 347 2790 hil
377 2737 478 2789 ista
510 2731 823 2786 deﬁnitione
850 2725 1184 2797 perpensius,
1209 2721 1340 2776 nihil
1367 2720 1671 2790 perfectius.
1719 2718 1860 2789 Ergo

271 2830 372 2884 tria
401 2835 531 2883 sunt
555 2826 665 2880 illa.
693 2823 924 2877 Necesse
945 2829 1027 2874 est
1052 2828 1112 2873 ut
1137 2818 1188 2872 in
1211 2832 1314 2888 quo
1343 2824 1425 2870 est
1450 2815 1576 2884 ﬁdes
1594 2857 1608 2880 ,
1635 2829 1746 2884 (nuc
1772 2830 1862 2884 per

269 2921 590 2974 dilectionem
610 2924 866 2987 aperatur,
901 2920 1076 2982 speret
1095 2908 1234 2980 quod
1258 2909 1397 2963 Deus
1427 2907 1722 2978 pollicetur.
1755 2905 1860 2961 Co-

267 3028 382 3067 mes
409 3021 492 3065 est
520 3023 650 3078 ergo
675 3006 796 3061 ﬁdei
827 3019 968 3075 Spes.
1010 2999 1322 3057 Necessaria
1364 2999 1558 3070 quippe
1587 3013 1710 3068 spes
1738 3006 1820 3053 est
1841 3040 1858 3067 ,

268 3103 525 3176 quamdiu
555 3117 661 3157 non
689 3100 930 3154 videmus
958 3097 1098 3168 quod
1124 3094 1429 3160 credimus;
1475 3109 1542 3148 ne
1572 3093 1708 3148 forte
1753 3107 1860 3148 non

267 3197 506 3254 videndo
534 3205 590 3251 et
632 3192 964 3264 desperando
1008 3190 1339 3245 deﬁciamus.
1389 3187 1680 3243 Contristat
1721 3201 1857 3252 nos,

272 3291 393 3362 quia
422 3305 532 3344 non
561 3286 840 3342 videmus:
870 3283 963 3339 sed
994 3282 1298 3338 consolatur
1320 3295 1417 3336 nos
1440 3322 1454 3347 ,
1485 3280 1607 3350 quia
1653 3279 1860 3334 visuros

272 3400 373 3440 nos
398 3396 704 3453 speramus.
733 3379 898 3434 Adest
926 3391 1055 3448 ergo
1085 3390 1206 3446 spes
1231 3416 1245 3441 ,
1278 3383 1332 3429 et
1360 3383 1441 3429 est
1486 3387 1666 3428 comes
1714 3372 1858 3426 ﬁdei.

273 3474 481 3531 Deinde
505 3482 560 3529 et
581 3472 832 3538 charitas,
859 3486 962 3541 qua
992 3467 1384 3532 desideramus,
1415 3482 1516 3536 qua
1563 3466 1863 3536 pertingere

271 3583 552 3632 conamur,
584 3579 686 3635 qua
708 3562 1111 3627 inardescimus,
1134 3576 1236 3630 qua
1263 3559 1527 3614 esurimus
1553 3566 1608 3612 et
1631 3559 1857 3612 sitimus.

273 3661 579 3717 Adhibetur
598 3672 724 3728 ergo
751 3667 804 3711 et
831 3655 980 3710 haec:
1013 3664 1066 3709 et
1085 3652 1355 3718 eritﬁdes,
1379 3667 1501 3720 spes
1527 3660 1582 3706 et
1608 3650 1857 3705 charitas.

269 3755 559 3821 Quomodo
589 3752 730 3808 enim
762 3765 868 3804 non
892 3749 993 3803 erit
1021 3748 1093 3802 ibi
1135 3746 1400 3813 charitas,
1449 3760 1569 3799 cum
1615 3743 1746 3799 nihil
1795 3744 1864 3798 sit

269 3849 409 3903 aliud
442 3847 680 3902 charitas
705 3858 864 3914 quam
885 3841 1132 3897 dilectio?
1161 3840 1276 3910 lpsa
1328 3847 1504 3893 autem
1544 3836 1674 3891 ﬁdes
1726 3837 1862 3891 deﬁ-

271 3945 374 3997 nita
404 3950 516 4008 est,
550 3955 664 4010 qua:
691 3955 780 4008 per
828 3935 1141 3989 dilectionem
1188 3942 1446 4004 aperatur.
1475 3931 1627 3985 Tolle
1682 3929 1856 3995 ﬁdem,

270 4036 407 4106 perit
441 4031 588 4104 quod
618 4031 821 4095 credis;
849 4028 975 4083 tolle
1015 4026 1350 4088 cbaritatem,
1381 4023 1518 4094 perit
1544 4022 1686 4094 quod
1726 4022 1860 4091 agis.

270 4126 420 4181 Fidei
451 4125 599 4179 enim
623 4122 857 4194 pertinet
885 4130 942 4174 ut
969 4118 1184 4184 credas;
1234 4115 1498 4181 charitati,
1530 4123 1586 4169 ut
1615 4129 1760 4184 agas.
1808 4113 1863 4168 Si

271 4219 412 4273 enim
444 4215 646 4281 credis,
674 4221 729 4269 et
757 4228 861 4266 non
892 4226 1059 4277 amas,
1091 4225 1195 4264 non
1224 4218 1272 4263 te
1316 4222 1505 4262 moves
1553 4207 1618 4261 ad
1663 4206 1863 4261 bonum

275 4324 411 4380 opus
448 4326 462 4360 :
498 4305 624 4361 etsi
661 4319 868 4371 moves,
901 4312 960 4356 ut
989 4316 1172 4356 servus
1201 4315 1385 4354 moves
1410 4341 1423 4363 ,
1456 4314 1561 4353 non
1584 4308 1644 4352 ut
1690 4298 1861 4352 ﬁlius:

274 4397 519 4454 timendo
547 4409 794 4465 poenam,
846 4408 950 4447 non
994 4390 1221 4446 amando
1251 4386 1530 4460 justitiam.
1572 4389 1662 4443 llla
1715 4403 1862 4460 ergo,

273 4493 518 4564 inquam,
547 4488 681 4544 ﬁdes
707 4485 926 4541 mundat
951 4499 1060 4550 cor,
1091 4499 1208 4555 qua:
1248 4498 1340 4553 per
1369 4482 1709 4537 dilectionem
1738 4497 1868 4552 ope-

271 4597 580 4730 ηῈιὶ-ΡΗΤ
617 4670 710 4726 Xl.
736 4699 808 4710 —-
833 4669 921 4724 ιε.
949 4668 1082 4722 Deus
1111 4684 1211 4721 non
1251 4667 1545 4738 cogitandus
1580 4675 1634 4720 ut
1659 4683 1866 4734 corpus.-

273 4770 335 4824 Et
381 4764 553 4821 modo
601 4764 711 4832 ipsa
770 4759 902 4816 ﬁdes
951 4760 1076 4831 (inid
1131 4760 1274 4830 agit?
1319 4758 1500 4813 Tantis
1552 4759 1865 4823 testimoniis

273 4863 699 4932 Scripturarum,
728 4867 834 4912 tam
859 4855 1139 4926 multiplici
1166 4855 1410 4920 lectione,
1444 4863 1552 4908 tam
1594 4853 1738 4908 varia
1775 4868 1867 4908 co-

272 4956 536 5024 piosaque
571 4948 941 5005 exhortatione
985 4947 1111 5018 quid
1153 4947 1290 5016 agit,
1349 4945 1446 4999 nisi
1493 4953 1551 4998 ut
1591 4944 1866 5000 videamus

271 5060 412 5099 nunc
443 5059 542 5114 per
568 5041 839 5112 speculum
861 5040 913 5094 in
943 5040 1222 5108 :enigmate
1244 5080 1258 5104 ,
1293 5046 1476 5108 postea
1503 5035 1637 5091 facie
1683 5035 1748 5090 ad
1791 5035 1867 5088 fa-

269 5136 450 5190 ciem?
494 5134 600 5191 Sed
652 5150 758 5187 non
808 5133 1001 5186 iterum
1035 5140 1091 5185 tu
1137 5130 1324 5184 redeas
1364 5129 1428 5182 ad
1477 5129 1630 5183 istam
1673 5127 1863 5182 faciem

269 5239 416 5283 tuam
444 5231 486 5281 ι.
515 5226 729 5282 Faciem
759 5225 934 5280 cordis
961 5223 1152 5294 cogita.
1180 5220 1322 5291 Coge
1348 5236 1441 5275 cor
1463 5232 1607 5274 tuum
1629 5222 1865 5291 cogitare

269 5321 478 5385 divina,
501 5317 785 5388 compelle,
815 5332 960 5386 urge.
986 5314 1249 5384 Quidquid
1281 5314 1455 5368 simile
1493 5314 1732 5382 corporis
1776 5328 1885 5381 (τοι,

269 5413 465 5482 gitanti
493 5413 808 5474 occurrerit,
832 5409 1021 5477 abjice.
1050 5406 1294 5460 Nondum
1317 5414 1466 5475 potes
1513 5405 1723 5471 dicere,
1753 5404 1865 5458 Hoc

271 5513 358 5561 est
386 5523 401 5557 :
432 5502 623 5556 saltem
649 5502 768 5567 die,
804 5499 920 5554 Non
940 5507 1024 5554 est
1049 5498 1183 5566 hoc.
1235 5497 1455 5564 Quando
1509 5496 1650 5551 enim
1696 5495 1862 5564 dices,

271 5600 391 5654 Hoc
416 5607 499 5653 est
527 5596 705 5651 Deus?
727 5595 835 5649 Nec
879 5609 998 5648 cum
1024 5592 1229 5647 videbis
1263 5608 1275 5644 :
1319 5591 1439 5660 quia
1488 5589 1752 5645 ineffabile
1786 5600 1869 5644 est

273 5693 426 5765 quod
451 5690 679 5745 videbis.
708 5689 938 5759 Raptum
959 5703 1017 5742 se
1051 5686 1179 5741 dicit
1216 5683 1502 5754 Apostolus
1552 5683 1605 5736 in
1655 5682 1866 5737 tertium

340 5807 354 5836 ι
387 5806 697 5854 (‘nrbcicnsls
718 5811 820 5863 Ms,
846 5800 934 5852 Sed
959 5813 1050 5852 non
1072 5799 1138 5850 ita
1158 5797 1333 5850 iterum
1356 5802 1407 5847 ut
1431 5796 1600 5848 redeas
1619 5802 1670 5849 tu
1703 5797 1770 5849 ad
1792 5798 1866 5861 fa-

268 5868 403 5921 ciem
428 5876 572 5917 tuam.

1732 374 1966 433 SERMO
2001 374 2135 432 Llll.

3440 386 3546 445 370

1957 491 2174 558 ctelum,
2197 499 2252 546 et
2271 493 2482 549 audisse
2502 495 2785 552 ineffabilia
2807 498 2965 553 verba
2991 498 3058 570 (ll
3081 499 3197 555 Cor.
3218 515 3313 569 xu,
3336 500 3372 554 2
3397 510 3443 556 et
3463 501 3542 573 4).

1959 579 2016 639 Si
2044 591 2168 638 sunt
2195 585 2478 640 ineffabilia
2505 589 2686 654 verba,
2713 591 2836 660 quid
2860 600 2941 646 est
2987 592 3137 663 cujus
3180 605 3303 648 sunt
3332 595 3539 649 verba?

1959 673 2217 745 Cogitanti
2243 691 2370 747 ergo
2397 679 2488 732 tibi
2519 681 2584 735 de
2607 681 2738 749 Deo,
2769 685 3193 756 occurritaliqua
3218 687 3444 742 fortasse
3491 689 3542 742 in

1961 765 2190 821 humana
2236 770 2413 838 specie
2438 771 2570 826 mira
2598 782 2652 826 et
2684 775 3009 844 amplissima
3041 779 3345 847 magnitudo
3375 795 3544 834 :con-

1959 856 2176 913 stituisti
2204 874 2321 913 eam
2348 861 2398 914 in
2428 874 2716 932 conspectu
2742 867 3078 935 cogitationis
3117 877 3239 935 tute,
3289 879 3541 941 tanquam

1958 962 2208 1019 magnum
2231 951 2450 1032 aliquid,
2484 955 2892 1025 amplissimum,
2926 959 3145 1028 grande,
3180 961 3546 1031 ingentissima

1961 1038 2102 1093 mole
2130 1039 2610 1100 dilfusum.Finisti
2647 1046 2862 1101 alicubi.
2909 1049 2966 1104 Si
3005 1049 3200 1116 ﬁnisti,
3248 1051 3390 1108 Deus
3437 1069 3546 1108 non

1962 1140 2062 1184 est.
2092 1131 2145 1186 Si
2175 1147 2277 1185 non
2301 1133 2484 1198 ﬁnisti,
2511 1134 2675 1190 facies
2704 1137 2794 1192 ubi
2814 1139 2938 1193 est?
2985 1138 3196 1211 Cogitas
3232 1144 3428 1198 molem
3452 1186 3465 1213 ,
3496 1155 3550 1200 et

1961 1231 2018 1275 ut
2043 1223 2280 1278 membra
2321 1224 2646 1298 distinguas,
2680 1228 2870 1286 deﬁnis
2923 1233 3138 1289 molem.
3192 1236 3362 1291 Aliter
3405 1238 3548 1292 enim

1959 1315 2198 1370 membra
2228 1316 2560 1388 distinguere
2581 1337 2688 1375 non
2716 1331 2890 1392 potes,
2923 1325 3028 1380 nisi
3051 1327 3181 1383 moli
3223 1328 3434 1385 dederis
3485 1333 3548 1384 ﬁ-

1961 1423 2104 1463 nem.
2137 1409 2273 1476 Quid
2301 1411 2434 1480 agis,
2467 1412 2624 1468 stulta
2645 1424 2699 1468 et
2721 1416 2951 1472 carnalis
2971 1419 3260 1490 cogitatio?
3280 1420 3548 1478 Grandem

1961 1499 2157 1554 molem
2184 1500 2386 1569 fecisti;
2411 1511 2466 1557 et
2490 1512 2638 1559 tanto
2656 1506 3018 1578 grandiorem,
3051 1521 3250 1580 quanto
3274 1520 3328 1567 te
3353 1513 3550 1583 putasti

1962 1592 2130 1647 Deum
2160 1594 2386 1662 amplius
2407 1595 2692 1653 honorare.
2717 1598 2877 1655 Addit
2894 1601 3030 1658 alius
3069 1619 3230 1658 unum
3269 1602 3504 1660 cubitum
3531 1645 3547 1673 ,

1962 1692 2015 1738 et
2040 1683 2166 1739 facit
2189 1686 2467 1755 majorem.

2033 1777 2259 1836 CAPUT
2297 1781 2419 1836 Xll.
2445 1812 2518 1824 --
2553 1785 2642 1840 15.
2685 1784 2852 1842 Locus
2877 1785 3035 1842 Isaia
3068 1789 3124 1844 in
3164 1790 3379 1861 speciem
3427 1808 3550 1846 con-

1963 1872 2167 1927 trarius.
2224 1871 2329 1928 Sed
2377 1875 2500 1945 legi,
2527 1875 2724 1946 inquis.
2749 1877 2886 1944 Quid
2939 1880 3136 1951 legisti,
3165 1882 3254 1952 qui
3299 1881 3434 1938 nihil
3471 1882 3554 1938 in-

1966 1963 2213 2018 tellexisti
2237 1964 2260 2017 ?
2287 1964 2354 2019 Et
2382 1975 2556 2022 tamen
2584 1967 2692 2036 die,
2728 1969 2855 2039 quid
2895 1970 3112 2041 legisti?
3153 1972 3268 2028 Non
3320 1975 3551 2045 repella-

1965 2069 2086 2109 mus
2111 2056 2389 2126 parvulum
2412 2056 2575 2114 corde
2603 2058 2898 2116 ludentem.
2925 2061 3020 2116 Dic
3041 2061 3168 2133 quid
3193 2063 3410 2134 legisti?
3437 2063 3548 2120 Cte-

1964 2147 2068 2201 lum
2109 2148 2233 2201 mihi
2273 2150 2481 2204 thronus
2519 2159 2618 2220 est,
2672 2162 2805 2207 terra
2842 2162 3008 2209 autem
3059 2157 3327 2226 scabellum
3360 2158 3548 2230 pedum

1963 2256 2188 2294 meorum
2217 2241 2366 2310 (Isai.
2398 2260 2548 2313 mm,
2577 2244 2655 2317 6).
2702 2247 2804 2301 Aio
2843 2246 2941 2321 (α),
2970 2248 3098 2320 Legi
3120 2259 3175 2306 et
3198 2265 3335 2324 ego:
3366 2251 3465 2308 sed
3497 2261 3554 2307 tu

1962 2331 2099 2389 forte
2136 2335 2398 2405 potiorem
2439 2347 2490 2394 te
2522 2347 2716 2409 putas,
2758 2340 2880 2410 quia
2924 2342 3098 2414 legisti
3146 2353 3200 2400 et
3248 2344 3542 2402 credidisti.

1962 2424 2137 2481 Credo
2167 2438 2220 2482 et
2264 2443 2363 2500 ego
2402 2430 2544 2500 quod
2588 2431 2798 2488 dixisti.
2847 2434 3016 2490 Simul
3061 2437 3360 2494 credamus.
3415 2439 3553 2508 Quid

1963 2517 2082 2574 dico
2108 2519 2130 2572 ?
2160 2519 2328 2576 Simul
2360 2539 2682 2592 quaeramus.
2713 2525 2853 2582 Ecce
2884 2536 3004 2584 tene
3051 2531 3193 2601 quod
3243 2532 3450 2603 legisti,
3500 2540 3557 2589 et

1964 2612 2236 2668 credidisti
2267 2632 2279 2667 :
2315 2613 2507 2670 Caelum
2543 2617 2668 2672 mihi
2705 2619 2916 2676 thronus
2945 2633 3053 2693 est,
3108 2625 3162 2680 id
3195 2634 3306 2693 est,
3358 2627 3551 2696 sedes;

1965 2703 2187 2760 thronus
2209 2709 2351 2762 enim
2387 2724 2580 2780 graece,
2612 2711 2777 2769 latine
2821 2715 2978 2772 sedes
3004 2725 3103 2783 est
3145 2736 3157 2772 :
3211 2728 3346 2774 terra
3386 2730 3555 2776 autem

1965 2797 2233 2850 scabellum
2264 2800 2448 2869 pedum
2476 2818 2718 2857 meorum.
2744 2802 2863 2860 Non
2891 2807 3064 2877 legisti
3108 2818 3164 2865 et
3188 2809 3320 2865 illud
3366 2827 3379 2864 :
3431 2810 3556 2878 Quis

1966 2889 2135 2959 palmo
2157 2907 2353 2948 mensus
2375 2902 2446 2948 est
2471 2895 2652 2950 mlum
2681 2895 2833 2968 (Isai.
2875 2916 2962 2966 IL,
3008 2902 3144 2971 £2)?
3197 2904 3334 2959 Puto
3375 2912 3428 2960 te
3471 2906 3553 2961 le-

1965 2980 2142 3050 gisse:
2176 2985 2474 3054 cognoscis,
2502 2995 2554 3040 et
2586 2994 2638 3042 te
2682 2989 2903 3046 credere
2943 2993 3233 3049 conﬁteris.
3295 2995 3368 3050 lbi
3410 2997 3552 3052 enim

1966 3081 2247 3145 utrumque
2288 3076 2534 3147 legimus,
2575 3087 2860 3152 utrumque
2906 3083 3201 3140 credimus.
3245 3086 3403 3142 Modo
3439 3089 3550 3157 jam

1965 3165 2157 3234 cogita,
2185 3175 2240 3222 et
2265 3167 2398 3223 doce
2423 3184 2508 3224 me
2539 3187 2553 3225 :
2583 3170 2812 3227 adbibeo
2840 3183 2890 3229 te
2915 3173 3209 3243 doctorem,
3243 3186 3299 3232 et
3316 3193 3402 3234 me
3431 3193 3554 3249 par-

1965 3257 2144 3312 vulum
2176 3257 2335 3314 facio.
2364 3260 2506 3318 Doce
2531 3278 2638 3331 me,
2681 3263 2905 3322 obsecro
2933 3276 3000 3322 te.
3034 3266 3164 3334 Quis
3186 3270 3376 3340 estqui
3402 3270 3551 3327 sedet

1964 3349 2019 3404 in
2047 3351 2221 3420 palmo
2241 3354 2375 3408 suo?

2035 3441 2262 3499 CAPUT
2293 3445 2428 3499 Xlll.
2451 3477 2520 3486 -
2538 3448 2622 3502 14.
2648 3447 2923 3505 Excutitur
2942 3453 3081 3508 locus
3103 3455 3308 3511 allatus.
3333 3455 3546 3527 Ctelum,

1965 3536 2144 3588 sancti.
2186 3534 2372 3605 Terra,
2418 3540 2620 3593 terreni.
2665 3541 2884 3596 Sursum
2929 3561 3036 3600 cor.
3089 3545 3229 3603 Ecce
3274 3547 3469 3620 ﬁguras
3498 3559 3554 3606 et

1968 3627 2288 3683 lineamenta
2318 3631 2681 3687 membrorum
2712 3634 2806 3690 Dei
2832 3651 2863 3690 a
2889 3652 3114 3707 corpore
3139 3639 3372 3696 humano
3396 3641 3550 3703 duxi-

1965 3719 2052 3773 sti.
2086 3719 2188 3775 Sed
2219 3721 2353 3776 forte
2378 3723 2645 3793 subrepsit
2670 3725 2792 3794 tibi,
2821 3736 2883 3782 ut
2910 3731 3200 3786 secundum
3229 3749 3424 3804 corpus
3453 3751 3552 3805 pu-

1967 3818 2108 3866 tares
2151 3827 2248 3867 nos
2291 3813 2459 3869 factos
2497 3816 2564 3871 ad
2608 3817 2893 3889 imaginem
2934 3822 3046 3876 Dei.
3093 3824 3308 3879 interim
3351 3827 3553 3897 accipio

1969 3903 2443 3972 considerandum,
2473 3907 2890 3988 discutiendum,
2923 3914 3334 3984 requirendum,
3367 3917 3554 3988 dispu~

1969 3994 2130 4049 tando
2155 3998 2550 4053 excutiendum.
2587 3985 2653 4054 Si
2693 4001 2864 4070 placet
2897 4042 2912 4068 ,
2940 4004 3061 4058 audi
3096 4021 3183 4060 me
3215 4026 3227 4060 :
3257 4008 3376 4077 quia
3409 3985 3469 4063 in
3489 4025 3554 4065 eo

1968 4087 2111 4157 quod
2148 4088 2238 4142 tibi
2279 4089 2499 4158 placuit,
2539 4091 2713 4146 audivi
2753 4101 2820 4147 te.
2863 4094 3026 4149 Sedet
3053 4096 3194 4152 Deus
3220 4097 3273 4152 in
3301 4099 3469 4167 coelo,
3501 4109 3556 4156 et

1969 4179 2148 4249 palmo
2188 4181 2402 4235 metitur
2438 4182 2656 4238 coelum.
2688 4183 2833 4240 ldem
2871 4187 3063 4241 caelum
3100 4188 3158 4242 ﬁt
3195 4189 3392 4257 latum,
3431 4205 3554 4246 cum

1970 4271 2152 4337 sedet;
2183 4283 2234 4326 et
2260 4283 2538 4344 augustum
2559 4317 2574 4343 ,
2601 4291 2721 4329 cum
2744 4279 2996 4333 metitur?
3022 4281 3103 4334 An
3129 4281 3242 4350 ipse
3271 4283 3410 4344 Deus
3436 4293 3554 4339 tan-

1971 4373 2057 4419 tus
2089 4366 2246 4420 estin
2277 4367 2532 4432 sedendo,
2563 4380 2792 4438 quantus
2820 4371 2871 4425 in
2900 4374 3115 4442 palmo?
3141 4374 3196 4429 Si
3224 4375 3326 4432 hoc
3351 4377 3422 4432 ita
3449 4388 3551 4446 est,

1972 4473 2077 4512 non
2107 4457 2172 4512 ad
2201 4459 2597 4515 similitudinem
2625 4477 2775 4518 suam
2803 4479 2902 4519 nos
2926 4465 3049 4520 fecit
3073 4467 3213 4522 Deus
3241 4488 3253 4522 :
3284 4485 3383 4524 nos
3410 4472 3550 4525 enim

1971 4549 2203 4618 palmum
2233 4551 2589 4620 angustiorem
2628 4553 2780 4609 valde
2819 4554 3107 4626 habemus,
3153 4575 3308 4629 quam
3348 4569 3554 4630 partem

1971 4645 2208 4712 corporis
2237 4661 2340 4714 qua
2367 4647 2632 4703 sedemus.
2674 4649 2766 4705 llle
2802 4637 2981 4708 autem
3013 4656 3054 4709 si
3088 4663 3191 4710 tam
3223 4658 3360 4712 latus
3387 4667 3469 4713 est
3500 4660 3552 4714 in

1972 4735 2150 4804 palmo
2174 4751 2290 4802 suo,
2313 4752 2470 4807 quam
2497 4738 2634 4796 latus
2655 4741 2710 4795 in
2734 4744 2976 4800 sessione
2993 4760 3110 4811 sua,
3133 4747 3362 4818 disparia
3384 4765 3554 4804 mem-

1971 4825 2064 4880 bra
2109 4827 2262 4882 nobis
2301 4827 2440 4884 fecit.
2484 4831 2598 4886 Non
2641 4842 2720 4888 est
2767 4834 2865 4890 ista
2906 4837 3216 4894 similitudo.
3263 4841 3556 4898 Erubescat

1971 4934 2098 4990 ergo
2130 4921 2232 4976 tale
2261 4920 2460 4977 idolum
2490 4925 2542 4978 in
2572 4925 2733 4981 corde
2759 4926 3066 4984 christiano.
3101 4931 3331 4988 Proinde
3358 4935 3555 4992 caelum
3623 4993 3638 5000 __

1971 5013 2152 5082 accipe
2182 5027 2278 5082 pro
2306 5014 2554 5069 omnibus
2579 5018 2797 5074 sanctis.
2829 5019 2960 5085 Quia
2990 5029 3045 5076 et
3070 5029 3209 5076 terra
3239 5013 3434 5080 dicitur
3462 5043 3558 5096 pro

1971 5103 2218 5158 omnibus
2238 5104 2328 5172 qui
2349 5114 2472 5160 sunt
2493 5106 2545 5160 in
2568 5115 2705 5162 terra
2730 5125 2742 5161 :
2771 5109 2946 5164 Omnis
2967 5120 3098 5165 terra
3119 5113 3291 5167 adoret
3311 5123 3359 5170 te
3381 5114 3554 5186 (Psal.

1972 5209 2092 5260 1.xv,
2125 5193 2217 5265 4).
2248 5194 2301 5250 Si
2334 5195 2469 5252 bene
2499 5198 2722 5254 dicimus
2751 5202 3040 5257 secundum
3068 5218 3162 5258 eos
3191 5205 3286 5274 qui
3315 5206 3557 5265 habitant

1971 5289 2023 5342 in
2066 5297 2202 5343 terra
2227 5330 2242 5356 ,
2287 5288 2463 5345 Omnis
2492 5302 2624 5346 terra
2651 5293 2824 5346 adoret
2853 5301 2901 5348 te
2930 5309 2949 5348 :
2980 5295 3116 5351 bene
3143 5296 3366 5354 dicimus
3395 5301 3556 5357 etiam

1972 5380 2259 5435 secundum
2300 5397 2392 5436 eos
2431 5384 2518 5452 qui
2564 5384 2800 5439 habitant
2841 5386 2895 5439 in
2934 5387 3103 5453 cmlo,
3153 5389 3319 5446 Omne
3361 5393 3554 5450 caelum

1974 5481 2145 5542 portet
2184 5482 2252 5527 te.
2294 5474 2425 5528 Nam
2465 5485 2518 5530 et
2558 5477 2727 5530 sancti
2765 5477 2864 5546 ipsi
2903 5479 2992 5548 qui
3026 5480 3079 5534 in
3113 5489 3250 5536 terra
3281 5482 3554 5552 habitant,

1975 5580 2132 5620 carne
2161 5576 2353 5620 terram
2382 5568 2588 5620 calcant
2612 5610 2624 5633 ,
2673 5567 2833 5623 corde
2873 5569 2925 5623 in
2969 5573 3104 5628 ctelo
3143 5573 3402 5634 habitant.
3439 5575 3555 5632 Non

1974 5657 2113 5711 enim
2145 5656 2336 5711 frustra
2367 5657 2721 5713 admonentur
2745 5674 2956 5716 sursum
2985 5661 3182 5721 habere
3209 5681 3323 5734 cor,
3355 5675 3408 5722 et
3433 5681 3556 5723 cum

1973 5749 2228 5806 admoniti
2275 5747 2508 5816 fuerint,
2555 5751 2625 5806 ita
2670 5767 2788 5810 esse
2828 5756 3154 5826 respondent
3187 5775 3201 5813 :
3231 5765 3323 5814 aut
3358 5757 3557 5816 frustra

2039 5863 2111 5924 (α)
2133 5869 2291 5922 Forte,
2312 5861 2477 5913 audio.
