4032 6332
348 282 447 346 375

350 395 713 462 absconderit,
754 407 860 449 non
896 404 955 448 se
991 386 1199 459 putabit
1224 383 1427 442 servire
1453 379 1734 452 imperanti
1758 387 1814 435 et
1839 378 1924 435 di-

349 497 478 558 centi
499 537 513 561 ,
549 492 736 548 Luceat
772 489 940 542 lumen
972 493 1187 539 vestrum
1221 495 1392 536 coram
1425 475 1736 544 hominibus,
1770 483 1822 528 ut
1849 474 1925 528 ui-

349 595 488 647 deant
515 588 649 641 bona
668 598 822 653 Opera
844 587 1024 634 vestra.

409 677 636 737 CAPUT
672 675 738 730 Il.
767 702 838 715 —-
858 672 913 725 2.
946 668 1224 736 Utrumque
1249 671 1554 734 prteceptum
1581 660 1754 730 implet
1782 659 1924 729 Apo-

342 776 514 833 stolus.
556 769 658 838 Qui
701 745 845 823 recte
892 771 1069 817 autem
1105 756 1367 827 intelligit,
1411 763 1691 823 utrumque
1717 753 1920 823 implet,

342 880 391 924 et
417 865 614 921 serviet
641 855 1040 915 universissimo
1066 850 1329 912 Domino,
1359 847 1450 916 qui
1479 859 1690 900 servum
1720 845 1924 912 pigrum

341 974 442 1017 non
471 957 786 1016 damnaret,
822 948 868 1002 si
896 961 958 1002 ea
985 958 1102 1014 qua:
1131 941 1245 996 ﬁeri
1276 939 1422 995 nullo
1452 936 1612 992 modo
1643 943 1918 1004 poterant,

337 1057 644 1123 imperaret.
673 1043 868 1100 Audite
892 1040 1035 1095 enim
1064 1034 1284 1091 Paulum
1312 1047 1523 1088 servum
1550 1029 1743 1123 Christi
1771 1028 1922 1123 Jcsu,

333 1121 577 1202 vocatum
610 1135 954 1208 Apostolum,
985 1135 1317 1200 segregatum
1345 1126 1397 1178 in
1428 1121 1770 1193 Evangelium
1801 1121 1919 1186 Dei,

332 1247 617 1304 utrumque
648 1241 701 1285 et
726 1227 1009 1282 facientem
1037 1229 1092 1277 et
1118 1220 1414 1275 docentem.
1444 1215 1633 1270 Videte
1661 1213 1922 1284 quemad-

330 1329 552 1386 modum
581 1325 756 1380 lueeat
779 1321 956 1374 lumen
991 1316 1106 1386 ejus
1143 1326 1323 1368 coram
1364 1308 1668 1364 hominibus
1691 1348 1705 1373 ,
1746 1316 1805 1361 ut
1840 1306 1920 1360 vi-

330 1423 490 1478 deant
518 1419 658 1472 bona
690 1427 851 1482 opera
881 1409 1016 1478 ejus.
1056 1403 1508 1462 Commendamus,
1553 1399 1754 1468 inquit,
1799 1414 1920 1452 nos-

330 1513 571 1580 metipsos
595 1507 663 1560 ad
686 1519 882 1558 omnem
910 1496 1264 1553 conscientiam
1290 1493 1549 1548 hominum
1576 1492 1627 1544 in
1656 1497 1922 1560 conspectu

327 1609 427 1663 Dei
459 1605 526 1680 (ῐι
557 1604 674 1660 Cor.
703 1616 776 1668 tv,
802 1597 862 1669 2)
889 1618 902 1653 :
929 1605 982 1652 et
1011 1590 1222 1661 iterum,
1254 1590 1580 1646 Providemus
1608 1585 1738 1640 enim
1766 1583 1916 1680 bona,

327 1720 430 1757 non
458 1676 627 1755 solum
652 1712 820 1751 coram
850 1692 976 1758 Deo,
1007 1689 1094 1745 sed
1124 1689 1272 1742 etiam
1302 1701 1472 1739 coram
1498 1679 1779 1736 hominibus
1795 1676 1916 1749 '(Id.

327 1811 451 1861 vni,
480 1792 576 1861 2|)
603 1808 615 1844 :
645 1798 699 1845 et
727 1788 939 1853 itertun,
976 1781 1182 1836 Placete
1207 1778 1434 1833 omnibus
1462 1790 1550 1846 per
1574 1772 1762 1837 omnia,
1794 1772 1923 1825 sicut

327 1897 375 1942 et
398 1902 492 1956 ego
522 1882 754 1938 erunibus
782 1894 870 1949 per
897 1875 1065 1930 omnia
1090 1873 1262 1943 placeo
1285 1870 1330 1940 (ι
1357 1867 1473 1922 Cor.
1505 1882 1563 1931 x,
1593 1866 1705 1956 55).
1734 1862 1921 1956 Videte

325 1955 519 2034 rursus
556 1966 999 2045 quemadmodum
1045 1963 1315 2028 attendat,
1357 1975 1424 2015 ne
1467 1958 1623 2012 faciat
1661 1955 1920 2026 justitiam

325 2085 484 2127 suam
505 2079 688 2122 coram
715 2058 1040 2126 hominibus,
1073 2063 1129 2110 ut
1154 2054 1395 2109 videatur
1421 2051 1485 2105 ab
1515 2050 1611 2104 eis.
1649 2048 1792 2118 Opus
1822 2062 1921 2099 au-

325 2173 428 2219 tem
457 2175 608 2214 suum
639 2154 810 2227 probet
833 2195 846 2220 ,
887 2149 1087 2221 inquit,
1118 2146 1488 2216 unusquisque;
1531 2152 1576 2195 et
1615 2150 1730 2194 tunc
1753 2139 1808 2192 in
1836 2154 1920 2192 se-

323 2253 544 2322 metipso
571 2246 766 2303 habebit
788 2243 1023 2316 gloriam,
1052 2249 1097 2295 et
1122 2255 1222 2293 non
1245 2238 1298 2291 in
1323 2237 1482 2290 altero
1507 2232 1701 2300 (Calai.
1729 2247 1799 2295 Vl,
1826 2227 1916 2300 4):

324 2355 381 2404 et
403 2346 621 2411 iterum,
652 2339 790 2394 Nam
815 2337 978 2410 gloria
997 2343 1168 2390 nostra
1190 2333 1296 2387 hazc
1321 2339 1413 2396 est,
1443 2327 1776 2383 testimonium
1801 2341 1924 2378 con-

322 2438 553 2494 scientia:
582 2444 766 2488 nostrte
793 2429 863 2502 (ll
888 2430 1004 2486 Cor.
1036 2445 1085 2492 1,
1115 2426 1203 2498 12)
1239 2443 1250 2479 :
1284 2434 1335 2480 et
1362 2422 1490 2477 illud
1515 2421 1654 2491 quod
1681 2419 1810 2475 nihil
1840 2427 1923 2474 est

325 2529 702 2594 manifestius,
736 2525 797 2582 Si
827 2524 1022 2588 adlmc,
1066 2520 1272 2591 inquit,
1311 2515 1596 2571 hominibus
1635 2515 1918 2585 placerem,

324 2623 520 2679 Christi
547 2637 717 2677 servus
747 2636 847 2673 non
873 2632 1031 2672 essent
1065 2613 1273 2686 (Colat.
1307 2627 1358 2678 ι,
1390 2608 1512 2682 10).
1543 2607 1649 2665 Sed
1679 2622 1745 2662 ne
1772 2606 1921 2676 quis-

324 2733 489 2786 quam
531 2729 720 2769 eorum
759 2710 848 2781 qui
893 2711 957 2764 de
993 2702 1469 2782 prmceptis-quasi
1508 2699 1922 2770 repugnantibus

323 2807 496 2878 ipsius
527 2803 741 2860 Domini
769 2810 1069 2864 moventur,
1113 2797 1280 2853 multo
1315 2795 1480 2865 magis
1517 2793 1772 2864 Apostolo
1806 2791 1922 2860 ejus

323 2901 538 2973 ingerat
562 2897 935 2968 quaestionem,
960 2903 1013 2949 et
1036 2892 1194 2956 dicat,
1223 2887 1502 2956 Quomodo
1530 2896 1582 2941 tu
1612 2885 1765 2950 dicis,
1795 2882 1923 2937 Pla—

324 3002 427 3048 cete
452 2990 689 3045 omnibus
716 3004 803 3059 per
828 2985 1018 3053 omnia,
1045 2985 1172 3037 sicut
1198 2991 1241 3036 et
1268 2997 1358 3051 ego
1385 2978 1611 3034 omnibus
1641 2993 1728 3048 per
1753 2976 1923 3030 omnia

325 3086 506 3157 placeo
531 3099 549 3138 :
573 3089 629 3137 et
647 3091 705 3136 tu
731 3081 870 3135 idem
893 3077 1042 3145 dicis,
1071 3075 1132 3133 Si
1153 3073 1318 3130 adhuc
1339 3071 1618 3128 hominibus
1648 3068 1919 3142 placerem,

324 3174 520 3232 Christi
557 3187 727 3228 servus
771 3187 871 3226 non
909 3170 1099 3224 essem?
1144 3166 1296 3222 Adsit
1341 3165 1454 3234 ipse
1499 3163 1790 3229 Dominus,
1833 3162 1923 3231 qui

325 3270 490 3325 etiam
518 3267 572 3322 in
605 3279 759 3322 servo
787 3279 884 3321 suo
913 3273 966 3318 et
994 3262 1246 3332 Apostolo
1271 3258 1605 3330 loquebatur,
1637 3264 1689 3310 et
1719 3255 1922 3326 aperiat

325 3361 484 3416 nobis
511 3357 838 3416 voluntatem
873 3369 1057 3422 suam,
1108 3361 1162 3409 et
1199 3351 1394 3408 tribuat
1433 3348 1717 3405 obediendi
1752 3348 1923 3402 facul-

326 3459 374 3506 ta
380 3459 493 3506 tem
502 3492 515 3504 .

395 3543 454 3598 5.
500 3540 843 3597 Conciliantur
918 3537 1018 3592 duo
1088 3535 1179 3590 illa
1246 3543 1515 3605 praecepta.
1563 3532 1679 3604 Ipsa
1727 3532 1922 3601 quippe

325 3636 496 3690 verba
526 3633 832 3704 evangelica
881 3645 1065 3686 secum
1099 3636 1316 3699 portant
1365 3627 1721 3698 expositiones
1761 3640 1917 3690 suas;

327 3745 425 3784 nec
455 3725 822 3781 intercludant
844 3738 938 3778 ora
965 3721 1330 3788 esurientium,
1363 3721 1482 3789 quia
1513 3726 1732 3788 pascunt
1760 3716 1919 3772 corda

325 3820 680 3892 pulsantium.
713 3818 940 3872 Intentio
974 3816 1170 3885 quippe
1215 3812 1392 3868 cordis
1417 3810 1634 3866 immani
1662 3826 1768 3880 quo
1794 3809 1921 3864 diri-

327 3922 506 3984 gatur,
546 3919 602 3966 et
640 3925 744 3979 quo
783 3908 1040 3980 spectet’,
1072 3905 1380 3961 intuendum
1413 3912 1513 3959 est.
1561 3900 1619 3959 Si
1661 3902 1803 3957 enim
1830 3901 1921 3972 qui

328 4005 441 4061 vult
470 4003 644 4059 videri
685 4001 753 4057 ab
781 4000 1086 4056 hominibus
1111 3999 1250 4053 bona
1284 4011 1445 4068 opera
1474 4011 1588 4063 sua,
1620 3995 1840 4066 gloriam
1868 4005 1922 4050 et

328 4097 616 4153 utilitatem
657 4109 804 4150 suam
842 4092 990 4163 ponit
1018 4099 1140 4146 ante
1165 4089 1429 4156 homines,
1467 4096 1518 4144 et
1543 4088 1680 4143 hanc
1710 4089 1762 4142 in
1791 4102 1920 4162 con;-

328 4196 520 4257 spectu
548 4185 825 4240 hominum
853 4183 1076 4254 quaerit;
1108 4180 1240 4236 nihil
1268 4196 1474 4249 eorum,
1505 4196 1620 4251 qua:
1649 4180 1714 4235 de
1744 4180 1842 4235 hac
1864 4195 1921 4236 re

329 4278 594 4335 Dominus
633 4277 905 4354 prmcepit,
940 4274 1178 4346 implevit
1206 4290 1220 4328 :
1249 4275 1371 4345 quia
1401 4283 1455 4330 ct
1492 4274 1716 4330 attendit
1748 4273 1921 4330 facere

325 4371 589 4442 justitiam
616 4385 766 4427 suam
787 4383 966 4424 coram
993 4367 1317 4434 hominibus,
1342 4377 1400 4422 ut
1424 4368 1694 4423 videretur
1716 4367 1782 4422 ab
1809 4367 1917 4434 eis;

328 4475 379 4521 et
409 4480 522 4520 non
565 4465 644 4518 sic
671 4462 838 4518 eluxit
861 4460 1041 4517 lumen
1071 4461 1186 4530 ejus
1213 4475 1391 4516 coram
1425 4460 1745 4528 hominibus,
1774 4468 1831 4514 ut
1854 4461 1922 4515 ad

329 4555 430 4611 hoc
455 4554 705 4610 viderent
723 4553 862 4608 bona
894 4565 1053 4622 opera
1081 4552 1216 4622 ejus,
1241 4560 1297 4605 ut
1325 4550 1682 4622 gloriﬁcarent
1710 4550 1921 4606 Patrem

331 4651 415 4719 qui
477 4648 531 4702 in
580 4647 729 4703 caelis
776 4654 875 4701 est.
922 4644 990 4700 Se
1021 4645 1216 4715 quippe
1259 4644 1423 4699 voluit
1469 4643 1771 4714 gloriﬁcari,
1813 4659 1920 4699 non

329 4741 531 4804 Detun;
563 4745 618 4795 et
656 4753 807 4793 suam
836 4737 1080 4808 quaesivit
1109 4736 1414 4804 utilitatem,
1458 4752 1563 4790 non
1602 4735 1785 4792 dilexit
1812 4737 1919 4792 Do-

331 4834 457 4887 mini
492 4833 837 4886 voluntatem.
866 4831 937 4885 De
958 4828 1200 4901 qualibus
1227 4828 1347 4885 dicit
1379 4831 1664 4900 Apostolus
1695 4847 1707 4883 :
1735 4829 1920 4886 Omnes

333 4926 461 4978 enim
503 4939 617 4993 qua:
670 4941 765 4977 sua
805 4931 923 4977 sunt
960 4930 1210 4992 quaerunt,
1265 4937 1366 4975 non
1408 4937 1519 4993 qua:
1565 4921 1689 4976 Jesu
1733 4919 1922 4978 Christi

337 5013 594 5086 ίΡΙιὶιίρρ.
625 5031 682 5080 n,
715 5013 830 5084 21).
855 5013 1036 5084 itaque
1062 5025 1168 5068 non
1199 5011 1308 5067 illic
1339 5014 1597 5068 sententia
1638 5015 1920 5071 terminata

335 5115 432 5170 est,
460 5105 546 5160 ubi
569 5106 663 5172 ait,
689 5104 778 5160 Sic
802 5103 962 5158 luceat
989 5105 1155 5159 lumen
1178 5115 1392 5159 vestrum
1415 5121 1585 5160 coram
1611 5106 1915 5178 hominibus,

335 5205 386 5248 ut
425 5194 625 5250 videant
655 5196 784 5248 bona
820 5211 974 5265 opera
998 5204 1161 5250 vestra
1185 5212 1203 5251 :
1229 5195 1324 5252 sed
1363 5197 1614 5253 continuo
1649 5198 1921 5270 subjunxit

337 5302 429 5340 cur
456 5285 754 5342 faciendum
793 5285 894 5353 sit,
943 5296 1000 5340 ut
1035 5287 1336 5364 gloriﬁcent,
1378 5289 1568 5358 inquit,
1599 5287 1807 5345 Patrem
1833 5307 1917 5347 ve-

339 5389 512 5443 strum,
545 5381 630 5449 qui
655 5381 708 5434 in
739 5380 875 5434 caelis
895 5387 968 5434 est
991 5397 1008 5434 :
1031 5388 1087 5436 ut
1121 5379 1282 5436 homo
1310 5397 1430 5438 cum
1455 5383 1591 5440 bene
1613 5383 1810 5441 faciens
1836 5384 1916 5442 vi-

344 5469 490 5525 detur
515 5471 581 5525 ab
610 5469 935 5539 hominibus,
965 5471 1311 5530 intentionem
1341 5474 1465 5531 boni
1496 5475 1618 5532 facti
1649 5477 1840 5533 habeat
1865 5479 1920 5535 in

344 5563 659 5617 conscientia
701 5577 816 5630 sua,
859 5564 1208 5622 intentionem
1250 5582 1377 5625 vero
1408 5568 1770 5629 innotescendi
1809 5587 1918 5632 non

412 5764 429 5793 ί
451 5771 572 5827 3155.,
597 5772 639 5814 ct
664 5765 778 5830 quid
800 5772 1052 5829 exspectet.

1827 261 2058 326 SER-I0
2089 265 2221 324 LIV.
3507 278 3614 337 376

2036 379 2231 437 habeat
2249 381 2349 438 nisi
2377 381 2428 436 in
2456 382 2699 442 laudibus
2725 385 2840 456 Dei,
2867 399 3085 461 propter
3101 403 3286 445 eorum
3310 389 3500 463 quibus
3526 391 3613 448 in-

2033 474 2258 530 noteseit
2283 475 2593 544 utilitatem;
2626 478 2816 548 quibus
2846 479 2948 536 hoc
2975 482 3211 552 prodest,
3244 492 3301 537 ut
3324 483 3464 540 Deus
3486 484 3606 556 pla-

2032 575 2168 634 ceat,
2199 567 2287 638 qui
2320 566 2420 623 hoc
2451 569 2693 638 prmstitit
2721 569 2920 626 homini
2947 588 2961 638 ;
2993 581 3151 643 atque
3182 574 3254 630 ita
3287 590 3392 629 non
3422 574 3612 647 despe-

2030 666 2172 726 rent,
2205 661 2364 715 etiam
2396 660 2497 715 sibi
2526 661 2572 716 si
2611 663 2873 718 voluerint
2901 665 3003 721 hoc
3037 681 3193 736 posse
3221 669 3477 738 praestari.
3508 667 3611 724 lta-

2031 766 2132 820 que
2173 752 2329 806 aliaat
2371 754 2707 821 sententiam,
2740 756 2830 811 ubi
2865 757 2956 826 ait,
2992 758 3243 815 Attendite
3269 778 3331 815 ne
3355 763 3607 832 justitiam

2031 852 2241 897 vestram
2265 845 2466 916 faciatis
2485 862 2653 900 coram
2675 846 2975 917 hominibus,
3005 865 3112 905 non
3140 851 3264 907 alibi
3285 853 3605 921 terminavit,

2031 935 2314 1004 quam'uhi
2344 936 2495 1005 dixit,
2535 947 2591 991 ut
2628 939 2891 994 videamini
2916 940 2977 995 ab
3020 944 3131 997 eis:
3156 959 3252 1000 nec
3287 945 3507 1014 addidit,
3541 945 3611 1002 Et

2029 1026 2310 1097 gloriﬁcent
2343 1027 2548 1083 Patrem
2577 1039 2791 1084 vestrum
2819 1033 2904 1104 qui
2939 1033 2992 1088 in
3021 1035 3156 1090 cretis
3181 1045 3288 1104 est;
3315 1039 3407 1094 sed
3437 1039 3610 1109 potius

2028 1117 2248 1184 addidit,
2285 1119 2519 1191 Alioquin
2546 1121 2821 1176 mercedem
2847 1141 2945 1178 non
2968 1124 3205 1182 habebitis
3231 1130 3369 1199 apud
3402 1129 3608 1187 Patrem

2027 1220 2242 1264 vestrum
2271 1212 2354 1281 qui
2380 1213 2431 1266 in
2452 1213 2588 1269 caelis
2609 1224 2698 1269 est.
2732 1215 2863 1273 lliuc
2884 1218 3024 1273 enim
3049 1221 3279 1276 ostendit
3297 1237 3390 1278 eos
3421 1225 3508 1296 qui
3533 1235 3613 1281 ta-

2028 1303 2107 1360 les
2131 1314 2273 1374 sunt,
2304 1307 2485 1377 quales
2513 1309 2696 1364 lidelcs
2720 1325 2845 1366 suos
2884 1327 3004 1369 esse
3030 1327 3135 1370 non
3158 1315 3286 1384 vult,
3316 1317 3368 1372 in
3402 1333 3467 1374 eo
3493 1321 3609 1391 ipso

2027 1400 2328 1455 mercedem
2360 1418 2617 1472 quaerere,
2647 1405 2787 1474 quod
2813 1407 3056 1463 videntur
3083 1407 3148 1464 ab
3179 1409 3502 1479 hominibus,
3535 1414 3609 1470 ibi

2026 1494 2349 1548 constituere
2403 1494 2599 1549 bonum
2647 1511 2836 1564 suum;
2891 1498 2962 1553 ibi
2999 1499 3264 1555 oblectare
3320 1503 3604 1559 vanitatem

2026 1584 2202 1640 cordis
2244 1586 2341 1652 sui,
2378 1585 2450 1641 ibi
2489 1588 2746 1643 exinaniri
2798 1603 2852 1644 et
2893 1589 3084 1659 inflari,
3115 1592 3186 1648 ibi
3231 1605 3528 1652 tumescere
3557 1607 3611 1652 et

2027 1678 2420 1736 contabescere.
2443 1679 2552 1737 Cur
2571 1682 2713 1737 enim
2739 1697 2843 1738 non
2869 1683 3079 1753 sufﬁcit,
3115 1685 3406 1756 utdiceret,
3439 1689 3611 1743 Atten-

2026 1774 2127 1829 dite
2157 1793 2218 1829 ne
2239 1777 2437 1848 faciatis
2455 1779 2709 1848 justitiam
2739 1789 2946 1834 vestram
2971 1798 3139 1836 coram
3171 1783 3488 1852 hominibus;
3517 1787 3612 1843 sed

2026 1865 2249 1932 addidit,
2282 1877 2338 1921 ut
2371 1869 2638 1924 videamini
2674 1872 2734 1924 ab
2773 1872 2842 1926 eis
2872 1888 2888 1925 .·
2920 1873 3021 1927 nisi
3056 1874 3178 1944 quia
3220 1885 3344 1930 sunt
3370 1877 3608 1948 quidam,

2026 1957 2116 2028 qui
2154 1959 2231 2014 sic
2258 1958 2457 2016 faciunt
2477 1961 2738 2032 justitiam
2766 1977 2914 2018 suam
2942 1979 3124 2019 coram
3153 1965 3475 2037 hominibus,
3503 1983 3610 2026 non

2028 2058 2084 2104 ut
2112 2051 2386 2107 videantur
2415 2052 2482 2107 ab
2521 2054 2616 2120 eis,
2662 2053 2755 2109 sed
2786 2063 2842 2109 ut
2883 2055 2994 2126 ipsa
3036 2069 3198 2128 Opera
3234 2058 3528 2126 videantur,
3559 2071 3612 2117 et

2025 2143 2349 2214 gloriﬁcatur
2386 2146 2544 2203 Pater
2568 2149 2657 2218 qui
2691 2157 2772 2204 est
2809 2149 2862 2204 in
2889 2150 3065 2219 oculis,
3093 2153 3182 2223 qui
3229 2167 3291 2208 ea
3313 2151 3612 2224 justiticatis

2027 2235 2203 2306 impiis
2244 2236 2445 2293 donare
2473 2238 2718 2309 dignatus
2744 2240 2864 2295 est?

2097 2325 2321 2406 CAPUT
2363 2329 2446 2382 Ill.
2474 2359 2546 2369 —
2568 2332 2620 2385 4.
2665 2331 2908 2398 Quisnam
2936 2348 3046 2387 vere
3074 2313 3378 2406 piwcepzum
3417 2343 3613 2391 utrum-

2027 2437 2125 2491 que
2149 2422 2389 2494 implevit.
2435 2423 2535 2492 Qul
2579 2425 2714 2480 tales
2743 2432 2886 2494 sunt,
2911 2441 3012 2482 nec
3055 2442 3204 2483 suam
3233 2428 3490 2498 justitiam
3519 2431 3612 2486 de-

2026 2522 2234 2584 putant,
2269 2516 2360 2571 sed
2400 2517 2515 2586 ejus
2544 2533 2607 2571 ex
2635 2519 2783 2588 cujus
2821 2519 2922 2574 ﬁde
2949 2521 3154 2576 vivunt.
3184 2521 3337 2578 Unde
3371 2532 3422 2578 et
3465 2525 3611 2594 Apo-

2026 2605 2197 2660 stolas
2234 2606 2379 2675 dicit,
2429 2607 2496 2663 Ut
2528 2608 2781 2677 Christum
2825 2611 3160 2683 lucrifaciam,
3207 2624 3255 2670 et
3300 2616 3525 2671 inveniar
3557 2618 3611 2671 in

2025 2696 2136 2765 illo,
2180 2716 2280 2754 non
2307 2699 2492 2755 habens
2520 2719 2680 2757 meam
2695 2704 3085 2775 jnstitiam,quw
3121 2723 3186 2762 ea:
3225 2708 3357 2780 Lege
3391 2719 3482 2777 est,
3521 2711 3611 2766 sed

2029 2809 2137 2847 eam
2153 2810 2265 2864 qua;-
2282 2803 2352 2848 est
2373 2812 2462 2864 per
2484 2796 2636 2864 ﬁdem
2655 2796 2862 2865 Christi,
2887 2815 2998 2869 qua:
3022 2808 3171 2854 estea:
3197 2800 3323 2869 Deo,
3340 2802 3537 2873 iustitia
3551 2819 3614 2858 e3

2028 2884 2130 2954 ﬁde
2150 2883 2404 2956 (Philipp.
2431 2903 2508 2953 tu,
2537 2887 2570 2941 8
2596 2896 2641 2940 et
2667 2886 2723 2960 9)
2751 2906 2762 2941 :
2795 2898 2846 2944 et
2876 2891 2930 2944 in
2959 2891 3066 2946 alio
3088 2891 3228 2958 loco,
3248 2892 3316 2947 Ut
3343 2909 3433 2948 nos
3456 2895 3613 2950 simus

2018 2977 2219 3050 justitia
2247 2978 2341 3033 Dei
2364 2980 2415 3034 in
2454 2980 2542 3034 illo
2578 2982 2642 3051 (ll
2663 2981 2780 3037 Cor.
2812 2997 2865 3051 ν,
2893 2983 3006 3054 21).
3034 2984 3187 3042 Unde
3227 2996 3278 3041 et
3302 2985 3516 3044 Judmos
3541 2990 3612 3045 ita

2027 3070 2368 3140 reprehendit
2393 3091 2405 3126 :
2428 3071 2747 3144 Ignorantes,
2767 3074 2958 3144 inquit,
2987 3075 3084 3130 Dei
3099 3077 3374 3147 justitiam,
3400 3089 3445 3133 et
3467 3089 3614 3135 suam

2028 3163 2249 3218 volentes
2303 3168 2628 3231 constituere,
2670 3167 2889 3236 justitia:
2930 3166 3026 3221 Dei
3079 3185 3180 3223 non
3235 3180 3351 3225 sunt
3402 3173 3614 3244 subjecti

2029 3255 2207 3327 (Rom.
2236 3274 2289 3322 χ,
2327 3259 2400 3328 5).
2431 3257 2680 3328 Quisquis
2706 3273 2833 3330 ergo
2869 3260 2941 3314 ita
2971 3259 3080 3314 vult
3104 3261 3273 3317 videri
3305 3263 3610 3322 hominibus

2029 3360 2193 3420 Opera
2219 3364 2332 3414 sua,
2362 3359 2418 3404 ut
2441 3349 2526 3405 ille
2546 3349 2886 3420 glorificetur,
2915 3365 2944 3406 a
2975 3367 3080 3423 quo
3110 3368 3173 3408 ea
3193 3371 3312 3424 quae
3337 3356 3388 3410 in
3416 3356 3509 3412 illo
3535 3358 3613 3412 vi-

2027 3439 2223 3496 dentur
2264 3443 2487 3512 accepit,
2534 3451 2587 3498 et
2631 3444 2708 3499 sic
2754 3443 2821 3498 ad
2867 3445 3180 3500 imitandum
3207 3449 3404 3503 bonum
3447 3450 3607 3505 iidem

2027 3533 2130 3603 ipsi
2163 3534 2251 3604 qui
2280 3534 2455 3588 vident
2487 3535 2682 3605 pietate
2709 3535 2833 3592 ﬁdei
2875 3549 3250 3608 provocentur,
3280 3557 3403 3598 vere
3430 3545 3611 3598 lumen

2028 3625 2145 3696 ejus
2173 3627 2314 3682 lueet
2349 3641 2526 3682 coram
2561 3627 2860 3684 hominibus
2891 3646 2905 3682 :
2936 3631 3056 3700 quia
3085 3631 3175 3686 lux
3201 3633 3267 3687 de
3307 3634 3400 3689 illo
3435 3636 3612 3691 chari-

2028 3721 2150 3775 tatis
2176 3721 2428 3789 radiatur,
2477 3735 2583 3777 non
2624 3723 2886 3792 superbiae
2919 3724 3096 3781 fumus
3124 3728 3387 3782 evomitur
3417 3747 3429 3782 :
3462 3738 3516 3784 et
3546 3730 3600 3783 in

2027 3825 2092 3867 eo
2121 3813 2236 3882 ipso
2266 3821 2434 3877 cavet,
2469 3829 2535 3868 ne
2557 3812 2814 3883 justitiam
2846 3830 2995 3871 suam
3025 3817 3184 3873 faciat
3216 3834 3398 3875 coram
3428 3821 3606 3876 homi-

2027 3901 2202 3970 nibus,
2232 3912 2287 3957 ut
2315 3903 2558 3959 videatur
2587 3905 2654 3960 ab
2692 3906 2803 3973 eis;
2833 3909 2955 3978 quia
2983 3925 3080 3964 nec
3118 3923 3268 3965 suam
3309 3912 3526 3982 deputat
3550 3915 3614 3969 il-

2025 3993 2130 4049 lam
2152 3995 2432 4065 justitiam,
2457 4011 2553 4051 nec
2581 3996 2704 4053 ideo
2730 3996 2856 4053 facit
2880 4007 2937 4054 ut
2978 4001 3093 4070 ipse
3118 4001 3387 4069 videatur;
3428 4005 3524 4060 sed
3553 4016 3611 4062 ιιι

2026 4085 2115 4142 ille
2138 4087 2478 4157 intelligatur,
2508 4089 2596 4158 qui
2626 4089 2870 4145 laudatur
2889 4091 2942 4146 in
2969 4091 3185 4148 homine
3209 4093 3517 4164 justiﬂcato,
3550 4107 3610 4154 ut

2027 4174 2186 4232 faciat
2221 4186 2275 4233 ct
2299 4179 2353 4232 in
2385 4179 2632 4234 laudante
2664 4181 2806 4251 quod
2837 4182 3080 4238 laudatur
3120 4185 3173 4239 in
3203 4187 3393 4253 altero,
3423 4187 3476 4242 id
3504 4199 3606 4258 est,

2027 4281 2086 4327 ut
2124 4271 2426 4328 laudantem
2471 4271 2629 4328 faciat
2671 4288 2790 4331 esse
2841 4275 3183 4333 laudabilem.
3236 4280 3509 4337 Attendite
3557 4292 3610 4338 et

2025 4362 2359 4433 Apostolum,
2391 4380 2510 4420 cum
2547 4365 2788 4432 dixisset,
2822 4366 3025 4424 Placete
3050 4369 3278 4427 omnibus
3303 4390 3392 4444 per
3417 4376 3606 4444 omnia,

2027 4455 2152 4511 sicut
2197 4463 2242 4510 et
2283 4472 2373 4528 ego
2399 4456 2629 4512 omnibus
2651 4473 2740 4529 per
2767 4461 2938 4513 munia
2961 4461 3168 4531 placeo;
3193 4465 3460 4534 quomodo
3501 4482 3608 4522 non

2026 4545 2101 4602 ibi
2139 4547 2412 4615 remansit,
2455 4547 2609 4617 quasi
2649 4547 2722 4603 ibi
2749 4551 3085 4608 constituerit
3109 4551 3270 4608 ﬁnem
3301 4555 3609 4613 intentionis

2025 4649 2158 4704 suae,
2191 4646 2250 4692 ut
2273 4637 2504 4707 placeret
2523 4637 2862 4706 hominibus;
2893 4639 3126 4712 alioquin
3153 4642 3341 4700 falsum
3363 4644 3604 4715 dixisset,

2027 4728 2090 4784 Si
2109 4728 2276 4783 adhuc
2296 4729 2578 4785 hominibus
2597 4731 2865 4802 placerem,
2887 4732 3072 4790 Christi
3089 4752 3258 4792 senius
3282 4753 3383 4792 non
3397 4754 3563 4795 essent
3584 4755 3605 4794 :

2025 4822 2122 4878 sed
2155 4822 2333 4878 statim
2360 4821 2631 4894 subjunxit
2662 4840 2827 4896 quare
2847 4825 3152 4884 hominibus
3190 4830 3441 4900 placeret.
3483 4831 3606 4888 Non

2010 4933 2270 4989 quaerens,
2299 4919 2485 4989 inquit,
2514 4921 2651 4991 quod
2668 4922 2793 4976 mihi
2812 4923 2935 4978 utile
2954 4933 3047 4992 est,
3075 4925 3162 4979 sed
3182 4926 3316 4994 quod
3333 4926 3526 4995 multis,
3549 4939 3608 4983 ut

2012 5014 2153 5070 salvi
2181 5014 2308 5084 ﬁant
2327 5013 2372 5085 (l
2402 5013 2523 5070 Cor.
2548 5033 2602 5084 Χ,
2632 5016 2747 5087 55).
2778 5017 2854 5072 Ita
2881 5027 2936 5073 et
2967 5029 3073 5074 non
3099 5018 3342 5089 placebat
3378 5019 3609 5078 homini-

2022 5107 2126 5165 bus
2154 5119 2372 5181 prepter
2413 5123 2564 5166 suam
2599 5111 2900 5181 utilitatem,
2941 5127 3010 5168 ne
3033 5113 3230 5168 Christi
3269 5127 3456 5170 servus
3496 5131 3602 5172 non

2026 5208 2199 5268 esset;
2222 5209 2276 5257 et
2304 5202 2544 5273 placebat
2559 5202 2862 5260 hominibus
2881 5212 3098 5276 propter
3124 5205 3334 5261 illorum
3354 5208 3601 5277 salutem,

2027 5301 2087 5350 ut
2117 5292 2318 5350 Christi
2353 5303 2498 5352 esset
2525 5296 2860 5368 dispensator
2885 5295 3110 5355 idoneus
3133 5316 3145 5354 :
3168 5300 3291 5374 quia
3321 5308 3376 5356 et
3403 5301 3482 5357 illi
3509 5316 3604 5358 oo-

2027 5402 2141 5444 ram
2163 5387 2273 5444 Deo
2309 5389 2630 5445 conscientia
2658 5390 2969 5457 sufﬁciebat,
3000 5399 3056 5448 et
3082 5391 3150 5450 de
3177 5393 3268 5454 illo
3293 5409 3472 5454 coram
3500 5393 3603 5454 ho-

2027 5479 2258 5538 minibus
2280 5480 2423 5554 quod
2447 5480 2802 5551 hniterentiur,
2843 5482 3105 5541 elucebat.
