4032 6332
1923 216 1942 222 ⁶
1975 211 2343 236 ’θαι-Μ

407 309 514 372 375

939 410 1166 470 SERMO
1204 407 1288 464 LV
1317 416 1333 432 ‘
1363 405 1460 478 (α).

407 535 490 592 De
516 531 675 590 verbis
696 528 958 600 Evangelii
989 525 1237 588 Matthwi,
1281 538 1396 591 cap.
1433 534 1488 586 v,
1519 516 1610 583 22,
1656 513 1756 584 Qui
1792 512 1990 569 dixerit

443 625 596 682 fratri
618 638 736 690 suo,
767 620 958 687 Fatue,
983 631 1108 674 reus
1137 615 1239 671 erit
1264 614 1520 686 gehennae
1544 607 1701 679 ignis,
1733 614 1826 660 etc.
1848 645 1864 671 ,
1887 601 1986 678 (ὁ).

478 735 705 794 CAPUT
734 731 1017 790 PRIMUM.
1039 759 1110 771 ——
1135 730 1187 784 1.
1217 727 1388 782 Timor
1409 724 1568 778 utilis.
1607 720 1787 777 Sancti
1812 719 1990 773 Evan-

408 829 531 902 gelii
571 826 855 898 capitulum
879 864 896 891 ,
938 820 1080 892 quod
1124 818 1284 875 modo
1329 831 1453 874 cum
1493 814 1758 885 legeretur
1795 809 1993 866 audivi-

407 939 563 990 mus,
619 919 773 976 valde
825 932 924 972 nos
964 914 1186 980 terruit,
1237 911 1282 967 si
1320 909 1480 966 fidem
1525 906 1782 962 habemus
1828 921 1844 959 :
1895 916 1990 958 eos

411 1025 588 1071 autem
615 1026 719 1067 non
739 1009 945 1075 terruit,
975 1007 1065 1078 qui
1086 1005 1241 1060 [idem
1268 1018 1375 1058 non
1399 1000 1616 1055 habent.
1648 998 1715 1053 Et
1738 996 1865 1067 quia
1879 1008 1990 1051 non

413 1114 579 1163 terret
602 1119 714 1171 eos,
739 1103 923 1158 volunt
945 1113 1066 1155 esse
1091 1109 1341 1168 perverse
1366 1091 1562 1158 securi,
1583 1090 1881 1146 nescientes
1908 1085 1991 1140 di-

410 1197 674 1254 stribuere
703 1201 759 1250 et
790 1192 1117 1262 distinguere
1151 1197 1392 1258 tempora
1420 1182 1628 1239 timoris
1651 1189 1706 1236 et
1733 1177 1992 1235 securita-

409 1291 499 1346 tis.
533 1289 740 1344 Timeat
763 1301 890 1358 ergo
915 1285 1004 1356 qui
1028 1283 1174 1340 ducit
1201 1279 1358 1337 modo
1382 1279 1544 1333 vitam
1569 1289 1691 1331 cum
1720 1273 1845 1338 ﬁne,
1882 1287 1988 1344 quo

409 1380 578 1452 possit
619 1381 671 1435 in
705 1379 794 1434 illa
819 1378 929 1432 vita
949 1377 1146 1432 habere
1171 1373 1511 1430 securitatem
1538 1370 1653 1426 sine
1692 1370 1817 1425 fine.
1847 1367 1990 1439 Ergo

410 1472 706 1528 timuimus.
738 1469 866 1537 Quis
912 1469 1053 1524 enim
1096 1481 1200 1522 non
1238 1465 1422 1520 timeat
1447 1463 1751 1533 loquentem
1780 1459 1988 1514 Verita-

410 1576 522 1622 tem
565 1573 620 1620 et
660 1563 947 1627 dicentem,
980 1561 1081 1628 Qui
1117 1559 1298 1614 dixerit
1325 1556 1475 1629 fratri
1514 1571 1629 1622 suo,
1665 1553 1850 1620 Fatue,
1877 1568 1991 1607 reus

411 1659 506 1713 erit
545 1657 783 1730 gehennaz
814 1654 986 1725 ignis?
1010 1652 1267 1722 Linguam
1301 1657 1477 1705 autem
1507 1646 1686 1702 nullus
1715 1645 1992 1700 hominum

411 1752 631 1806 domare
672 1755 865 1819 potest.
907 1746 975 1802 Et
1015 1747 1176 1800 homo
1212 1743 1394 1799 domat
1421 1741 1610 1806 feram,
1659 1755 1766 1794 non
1811 1738 1993 1794 domat

411 1846 648 1916 linguam
672 1861 686 1896 :
711 1843 892 1898 domat
923 1841 1151 1904 leonem,
1175 1847 1229 1894 et
1250 1852 1358 1892 non
1378 1834 1612 1891 refrenat
1651 1847 1988 1888 sermonem:

412 1937 593 1992 domat
624 1937 758 2005 ipsc,
784 1942 839 1989 et
864 1948 972 1988 non
1005 1930 1186 1987 domat
1209 1944 1267 1986 se
1296 1927 1468 1999 ipsum
1501 1944 1515 1980 :
1547 1925 1730 1981 domat
1753 1923 1893 1994 quod
1923 1923 1993 1978 ti-

410 2028 624 2093 mebat;
651 2035 780 2082 etut
810 2041 868 2083 se
891 2024 1090 2087 domet,
1123 2036 1230 2077 non
1259 2021 1412 2076 timet
1443 2017 1587 2088 quod
1616 2017 1804 2072 timere
1827 2015 1992 2070 debe«

412 2125 524 2179 bat.
565 2121 670 2178 Sed
709 2121 834 2191 quid
884 2120 980 2174 ﬁt?
1009 2115 1284 2176 Sententia
1320 2127 1466 2179 vera,
1506 2121 1561 2168 et
1602 2112 1701 2167 ista
1736 2108 1996 2180 processit

417 2218 484 2272 de
501 2215 718 2272 oraculo
735 2212 1026 2269 veritatis‘:
1056 2209 1310 2281 Linguam
1339 2215 1506 2260 autem
1537 2201 1709 2258 nullus
1737 2200 1994 2256 hominum

413 2309 621 2364 domare
646 2311 806 2377 potest
831 2303 1032 2377 (Jacobi
1058 2318 1136 2368 ιιι,
1166 2301 1219 2368 7,
1251 2299 1331 2371 8).

483 2416 712 2474 CAPUT
751 2415 967 2470 ll.—2.
1011 2412 1184 2467 Diuini
1211 2410 1392 2466 auxilii
1409 2409 1677 2464 necessitas
1696 2407 1764 2462 ad
1783 2406 1996 2462 doman-

415 2514 536 2566 dam
587 2513 834 2583 linguam.
890 2507 1028 2578 Quid
1075 2521 1202 2578 ergo
1258 2504 1515 2560 faciemus
1542 2543 1561 2571 ,
1602 2501 1794 2557 fratres
1849 2501 1996 2557 mei?

414 2605 586 2662 Video
629 2619 716 2659 me
743 2601 958 2674 quidem
989 2599 1056 2656 ad
1091 2597 1487 2661 multitudinem
1526 2594 1673 2666 loqui
1697 2611 1712 2650 :
1736 2593 1831 2650 sed
1873 2593 1996 2664 quia

415 2713 581 2754 unum
611 2711 795 2755 sumus
830 2710 1017 2752 omnes
1049 2695 1105 2750 in
1138 2692 1370 2758 Christo,
1405 2699 1652 2760 tanquam
1689 2689 1743 2744 in
1787 2695 1996 2744 secreto

412 2792 692 2850 consilium
744 2790 1036 2860 capiamus.
1093 2784 1280 2841 Nullus
1330 2797 1428 2839 nos
1478 2781 1624 2837 audit
1673 2789 1993 2848 extraneus,

412 2899 576 2940 unum
613 2897 817 2948 sumus,
857 2881 980 2952 quia
1017 2882 1071 2936 in
1109 2893 1274 2935 unum
1299 2890 1503 2932 sumus.
1546 2873 1685 2943 Quid
1711 2872 1998 2930 faciemus?

416 2977 518 3045 Qui
551 2975 733 3030 dixerit
761 2973 909 3045 fratri
941 2988 1054 3040 suo,
1081 2975 1236 3043 fatue,
1280 2985 1396 3023 reus
1429 2968 1524 3022 erit
1551 2967 1794 3038 gehennae
1818 2965 1951 3036 ignis
1979 2979 1998 3018 :

411 3067 665 3137 Linguam
692 3075 858 3120 autem
885 3064 1058 3118 nullus
1095 3063 1352 3116 hominum
1379 3059 1585 3114 domare
1623 3067 1802 3130 potest.
1842 3056 2000 3112 Ibunt

412 3173 540 3230 ergo
564 3172 752 3213 omnes
781 3156 833 3211 in
867 3155 1164 3226 gehennam
1197 3151 1368 3222 ignis?
1394 3151 1564 3206 Absit.
1591 3150 1826 3215 Domine,
1858 3152 1998 3222 refu-

413 3254 550 3322 gium
594 3251 758 3320 factus
798 3266 850 3305 es
890 3248 1053 3314 nobis,
1097 3263 1130 3300 a
1175 3246 1492 3317 generatione
1527 3245 1581 3298 in
1631 3244 1998 3316 generationem

417 3342 589 3411 (Psal.
615 3355 841 3404 Lxxxrx,
877 3337 955 3410 1).
982 3337 1064 3392 lra
1088 3345 1178 3392 tua
1199 3337 1338 3407 justa
1369 3344 1487 3390 est:
1518 3335 1783 3390 neminem
1824 3333 1875 3388 in
1899 3348 1997 3405 ge-

411 3436 644 3492 hennam
686 3435 852 3488 mittis
878 3432 1091 3503 injuste.
1125 3430 1240 3498 Quo
1279 3428 1359 3483 ibo
1386 3445 1419 3482 a
1459 3428 1640 3498 spiritu
1673 3435 1777 3493 tuo,
1809 3434 1856 3480 et
1887 3442 1920 3480 a
1952 3437 1999 3480 te

411 3544 510 3596 quo
538 3527 730 3598 fugiam
751 3523 921 3598 (Psal.
943 3537 1211 3590 cxxxvnt,
1239 3519 1319 3587 7),
1343 3520 1442 3574 nisi
1464 3518 1533 3574 ad
1561 3520 1651 3574 te?
1674 3517 1817 3588 Ergo
1841 3516 1997 3572 intel-

410 3618 655 3690 ligamus,
685 3615 1004 3681 charissimi,
1046 3614 1169 3685 quia
1192 3613 1238 3668 si
1262 3612 1493 3682 linguam
1520 3611 1696 3666 nullus
1725 3610 1998 3665 hominum

412 3709 634 3764 domare
663 3715 856 3778 potest,
901 3705 968 3760 ad
1000 3705 1167 3760 Deum
1208 3702 1620 3774 confugiendum
1655 3709 1756 3767 est,
1787 3701 1878 3772 qui
1902 3700 1999 3755 do-

412 3809 525 3858 met
547 3801 777 3871 linguam
799 3807 1058 3855 nostram.
1087 3797 1146 3853 Si
1167 3797 1308 3853 enim
1341 3805 1396 3852 tu
1425 3811 1545 3852 eam
1573 3796 1794 3851 domare
1816 3794 1998 3849 volue-

411 3894 510 3961 ris,
545 3907 650 3948 non
677 3902 850 3963 potes,
877 3892 1000 3963 quia
1030 3890 1191 3946 homo
1218 3889 1320 3945 es?
1353 3888 1605 3959 Linguam
1644 3887 1814 3942 nullus
1837 3887 2000 3942 homi-

415 4002 538 4040 num
579 3986 784 4039 domare
815 3993 994 4055 potest.
1022 3983 1294 4040 Attendite
1322 3981 1722 4038 similitudinem
1761 3980 1829 4035 ab
1867 3980 1997 4050 ipsis

412 4076 600 4132 bestiis
623 4090 754 4147 quas
781 4075 1078 4130 domamus.
1110 4074 1292 4146 Equus
1320 4088 1426 4128 non
1448 4088 1508 4128 se
1526 4072 1739 4138 domat;
1763 4071 1997 4127 camelus

415 4182 523 4222 non
563 4181 623 4221 se
649 4165 861 4231 domat;
893 4165 1206 4234 elephantus
1248 4177 1356 4218 non
1397 4178 1455 4218 se
1482 4161 1691 4227 domat;
1724 4162 1868 4232 aspis
1891 4176 1998 4218 non

416 4274 478 4313 se
506 4257 688 4314 domat
703 4273 723 4322 ;
753 4256 837 4311 leo
862 4270 967 4310 non
993 4269 1052 4310 se
1075 4254 1294 4310 domat:
1324 4255 1402 4309 sic
1427 4261 1484 4309 et
1509 4252 1668 4308 homo
1693 4268 1801 4308 non
1827 4269 1885 4308 se
1903 4252 2000 4309 do-

419 4359 552 4407 mat.
591 4349 697 4407 Sed
722 4358 781 4406 ut
807 4348 1054 4406 demetur
1088 4362 1278 4419 equus,
1306 4347 1423 4414 bos,
1449 4345 1712 4426 ‘camelus,
1741 4345 1998 4417 elephan-

417 4454 525 4511 tus,
547 4443 651 4509 leo,
681 4442 844 4512 aspis,
877 4440 1132 4513 quaeritur
1158 4439 1341 4496 homo.
1372 4437 1514 4511 Ergo
1548 4439 1692 4495 Deus
1710 4448 1996 4509 quaeratur,

417 4544 478 4591 ut
501 4535 746 4591 demetur
765 4533 944 4588 homo.

489 4639 717 4697 CAPUT
756 4637 841 4694 lll.
865 4667 937 4679 —-
955 4639 1008 4694 ὅ.
1049 4637 1186 4692 Deus
1209 4637 1397 4709 lingua
1421 4636 1655 4691 domitor.
1698 4636 1858 4708 Ergo,
1884 4635 2000 4693 Do-

418 4735 572 4798 mine,
601 4732 855 4803 refugium
881 4731 1048 4800 factus
1071 4746 1122 4784 es
1147 4728 1310 4785 nobis.
1349 4727 1682 4785 Conferimus
1707 4745 1804 4784 nos
1833 4729 1901 4785 ad
1925 4737 1998 4797 te,

419 4834 476 4881 et
504 4825 640 4881 bene
663 4823 818 4879 nobis
841 4822 944 4877 erit
965 4821 1033 4876 de
1053 4828 1126 4876 te.
1148 4819 1340 4876 Malum
1360 4829 1442 4876 est
1463 4819 1606 4876 enim
1632 4819 1784 4876 nobis
1810 4820 1878 4876 de
1901 4835 2002 4877 no-

421 4918 522 4974 bis.
551 4917 685 4984 Quia
710 4915 1009 4970 dimisimus
1038 4921 1109 4980 te,
1140 4912 1388 4968 dimisisti
1416 4926 1514 4968 nos
1545 4913 1719 4969 nobis.
1758 4913 2002 4968 Invenia-

423 5026 542 5064 mur
582 5023 712 5079 ergo
754 5007 806 5062 in
839 5016 911 5074 te,
939 5006 1062 5076 quia
1096 5007 1427 5076 perieramus
1470 5005 1523 5060 in
1562 5005 1737 5062 nobis.
1767 5004 2000 5074 Domine,

422 5102 679 5171 refugium
710 5102 877 5171 factus
901 5115 953 5153 es
979 5097 1140 5153 nobis.
1179 5097 1314 5165 Quid
1339 5112 1486 5169 ergo,
1518 5097 1714 5154 fratres
1752 5099 1878 5165 mei,
1903 5099 2005 5156 du-

424 5192 595 5246 bitare
618 5191 897 5256 debemus,
925 5190 1047 5261 quia
1087 5198 1394 5246 mansuetos
1420 5205 1518 5247 nos
1543 5189 1702 5246 faciet
1725 5190 2001 5260 Dominus,

424 5285 471 5338 si
511 5298 608 5339 nos
647 5282 942 5338 domandos
983 5282 1036 5338 ei
1074 5281 1444 5352 praebeamus?
1478 5283 1736 5337 Domuisti
1772 5281 2002 5350 leonem,

493 5483 511 5514 ι
552 5481 807 5544 Pauciores
839 5487 968 5544 Mss.,
1007 5479 1099 5544 sed
1121 5477 1238 5542 quid
1262 5477 1382 5544 infit
1412 5479 1645 5544 sententia
1681 5481 1836 5544 vera?
1866 5490 2007 5538 Forte

429 5515 830 5616 ιεερὶιᾶιῖιῖωᾶεᾌ
841 5515 968 5615 ῐὶῖξὲξὶ
998 5515 1750 5595 ἕ”ἑ›ὶγ”ἇ”ἓ“ἔὶ”ίέιᾶἷ’

429 5605 490 5656 de
515 5603 709 5655 oraculo
732 5611 954 5656 veritates.

493 5691 566 5814 ἔα)
602 5691 739 5749 Alias,
758 5691 820 5740 tle
846 5695 1016 5743 verbis
1033 5694 1209 5742 Domini
1231 5693 1277 5741 4.

515 5754 563 5814 b)
595 5756 770 5806 Citatur
793 5768 821 5806 a
841 5753 974 5806 Floro
993 5757 1044 5804 in
1064 5755 1277 5814 Epistula:

515 5754 563 5814 ὁ)
595 5756 770 5806 Citatur
793 5768 821 5806 a
841 5753 974 5806 Floro
993 5757 1044 5804 in
1064 5755 1316 5818 Epistulam
1337 5754 1396 5804 ad
1417 5754 1564 5806 Heln.
1588 5768 1670 5807 xu.

1641 286 1698 345 s.
1725 229 2104 342 lacessam!
2138 229 2440 340 apicem

3567 276 3674 338 376

2097 410 2255 467 quem
2285 409 2392 450 non
2429 390 2631 459 fecisti;
2663 406 2771 448 non
2794 391 2974 448 domat
3009 398 3082 462 te,
3112 391 3201 464 qui
3234 391 3358 450 fecit
3391 393 3481 450 te?
3514 393 3670 453 Unde

2097 489 2239 545 enim
2262 487 2458 544 bestias
2485 495 2590 542 tam
2610 487 2867 543 immanes
2884 486 3101 543 domare
3123 487 3382 557 potuisti?
3403 486 3670 560 Numquid

2097 584 2176 639 eis
2205 582 2430 653 sequaris
2449 581 2648 638 viribus
2671 579 2950 651 corporis?
2975 579 3086 649 Qua
3113 595 3239 651 ergo
3267 580 3459 635 virtute
3485 581 3671 651 ingen-

2098 681 2179 728 tes
2207 673 2403 728 bestias
2430 671 2647 728 domare
2675 671 2928 742 potuisti?
2947 671 3065 742 ipsa
3079 671 3316 741 iumenta
3343 686 3460 742 quae
3485 672 3668 727 dicun—

2095 771 2203 831 tur,
2234 763 2417 819 beSIiae
2442 771 2586 820 sunt.
2625 762 2742 818 Non
2758 761 2901 818 enim
2929 762 3184 817 indomita
3229 763 3532 817 tolerantur.
3562 763 3668 819 Sed

2095 856 2220 927 quia
2251 870 2357 911 non
2383 870 2474 911 eas
2502 855 2650 910 novit
2672 853 3018 922 consuetudo,
3068 854 3168 908 nisi
3216 855 3268 908 in
3299 855 3542 909 manibus
3569 855 3669 909 ho-

2095 949 2297 1006 minum
2325 958 2379 1006 et
2401 949 2500 1006 sub
2520 949 2684 1006 frenis
2705 948 2972 1004 hominum
2995 955 3050 1003 et
3076 947 3175 1004 sub
3205 957 3462 1016 potestate
3492 948 3671 1002 homi-

2095 1058 2241 1110 num,
2266 1052 2419 1114 putas
2446 1057 2538 1099 eas
2563 1050 2866 1098 mansuetas
2891 1041 3036 1096 nasci
3059 1039 3330 1110 potuisse?
3354 1036 3510 1094 Certe
3532 1038 3672 1094 feras

2095 1135 2353 1191 immanes
2379 1133 2610 1191 attende.
2641 1133 2840 1190 Fremit
2863 1134 2968 1199 leo,
2988 1133 3106 1203 quis
3130 1148 3234 1187 non
3258 1132 3471 1187 timeat?
3498 1131 3566 1186 Et
3586 1139 3671 1185 ta-

2095 1240 2220 1282 men
2256 1226 2398 1282 unde
2425 1236 2478 1282 te
2502 1225 2750 1294 intelligis
2777 1223 3089 1280 fortiorem?
3123 1223 3238 1279 Non
3282 1223 3520 1294 corporis
3557 1223 3670 1276 vir-

2095 1325 2227 1383 tute,
2263 1317 2359 1374 sed
2397 1318 2592 1373 mentis
2621 1317 2827 1372 ratione
2853 1316 3122 1372 interiore.
3154 1315 3366 1370 Fortior
3402 1330 3461 1370 es
3492 1314 3668 1381 leone,

2095 1408 2236 1463 unde
2257 1407 2424 1464 factus
2448 1423 2508 1464 es
2526 1407 2593 1463 ad
2618 1407 2900 1478 imaginem
2925 1407 3039 1461 Dei.
3070 1405 3245 1477 Imago
3270 1405 3362 1460 Dei
3381 1405 3564 1461 domat
3592 1404 3672 1460 fc-

2095 1488 2209 1558 ram
2232 1518 2248 1568 ;
2275 1510 2330 1558 et
2353 1501 2458 1556 non
2482 1501 2664 1557 domat
2691 1501 2830 1555 Deus
2855 1500 3134 1570 imaginem
3162 1499 3351 1554 suam?

2165 1592 2390 1650 CAPUT
2418 1592 2506 1648 IV.
2529 1623 2602 1634 —
2619 1593 2674 1648 4.
2705 1591 2994 1647 Ferendum
3007 1593 3265 1663 ﬂagellum
3283 1592 3375 1645 Dei
3389 1591 3670 1646 domitoris.

2095 1684 2152 1740 In
2198 1685 2289 1741 illo
2331 1701 2454 1756 spes
2473 1696 2575 1754 est,
2601 1686 2652 1741 ei
2697 1700 2795 1741 nos
2821 1686 3128 1755 subdamus,
3151 1693 3206 1742 et
3251 1686 3671 1742 misericordiam

2097 1791 2396 1847 precemur.
2438 1777 2494 1833 In
2532 1778 2622 1833 illo
2647 1792 2795 1848 spem
2828 1785 3062 1833 nostram
3097 1793 3375 1848 ponamus,
3416 1788 3472 1834 et
3503 1779 3674 1836 donec

2097 1868 2377 1926 dom‘emur
2395 1879 2448 1926 et
2470 1869 2862 1941 perdomemur,
2894 1870 2944 1924 id
2971 1879 3072 1936 est,
3105 1870 3459 1940 perficiantur,
3495 1870 3673 1926 domi-

2099 1971 2268 2018 torem
2296 1961 2544 2017 feramus.
2571 1962 2887 2032 Plerumque
2920 1961 3062 2015 enim
3092 1959 3295 2031 profert
3321 1961 3550 2016 domitor
3576 1976 3674 2015 n0-

2099 2065 2208 2111 ster
2247 2055 2409 2110 etiam
2448 2053 2674 2124 ﬂagella.
2706 2052 2763 2108 Si
2799 2053 2940 2108 enim
2970 2061 3027 2106 tu
3055 2051 3122 2106 ad
3150 2052 3412 2107 domanda
3435 2051 3673 2122 iumenta

2100 2157 2187 2204 tua
2209 2147 2412 2219 profers
2437 2147 2658 2216 virgam,
2689 2145 2894 2216 profers
2918 2145 3213 2216 ﬂagellum;
3245 2146 3384 2201 Deus
3411 2161 3516 2201 non
3544 2162 3672 2216 pro-

2098 2239 2201 2295 fert
2227 2238 2294 2294 ad
2322 2238 2585 2294 domanda
2607 2237 2845 2307 jumenta
2890 2252 3007 2304 sua,
3044 2236 3185 2308 quod
3223 2253 3406 2294 sumus
3437 2253 3553 2306 nos,
3585 2239 3678 2310 qui

2098 2329 2168 2387 de
2205 2328 2461 2400 jumentis
2505 2328 2616 2384 suis
2651 2328 2808 2384 faciet
2852 2327 2990 2384 ﬁlios
3029 2329 3194 2384 suos?
3245 2329 3441 2386 Domas
3481 2345 3675 2402 equum

2099 2431 2288 2478 tuum:
2316 2420 2444 2492 quid
2483 2420 2701 2477 daturus
2750 2434 2810 2475 es
2848 2434 2986 2492 equo
3023 2430 3135 2486 tuo,
3184 2435 3306 2476 cum
3356 2430 3407 2477 te
3453 2423 3680 2492 ceperit

2101 2525 2313 2588 portare
2352 2523 2683 2581 mansuetus,
2716 2513 2856 2570 ferre
2883 2513 3213 2584 disciplinam
3249 2522 3412 2579 tuam,
3459 2514 3678 2571 obedire

2101 2607 2327 2679 imperio
2367 2615 2477 2674 tuo,
2519 2621 2638 2664 esse
2663 2607 2982 2676 iumentum,
3032 2605 3134 2660 hoc
3171 2613 3272 2671 est,
3317 2605 3678 2676 adiumentum

2101 2698 2422 2755 inﬁrmitatis
2447 2697 2586 2752 tute?
2610 2694 2745 2764 Quid
2786 2697 2834 2752 ei
2864 2696 3129 2762 retribuis,
3158 2711 3313 2766 quem
3355 2711 3455 2752 nec
3492 2697 3680 2752 saltem

2101 2790 2296 2862 sepelis
2320 2805 2442 2846 cum
2468 2797 2706 2844 mortuus
2730 2788 2906 2854 fuerit,
2936 2788 3030 2844 sed
3059 2787 3467 2858 discerpendum
3489 2789 3680 2844 volati-

2101 2883 2241 2940 libus
2267 2883 2516 2955 projicis?
2545 2882 2754 2938 Domito
2786 2881 2881 2936 tibi
2910 2881 3048 2936 Deus
3075 2880 3437 2938 haereditatem
3480 2890 3677 2951 servat,

2101 2974 2244 3047 quod
2265 2983 2348 3031 est
2371 2975 2483 3045 ipse
2512 2975 2655 3030 Deus
2679 2992 2692 3028 :
2721 2983 2774 3030 et
2801 2973 2867 3028 ad
2893 2981 3101 3044 tempus
3132 2984 3420 3042 mortuum,
3444 2974 3680 3030 resusci-

2102 3073 2180 3121 tat
2211 3074 2284 3121 te.
2317 3064 2541 3121 Carnem
2582 3073 2725 3120 tuam
2763 3078 2932 3136 usque
2961 3064 3027 3119 ad
3059 3081 3337 3121 numerum
3365 3067 3680 3137 capillorum

2103 3157 2290 3214 reddet
2314 3157 2407 3212 tibi
2434 3174 2445 3211 :
2471 3165 2526 3212 et
2549 3157 2833 3212 constituet
2861 3165 2913 3212 te
2937 3172 3056 3212 cum
3082 3157 3297 3229 Angelis
3317 3159 3368 3213 in
3397 3168 3678 3228 aeternum,

2103 3249 2196 3306 ubi
2234 3250 2345 3320 jam
2395 3264 2503 3304 non
2547 3248 2784 3319 indigeas
2822 3247 3048 3315 domari,
3106 3249 3200 3305 sed
3241 3251 3607 3306 tantummodo
3649 3267 3681 3306 a

2102 3341 2343 3412 piissimo
2381 3339 2660 3412 possideri.
2711 3339 2826 3395 Erit
2870 3339 3010 3394 enim
3052 3349 3175 3394 tunc
3222 3341 3361 3397 Deus
3401 3342 3578 3397 omnia
3626 3343 3682 3398 in

2103 3432 2351 3490 omnibus
2381 3431 2423 3505 (Ι
2450 3430 2569 3486 Cor.
2600 3448 2687 3499 xv,
2711 3431 2806 3502 28)
2837 3449 2848 3484 :
2881 3447 2978 3487 nec
3003 3432 3104 3486 erit
3128 3432 3230 3486 ulla
3262 3431 3544 3488 infelicitas
3563 3449 3683 3505 qua!

2103 3539 2204 3581 nos
2237 3532 2503 3590 exerceat,
2533 3522 2626 3579 sed
2663 3522 2884 3578 felicitas
2909 3523 3020 3578 sola
3045 3539 3163 3593 quae
3201 3532 3402 3594 pascat.
3442 3525 3559 3595 Ipse
3583 3542 3681 3580 au-

2102 3623 2213 3671 tem
2252 3621 2434 3685 pastor
2459 3621 2662 3681 noster,
2710 3613 2848 3668 Deus
2892 3621 3108 3668 noster:
3139 3614 3253 3683 ipse
3291 3624 3448 3685 potus
3478 3623 3680 3682 noster,

2103 3706 2246 3763 Deus
2272 3713 2487 3770 noster;
2519 3703 2688 3758 honor
2714 3714 2915 3770 noster,
2961 3705 3101 3760 Deus
3129 3714 3338 3772 noster;
3360 3705 3556 3761 divitiae
3583 3721 3685 3761 no-

2102 3805 2249 3865 atrae,
2276 3796 2417 3853 Deus
2440 3804 2639 3852 noster.
2666 3794 3022 3866 Quaecumque
3042 3795 3129 3852 hic
3150 3796 3293 3852 varia
3320 3797 3534 3867 quaeris,
3567 3798 3686 3870 ipse

2103 3891 2197 3948 tibi
2225 3907 2360 3947 unus
2381 3889 2558 3946 omnia
2581 3888 2703 3946 erit.

2173 3981 2400 4040 CAPUT
2441 3981 2506 4038 ν.
2543 4011 2616 4021 -
2661 3981 2713 4038 5.
2739 3979 2905 4045 Quam
2936 3979 2990 4033 in
3014 3996 3150 4051 spem
3181 3980 3262 4034 hic
3285 3980 3572 4036 domamur.
3601 3983 3686 4038 Ad

2106 4078 2244 4134 hanc
2273 4091 2421 4146 spem
2464 4074 2626 4129 homo
2673 4073 2940 4138 domatur,
2967 4082 3022 4128 et
3069 4072 3299 4129 domitor
3337 4074 3686 4131 intolerabilis

2106 4170 2371 4227 habetur?
2414 4167 2496 4224 Ad
2525 4167 2662 4223 hanc
2705 4181 2858 4238 spem
2903 4166 3065 4222 homo
3107 4165 3374 4234 domatur,
3405 4175 3460 4222 et
3497 4175 3684 4223 contra

2106 4265 2267 4322 istum
2295 4262 2477 4318 utilem
2505 4260 2843 4325 domitorem,
2874 4259 2920 4314 si
2958 4257 3092 4314 forte
3134 4257 3399 4330 flagellum
3428 4258 3682 4329 proferat,

2105 4353 2507 4413 murmuratur?
2545 4351 2780 4408 Audistis
2814 4351 3182 4406 exhortantem
3218 4351 3532 4421 Apostolum
3567 4370 3580 4407 :
3621 4352 3689 4406 Si

2105 4447 2348 4520 separetis
2377 4463 2463 4501 vos
2491 4463 2523 4499 a
2543 4445 2830 4516 disciplina,
2861 4460 2978 4514 ergo
3016 4443 3178 4510 nothi,
3221 4451 3266 4498 et
3293 4461 3393 4498 non
3423 4443 3540 4498 estis
3563 4444 3682 4514 filii.

2105 4541 2268 4598 Nothi
2307 4548 2432 4596 sunt
2453 4538 2700 4594 adulteri.
2751 4537 2876 4605 Quis
2905 4537 3039 4592 enim
3076 4547 3149 4592 est
3187 4538 3346 4608 ﬁlius,
3373 4539 3579 4592 cuinon
3604 4537 3689 4593 det

2107 4630 2429 4703 disciplinam
2458 4639 2599 4698 pater
2633 4628 2782 4698 ejus?
2809 4626 2878 4682 Et
2911 4627 3080 4680 carnis
3119 4627 3319 4696 quidem
3360 4635 3564 4693 nostra,
3599 4628 3687 4681 in-

2109 4724 2242 4795 quit,
2272 4731 2438 4794 patres
2465 4719 2767 4773 habebamus
2804 4728 3118 4789 correptores
3137 4759 3153 4786 ,
3180 4727 3228 4772 et
3264 4719 3606 4774 reverebantur
3626 4720 3641 4750 ¹
3667 4737 3690 4786 ;

2110 4832 2211 4870 non
2240 4817 2398 4869 multo
2423 4812 2581 4883 magis
2618 4811 2938 4882 subjiciemur
2969 4811 3117 4866 Patri
3149 4812 3440 4882 spirituum,
3475 4822 3522 4868 et
3551 4814 3690 4868 vive-

2111 4923 2225 4963 mus
2249 4903 2433 4976 (Hebr.
2465 4917 2564 4970 xn,
2589 4902 2705 4973 7-9)
2725 4903 2749 4956 ἲ
2769 4903 2904 4968 Quid
2930 4903 3074 4958 enim
3102 4903 3197 4959 tibi
3225 4905 3394 4974 potuit
3430 4914 3689 4976 praestare

2111 5007 2262 5072 pater
2283 5004 2424 5062 tuus,
2453 4994 2577 5065 quia
2604 4993 2859 5065 corripuit
2885 5001 2955 5060 te,
2985 4995 3108 5064 quia
3131 4994 3435 5050 verberavit
3462 5003 3534 5061 te,
3562 4997 3684 5066 quia

2113 5087 2380 5158 flagellum
2427 5084 2646 5155 protulit
2669 5092 2725 5139 et
2769 5083 2966 5138 cecidit
3007 5084 3094 5140 te?
3123 5083 3388 5154 Numquid
3431 5095 3690 5156 praestare

2115 5177 2284 5250 potuit
2308 5185 2367 5232 ut
2387 5174 2595 5231 viveres
2631 5173 2685 5230 in
2711 5174 3008 5229 aeternum?
3032 5173 3183 5241 Quod
3209 5191 3314 5231 non
3341 5177 3513 5246 potuit
3551 5193 3691 5246 prae-

2113 5277 2260 5326 stare
2303 5267 2425 5334 sibi,
2462 5265 2676 5336 quando
2701 5274 2976 5335 praestaret
3008 5265 3136 5321 tibi?
3164 5263 3389 5337 Propter
3410 5269 3690 5338 pecuniam

2113 5373 2260 5416 suam
2291 5355 2852 5428 quantulamcumque,
2896 5372 3052 5428 quam
3082 5355 3150 5412 de
3194 5359 3367 5413 usuris
3419 5367 3472 5414 et
3507 5359 3692 5415 labore

2114 5452 2351 5522 collegit,
2379 5448 2658 5505 erudiebat
2696 5458 2746 5503 te
2776 5448 3017 5518 ﬂagellis,
3053 5464 3118 5505 ne
3147 5449 3240 5504 tibi
3263 5450 3513 5506 dimissus
3540 5452 3692 5506 labor
3743 5447 3760 5514 ᾇ

2115 5550 2230 5620 ejus
2255 5555 2306 5602 te
2331 5545 2470 5600 male
2496 5545 2705 5598 vivente
2728 5543 3140 5612 disperderetur.
3173 5544 3242 5599 Et
3277 5546 3467 5600 cecidit
3500 5546 3688 5613 filium,
3743 5522 3761 5568 ζ

2115 5648 2310 5703 timens
2360 5641 2533 5712 perire
2570 5640 2780 5694 labores
2823 5653 2991 5693 suos:
3034 5640 3284 5710 quoniam
3329 5640 3541 5711 reliquit
3569 5639 3687 5707 tibi,

2182 5760 2197 5790 ι
2223 5756 2295 5806 sic
2311 5760 2416 5804 Mss.
2443 5757 2497 5802 At
2519 5750 2653 5813 editi,
2676 5754 2722 5802 et
2742 5748 3024 5824 ferebamus.
3453 5723 3457 5728 ⁷
