4032 6332
209 387 300 444 577

208 497 340 572 quod
366 509 469 552 nec
495 502 682 548 tenere
719 488 806 543 hic
832 489 1060 556 poterat,
1106 495 1206 538 nec
1233 470 1463 536 auferre.
1498 476 1614 532 Non
1643 475 1784 532 enim

209 571 285 647 hic
312 585 515 658 aliquid
547 582 642 639 tibi
678 580 881 636 dimisit
903 575 1044 648 quod
1072 573 1243 646 ipsius
1271 587 1391 628 esse
1420 571 1587 642 possit
1615 587 1629 625 :
1663 584 1786 624 ces-

207 685 288 750 sit,
319 690 380 736 ut
423 681 502 736 sic
544 675 852 733 accederes.
884 673 1023 728 Dens
1068 677 1244 724 autem
1295 677 1437 733 tuus,
1481 665 1788 735 redemptor

209 786 341 840 tuus,
365 771 606 827 domitor
621 777 766 832 tuus,
796 765 1080 836 castigator
1110 770 1252 830 tuus,
1281 768 1430 830 pater
1455 767 1598 824 tuus,
1616 755 1791 812 erudit

207 879 270 923 te.
298 865 455 935 Quo?
480 863 554 920 Ut
602 861 834 931 accipias
879 856 1265 921 haereditatem,
1319 853 1406 908 ubi
1455 867 1562 907 non
1599 850 1789 907 ell‘eras

209 973 429 1032 patrem,
474 956 572 1013 sed
614 953 980 1010 haereditatem
1012 949 1210 1004 habeas
1248 948 1421 1018 ipsum
1449 953 1670 1016 patrem.
1708 942 1789 996 Ad

208 1055 335 1109 hanc
358 1065 516 1122 spem
559 1046 810 1111 erudiris,
840 1053 896 1100 et
923 1039 1261 1099 murmuras?
1291 1048 1346 1094 et
1388 1039 1432 1093 si
1473 1036 1598 1108 quid
1636 1035 1792 1090 triste

210 1143 481 1210 acciderit,
500 1143 728 1198 fortasse
749 1137 1086 1209 blaSphemas
1100 1135 1123 1188 ?
1136 1134 1252 1201 Quo
1271 1133 1370 1188 ibis
1390 1147 1418 1185 a
1440 1130 1624 1201 spiritu
1639 1127 1791 1199 ejus?

213 1236 339 1294 Ecce
359 1234 586 1290 dimittit
615 1241 687 1297 te,
707 1239 762 1286 et
779 1244 883 1285 non
902 1227 1131 1298 ﬂagellat
1157 1245 1170 1281 :
1190 1224 1390 1280 deserit
1414 1221 1791 1292 blaspheman-

210 1340 327 1396 tem,
357 1343 468 1383 non
495 1325 697 1382 senties
722 1319 1082 1394 judicantem?
1099 1318 1286 1373 Nonne
1307 1315 1498 1370 melius
1517 1322 1670 1369 estut
1693 1311 1788 1364 fla-

209 1423 359 1496 gellet
377 1429 456 1487 te,
474 1428 530 1475 et
541 1417 766 1489 recipiat
786 1425 858 1482 te,
877 1428 1034 1496 quam
1053 1417 1239 1482 parcat
1267 1409 1379 1477 tibi,
1399 1416 1460 1463 et
1478 1405 1691 1461 deserat
1709 1404 1793 1458 te?

276 1532 508 1590 CAPUT
546 1531 639 1584 Vl.
690 1559 762 1570 —
805 1528 857 1583 6.
901 1525 1172 1597 Refugium
1214 1532 1438 1578 nostrum
1491 1521 1646 1576 Deus.
1702 1519 1792 1574 Di-

210 1641 384 1683 camus
414 1639 546 1695 ergo
567 1621 794 1676 Domino
822 1621 933 1674 Deo
960 1625 1165 1681 nostro,
1185 1615 1418 1679 Domine,
1442 1613 1691 1683 refugium
1711 1613 1793 1682 fa-

210 1730 309 1774 ctus
337 1735 388 1772 es
429 1716 595 1782 nobis,
637 1715 690 1767 in
735 1711 1054 1784 generatione
1082 1719 1128 1764 et
1169 1708 1504 1778 generatione.
1539 1705 1596 1760 In
1625 1703 1795 1774 prima

211 1811 552 1884 generatione
580 1817 634 1863 et
661 1807 828 1860 altera
855 1803 1218 1875 generatione,
1244 1800 1504 1870 refugium
1540 1797 1710 1851 factus
1738 1811 1798 1850 es

213 1905 377 1960 nobis.
420 1903 506 1956 Tu
538 1900 796 1970 refugium
821 1906 878 1951 ut
899 1908 1260 1958 nasceremur,
1295 1891 1383 1962 qui
1408 1907 1510 1944 non
1539 1903 1750 1944 eramus
1779 1904 1790 1940 :

212 2007 260 2052 tu
281 1995 549 2065 refugium
594 1999 648 2046 ut
684 2002 1113 2052 renasceremur,
1161 1983 1250 2055 qui
1292 1983 1415 2038 mali
1456 1996 1667 2036 eramus
1701 1998 1712 2032 ε
1743 1987 1797 2034 ιιι

215 2088 474 2158 refugium
498 2093 559 2139 ut
583 2095 832 2155 pasceres
857 2080 1163 2135 desertores
1192 2087 1310 2131 tuos
1336 2093 1348 2128 :
1383 2085 1435 2128 ιιι
1463 2073 1722 2144 refugium
1742 2082 1801 2126 ut

217 2181 378 2250 erigas
408 2186 469 2232 et
495 2175 696 2245 dirigas
715 2173 851 2227 filios
875 2179 993 2226 tuos
1017 2187 1030 2222 :
1056 2179 1109 2223 tu
1137 2167 1396 2239 refugium
1423 2165 1593 2220 factus
1619 2179 1678 2219 es
1707 2181 1802 2217 no-

217 2271 307 2327 bis.
332 2271 380 2324 A
410 2278 467 2322 te
494 2282 601 2322 non
626 2264 960 2330 recedemus,
985 2278 1104 2318 cum
1134 2259 1442 2316 liberaveris
1472 2273 1567 2314 nos
1592 2258 1659 2313 ab
1682 2273 1800 2312 om—

219 2363 365 2420 nibus
389 2361 552 2417 malis
571 2361 784 2422 nostris,
805 2366 858 2412 et
881 2355 1185 2427 impleveris
1206 2368 1303 2407 nos
1327 2353 1478 2408 bonis
1507 2352 1630 2406 tuis.
1655 2352 1802 2406 Bona

218 2458 324 2525 das,
361 2455 646 2519 blandiris,
677 2469 745 2508 ne
778 2452 1060 2524 fatigentur
1094 2451 1147 2504 in
1178 2449 1263 2502 via
1298 2466 1309 2502 :
1341 2447 1585 2516 corripis,
1615 2445 1798 2510 caedis,

219 2552 467 2624 percutis,
500 2550 704 2620 dirigis,
732 2563 800 2602 ne
831 2547 1138 2602 aberremus
1165 2559 1192 2596 a
1219 2543 1322 2596 via.
1347 2541 1470 2596 Sive
1495 2554 1623 2610 ergo
1651 2539 1804 2593 blan-

221 2645 360 2712 diris,
394 2658 468 2698 ne
511 2641 794 2712 fatigemur
831 2639 886 2693 in
917 2637 1029 2703 via;
1076 2636 1188 2691 sive
1214 2634 1458 2704 castigas,
1492 2647 1558 2686 ne
1587 2631 1803 2686 aberre-

222 2752 330 2792 mus
354 2752 382 2788 a
410 2735 535 2800 via;
565 2733 800 2798 Domine,
827 2730 1078 2801 refugium
1102 2732 1264 2800 factus
1285 2742 1336 2780 es
1359 2724 1517 2780 nobis.

743 2842 972 2900 SEBMO
996 2841 1105 2897 LV]
1122 2845 1141 2864 α
1173 2839 1274 2910 (a).

227 2951 296 3007 De
336 2949 622 3022 Evangelia
653 2947 917 3012 Mattluei,
969 2961 1083 3015 cap.
1136 2958 1210 3008 vi,
1259 2941 1429 3006 7-15,
1475 2938 1536 2993 de
1583 2937 1810 2991 oratione

613 3041 902 3108 Dominica,
943 3039 1011 3092 ad
1051 3035 1417 3106 Competentes.

288 3158 518 3215 CAPUT
584 3154 869 3212 PRIMUM.
920 3184 991 3194 —-
1046 3153 1098 3207 1.
1158 3149 1456 3222 Symbolum
1515 3155 1559 3202 et
1631 3146 1806 3200 Oratio

229 3252 509 3307 christiani:
559 3250 794 3303 traditur.
835 3248 1028 3303 Beatus
1075 3244 1356 3315 Apostolus
1399 3251 1635 3310 tempora
1687 3240 1808 3308 ista,

229 3347 432 3420 quando
462 3347 696 3401 futurum
723 3352 838 3400 erat
863 3352 923 3398 ut
966 3355 1156 3396 omnes
1188 3347 1372 3410 gentes
1416 3337 1468 3390 in
1497 3337 1663 3390 Deum
1691 3349 1811 3389 cre-

229 3445 430 3512 derent,
480 3441 836 3513 praenuntiata
887 3436 1176 3493 ostendens
1227 3431 1393 3488 fuisse
1438 3447 1468 3485 a
1509 3427 1813 3499 Prophetis,

231 3537 327 3594 hoc
355 3533 724 3592 testimonium
752 3530 930 3602 posuit
971 3527 1112 3600 quod
1159 3526 1413 3595 scriptum
1443 3531 1545 3589 est,
1579 3519 1647 3575 Et
1674 3521 1766 3574 erit
1797 3535 1813 3572 :

229 3629 381 3683 omnis
409 3629 566 3681 homo
608 3625 695 3698 qui
739 3621 1037 3677 invocaverit
1062 3635 1243 3674 nomen
1271 3615 1498 3681 Domini,
1536 3613 1703 3668 salvus
1724 3612 1815 3666 erit

228 3721 382 3792 (Joel.
397 3736 457 3785 ιι,
488 3718 603 3789 52).
626 3718 795 3772 Antea
816 3715 956 3770 enim
984 3712 1121 3783 apud
1149 3711 1292 3766 solos
1316 3705 1814 3763 lsraelitasinvoca-

227 3813 374 3868 batur
398 3826 600 3868 nomen
631 3808 860 3874 Domini,
888 3807 975 3878 qui
1003 3806 1126 3862 fecit
1144 3803 1340 3859 ccelum
1363 3810 1416 3856 et
1439 3809 1637 3855 terram
1671 3815 1684 3850 :
1713 3811 1816 3851 ca:-

229 3915 349 3961 terat
373 3913 569 3976 gentes
599 3902 737 3957 idola
766 3908 911 3956 muta
938 3908 992 3954 et
1015 3896 1173 3953 surda
1201 3892 1536 3956 invocabant,
1566 3905 1594 3943 a
1626 3887 1816 3959 quibus

230 4014 328 4053 non
359 3996 746 4060 audiebantur;
788 4001 881 4049 aut
908 3991 1201 4055 daemones,
1243 4002 1273 4041 a
1313 3985 1505 4056 quibus
1550 3982 1690 4037 malo
1720 3994 1816 4034 suo

231 4091 602 4147 audiebantur.
629 4089 699 4142 At
725 4087 814 4142 ubi
839 4084 984 4140 venit
1012 4079 1284 4153 plenitudo
1313 4075 1588 4147 temporis,
1622 4073 1813 4143 imple-

232 4195 313 4240 tur
331 4182 477 4254 quod
501 4181 812 4252 praedictum
834 4185 934 4243 est,
969 4175 1034 4230 Et
1059 4175 1153 4229 erit
1178 4189 1196 4227 :
1219 4171 1380 4226 omnis
1409 4168 1494 4240 qui
1516 4165 1818 4221 invocaverit

233 4295 408 4334 nomen
448 4275 682 4341 Domini,
732 4273 901 4329 salvus
928 4271 1039 4326 erit.
1085 4266 1286 4324 Deinde
1342 4263 1466 4335 quia
1514 4260 1820 4317 invidebant

234 4371 329 4441 ipsi
354 4368 528 4425 Judzei
549 4365 810 4424 Gentibus
829 4361 1194 4433 Evangelium,
1223 4359 1381 4414 etiam
1413 4354 1490 4410 illi
1522 4355 1612 4427 qui
1636 4352 1813 4408 credi-

236 4461 422 4516 derunt
466 4459 519 4512 in
564 4456 858 4519 Christum,
885 4463 942 4511 et
967 4451 1214 4508 dicebant
1240 4464 1347 4505 non
1387 4446 1584 4503 debere
1609 4459 1819 4500 annun-

239 4553 349 4608 tiari
371 4549 724 4621 Evangelium
753 4546 952 4603 Christi
981 4545 1060 4602 eis
1089 4543 1181 4616 qui
1211 4539 1510 4598 circumcisi
1550 4554 1656 4594 non
1687 4537 1820 4593 fuis-

237 4655 378 4710 sent;
406 4643 534 4714 quia
564 4649 752 4696 contra
795 4637 928 4694 istos
957 4637 1136 4708 posuit
1163 4635 1266 4690 hoc
1294 4631 1658 4688 testimonium
1687 4643 1822 4699 apo-

237 4735 400 4790 stolus
423 4733 644 4798 Paulus,
678 4729 746 4784 Et
790 4729 883 4783 erit
925 4743 943 4781 :
987 4726 1149 4782 omnis
1197 4725 1494 4796 quicumque
1521 4720 1825 4774 invocaverit

238 4844 410 4881 nomen
439 4823 673 4891 Domini,
704 4821 871 4877 saluus
896 4821 989 4874 erit
1021 4835 1040 4873 :
1073 4815 1346 4887 subjunxit
1385 4814 1564 4869 statim
1603 4812 1670 4867 ad
1702 4812 1824 4866 illos

239 4915 648 4982 convincendos,
677 4914 766 4985 qui
803 4912 1053 4967 nolebant
1084 4905 1441 4978 cvangelizari
1461 4904 1740 4970 Gentibus,
1769 4911 1823 4958 et

238 5010 327 5076 ait,
359 5006 628 5075 Quomodo
655 5013 823 5058 autent
845 5000 1165 5063 invocabant,
1198 4997 1251 5051 in
1291 5013 1436 5068 quem
1463 5013 1563 5050 non
1591 4994 1825 5049 credide-

239 5103 389 5156 runt?
412 5108 501 5154 aut
524 5095 776 5170 quomodo
806 5094 1028 5160 credent,
1056 5107 1202 5162 quem
1228 5105 1330 5143 non
1354 5087 1664 5142 audierunt?
1687 5085 1830 5151 Quo-

239 5194 384 5248 modo
422 5201 592 5246 autem
643 5187 850 5243 audient
897 5185 1006 5240 sine
1047 5180 1389 5254 praedicante?
1438 5188 1524 5232 aut
1569 5175 1822 5245 quomodo

242 5286 609 5355 praedicabunt,
639 5282 684 5335 si
711 5295 814 5335 non
850 5278 1115 5332 mittantur
1140 5272 1317 5347 (Rom.
1349 5287 1405 5336 ιι,
1439 5267 1669 5340 lii—l5)?
1697 5268 1828 5334 Quia

241 5391 363 5448 ergo
391 5376 546 5441 dixit,
578 5371 846 5442 Quomodo
875 5367 1192 5432 invocabant,
1225 5365 1280 5419 in
1300 5378 1447 5434 quem
1472 5378 1574 5416 non
1603 5360 1831 5415 credide-

239 5477 352 5529 runt
385 5484 404 5522 :
430 5467 554 5522 ideo
579 5481 686 5520 non
721 5462 1002 5532 accepistis
1028 5459 1175 5530 prius
1201 5455 1529 5521 Orationem,
1564 5463 1618 5508 et
1646 5461 1829 5523 postea

239 5559 574 5632 symbolum;
605 5555 698 5612 sed
725 5555 870 5625 prius
895 5552 1194 5624 symbolum
1220 5548 1310 5602 ubi
1337 5547 1545 5602 sciretis
1564 5545 1687 5616 quid
1713 5559 1829 5599 cre-

239 5651 460 5720 deretis,
491 5659 547 5706 et
572 5657 756 5721 postea
776 5647 1104 5711 Orationem,
1130 5643 1216 5699 ubi
1239 5641 1467 5697 nossetis
1498 5654 1653 5711 quem
1683 5640 1832 5694 invo-

303 5789 323 5807 "
365 5787 430 5838 Ad
454 5789 534 5838 ch.
567 5800 610 5836 r.
644 5799 686 5835 s.
720 5799 768 5834 γ.
809 5784 946 5834 Ulim.
989 5791 1091 5834 Par.
1116 5789 1230 5834 ιον.
1257 5779 1561 5830 emendatus.

304 5871 377 5933 (α)
410 5869 558 5931 Alias,
577 5869 642 5921 de
665 5869 874 5919 Diversis
887 5866 967 5917 48.

1687 359 1918 418 SERMO
1956 361 2065 426 LVI
2077 401 2089 415 .

3363 357 3470 416 578

1892 475 2112 531 caretis.
2137 473 2448 547 Symbolum
2479 490 2603 546 ergo
2629 475 2858 546 pertinet
2902 471 2966 529 ad
2993 471 3178 540 fidem,
3203 470 3384 527 Oratio
3405 471 3474 526 ad

1893 583 2108 639 precem
2150 586 2162 622 :
2196 568 2316 638 quia
2341 568 2426 637 qui
2454 568 2643 634 credit,
2675 568 2787 639 ipse
2810 567 3088 623 exauditur
3124 566 3398 621 invocans.

1962 659 2187 718 CAPUT
2226 661 2290 716 ll.
2345 691 2416 702 —
2468 661 2522 714 2.
2561 661 2676 714 Duo
2727 661 2949 715 cauenda
2991 659 3263 715 invocanti.
3323 655 3474 713 Multi

1895 764 2068 811 autem
2097 765 2283 826 petunt
2319 755 2460 826 quod
2489 763 2668 825 petere
2708 771 2812 809 non
2856 754 3132 822 deberent,
3163 754 3466 824 ignorantes

1895 848 2021 920 quid
2043 850 2122 903 cis
2149 848 2412 918 expediat.
2440 849 2580 902 Duas
2603 862 2730 917 ergo
2765 863 2873 914 res,
2903 848 2994 917 qui
3022 847 3252 913 invocat,
3285 858 3475 900 cavere

1896 941 2054 996 debet
2083 958 2094 993 :
2127 957 2193 996 ne
2221 949 2362 1010 petat
2389 939 2530 1011 quod
2558 952 2661 994 non
2693 938 2870 1004 debet,
2900 948 2955 994 et
2984 953 3049 993 ne
3077 939 3144 994 ab
3164 938 3256 993 illo
3283 944 3476 1007 potata

1897 1048 2001 1104 quo
2029 1049 2133 1088 non
2178 1033 2356 1089 debet.
2402 1023 2447 1086 Ᾱ
2477 1031 2709 1097 diabolo,
2746 1033 2813 1085 ab
2855 1030 3029 1097 idolis,
3073 1044 3102 1083 a
3142 1027 3475 1084 daemonibus

1897 1141 2002 1182 non
2025 1135 2108 1182 est
2135 1125 2418 1197 petendum
2449 1124 2645 1196 aliquid
2671 1142 2683 1177 :
2708 1139 2735 1177 a
2758 1122 2984 1178 Domino
3004 1122 3111 1177 Deo
3136 1130 3319 1178 nostro
3348 1120 3474 1176 Jesu

1895 1218 2126 1282 Christo,
2175 1219 2285 1272 Deo
2337 1217 2495 1273 Patre
2542 1215 2957 1286 Prophetarum,
2999 1213 3374 1283 Apostolorum
3424 1220 3478 1267 et

1898 1321 2211 1382 martyrum,
2240 1326 2268 1364 a
2299 1311 2454 1366 Patre
2481 1311 2685 1364 Domini
2715 1308 2883 1364 nostri
2911 1307 3039 1362 Jesu
3059 1304 3274 1372 Christi,
3306 1321 3335 1360 a
3363 1304 3476 1360 Deo

1899 1405 1988 1474 qui
2014 1404 2140 1460 fecit
2165 1405 2359 1461 caelum
2390 1414 2444 1460 et
2471 1413 2687 1468 terram,
2719 1417 2866 1456 mare
2892 1409 2947 1457 et
2969 1399 3144 1454 omnia
3175 1413 3292 1468 qua:
3323 1398 3374 1451 in
3398 1397 3478 1452 eis

1900 1506 2044 1563 sunt,
2074 1496 2141 1551 ab
2176 1497 2268 1552 illo
2288 1495 2575 1568 petendum
2597 1504 2698 1562 est,
2729 1495 2772 1549 si
2796 1492 2920 1565 quid
2941 1491 3228 1564 petendum
3255 1497 3354 1546 est.
3375 1489 3479 1545 Sed

1901 1589 2190 1644 cavendum
2217 1600 2316 1657 est,
2349 1605 2417 1643 ne
2452 1587 2593 1643 etab
2624 1587 2713 1642 illo
2749 1595 2960 1656 petatur
2986 1583 3127 1656 quod
3165 1592 3346 1653 petere
3375 1595 3479 1635 non

1901 1682 2179 1738 debemus.
2226 1683 2400 1738 Vitam
2450 1683 2736 1737 humanam
2775 1681 2898 1751 quia
2929 1688 3110 1750 petere
3129 1677 3406 1741 debemus,
3439 1675 3482 1729 si

1901 1783 2051 1844 petas
2071 1775 2138 1829 ab
2158 1773 2314 1828 idolis
2341 1773 2516 1829 surdis
2540 1781 2592 1827 et
2614 1772 2792 1837 mutis,
2815 1770 2940 1842 quid
2960 1771 3052 1826 tibi
3076 1768 3324 1840 prodest?
3352 1767 3484 1823 Item

1902 1881 1933 1920 a
1956 1867 2065 1920 Deo
2086 1866 2261 1933 Patre,
2284 1865 2373 1936 qui
2404 1874 2485 1920 est
2514 1865 2568 1919 in
2595 1864 2765 1929 caelis,
2815 1863 2856 1917 si
2880 1872 3032 1932 optas
3056 1870 3282 1914 mortem
3310 1858 3486 1913 inimi-

1903 1976 2085 2015 corum
2109 1969 2344 2027 tuorum,
2369 1959 2492 2029 quid
2519 1958 2609 2013 tibi
2637 1956 2887 2028 prodest?
2918 1955 3032 2011 Non
3061 1953 3255 2009 audisti
3292 1951 3373 2006 vel
3400 1952 3485 2007 le-

1903 2054 2023 2124 gisti
2052 2053 2106 2107 in
2137 2053 2370 2119 Psalmo,
2395 2052 2447 2105 in
2473 2066 2578 2122 quo
2607 2049 2894 2120 praedictus
2915 2055 2996 2103 est
3030 2045 3344 2102 damnabilis
3373 2052 3484 2097 tra—

1905 2146 2047 2202 ditor
2075 2146 2256 2211 Judas,
2291 2144 2562 2216 quomodo
2604 2143 2881 2214 prophetia
2908 2142 3040 2197 dixit
3077 2141 3144 2196 de
3168 2141 3279 2206 illo,
3311 2138 3486 2193 Oratio

1906 2239 2016 2310 ejus
2059 2239 2148 2308 ﬁat
2201 2237 2279 2292 illi
2328 2237 2382 2292 in
2411 2245 2668 2308 peccatum
2723 2234 2892 2307 (Psal.
2927 2249 3069 2299 cvnl,
3103 2232 3200 2303 7)?
3251 2230 3307 2286 Si
3359 2245 3487 2300 ergo

1907 2332 2080 2403 surgis
2107 2342 2160 2388 et
2201 2346 2323 2387 oras
2365 2331 2503 2386 mala
2534 2329 2759 2385 inimicis
2799 2327 2924 2394 tuis,
2955 2325 3124 2382 oratio
3164 2333 3256 2380 tua
3305 2322 3400 2378 fiet
3433 2321 3489 2377 in

1909 2433 2208 2494 peccatum.

1981 2517 2207 2572 CAPUT
2247 2516 2334 2571 ΙΙΙ.
2366 2548 2435 2557 —
2463 2517 2516 2572 5.
2551 2514 2670 2569 Non
2700 2513 2925 2585 aptanda
2956 2511 3093 2567 mala
3116 2509 3288 2577 malis,
3317 2509 3407 2564 sed
3436 2516 3494 2562 ut

1911 2611 2026 2665 boni
2054 2609 2468 2679 ﬁantorandum.
2513 2604 2571 2660 In
2617 2605 2840 2660 Psalmis
2885 2602 3083 2658 sanctis
3126 2599 3347 2671 legistis,
3392 2611 3492 2653 ve—

1913 2704 2007 2759 luti
2038 2703 2203 2757 multa
2230 2700 2508 2771 imprecari
2545 2699 2682 2753 mala
2714 2697 2941 2751 inimicis
2979 2696 3108 2768 suis,
3141 2708 3262 2748 eum
3288 2691 3378 2762 qui
3409 2691 3492 2744 lo-

1912 2795 2090 2866 quitur
2117 2795 2168 2848 in
2194 2793 2438 2848 Psalmis.
2469 2793 2535 2846 Et
2561 2791 2762 2860 utique,
2802 2789 2876 2842 ait
2902 2787 3111 2857 aliquis,
3143 2785 3234 2856 qui
3262 2783 3495 2853 loquitur

1913 2886 1968 2941 in
1991 2885 2238 2952 Psalmis,
2258 2884 2434 2955 justus
2454 2894 2535 2938 cst
2561 2900 2572 2936 :
2601 2897 2765 2952 quare
2790 2889 2898 2935 tam
2927 2879 3066 2935 mala
3095 2885 3241 2946 optat
3265 2871 3496 2929 inimicis

1913 2980 2062 3036 suis?
2082 2979 2196 3034 Non
2215 2987 2380 3048 optat,
2402 2977 2493 3033 sed
2512 2974 2766 3046 pricvidet
2790 2991 2801 3026 :
2832 2971 3109 3044 prophetia
3134 2978 3216 3024 est
3243 2981 3496 3038 praenun-

1915 3071 2118 3139 tiantis,
2152 3085 2257 3126 non
2277 3078 2456 3124 votum
2484 3067 2623 3122 male
2648 3065 2892 3122 dicentis.
2927 3063 2986 3117 In
3028 3060 3215 3132 spiritu
3253 3059 3396 3112 enim
3420 3055 3496 3110 illi

1915 3171 2178 3218 noverant
2203 3161 2394 3233 quibus
2419 3159 2647 3215 habebat
2675 3157 2889 3213 evenire
2913 3155 3072 3220 male,
3095 3152 3287 3223 quibus
3316 3150 3454 3204 bene
3481 3167 3495 3202 :

1915 3265 1971 3312 et
1999 3270 2093 3325 per
2137 3252 2467 3325 prephetiam
2488 3251 2761 3317 dicebant,
2803 3258 3050 3317 tanquam
3079 3248 3326 3313 optarent
3359 3237 3502 3310 quod

1918 3346 2298 3420 prtevidebant.
2316 3345 2396 3400 Tn
2414 3353 2592 3399 autem
2611 3341 2749 3397 unde
2773 3341 2900 3408 scis,
2923 3353 2991 3393 ne
3014 3335 3206 3391 melior
3223 3343 3272 3388 te
3289 3331 3499 3386 futurus

1919 3440 2008 3506 sit,
2044 3438 2130 3493 cui
2167 3436 2327 3492 hodie
2371 3436 2511 3490 male
2537 3435 2706 3505 petis?
2731 3431 2836 3488 Sed
2882 3430 2991 3485 scio
3017 3428 3165 3483 illum
3189 3425 3501 3494 malignum,

1919 3531 2072 3586 dicis.
2092 3531 2220 3586 Ette
2237 3529 2340 3583 scis
2358 3524 2701 3596 malignum‘.
2715 3521 2967 3589 Quamvis
2982 3519 3118 3572 forte
3143 3515 3340 3570 audeas
3364 3511 3505 3568 etde

1921 3622 2082 3678 corde
2107 3620 2322 3675 alterius
2341 3617 2581 3688 judicare
2611 3613 2751 3684 quod
2772 3611 2947 3666 nescis
2972 3627 2985 3663 :
3007 3608 3101 3664 sed
3117 3616 3174 3664 et
3188 3615 3241 3661 te
3261 3605 3366 3660 scis
3388 3617 3502 3658 ma-

1921 3717 2142 3788 lignum.
2166 3713 2280 3768 Non
2309 3710 2459 3766 audis
2487 3707 2798 3778 Apostolum
2827 3704 3112 3768 dicentem,
3141 3700 3240 3766 Qui
3267 3698 3408 3767 prius
3429 3696 3506 3766 fui

1923 3809 2264 3878 blasphemus,
2296 3815 2342 3859 et
2371 3812 2674 3874 perseeutor,
2695 3808 2739 3854 et
2773 3797 3080 3868 injuriosus;
3110 3793 3197 3848 sed
3221 3791 3506 3845 misericor-

1924 3904 2062 3957 diam
2082 3907 2380 3955 consecutus
2399 3913 2529 3962 sum,
2551 3895 2671 3965 quia
2696 3893 2936 3964 ignorans
2952 3888 3046 3959 feci
3073 3887 3126 3940 in
3153 3882 3506 3938 incredulitate

1925 3995 1973 4067 (ι
1989 3994 2118 4049 Tim.
2133 4010 2172 4060 ι,
2189 3992 2276 4063 15)
2297 3991 2320 4044 ?
2344 3986 2568 4056 Quando
2588 3985 2783 4041 Paulus
2799 3980 3069 4052 apostolus
3090 3973 3510 4049 persequebatur

1925 4089 2277 4154 Christianos,
2301 4085 2472 4154 ligans
2491 4081 2579 4136 ubi
2598 4076 2919 4142 inveniebat,
2937 4071 3229 4128 audiendos
3247 4069 3314 4124 ad
3329 4083 3510 4123 sacer-

1925 4181 2078 4237 dotes
2095 4189 2150 4235 et
2184 4174 2481 4249 puniendos
2505 4169 2834 4233 attrahebat;
2871 4165 3000 4237 quid
3030 4163 3245 4235 putatis,
3291 4160 3509 4226 fratres,

1928 4272 2168 4329 Ecclesia
2189 4278 2372 4325 contra
2400 4265 2552 4320 illum
2579 4261 2785 4328 orabat,
2813 4275 2879 4314 an
2907 4272 3004 4328 pro
3032 4255 3123 4311 illo
3140 4255 3162 4308 ?
3179 4251 3374 4323 Utique
3404 4252 3511 4306 Ec-

1925 4366 2088 4423 clesia
2129 4362 2243 4428 Dei,
2267 4377 2386 4432 quae
2421 4358 2678 4414 didicerat
2701 4370 2730 4408 a
2759 4352 2986 4408 Domino
3010 4364 3130 4416 suo,
3158 4347 3245 4418 qui
3270 4345 3512 4416 pendens

1926 4458 1980 4513 in
2010 4471 2171 4512 cruce
2207 4453 2357 4518 dixit,
2389 4450 2564 4516 Pater,
2590 4449 2791 4520 ignosce
2822 4444 2946 4512 illis,
2973 4443 3092 4514 quia
3135 4439 3362 4495 nesciunt
3388 4436 3508 4506 quid

1929 4553 2121 4625 faciunt
2151 4547 2300 4620 (Luc.
2341 4560 2496 4610 xxm,
2534 4542 2649 4612 54),
2679 4540 2802 4594 talia
2849 4535 3162 4608 precabatur
3195 4546 3292 4603 pro
3321 4529 3507 4595 Paulo,

1931 4618 2039 4698 imo
2065 4618 2239 4694 adhuc
2275 4652 2372 4706 pro
2399 4633 2582 4699 Saulo,
2614 4641 2669 4685 ut
2712 4631 2815 4684 hoc
2858 4627 2912 4682 in
2939 4626 3030 4680 illo
3069 4623 3242 4690 fieret,
3281 4618 3424 4692 quod
3460 4627 3516 4673 et

1931 4734 2128 4790 factum
2154 4739 2253 4786 est.
2276 4727 2406 4784 Nam
2435 4725 2558 4796 quia
2591 4723 2741 4789 dicit,
2772 4720 2930 4774 Erant
2964 4725 3130 4771 autem
3154 4716 3356 4786 ignotus
3381 4710 3516 4782 facie

1933 4823 2172 4880 Ecclesiis
2216 4819 2416 4873 Iudaea:
2441 4831 2554 4886 qua:
2577 4821 2694 4868 sunt
2722 4816 2777 4864 in
2819 4810 3058 4874 Christo;
3107 4815 3305 4858 tantum
3348 4809 3518 4856 autem

1933 4913 2204 4970 audiebant
2250 4909 2368 4980 quia
2409 4905 2497 4960 ille
2537 4905 2621 4975 qui
2671 4900 2945 4972 aliquando
2990 4914 3081 4951 nos
3110 4891 3515 4967 persequebatur,

1934 5023 2068 5062 nunc
2092 5001 2400 5073 euangelizat
2432 4996 2582 5066 ﬁdem
2609 5011 2760 5064 quam
2809 4988 3085 5061 aliquando
3109 4985 3356 5048 uastabat,
3387 4990 3434 5036 et
3467 4981 3521 5035 in

1936 5113 2015 5151 me
2038 5091 2429 5166 magniﬁcabant
2455 5087 2624 5141 Deunt
2655 5084 2849 5158 (Galat.
2880 5100 2919 5148 ι,
2943 5079 3138 5150 22-24)
3171 5095 3184 5132 :
3215 5089 3382 5148 quare
3407 5088 3524 5129 ma-

1937 5187 2262 5262 gnilicabant
2286 5185 2474 5248 Deum,
2521 5179 2622 5234 nisi
2649 5177 2770 5249 quia
2801 5184 3083 5245 antequam
3111 5178 3258 5225 esset
3295 5167 3521 5235 factum,

1937 5280 2194 5351 rogabant
2217 5273 2426 5330 Deum?

1957 5381 1963 5386 ‘
2009 5374 2060 5428 4.
2122 5366 2501 5437 Multiloquium
2562 5365 2616 5417 in
2661 5360 2886 5415 oratione
2929 5355 3206 5408 uitandum.
3256 5352 3337 5407 Ad
3392 5352 3516 5421 quid

1941 5464 2099 5520 oratio
2148 5467 2340 5514 nostra.
2389 5453 2765 5510 Desideriorum
2814 5453 2977 5518 forma
3016 5447 3069 5499 in
3107 5444 3374 5499 Dominica
3403 5458 3523 5497 ora-

1942 5556 2094 5610 tione.
2143 5550 2401 5607 Dominus
2449 5561 2576 5616 ergo
2604 5550 2784 5598 noster
2828 5539 3000 5610 primo
3043 5535 3333 5608 amputavit
3382 5534 3529 5590 mul-

2007 5737 2024 5767 ί
2047 5734 2225 5796 Regius
2245 5738 2347 5789 Ms.,
2365 5731 2409 5796 et
2433 5720 2896 5796 testentmalignum.
2931 5717 3274 5796 Etinl'ra‘locp,
3299 5713 3533 5796 sedlgtut‘e

1944 5773 2532 5857 scis
2563 5786 2690 5857 idem
2730 5773 2902 5857 Eodcgt,
2930 5783 3015 5833 sed
3049 5787 3092 5832 et
3129 5773 3269 5832 testis
3302 5773 3528 5840 maligne.

1946 5845 2084 5910 Forte
2108 5845 2213 5921 prii,
2237 5855 2321 5905 sed
2336 5845 2388 5903 ἐι
2413 5849 2542 5902 testis
2563 5846 2801 5911 malignus
2826 5845 2901 5897 sit.
