3980 6448
529 358 641 423 δπθ

526 476 828 551 tiloquium,
878 492 945 535 ne
992 477 1158 535 multa
1198 477 1360 536 verba
1400 476 1591 535 alteras
1636 477 1704 534 ad
1730 477 1918 544 Deum,
1947 476 2099 548 quasi

524 570 661 628 velis
687 571 868 631 multis
891 571 1067 630 verbis
1087 571 1285 631 docere
1310 572 1498 629 Deum.
1521 570 1745 641 Quando
1764 587 1891 643 ergo
1922 586 2100 641 rogas,

524 666 718 735 pietate
763 680 896 737 opus
933 674 1035 733 est,
1069 681 1174 723 non
1222 665 1561 724 verbositate.
1612 667 1721 724 Scit
1771 668 1903 723 enim
1943 654 2102 722 Pater

524 770 681 817 vester
703 755 1002 831 quid'vobis
1035 763 1373 821 necessarium
1398 762 1484 829 sit,
1512 763 1805 833 priusquam
1834 763 2013 833 petatis
2038 761 2099 815 ab

522 866 601 906 eo.
628 848 804 908 Nolite
831 866 957 923 ergo
983 853 1206 908 multum
1235 853 1380 924 loqui
1412 872 1425 909 :
1455 855 1579 925 quia
1624 854 1769 911 novit
1792 853 1920 925 quid
1949 853 2101 909 vobis

522 943 883 998 necessarium
910 944 999 999 sit.
1048 944 1151 1000 Sed
1197 961 1266 1002 ne
1303 946 1437 1003 forte
1466 947 1554 1003 hic
1601 947 1793 1017 aliquis
1821 947 1962 1003 dicat
1993 963 2006 999 :
2043 946 2097 1001 Si

521 1034 669 1091 novit
712 1034 840 1105 quid
890 1035 1044 1092 nobis
1082 1037 1152 1093 sit
1175 1038 1554 1105 necessarium,
1597 1038 1783 1109 utquid
1821 1038 1906 1093 vel
1935 1051 2099 1108 pauca

518 1126 682 1183 verba
710 1126 972 1185 dicimus?
1010 1129 1196 1199 utquid
1223 1130 1476 1187 oramus?
1516 1129 1633 1201 Ipse
1662 1130 1761 1186 scit
1791 1148 1802 1182 :
1837 1129 1925 1185 det
1956 1127 2100 1201 quod

519 1220 620 1277 scit
667 1221 820 1278 nobis
850 1222 1231 1279 necessarium.
1284 1222 1391 1279 Sed
1436 1222 1557 1279 ideo
1585 1223 1750 1289 voluit
1788 1231 1844 1279 ut
1872 1237 2012 1289 ores,
2042 1229 2101 1279 ut

518 1311 845 1370 desideranti
886 1314 998 1383 det,
1052 1330 1121 1375 ne
1149 1316 1371 1373 vilescat
1412 1315 1554 1387 quod
1594 1314 1802 1372 dederit
1843 1332 1856 1368 :
1894 1315 2016 1385 quia
2045 1321 2102 1371 et

517 1406 693 1478 ipsum
736 1406 1058 1469 desiderium
1104 1410 1217 1480 ipse
1264 1410 1569 1467 insinuavit.
1615 1409 1785 1465 Verba
1822 1424 1949 1480 ergo
1978 1424 2098 1479 quae

517 1499 774 1557 Dominus
827 1510 1009 1557 noster
1046 1501 1204 1559 Jesus
1247 1501 1489 1561 Christus
1518 1502 1571 1561 in
1617 1501 1867 1558 Oratione
1894 1502 2095 1569 docuit,

516 1593 688 1650 forma
717 1602 799 1652 est
837 1594 1246 1652 desideriorum.
1284 1595 1399 1652 Non
1431 1595 1524 1653 tibi
1559 1594 1684 1652 licet
1718 1602 1904 1665 petere
1930 1592 2095 1662 aliud,

515 1702 674 1757 quam
703 1687 844 1757 quod
875 1687 944 1742 ibi
969 1688 1226 1758 scriptum
1256 1697 1359 1744 est.

585 1779 811 1839 CAPUT
840 1779 928 1836 IV.
957 1809 1029 1821 --
1064 1780 1117 1836 5.
1165 1779 1344 1835 Prima
1373 1780 1564 1851 petitio.
1584 1809 1656 1820 —
1687 1778 1789 1835 Vos
1834 1795 1969 1851 ergo,
2013 1779 2096 1833 in-

512 1874 645 1945 quit,
676 1872 827 1927 dicite
853 1889 871 1927 :
896 1872 1051 1928 Pater
1075 1882 1262 1940 noster,
1288 1874 1446 1942 quies
1468 1872 1521 1927 in
1546 1873 1703 1928 caelis.
1732 1871 1834 1927 Ubi
1865 1886 1958 1926 vos
1993 1870 2093 1944 (vi-

513 1965 676 2038 detis)
706 1965 872 2022 Deum
911 1967 1120 2021 Patrem
1166 1965 1363 2021 habere
1389 1966 1646 2035 coepistis.
1675 1963 1780 2020 Sed
1810 1963 2093 2030 habebitis,

510 2074 632 2119 cum
657 2061 767 2121 nati
808 2060 1034 2118 fueritis.
1066 2062 1379 2131 Quanquam
1409 2069 1463 2117 et
1490 2061 1650 2117 modo
1683 2069 1967 2131 antequam
1997 2075 2093 2114 na-

509 2152 753 2219 scamini,
783 2152 925 2209 illius
965 2154 1170 2210 semine
1197 2153 1439 2224 concepti
1474 2152 1624 2221 estis,
1667 2161 1915 2223 tanquam
1943 2160 2096 2206 utero

509 2243 765 2301 Ecclesiae
797 2244 850 2300 in
899 2244 1046 2303 fonte
1092 2245 1355 2316 pariendi.
1389 2244 1546 2300 Pater
1593 2254 1779 2310 noster,
1823 2244 1909 2316 qui
1952 2261 2003 2299 es
2043 2244 2098 2299 in

509 2336 668 2397 catis.
696 2335 1039 2406 Mementote,
1070 2351 1168 2395 vos
1206 2338 1417 2399 Patrem
1464 2336 1660 2393 habere
1692 2336 1745 2390 in
1775 2336 1949 2393 caelis.
1980 2334 2091 2390 Me-

513 2437 772 2499 mentote,
804 2445 897 2486 vos
926 2430 994 2486 de
1033 2439 1185 2501 patre
1236 2430 1406 2487 Adam
1442 2440 1596 2486 natos
1646 2430 1697 2485 in
1741 2438 1988 2496 mortem,
2026 2429 2096 2487 de

509 2523 672 2582 Patre
699 2524 813 2583 Deo
843 2525 1237 2596 regenerandos
1265 2524 1333 2581 ad
1360 2526 1543 2581 vitam.
1571 2525 1701 2593 Qua:
1727 2534 1783 2581 et
1811 2523 2007 2591 dicitis,
2039 2525 2094 2578 in

450 2636 457 2643 ·
507 2614 762 2673 cordibus
805 2616 997 2674 vestris
1026 2616 1206 2679 dicite.
1249 2615 1331 2673 Sit
1371 2616 1575 2672 orantis
1613 2615 1854 2681 allectus,
1899 2622 1956 2672 et
1994 2616 2096 2673 erit

506 2706 839 2767 exaudiemis
861 2707 1104 2765 eﬂ‘ectus.
1135 2707 1494 2778 Sanctiﬁcetur
1538 2725 1720 2767 nomen
1758 2718 1918 2762 tuum.
1956 2706 2094 2776 Quid

506 2814 666 2873 rogas
694 2809 753 2858 ut
776 2800 1133 2858 sanctiﬁcetur
1162 2816 1357 2857 nomen
1382 2800 1476 2857 Dei
1496 2800 1519 2854 ?
1543 2799 1792 2857 Sanctum
1823 2809 1923 2856 est.
1955 2798 2095 2869 Quid

508 2905 688 2964 rosas,
715 2891 859 2963 quod
888 2893 996 2964 jam
1025 2902 1268 2949 sanctum
1297 2893 1451 2950 esti?
1477 2892 1679 2948 Deinde
1706 2907 1825 2948 cum
1857 2906 2012 2962 rogas
2037 2900 2097 2947 ut

508 2984 869 3043 sanctiﬁoetur
894 3000 1090 3044 nomen
1114 2987 1299 3057 ipsius,
1335 3000 1513 3041 nonne
1533 2984 1685 3055 quasi
1710 2997 1807 3053 pro
1832 2982 1925 3038 illo
1943 2982 2095 3038 illum

509 3090 689 3150 rogas,
719 3087 776 3135 et
804 3093 912 3135 non
938 3094 1038 3151 pro
1067 3079 1157 3139 te?
1186 3078 1445 3149 Intelligo,
1485 3085 1540 3132 ct
1566 3091 1661 3146 pro
1692 3085 1746 3132 te
1774 3089 1949 3146 rogas.
1985 3074 2096 3131 Iloc

511 3170 655 3228 extim
682 3184 858 3243 rogas,
886 3177 945 3227 ut
981 3170 1127 3241 quod
1150 3184 1363 3240 semper
1392 3176 1635 3224 sanctum
1659 3176 1743 3224 est
1769 3167 1823 3221 in
1854 3181 1933 3235 se,
1967 3180 2094 3222 san-

512 3264 777 3322 otilicetur
805 3263 860 3320 in
904 3272 973 3321 te.
1002 3263 1141 3332 Quid
1165 3272 1268 3330 est,
1295 3261 1677 3331 sanetiﬁcetur?
1714 3258 1966 3317 Sanctum
1991 3258 2087 3315 ba-

507 3354 716 3423 beatur,
744 3370 850 3412 non
862 3365 1258 3415 contemnatur.
1278 3356 1422 3426 Ergo
1448 3354 1595 3410 vides
1623 3354 1745 3425 quia
1772 3369 1894 3409 cum
1918 3362 2091 3425 optas,

507 3447 606 3505 tibi
645 3448 845 3505 bonum
882 3456 1056 3519 optas.
1091 3447 1210 3505 Tibi
1254 3447 1399 3504 enim
1444 3447 1646 3504 malum
1672 3455 1755 3503 est
1778 3446 1823 3503 si
1849 3454 2093 3503 contem—

507 3541 679 3613 pseris
702 3556 897 3598 nomen
929 3541 1045 3609 Dei,
1081 3556 1187 3597 non
1218 3541 1349 3598 Deo.

584 3636 643 3693 ϐ.
701 3636 943 3693 διαβαίη
1000 3635 1192 3706 petitio.
1238 3633 1417 3690 Veniat
1459 3636 1480 3668 ³
1525 3650 1740 3707 regnum
1789 3642 1951 3689 tuum.
1995 3632 2095 3689 Cui

505 3728 771 3789 dicimus?
798 3729 869 3787 Et
906 3728 954 3786 si
980 3744 1089 3785 non
1117 3737 1359 3800 petamus
1379 3768 1395 3795 ,
1423 3743 1531 3784 non
1570 3737 1654 3784 est
1700 3736 1978 3783 venturum
2009 3741 2094 3782 re-

504 3828 669 3895 gnum
696 3823 828 3880 Dei?
856 3823 934 3879 De
958 3822 1052 3879 illo
1077 3822 1222 3878 enim
1244 3835 1410 3892 regno
1442 3820 1639 3876 dicitur
1666 3818 1809 3889 quod
1848 3818 1950 3875 erit
1976 3826 2096 3889 post

508 3912 671 3970 linem
700 3913 903 3970 saeculi.
954 3912 1087 3975 Nam
1128 3926 1353 3983 regnum
1395 3923 1608 3981 semper
1646 3908 1808 3967 habet
1842 3909 2015 3972 Deus;
2041 3918 2096 3963 et

507 4018 778 4076 nunquam
806 4013 891 4060 est
913 4005 1031 4060 sine
1056 4018 1225 4074 regno
1250 4043 1266 4068 ,
1292 4002 1379 4058 eui
1414 4001 1579 4057 servit
1608 4000 1855 4057 universa
1886 4008 2094 4056 creatu-

505 4109 590 4151 ra.
619 4094 727 4152 Sed
753 4095 896 4166 quod
922 4110 1144 4165 regnum
1172 4092 1365 4165 optas?
1392 4094 1468 4149 De
1496 4106 1603 4163 quo
1639 4091 1893 4160 scriptum
1930 4102 2011 4145 est
2040 4090 2092 4144 in

508 4186 819 4257 Evangelio,
854 4184 1058 4251 Venite,
1088 4184 1333 4241 benedicti
1366 4185 1537 4240 Patris
1577 4183 1693 4250 mei,
1737 4183 1975 4252 percipite
2012 4200 2093 4239 re-

508 4293 666 4351 gnum
699 4276 833 4346 quod
862 4277 997 4332 vobis
1017 4287 1251 4348 paratum
1277 4285 1349 4333 est
1372 4276 1437 4331 ab
1470 4276 1613 4331 initio
1639 4274 1831 4331 necati.
1862 4274 2000 4331 Ecce
2028 4274 2096 4331 de

508 4383 619 4440 quo
640 4368 888 4437 dicimus,
935 4369 1111 4425 Veniat
1133 4384 1341 4440 regnum
1366 4379 1527 4425 tuum.
1548 4366 1618 4424 Ut
1637 4366 1688 4421 in
1716 4367 1870 4423 nobis
1895 4368 2093 4435 veniat,

509 4469 790 4531 aptemus;
818 4471 875 4516 ut
915 4460 967 4517 in
995 4462 1086 4518 illo
1127 4460 1478 4525 inveniamur,
1505 4467 1773 4529 optamus.
1808 4459 1943 4515 Nam
1971 4474 2098 4521 ecce

511 4552 691 4609 veniet
719 4568 732 4605 :
759 4552 856 4611 sed
879 4552 1008 4624 quid
1036 4551 1128 4608 tibi
1159 4551 1396 4622 prodest,
1429 4551 1479 4609 si
1514 4550 1582 4606 ad
1624 4552 1894 4608 sinistram
1924 4560 1981 4607 te
2010 4552 2095 4606 in-

510 4641 729 4699 veniet?
753 4641 896 4713 Ergo
919 4651 974 4699 et
1004 4641 1091 4698 hic
1119 4641 1216 4701 tibi
1236 4642 1374 4698 bene
1399 4649 1573 4711 optas,
1604 4656 1700 4712 pro
1731 4650 1786 4697 te
1819 4656 1961 4697 oras.
1988 4641 2100 4697 Hoc

510 4733 810 4799 desideras,
850 4734 954 4790 hoc
994 4734 1143 4805 cupis
1177 4733 1399 4800 orando,
1430 4742 1488 4790 ut
1515 4733 1593 4791 sic
1619 4734 1801 4799 vivas,
1831 4734 2100 4804 quomodo

512 4827 581 4882 ad
608 4842 834 4897 regnum
864 4827 994 4895 Dei,
1023 4826 1165 4898 quod
1190 4836 1274 4883 est
1315 4827 1564 4884 omnibus
1603 4829 1802 4885 sanctis
1841 4828 2094 4895 dandum,

512 4923 802 4993 pertinens.
832 4921 996 4993 Ergo,
1022 4930 1082 4977 nt
1108 4921 1246 4977 bene
1273 4921 1420 4977 vivas
1440 4961 1456 4988 ,
1482 4921 1579 4977 tibi
1610 4935 1735 4978 oras
1774 4937 1898 4979 cum
1927 4923 2061 4979 dicis
2081 4964 2096 4991 ,

525 5013 702 5070 Veniat
720 5030 931 5085 regnum
954 5025 1116 5070 tum.
1140 5014 1514 5070 Pertineamus
1544 5014 1613 5071 ad
1650 5028 1874 5087 regnum
1908 5024 2054 5073 tuum
2082 5036 2098 5073 :

511 5107 767 5163 veniatet
793 5106 947 5163 nullis
983 5105 1127 5177 quod
1166 5114 1447 5165 venturum
1485 5114 1574 5163 est
1616 5107 1814 5163 sanctis
1850 5117 1905 5163 et
1942 5108 2100 5178 iustis

512 5201 637 5256 ille.

584 5292 813 5349 CAPUT
846 5292 907 5347 ν.
928 5323 996 5333 -
1010 5294 1064 5347 7.
1092 5292 1258 5348 Tertia
1280 5294 1472 5365 petitio.
1496 5322 1568 5337 --
1586 5293 1707 5349 Fiat
1729 5296 1965 5351 voluntas
1990 5306 2097 5351 tua.

515 5382 697 5442 Sinon
744 5383 872 5439 illud
914 5394 970 5440 tu
1016 5384 1189 5452 dicas,
1226 5398 1332 5441 non
1374 5386 1536 5442 faciet
1586 5388 1727 5443 Deus
1768 5389 2096 5444 voluntatem

516 5477 708 5535 suam?
734 5472 1000 5534 Memento
1026 5479 1167 5549 quod
1188 5481 1240 5536 in
1271 5480 1517 5552 symbolo
1542 5479 1818 5537 reddidisti
1838 5482 1859 5515 ³
1882 5500 1894 5536 :
1927 5481 2101 5540 Credo

578 5595 596 5667 ξ
622 5600 754 5654 Lov.,
776 5591 1294 5667 Smgtiﬁcetur‘nomm
1317 5600 1467 5667 tuum.
1506 5594 1629 5667 Quid
1651 5606 1792 5667 rogas
1812 5599 1865 5645 ut
1887 5593 2101 5660 sanctiﬁ-

516 5662 842 5729 cetin’_nornen
861 5657 965 5729 pei,
990 5658 1115 5729 quod
1130 5657 1239 5729 jam
1258 5665 1475 5729 sanctum
1497 5658 1605 5729 est?
1632 5657 1827 5717 Deinde,
1852 5666 1944 5729 etc.
2013 5657 2069 5729 [οἱ.

579 5720 600 5750 ³
623 5726 729 5769 Mss.
758 5718 980 5782 plerique
1005 5718 1052 5783 in
1073 5718 1165 5783 hoc
1190 5726 1240 5770 et
1254 5721 1670 5783 subsequentibus
1691 5722 1994 5772 sermonibus
2016 5720 2101 5772 ba-

504 5778 638 5831 .bem
656 5778 951 5841 constanter,
977 5780 1217 5832 Adveniet.

583 5842 603 5875 ³
628 5845 697 5895 sic
722 5851 824 5895 Mss.
850 5844 969 5896 Editi
999 5852 1178 5910 autem,
1207 5841 1477 5897 credidisti.

1762 359 1819 431 s,
1860 357 2227 417 AUGUSTINI
2265 359 2563 419 EPISCOPI

3683 368 3795 430 380

2212 476 2267 532 in
2295 476 2461 533 Deum
2511 478 2721 535 Patrem
2753 479 3190 553 omnipotentem.
3223 480 3279 539 Si
3306 484 3646 557 omnipotens
3669 496 3789 559 est,

2209 585 2304 625 cur
2323 585 2446 626 oras
2473 579 2531 626 ut
2555 570 2648 625 ﬁat
2674 572 2919 628 voluntas
2942 573 3093 646 ejus?
3112 573 3250 643 Quid
3275 584 3357 632 est
3378 592 3528 649 ergo,
3550 577 3675 635 Fiat
3698 595 3791 636 ro-

2210 662 2378 717 luntas
2423 664 2551 719 tua?
2594 662 2709 720 Fiat
2752 664 2804 719 in
2848 680 2955 735 me,
3000 676 3056 722 ut
3082 681 3188 722 non
3234 668 3480 725 resistam
3523 671 3790 729 voluntati

2210 760 2332 809 tuae.
2372 753 2512 826 Ergo
2539 764 2592 811 et
2616 755 2703 812 hic
2728 772 2825 828 pro
2851 765 2904 813 te
2932 772 3087 828 oras,
3115 767 3171 815 et
3209 775 3313 817 non
3360 777 3457 833 pro
3497 762 3632 821 Deo.
3668 764 3789 821 Fiet

2208 845 2349 901 enim
2387 847 2631 904 voluntas
2658 848 2756 905 Dei
2794 849 2849 905 in
2891 859 2957 915 te,
2988 850 3087 906 etsi
3117 865 3224 906 non
3263 852 3323 908 ﬁt
3366 868 3399 910 a
3438 862 3510 911 te.
3560 854 3696 911 Nam
3737 866 3795 912 et

2207 940 2396 1009 quibus
2426 940 2661 998 dicturus
2695 953 2795 1009 est,
2838 941 3030 1011 Venite,
3063 944 3306 1001 benedicti
3333 945 3504 1003 Patris
3525 949 3643 1017 mei,
3667 966 3789 1021 per-

2206 1031 2356 1101 cipite
2379 1049 2584 1103 regnum
2608 1034 2742 1106 quod
2767 1034 2897 1090 vobis
2917 1045 3149 1105 paratum
3173 1044 3244 1092 est
3269 1038 3333 1092 ab
3352 1039 3541 1110 origine
3568 1041 3751 1094 mundi
3771 1081 3788 1105 ,

2207 1123 2298 1179 ﬁet
2323 1125 2375 1180 in
2412 1125 2515 1181 illis
2556 1127 2799 1182 voluntas
2828 1127 2955 1194 Dei,
2992 1138 3049 1183 ut
3083 1129 3212 1200 justi
3239 1137 3293 1184 et
3319 1131 3485 1187 sancti
3524 1131 3792 1201 accipiant

2206 1230 2423 1287 regnum
2451 1237 2465 1273 :
2487 1225 2540 1274 et
2564 1219 2753 1288 quibus
2778 1218 3012 1277 dicturus
3038 1229 3138 1289 est,
3155 1221 3184 1275 Ι
3190 1230 3237 1277 te
3259 1222 3312 1277 in
3338 1223 3501 1294 ignem
3518 1234 3787 1293 aeternum,

2205 1309 2290 1377 qui
2318 1320 2521 1381 paratus
2550 1320 2623 1366 est
2655 1311 2853 1368 diabolo
2882 1322 2927 1368 et
2946 1314 3139 1385 angelis
3164 1316 3274 1387 ejus
3305 1314 3515 1387 (Matth.
3541 1332 3674 1383 xxv,
3694 1318 3784 1384 54,

2204 1398 2330 1473 si);
2362 1401 2451 1457 lict
2493 1402 2544 1458 in
2580 1403 2685 1459 illis
2727 1405 2970 1460 voluntas
2998 1405 3112 1474 Dei,
3142 1414 3201 1463 ut
3235 1407 3358 1467 mali
3386 1407 3709 1465 damnentur
3735 1411 3790 1467 in

2206 1490 2380 1562 ignem
2409 1494 2808 1563 sempiternum.
2842 1494 2999 1551 Aliud
3039 1506 3151 1562 est,
3184 1505 3243 1555 ut
3280 1497 3371 1553 liat
3398 1512 3428 1553 a
3456 1506 3527 1553 te.
3558 1496 3628 1555 Ut
3658 1515 3793 1571 ergo

2205 1582 2295 1636 liat
2320 1582 2370 1637 in
2403 1590 2472 1647 te,
2507 1600 2612 1639 non
2643 1587 2758 1642 sine
2784 1601 2940 1642 causa
2969 1600 3108 1655 oras,
3138 1588 3237 1644 nisi
3286 1597 3343 1644 ut
3383 1588 3518 1645 bene
3558 1590 3628 1645 sit
3668 1592 3792 1648 tibi.

2204 1673 2325 1730 Sive
2351 1690 2476 1746 ergo
2502 1676 2635 1732 bene
2663 1679 2730 1732 sit
2761 1678 2883 1742 tibi,
2915 1679 3026 1734 sive
3058 1678 3197 1735 male
3231 1680 3299 1734 sit
3330 1680 3454 1747 tibi,
3486 1679 3577 1738 fiet
3600 1682 3656 1737 in
3688 1693 3739 1739 te
3770 1699 3791 1739 :

2204 1763 2299 1820 sed
2325 1765 2417 1820 ﬁat
2440 1778 2492 1821 et
2518 1784 2545 1819 a
2574 1775 2642 1823 te.
2674 1767 2851 1843 Quare
2872 1785 2997 1839 ergo
3026 1770 3163 1834 dico,
3196 1768 3316 1824 Fiat
3344 1772 3574 1828 voluntas
3604 1781 3693 1826 tua
3733 1776 3793 1830 in

2204 1860 2328 1915 caelo
2352 1872 2399 1915 et
2425 1864 2475 1916 in
2504 1874 2635 1918 terra
2662 1883 2679 1919 :
2706 1876 2758 1921 et
2780 1883 2884 1921 non
2913 1866 3053 1936 dico,
3074 1867 3191 1923 Fiat
3212 1870 3453 1927 voluntas
3473 1881 3558 1927 tua
3587 1889 3618 1928 a
3645 1873 3790 1928 C(Blu

2204 1960 2258 2007 et
2287 1967 2317 2006 a
2344 1954 2515 2008 terra?
2544 1956 2674 2023 Quia
2700 1957 2840 2028 quod
2873 1958 2929 2012 lit
2955 1974 2982 2011 a
3016 1967 3095 2023 te,
3130 1960 3242 2030 ipse
3272 1958 3398 2017 facit
3427 1962 3478 2017 in
3519 1972 3589 2018 te.
3645 1963 3791 2018 Nunc

2203 2059 2360 2113 quam
2392 2044 2449 2099 lit
2475 2062 2504 2101 a
2533 2054 2604 2113 le,
2625 2049 2763 2117 quod
2783 2064 2885 2103 non
2916 2048 3027 2121 ipse
3052 2049 3174 2105 facit
3193 2049 3246 2105 in
3276 2061 3344 2107 te.
3372 2051 3478 2108 Sed
3498 2052 3790 2125 aliquando

2202 2135 2327 2190 facit
2350 2136 2402 2191 in
2431 2146 2501 2205 te,
2530 2139 2670 2209 quod
2698 2156 2801 2194 non
2833 2141 2889 2195 ﬁt
2913 2157 2941 2196 a
2970 2151 3019 2198 te
3053 2161 3064 2197 :
3096 2159 3364 2215 nunquam
3385 2154 3559 2202 autem
3583 2146 3793 2218 aliquid

2204 2227 2263 2282 lit
2295 2244 2324 2282 a
2351 2237 2422 2295 te,
2446 2230 2490 2284 si
2521 2247 2626 2285 non
2650 2232 2771 2287 facit
2797 2232 2849 2287 in
2880 2242 2947 2288 te.
3170 2230 3179 2238 ’

2273 2319 2328 2376 8.
2373 2319 2446 2375 De
2492 2322 2664 2377 eadem
2703 2324 2955 2393 petitione.
2992 2325 3127 2395 Quid
3149 2336 3233 2383 cst
3264 2340 3461 2401 autem,
3486 2328 3540 2384 in
3576 2328 3702 2384 creto
3740 2338 3793 2384 et

2201 2415 2256 2471 in
2286 2424 2438 2481 terra,
2464 2416 2569 2484 vel,
2601 2417 2728 2471 sicut
2748 2418 2799 2472 in
2820 2419 2941 2474 cwlo
2971 2430 3017 2475 et
3058 2421 3111 2473 in
3145 2421 3319 2475 terra?
3346 2419 3568 2478 Faciunt
3596 2421 3795 2492 Angeli

2201 2506 2527 2563 voluntatem
2551 2515 2715 2575 tuam,
2749 2509 3002 2565 iaciamus
3034 2519 3088 2566 et
3116 2526 3232 2567 nos.
3263 2510 3384 2567 Fiat
3411 2513 3643 2568 voluntas
3672 2523 3786 2582 tua,

2200 2601 2329 2657 sicut
2352 2601 2407 2656 in
2436 2600 2560 2656 cwlo
2588 2611 2633 2655 et
2672 2602 2723 2657 in
2754 2611 2905 2689 terra.
2936 2602 3084 2660 Mens
3110 2605 3305 2662 omium
3333 2614 3447 2674 est,
3475 2620 3599 2662 caro
3643 2613 3796 2667 terra

2203 2701 2303 2748 est.
2331 2691 2554 2760 Quando
2580 2692 2733 2760 dicis,
2753 2694 2795 2748 si
2819 2703 2993 2751 tamen
3020 2694 3173 2763 dicis,
3206 2697 3348 2767 quod
3378 2697 3451 2752 ait
3475 2695 3794 2769 Apostolus,

2204 2783 2376 2839 Mente
2403 2783 2562 2839 servio
2590 2783 2686 2855 legi
2707 2784 2821 2852 Dei,
2851 2802 3001 2840 carne
3042 2796 3206 2841 autem
3232 2788 3328 2859 legi
3367 2787 3554 2858 peccati
3595 2788 3795 2860 (Rom.

2201 2891 2295 2942 vn,
2328 2876 2458 2948 25);
2494 2879 2550 2931 lit
2570 2877 2813 2933 voluntas
2843 2878 2936 2934 Dei
2959 2878 3193 2946 in‘cmlo,
3217 2879 3313 2935 sed
3337 2880 3572 2937 nondum
3598 2882 3653 2937 in
3673 2890 3797 2939 ter-

2200 2981 2282 3023 ra.
2305 2964 2441 3024 Cum
2461 2981 2591 3024 vero
2609 2982 2735 3024 caro
2761 2970 2925 3026 menti
2950 2971 3298 3038 consenserit,
3325 2979 3380 3027 et
3405 2970 3658 3043 absorpta
3680 2973 3801 3031 fue-

2202 3060 2273 3116 rit
2296 3076 2442 3116 mors
2472 3062 2527 3116 in
2554 3062 2827 3116 victoriam
2857 3062 2903 3132 (l
2924 3060 3043 3117 Cor.
3075 3078 3167 3130 xv,
3193 3061 3310 3133 54),
3346 3069 3409 3119 ut
3449 3063 3593 3119 nulla
3638 3064 3795 3121 desi»

2202 3151 2348 3209 deria
2373 3153 2606 3208 carnalia
2626 3162 2935 3209 remaneant
2959 3167 3082 3211 cum
3108 3154 3299 3225 quibus
3327 3169 3481 3210 mens
3508 3154 3795 3228 conﬂigat;

2203 3258 2324 3300 cum
2366 3244 2634 3301 transierit
2659 3244 2771 3299 rixa
2808 3245 2864 3300 in
2906 3254 3066 3314 terra,
3106 3259 3226 3303 cum
3272 3246 3541 3304 transierit
3582 3247 3797 3305 bellum

2202 3335 2400 3404 cordis,
2427 3352 2545 3392 cum
2572 3337 2845 3395 transierit
2865 3337 3006 3408 quod
3033 3337 3232 3394 dictum
3252 3347 3356 3411 est,
3383 3336 3515 3395 Caro
3539 3342 3798 3410 concupi-

2201 3429 2296 3484 scit
2320 3429 2558 3484 adversus
2583 3431 2833 3499 spiritum,
2862 3439 2909 3485 et
2927 3432 3133 3502 spiritus
3161 3432 3396 3489 adversm
3414 3448 3616 3488 carnem
3631 3448 3655 3497 ,°
3678 3434 3799 3490 nec

2202 3521 2335 3575 enim
2372 3522 2580 3577 invicem
2609 3522 2956 3589 adversantur,
2984 3531 3037 3576 ut
3066 3537 3165 3577 non
3187 3539 3245 3578 ea
3271 3538 3385 3593 qua:
3409 3523 3561 3578 vultis
3585 3522 3800 3595 faciatis

2203 3611 2421 3685 (Gatat.
2455 3629 2509 3681 v,
2544 3611 2647 3686 17)
2695 3631 2707 3666 :
2754 3629 2877 3669 cum
2923 3628 3051 3685 ergo
3092 3614 3195 3669 hoc
3240 3614 3437 3671 bellum
3480 3616 3797 3685 transierit,

2202 3705 2485 3776 omnisque
2506 3696 2936 3777 concupiscentia
2954 3706 3009 3761 in
3024 3705 3335 3762 charitatem
3358 3706 3520 3763 fuerit
3545 3723 3803 3765 commu—

2170 3828 2181 3839 -
2204 3805 2332 3862 tata,
2350 3796 2484 3852 Illllll
2509 3798 2563 3852 in
2588 3813 2815 3868 corpore
2841 3798 3138 3854 remanebit
3154 3798 3294 3869 quod
3319 3799 3525 3869 spiritui
3551 3800 3799 3870 resistat,

2202 3889 2333 3943 nihil
2363 3889 2503 3960 quod
2532 3889 2797 3959 domatur,
2832 3890 2963 3945 nihil
3000 3888 3143 3962 quod
3176 3892 3433 3959 frenatur,
3465 3892 3605 3949 nihil
3644 3894 3803 3963 quod

2205 3980 2477 4048 calcetur;
2505 3980 2599 4036 sed
2622 3988 2790 4035 totum
2830 3996 2925 4057 per
2949 3981 3287 4038 concordiam
3313 3991 3501 4054 perget
3519 3981 3588 4039 ad
3621 3983 3798 4055 justi-

2206 4073 2363 4141 tiam;
2397 4073 2485 4133 liet
2524 4075 2770 4131 voluntas
2809 4076 2903 4132 Dei
2932 4077 2987 4131 in
3016 4076 3151 4132 caelo
3178 4085 3231 4132 et
3255 4078 3312 4134 in
3336 4084 3495 4134 terra.
3536 4075 3658 4131 Fiat
3698 4094 3801 4132 so-

2203 4167 2372 4221 luntas
2410 4177 2498 4221 tua
2534 4168 2587 4222 in
2613 4169 2738 4224 creto
2757 4178 2804 4225 et
2829 4170 2881 4224 in
2910 4180 3064 4225 terra.
3094 4169 3486 4229 Perfectionem
3516 4183 3799 4244 optamus,

2203 4259 2415 4331 quando
2445 4259 2549 4317 hoc
2573 4276 2809 4317 oran'lus.
2841 4261 2994 4330 Item,
3022 4261 3144 4318 Fiat
3168 4264 3397 4320 voluntas
3435 4273 3554 4334 tua,
3577 4266 3711 4320 sicut
3735 4266 3801 4322 in

2204 4350 2348 4418 caelo,
2376 4361 2422 4405 et
2442 4350 2496 4406 in
2523 4360 2675 4407 terra.
2707 4352 2765 4409 In
2802 4345 3044 4417 Ecclesia
3072 4354 3376 4426 Spirituales
3404 4354 3601 4411 coelum
3623 4365 3758 4417 sunt
3778 4396 3799 4422 ,

2204 4443 2446 4501 carnales
2474 4453 2613 4503 terra
2656 4453 2799 4502 sunt.
2831 4444 2952 4503 Fiat
2978 4460 3108 4518 ergo
3147 4448 3377 4501 votwttas
3402 4456 3492 4501 tua
3514 4486 3529 4513 ,
3568 4448 3701 4502 sicut
3736 4449 3803 4504 in

2204 4539 2329 4595 casto
2358 4548 2404 4593 et
2428 4539 2480 4593 in
2507 4548 2640 4595 terra
2661 4556 2680 4594 :
2708 4548 2768 4594 ut
2793 4539 3059 4610 quomodo
3087 4538 3181 4595 tibi
3196 4539 3436 4599 serviunt
3460 4539 3799 4611 spiritualcs,

2206 4630 2283 4686 sic
2310 4630 2403 4685 tibi
2446 4632 2635 4685 mutati
2674 4631 2728 4686 in
2773 4630 2967 4689 melius
3004 4631 3243 4689 serviant
3280 4641 3333 4688 et
3375 4630 3633 4688 carnales.
3666 4631 3805 4687 Fiat

2206 4723 2434 4777 uoluntas
2477 4732 2585 4787 tua,
2627 4722 2756 4778 sicut
2800 4723 2852 4776 in
2888 4723 3009 4777 ratio
3064 4732 3111 4776 et
3157 4723 3210 4779 in
3251 4733 3401 4777 terra.
3442 4723 3534 4779 Est
3569 4732 3621 4777 et
3652 4725 3806 4781 anus

2206 4827 2396 4869 sensus
2426 4813 2543 4882 pius
2574 4813 2744 4868 valde.
2774 4812 2955 4869 Moniti
2982 4813 3124 4869 enim
3164 4828 3347 4869 sumus
3384 4829 3536 4871 orare
3560 4828 3662 4885 pro
3692 4816 3806 4871 ini-

2206 4905 2358 4961 micis
2383 4906 2604 4963 nostris.
2633 4906 2886 4974 Ecclesia,
2920 4906 3113 4961 coalum
3141 4914 3253 4962 est:
3286 4905 3484 4960 inimici
3510 4905 3803 4977 Ecclesizc,

2207 5007 2348 5056 terra
2389 5006 2532 5059 sunt.
2564 4999 2698 5067 Quid
2722 5008 2805 5055 est
2841 5013 2988 5070 ergo,
3019 4996 3140 5052 Fiat
3166 4996 3395 5053 voluntas
3437 5008 3541 5064 tua,
3578 4998 3711 5052 sicut
3742 5000 3809 5054 in

2206 5091 2350 5157 creto,
2381 5101 2427 5146 et
2447 5091 2500 5145 in
2525 5102 2659 5146 terra
2676 5092 2702 5145 ?
2725 5089 2961 5147 Credam
2985 5090 3183 5147 inimici
3212 5089 3418 5157 nostri,
3440 5088 3712 5159 quomodo
3742 5101 3807 5146 ct

2205 5198 2303 5240 nos
2330 5184 2385 5239 in
2428 5192 2479 5239 te
2517 5182 2818 5238 credimus:
2844 5182 2973 5239 ﬁant
3010 5181 3200 5249 amici,
3236 5180 3422 5239 ﬁniant
3458 5180 3807 5238 inimicitias.

2207 5273 2369 5331 Terra
2394 5282 2539 5340 sunt,
2566 5273 2687 5329 ideo
2715 5274 2867 5329 nobis
2904 5271 3253 5339 adversantur
3282 5290 3295 5327 :
3331 5272 3524 5329 omium
3551 5272 3710 5341 ﬁant,
3744 5285 3813 5330 ct

2206 5370 2480 5427 nobiscum
2507 5377 2677 5424 erunt.

2277 5463 2501 5522 CAPUT
2516 5462 2601 5517 Vl.
2618 5492 2688 5504 —-
2715 5461 2769 5519 9.
2797 5461 2993 5529 Quarta
3020 5462 3209 5531 petitio.
3236 5459 3420 5516 Omnes
3449 5475 3620 5515 sanius
3645 5476 3808 5515 men-

2208 5558 2307 5612 dici
2334 5556 2523 5612 Dei.-—-
2537 5555 2730 5609 Panem
2758 5564 2981 5611 nostran
2997 5554 3344 5624 quotidianum
3364 5554 3432 5609 da
3457 5553 3597 5609 nobis
3614 5552 3807 5609 hodie.

2208 5650 2273 5705 Et
2301 5650 2504 5719 bicjam
2535 5648 2869 5704 manilestum
2913 5656 2996 5703 cst
3035 5648 3177 5718 quod
3224 5663 3319 5718 pro
3357 5647 3510 5705 nobis
3548 5662 3803 5704 oramus.
3890 5668 3899 5673 ‘

2206 5741 2429 5808 Quando
2450 5740 2601 5807 dicis,
2635 5738 2989 5809 Sanctiﬁcatur
3009 5756 3187 5794 nomen
3218 5747 3387 5801 tuum;
3417 5739 3809 5808 exponendum

2132 5832 2139 5837 ’
2209 5842 2291 5890 est
2329 5833 2419 5889 tibi
2456 5833 2574 5903 quia
2604 5848 2697 5901 pro
2727 5840 2776 5888 te
2809 5842 2950 5902 cras,
2980 5846 3083 5890 non
3108 5846 3203 5904 pro
3228 5830 3357 5889 Deo.
3382 5828 3602 5900 Quando
3630 5829 3804 5895 dicis,
