4032 6332
228 388 318 452 Ml
1711 375 1940 438 SERMO
1976 380 2107 437 LVI.

231 508 342 565 Fiat
364 506 600 561 voluntas
624 512 713 558 tua
729 545 744 570 ,
768 511 821 559 et
845 503 946 559 hoc
975 503 1345 572 emetiendum
1382 499 1473 558 tibi
1502 508 1602 567 est,
1626 514 1693 555 ne
1717 514 1814 569 pu-

232 610 302 656 tes
323 597 465 668 quod
488 597 605 652 Deo
626 597 761 651 bene
785 606 956 666 Optas,
980 604 1035 649 ut
1052 595 1140 649 iiut
1166 596 1405 650 voluntas
1423 594 1607 664 ipsius,
1630 601 1683 647 et
1707 606 1812 645 non

232 692 395 763 potius
415 704 517 761 pro
536 697 588 743 te
605 703 747 743 oras.
769 687 993 756 Quando
1018 678 1168 753 dicis,
1202 684 1375 739 Veniat
1404 701 1611 757 regnum
1641 689 1813 746 tuum;

231 794 277 840 et
296 781 781 851 hocexponendum
810 790 911 847 est,
930 793 997 834 ne
1022 788 1174 849 putes
1195 780 1315 849 quia
1345 779 1456 833 Deo
1478 792 1613 832 nene
1639 785 1809 846 optas,

230 885 282 931 ut
303 882 510 945 regnet.
537 874 618 929 Ab
648 874 752 929 isto
775 884 953 928 autem
976 873 1094 927 loco
1124 880 1175 927 et
1200 872 1449 941 deinceps
1478 882 1644 941 usque
1670 871 1722 924 in
1749 869 1813 924 11-

229 983 341 1022 nem
360 966 652 1032 Orationis,
671 974 891 1036 apparet
910 966 1030 1035 quia
1055 980 1151 1035 pro
1172 965 1322 1019 nobis
1351 976 1595 1034 rogamus
1623 963 1810 1018 Deum.

229 1059 450 1126 Quando
470 1059 624 1125 dicis,
646 1058 839 1113 Panem
864 1068 1089 1112 nostrum
1118 1058 1460 1129 quotidianum
1482 1056 1547 1109 da
1568 1054 1705 1111 nobis
1726 1056 1817 1110 Ito-

229 1154 322 1217 die,
353 1153 625 1222 proﬁteris
652 1159 703 1206 te
728 1151 1027 1206 mendicum
1052 1150 1166 1207 Dei.
1198 1150 1302 1206 Sed
1331 1150 1435 1205 noli
1466 1149 1813 1205 erubescere:

227 1244 617 1315 quantumlibet
655 1244 775 1313 quis
813 1244 882 1298 sit
919 1243 1070 1297 dives
1109 1242 1160 1296 in
1207 1250 1375 1308 terra,
1405 1240 1679 1297 mendicus
1722 1238 1817 1294 Dei

228 1346 325 1391 est.
366 1335 489 1390 Stat
525 1332 800 1389 mendicus
847 1341 971 1390 ante
999 1332 1215 1388 domum
1246 1333 1460 1388 divitis:
1491 1329 1585 1388 sed
1624 1339 1677 1386 ct
1706 1331 1818 1400 ipse

228 1428 372 1483 dites
405 1437 515 1482 stat
539 1436 665 1481 ante
691 1425 904 1481 domum
937 1427 1113 1497 magni
1141 1426 1336 1480 divitis.
1370 1425 1570 1480 Petitur
1595 1424 1662 1478 ab
1692 1424 1813 1489 illo,

228 1532 277 1577 et
302 1522 457 1590 petit.
484 1521 542 1575 Si
572 1535 680 1575 non
718 1529 899 1590 egeret
918 1562 933 1588 ,
967 1530 1123 1575 aures
1158 1519 1256 1573 Dei
1295 1518 1533 1574 oratione
1563 1534 1667 1573 non
1698 1518 1818 1588 pul-

227 1620 388 1667 saret.
423 1612 495 1667 Et
536 1612 665 1682 quid
706 1620 826 1681 eget
861 1611 1044 1666 dives?
1084 1611 1268 1665 Audeo
1294 1610 1501 1677 dicere,
1526 1612 1640 1680 ipso
1685 1622 1822 1680 pane

228 1704 538 1773 quotidiano
555 1715 675 1775 eget
690 1700 857 1759 dives.
878 1704 1055 1772 Quare
1070 1704 1209 1758 enim
1233 1703 1500 1757 abundant
1516 1702 1589 1756 illi
1608 1700 1821 1758 omnia?

229 1797 386 1861 unde,
411 1798 516 1852 nisi
541 1799 663 1867 quia
682 1798 824 1855 Deus
846 1794 1028 1851 dedit?
1051 1797 1186 1865 Quid
1216 1796 1448 1861 habebit,
1468 1798 1509 1850 si
1539 1796 1677 1851 Deus
1700 1795 1823 1850 sub-

148 1876 155 1881 ’
231 1889 403 1943 trabat
428 1904 646 1942 manum
669 1886 1055 1942 suam?Nonnc
1083 1888 1231 1941 multi
1262 1887 1819 1957 dormieruntdivites,

231 1996 281 2040 et
310 1984 979 2054 surrexeruntpauperes?
1001 1982 1068 2036 Et
1098 1981 1237 2051 quod
1277 1981 1353 2035 illi
1389 1996 1492 2035 non
1524 1979 1694 2049 deest,
1719 1982 1821 2035 mi-

230 2076 539 2133 seriem-diae
570 2075 667 2130 Dei
695 2084 796 2140 est,
823 2090 926 2129 non
957 2074 1210 2145 potentia:
1233 2074 1415 2143 ipsius.

299 2170 388 2223 10.
453 2166 615 2221 Panis
675 2166 1033 2237 quotidianus,
1089 2182 1250 2219 sermo
1298 2164 1410 2219 Dei.
1478 2164 1821 2222 Eucharistia.

233 2262 336 2317 Sed
365 2262 530 2315 istum
570 2274 758 2329 panem
778 2301 790 2325 ,
821 2258 1118 2313 cliarissimi
1141 2300 1155 2325 ,
1198 2272 1301 2328 quo
1332 2267 1520 2312 venter
1553 2257 1823 2325 impletur,

232 2368 335 2421 quo
360 2367 495 2406 caro
522 2350 759 2420 quotidie
790 2350 1058 2414 reficitur;
1088 2350 1243 2403 istum
1272 2356 1400 2419 ergo
1420 2362 1609 2417 panem
1638 2346 1827 2403 videtis

234 2445 397 2499 Deum
437 2442 589 2509 dare,
620 2457 725 2496 non
752 2441 925 2496 solum
974 2440 1336 2495 laudatoribus
1361 2440 1500 2504 suis,
1537 2438 1629 2494 sed
1667 2440 1827 2494 etiam

233 2535 759 2607 bisspbcmatoribus
794 2553 806 2587 :
844 2535 932 2605 qui
965 2535 1091 2589 facit
1131 2534 1298 2587 solem
1329 2548 1483 2587 suum
1511 2533 1637 2586 oriri
1667 2546 1829 2601 super

232 2630 403 2684 bonos
460 2639 516 2684 et
564 2628 754 2693 mulos,
806 2637 862 2681 et
907 2626 1038 2695 pluit
1089 2640 1248 2695 super
1286 2625 1459 2694 justus
1512 2631 1567 2679 et
1606 2625 1829 2693 injustas

233 2722 451 2791 (Matth.
485 2738 538 2785 v,
585 2720 698 2791 45).
742 2718 970 2784 Laudas,
1001 2720 1168 2788 pascit
1204 2727 1256 2772 te
1301 2737 1314 2772 :
1349 2717 1702 2787 blasphemas,
1736 2732 1831 2787 pa-

234 2816 335 2871 scit
352 2826 423 2870 te.
450 2814 520 2870 Ut
540 2812 913 2885 pmnitentlam
938 2826 1083 2883 agas,
1108 2820 1382 2881 exSpectat
1413 2821 1463 2865 te
1493 2828 1504 2863 :
1538 2810 1631 2866 sed
1654 2810 1695 2866 si
1723 2828 1830 2867 non

239 2921 290 2965 te
318 2910 639 2972 mutaveris,
665 2908 882 2961 damnat
907 2914 979 2961 te.
1010 2906 1141 2974 Quia
1172 2920 1298 2977 ergo
1322 2918 1513 2975 panem
1542 2905 1698 2958 istum
1735 2920 1828 2959 ac-

233 3004 440 3072 cipiunt
467 3016 497 3055 a
528 3002 644 3055 Deo
677 3008 732 3054 et
758 2999 884 3054 boni
915 3007 967 3053 et
994 2997 1152 3063 mali,
1183 3006 1336 3069 putas
1376 3010 1480 3052 non
1524 3007 1606 3052 est
1642 2998 1831 3067 aliquis

235 3096 385 3165 panis
413 3108 579 3162 quem
613 3099 797 3161 petunt
843 3091 955 3155 ﬁlii,
987 3090 1053 3145 de
1081 3104 1186 3160 quo
1225 3090 1435 3144 dicebat
1474 3089 1731 3144 Dominus
1777 3089 1828 3142 in

237 3185 557 3255 Evangeilo,
603 3182 724 3236 Non
761 3191 833 3236 est
864 3182 1046 3236 bonum
1075 3182 1248 3236 tollere
1290 3198 1470 3252 panem
1500 3180 1740 3251 ﬁliarum,
1784 3190 1832 3235 et

236 3278 429 3330 mittere
455 3274 665 3327 omnibus
686 3272 897 3343 (Matth.
922 3288 1012 3339 xv,
1035 3270 1154 3342 26)?
1170 3271 1265 3327 Est
1288 3273 1459 3341 plane.
1483 3272 1611 3339 Quis
1633 3282 1711 3328 cst
1734 3273 1834 3328 istc

238 3370 429 3440 panis?
461 3377 516 3424 et
540 3381 706 3438 quare
734 3365 930 3421 dicitur
955 3366 1332 3436 quotidianus?
1364 3367 1429 3420 Et
1456 3367 1555 3421 iste
1585 3380 1833 3423 necessa-

240 3467 351 3520 rius
376 3471 466 3520 est
494 3479 508 3514 :
543 3462 741 3518 ctenim
773 3462 887 3516 sine
909 3462 1000 3517 illo
1029 3464 1207 3515 vivere
1243 3476 1347 3515 non
1380 3475 1693 3532 possumus;
1718 3462 1834 3516 sine

238 3572 375 3631 pane
420 3573 534 3611 non
578 3570 877 3627 possumus.
912 3555 1240 3625 impudentia
1280 3563 1361 3610 est
1405 3564 1459 3610 ut
1489 3571 1518 3610 a
1545 3556 1655 3610 Deo
1686 3563 1834 3625 petas

239 3652 453 3707 divitias
488 3667 501 3703 :
534 3664 643 3704 non
680 3657 763 3704 est
806 3649 1131 3719 impudentia
1159 3657 1213 3702 ut
1249 3659 1397 3718 petas
1426 3663 1618 3717 panem
1655 3649 1835 3719 quoti-

240 3744 481 3799 dianum.
506 3740 665 3795 Aliud
694 3749 776 3796 est
803 3740 940 3795 unde
962 3740 1255 3808 superbius,
1291 3738 1432 3793 aliud
1460 3748 1539 3793 est
1570 3740 1709 3793 unde
1758 3740 1835 3793 vi-

240 3850 355 3889 vas.
386 3834 593 3888 Tamen
621 3833 741 3902 quia
781 3832 881 3887 iste
909 3832 1062 3902 panis
1091 3831 1313 3886 visibilis
1344 3836 1396 3885 et
1425 3830 1713 3887 tractabilis
1738 3831 1837 3886 da-

244 3938 325 3983 tur
381 3939 437 3983 et
486 3928 645 3983 bonis
683 3934 736 3982 et
774 3927 956 3991 malis;
986 3935 1068 3980 est
1109 3930 1260 3995 panis
1298 3927 1633 3996 qubtidianus
1678 3942 1835 3997 quem

245 4028 433 4090 petunt
467 4021 582 4074 ﬁlii.
623 4018 742 4089 Ipse
776 4030 856 4073 est
892 4033 1067 4074 sermo
1104 4019 1197 4074 Dei
1223 4063 1236 4087 ,
1274 4021 1362 4089 qui
1400 4021 1553 4075 nobis
1602 4020 1838 4090 quotidie

243 4122 516 4183 erogatur.
551 4111 713 4167 Panis
758 4120 943 4166 noSter
981 4112 1317 4181 quotidianus
1357 4121 1473 4167 est:
1507 4112 1627 4167 inde
1657 4115 1839 4168 vivunt

246 4223 354 4261 non
377 4216 615 4271 ventres,
644 4204 736 4260 sed
764 4215 989 4260 mentes.
1020 4205 1365 4261 Necessarias
1386 4214 1467 4262 est
1498 4207 1648 4263 nobis
1678 4209 1838 4263 etiam

247 4313 391 4352 nunc
434 4297 701 4366 operariis
756 4298 808 4352 in
856 4298 1027 4363 vinea;
1085 4296 1235 4353 cibus
1288 4307 1386 4363 est,
1454 4314 1558 4354 non
1610 4316 1835 4356 merces.

246 4388 511 4459 Operario
539 4388 683 4443 enim
705 4387 839 4443 duas
866 4396 954 4444 res
974 4388 1153 4453 debet,
1184 4390 1272 4459 qui
1301 4390 1448 4445 illum
1483 4392 1732 4448 conducit
1773 4393 1839 4448 ad

248 4483 464 4536 vineam
495 4520 510 4546 ,
538 4482 736 4549 vim,
764 4497 836 4537 ne
860 4482 1102 4547 deﬁciat;
1127 4490 1179 4537 et
1206 4484 1526 4552 mercedem,
1554 4487 1693 4542 unde
1709 4504 1839 4559 gau-

249 4573 393 4629 deat.
421 4573 590 4628 Cibus
606 4582 793 4629 uoster
841 4574 1180 4645 quotidianus
1222 4576 1273 4630 in
1318 4576 1417 4631 hac
1459 4587 1619 4645 terra,
1666 4594 1842 4637 sermo

254 4665 346 4719 Dei
374 4672 480 4726 est,
503 4664 594 4734 qui
634 4677 848 4733 semper
894 4672 1142 4736 erdgatur
1180 4666 1433 4723 Ecclesiis
1463 4687 1473 4722 :
1506 4680 1711 4727 merces
1742 4688 1841 4727 no-

253 4765 363 4810 stra
387 4766 511 4824 post
538 4755 775 4811 laborem
807 4757 912 4811 vita
939 4765 1135 4811 aeterna
1176 4756 1497 4815 nominatur.
1546 4761 1738 4819 lterum
1790 4764 1841 4819 in

254 4852 358 4901 isto
380 4862 525 4916 pane
550 4855 737 4902 nostro
762 4848 1070 4917 quotidiano
1097 4849 1139 4903 si
1184 4844 1445 4920 intelligas
1487 4854 1627 4923 quod
1654 4850 1843 4912 ﬁdeles

253 4942 545 5009 accipiunt,
574 4941 715 5009 quod
744 4942 1014 5010 accepturi
1042 4942 1171 4997 estis
1196 4942 1481 5014 baptizati;
1525 4946 1663 5001 bene
1692 4964 1845 5019 roga-

256 5049 376 5087 mus
398 5042 454 5087 et
484 5032 731 5100 dicimus,
765 5031 958 5085 Panem
989 5041 1211 5086 nostrum
1232 5036 1577 5104 quotidianum
1608 5038 1673 5090 du
1706 5041 1846 5093 nobis

258 5124 454 5179 hodie:
490 5133 549 5179 at
594 5124 674 5179 sic
744 5124 1003 5193 vivamus,
1054 5132 1124 5180 ne
1178 5126 1244 5181 ab
1297 5126 1386 5183 illo
1433 5129 1585 5184 altari
1645 5145 1850 5202 separe-

258 5233 400 5272 mur.

329 5306 559 5363 CAPUT
586 5307 697 5364 vn.
728 5338 797 5349 -
825 5309 912 5364 ll.
960 5309 1146 5375 Quinta
1173 5312 1364 5382 petilio.
1417 5311 1599 5369 Omnes
1630 5296 1849 5371 taciti-

258 5418 371 5456 mus
422 5401 692 5457 debitores.
752 5401 970 5456 Peccota
1016 5404 1313 5473 quotidiana
1356 5408 1744 5476 baptizatorum.
1779 5443 1848 5453 κη

258 5492 324 5546 Et
355 5494 551 5548 dimitte
571 5495 712 5547 nobis
740 5494 903 5549 debita
926 5510 1118 5562 nostra,
1138 5499 1265 5552 sicut
1283 5507 1326 5552 et
1348 5516 1437 5554 nos
1450 5502 1744 5559 dimittimus
1764 5506 1851 5561 de-

259 5584 503 5639 bitoribus
522 5588 727 5641 nostris.
750 5586 815 5641 Et
836 5588 938 5645 ista
966 5590 1149 5659 petitio
1176 5605 1283 5645 non
1306 5601 1385 5647 est
1403 5597 1710 5663 exponenda
1727 5600 1847 5668 quia

260 5690 360 5745 pro
388 5677 547 5732 nobis
576 5679 826 5748 petimus.
858 5680 1021 5736 Nobis
1055 5684 1197 5737 enim
1224 5683 1398 5740 debita
1432 5686 1634 5743 demitti
1672 5701 1851 5760 postu-

259 5768 458 5824 lamus.
490 5772 771 5827 Debitores
798 5774 939 5827 enim
968 5788 1169 5841 smnus,
1215 5792 1319 5831 non
1350 5780 1711 5849 pecuniarum,
1755 5786 1847 5839 sed

262 5872 630 5933 peccatorum.
674 5865 814 5924 Dicis
858 5868 1017 5925 modo
1062 5868 1195 5928 forte
1222 5888 1234 5927 :
1261 5870 1327 5929 Et
1362 5872 1488 5930 vos?
1540 5875 1850 5947 Responde-

3380 386 3487 449 382

1917 515 2036 555 mus
2063 512 2075 554 :
2106 501 2170 557 Et
2200 517 2315 557 nos.
2344 502 2406 559 Et
2432 520 2547 575 vos,
2574 507 2807 578 episcopi
2823 507 3010 575 sancti,
3038 506 3301 563 debitores
3324 506 3491 565 estis?

1918 591 1987 647 Et
2016 608 2111 648 nos
2137 592 2403 651 debitores
2428 612 2625 652 sumus.
2656 599 2720 653 Et
2744 600 2874 652 vos?
2905 599 3073 665 Absit,
3104 598 3334 666 domine,
3385 598 3491 655 noli

1921 686 2012 739 tibi
2041 686 2215 742 facere
2245 686 2509 757 injuriam.
2533 690 2644 745 Non
2670 691 2910 761 injuriam
2944 693 3070 746 mihi
3094 692 3249 759 facio,
3284 692 3377 748 sed
3403 708 3492 748 ve-

1919 795 2036 834 rum
2068 781 2222 835 dico:
2252 782 2519 837 debitores
2552 798 2753 838 sumus.
2789 785 2848 839 Si
2874 786 3145 839 dixerimus
3178 786 3295 855 quia
3326 802 3493 856 pecco.

1923 878 2025 925 tum
2056 889 2154 926 non
2186 872 2445 940 habemus,
2471 891 2559 929 nos
2588 875 2721 945 ipsos
2743 875 3036 945 decipimus,
3062 886 3105 930 et
3120 878 3298 931 veritas
3323 878 3374 930 in
3404 892 3496 930 no-

1922 963 1995 1017 bis
2020 979 2117 1019 non
2135 975 2206 1018 est
2233 964 2278 1035 (l
2306 963 2461 1019 Joan.
2490 982 2527 1031 l,
2556 967 2634 1037 8).
2660 965 2726 1020 Et
2748 968 2992 1036 baptizati
3040 983 3239 1034 sumus,
3269 978 3321 1029 et
3346 969 3495 1023 debi-

1925 1065 2063 1111 tores
2085 1072 2285 1112 sumus.
2316 1056 2431 1114 Non
2460 1059 2578 1125 quia
2619 1059 2811 1129 aliquid
2859 1061 3111 1115 remansit
3157 1061 3294 1131 quod
3342 1062 3494 1116 nobis

1924 1146 1975 1202 in
2007 1150 2274 1219 Baptismo
2307 1166 2409 1205 non
2442 1151 2715 1206 dimissum
2752 1151 2910 1206 fuerit
2940 1153 3065 1207 :sed
3104 1154 3225 1221 quia
3274 1154 3497 1209 vivendo

1924 1240 2285 1295 contrahimus
2311 1242 2450 1312 quod
2480 1243 2712 1312 quotidie
2754 1244 3065 1298 dimittatur.
3100 1244 3196 1312 Qui
3231 1244 3501 1317 baptizan-

1926 1346 2009 1390 tur
2051 1344 2101 1390 et
2132 1344 2347 1403 exeunt,
2409 1338 2521 1391 sine
2574 1337 2751 1392 debito
2795 1339 3105 1403 ascendunt,
3163 1336 3275 1393 sine
3325 1340 3501 1393 debito

1926 1437 2172 1499 pergunt.
2207 1430 2305 1496 Qui
2351 1438 2527 1484 autem
2553 1428 2886 1500 baptizantttr
2922 1440 2974 1485 ct
3032 1440 3277 1485 tenentur
3322 1431 3373 1486 in
3404 1431 3503 1485 hac

1925 1522 2049 1587 vita,
2081 1521 2147 1575 de
2191 1520 2471 1591 fragilitate
2519 1523 2726 1577 mortali
2780 1521 3342 1593 contrahuntaliquid,
3369 1524 3505 1580 unde

1927 1624 1979 1670 ct
2004 1616 2048 1670 si
2074 1631 2181 1670 non
2226 1616 2585 1687 naufragatur,
2619 1627 2791 1673 tamen
2819 1626 3027 1687 oportet
3082 1627 3137 1672 ut
3188 1618 3503 1673 sentinctur.

1928 1707 2060 1774 Quia
2079 1708 2121 1761 si
2150 1723 2255 1762 non
2282 1709 2594 1775 sentinatur,
2626 1709 2877 1780 paulatim
2908 1707 3198 1780 ingreditur
3238 1711 3375 1766 unde
3400 1719 3504 1764 tota

1928 1799 2077 1853 navis
2104 1810 2391 1869 mergatur.
2426 1801 2491 1855 Et
2529 1801 2628 1856 hoc
2683 1817 2835 1857 orare
2869 1804 2904 1869 ¹,
2927 1804 3193 1857 scntinarc
3238 1812 3335 1857 est.
3394 1803 3508 1858 Non

1930 1900 2135 1947 tantum
2165 1902 2339 1948 autem
2379 1894 2634 1949 debemus
2678 1911 2849 1962 orare,
2882 1896 2972 1950 sed
3023 1906 3075 1951 et
3116 1897 3508 1967 clecmosynam

1929 1983 2106 2039 facere
2138 2003 2150 2040 :
2178 1986 2299 2055 quia
2326 1986 2537 2056 quando
2560 1988 2853 2041 scntinatur
2899 2002 2963 2041 ne
3017 1988 3170 2042 navis
3218 1998 3505 2057 mergatur,

1931 2084 1984 2131 et
2004 2078 2221 2131 vocibus
2248 2078 2418 2147 agitur
2448 2088 2501 2133 et
2521 2080 2781 2135 manibus.
2836 2080 3066 2134 Vocibus
3114 2080 3338 2149 agimus,
3389 2094 3509 2133 cum

1932 2168 2175 2236 dicimus,
2207 2168 2417 2223 Dimitte
2444 2171 2582 2226 nobis
2608 2171 2772 2225 debita
2800 2182 2987 2236 nostra,
3008 2172 3134 2226 sicut
3157 2182 3201 2225 rt
3224 2188 3311 2224 nos
3337 2172 3510 2224 dimit—

1934 2260 2080 2315 timus
2106 2262 2407 2317 debitoribus
2434 2263 2635 2318 uostris.
2670 2264 2908 2318 Manibus
2939 2274 3111 2317 autem
3142 2266 3363 2333 agimus,
3394 2278 3510 2318 Cum

1937 2354 2180 2420 facimus,
2212 2356 2419 2426 Frange
2439 2357 2673 2410 esurienti
2704 2372 2881 2427 partem
2906 2366 3064 2422 tuum,
3100 2367 3142 2409 ct
3170 2372 3375 2427 (‘gcmtnt
3406 2358 3513 2409 sine

1936 2457 2062 2501 tecto
2083 2448 2235 2502 induc
2257 2448 2308 2501 in
2327 2449 2530 2502 domum
2554 2457 2687 2501 tuam
2704 2448 2850 2518 (Isni.
2871 2464 3013 2517 Lvm,
3034 2448 3144 2519 ‘29).
3165 2445 3375 2501 Include
3390 2446 3515 2499 cleo-

1937 2558 2200 2611 mosynam
2230 2543 2283 2595 in
2328 2543 2477 2597 corde
2520 2543 2777 2613 pauperis,
2802 2554 2846 2596 et
2871 2542 2977 2613 ipsa
3007 2560 3096 2613 pro
3140 2552 3182 2595 tc
3203 2540 3423 2595 exorabit
3450 2538 3516 2594 ad

1938 2634 2213 2689 Dominum
2238 2635 2423 2704 (Eccli.
2449 2650 2598 2703 XXIX,
2626 2636 2737 2708 15).

2010 2747 2235 2803 CAPUT
2277 2747 2573 2804 “IL—12.
2598 2747 2928 2804 Peccatorum
2949 2750 3349 2821 quotidianarum
3368 2767 3517 2805 mun-

1940 2840 2098 2894 datio.
2147 2838 2348 2894 Minuta
2387 2852 2589 2911 peccata
2637 2858 2735 2895 non
2776 2843 3154 2907 contemnenda,
3195 2843 3314 2913 quia
3346 2842 3516 2912 plura.

1941 2932 2183 2987 Dimissis
2224 2948 2350 3002 ergo
2378 2933 2611 3003 peccatis
2647 2932 2890 2988 omnibus
2927 2949 3020 3004 per
3050 2933 3317 2987 lavacrum
3367 2948 3517 3002 rcge-

1941 3025 2252 3090 ncrationis,
2285 3026 2333 3078 in
2368 3041 2583 3097 magnas
2604 3027 2875 3097 angustias
2900 3028 3136 3081 contrusi
3159 3026 3411 3081 fuerimus
3432 3067 3445 3091 ,
3477 3025 3523 3080 si

1941 3117 2225 3171 nonnobis
2266 3118 2483 3173 daretur
2522 3120 2821 3188 quotidiana
2854 3119 3127 3174 inundatio
3166 3128 3361 3174 sancta:
3401 3135 3524 3175 ora-

1941 3208 2119 3264 tionis.
2172 3210 2535 3281 lilcemosynae
2578 3220 2631 3267 et
2664 3211 2929 3267 orationes
2974 3212 3232 3266 inundant
3272 3219 3523 3283 peccata;

1944 3311 2146 3357 tantum
2175 3320 2240 3357 ne
2264 3304 2383 3359 talia
2407 3306 2827 3372 committantur,
2858 3305 2997 3361 unde
3027 3321 3245 3361 necesse
3273 3306 3341 3360 sit
3369 3320 3525 3375 sepa-

1943 3397 2046 3449 rari
2071 3411 2166 3449 nos
2196 3413 2224 3449 a
2267 3411 2402 3467 pane
2444 3397 2780 3467 quotidiano;
2824 3398 3046 3451 vitantes
3088 3394 3285 3460 debita,
3336 3395 3527 3467 quibus

1944 3485 2170 3543 debetur
2206 3497 2347 3543 certa
2394 3499 2445 3544 ct
2476 3505 2659 3545 severa
2705 3489 2994 3544 damnatio.
3026 3488 3199 3543 Nolite
3239 3502 3333 3543 vos
3356 3488 3528 3557 justos

1944 3578 2146 3643 dicere,
2175 3581 2325 3649 quasi
2356 3597 2458 3634 non
2486 3578 2727 3636 habeatis
2758 3581 2894 3634 unde
2912 3582 3118 3646 dicatis,
3152 3579 3361 3633 Dimitte
3386 3579 3530 3634 nobis

1946 3672 2111 3726 debita
2134 3682 2322 3737 nostra,
2350 3674 2475 3726 sicut
2497 3682 2539 3725 ct
2558 3690 2645 3726 nos
2667 3673 2963 3725 dimittimus
2989 3672 3292 3725 debitoribus
3320 3672 3526 3726 nostris.

1948 3766 2289 3820 Abstinentcs
2312 3766 2377 3819 ab
2409 3766 2723 3831 idololatria,
2754 3781 2781 3819 a
2809 3763 3300 3819 constellationibus
3324 3761 3529 3817 mathe-

1944 3859 2257 3914 maticorum
2286 3859 2323 3923 ²,
2355 3873 2384 3912 a
2416 3858 2664 3912 remediis
2700 3858 3120 3921 incantatorum;
3152 3855 3476 3909 abstinentes
3499 3868 3528 3907 a

1946 3955 2343 4025 deceptionibus
2362 3957 2747 4021 lncrcticorum,
2763 3952 3248 4009 aconscissionibus
3270 3950 3530 4005 schisma-

1949 4048 2208 4114 ticorum;
2240 4050 2565 4103 abstinentes
2591 4049 2657 4103 ab
2706 4048 3022 4114 homicidiis,
3070 4047 3137 4103 ab
3179 4045 3449 4101 adulteriis
3479 4054 3535 4100 ct

1947 4140 2405 4209 fornicationibus,
2435 4157 2464 4195 a
2512 4140 2664 4195 furtis
2692 4150 2745 4196 et
2784 4140 3003 4210 rapinis,
3052 4154 3080 4192 a
3121 4139 3264 4193 falsis
3289 4137 3531 4193 testimo-

1947 4235 2077 4299 niis;
2111 4244 2165 4289 ct
2190 4237 2231 4289 si
2261 4251 2361 4305 qua
2382 4235 2519 4290 forte
2548 4235 2685 4303 alia,
2714 4250 2820 4289 non
2850 4234 2971 4289 dico
2995 4250 3113 4304 qua:
3144 4234 3384 4288 exitiales
3417 4234 3532 4286 exi-

1954 4327 2278 4395 tusliabcnt,
2324 4328 2461 4382 unde
2486 4343 2706 4384 necesse
2744 4328 2812 4382 sit
2840 4326 3055 4399 praecidi
3084 4325 3151 4380 ab
3169 4325 3344 4389 altari,
3388 4334 3443 4379 et
3471 4324 3535 4378 li-

1949 4423 2060 4493 gari
2089 4424 2140 4476 in
2170 4431 2308 4477 terra
2346 4431 2404 4478 ut
2451 4423 2640 4491 ligetur
2696 4422 2749 4475 in
2773 4421 2928 4487 00110,
2970 4419 3121 4476 valde
3142 4418 3436 4491 periculose
3481 4425 3537 4473 ct

1950 4516 2250 4582 mortifere,
2287 4515 2385 4570 nisi
2412 4516 2647 4569 solvatur
2680 4516 2733 4569 in
2761 4523 2900 4568 terra
2923 4512 3063 4583 quod
3084 4512 3318 4567 solvatur
3343 4511 3395 4565 in
3426 4524 3534 4565 CO3-

1950 4609 2005 4664 lo
2027 4627 2037 4663 :
2062 4608 2175 4663 istis
2203 4623 2327 4678 ergo
2357 4607 2612 4677 exceptis,
2653 4622 2758 4659 non
2799 4604 2949 4660 deest
2973 4604 3111 4660 unde
3141 4604 3300 4659 homo
3330 4612 3532 4671 peccet.

1952 4699 2103 4768 Quod
2163 4716 2265 4755 non
2307 4707 2515 4770 oportet
2556 4697 2784 4753 videndo
2809 4696 3053 4762 libenter,
3086 4705 3287 4766 peccat.
3322 4696 3387 4747 Et
3417 4694 3534 4762 quis

1952 4802 2134 4849 teneat
2162 4792 2298 4846 oculi
2327 4789 2704 4845 velocitatem?
2734 4787 3168 4858 Quandoquidem
3198 4787 3389 4840 dicitur
3418 4800 3537 4837 ocu-

1954 4887 2035 4941 lus
2064 4885 2185 4939 inde
2210 4885 2479 4954 accepisse
2517 4898 2739 4947 nomen,
2794 4897 2823 4934 a
2876 4880 3169 4935 velocitate.
3198 4878 3326 4943 Quis
3363 4885 3537 4930 teneat

1955 4996 2137 5036 aurem
2164 4980 2249 5035 vel
2293 4978 2539 5033 oculum?
2574 4976 2745 5041 Oculi,
2795 4974 3185 5039 cumvolueris,
3217 4971 3392 5025 claudi
3419 4987 3539 5039 pos-

1955 5083 2101 5139 sunt,
2131 5081 2183 5127 et
2208 5073 2310 5126 cito
2335 5070 2648 5125 clauduntur
2681 5088 2694 5122 :
2726 5083 2882 5123 aures
2916 5083 3036 5121 cum
3076 5070 3269 5119 conatu
3298 5062 3499 5116 claudis
3522 5105 3535 5125 ,

1956 5181 2171 5222 manum
2204 5165 2365 5227 levas,
2400 5162 2643 5231 pervenis
2670 5159 2735 5215 ad
2763 5160 2909 5213 illas:
2936 5166 2990 5212 ct
3012 5157 3056 5211 si
3100 5156 3190 5210 tibi
3214 5153 3403 5223 aliquis
3429 5168 3540 5207 ma-

1956 5272 2056 5312 nus
2086 5265 2280 5322 teneat,
2312 5261 2529 5324 patent;
2574 5267 2671 5307 nec
2716 5260 2866 5322 potes
2901 5264 2990 5303 cas
3013 5245 3259 5301 claudere
3283 5244 3540 5299 adversus

1961 5350 2122 5405 verba
2149 5346 2426 5410 maledica,
2476 5345 2703 5414 impura,
2734 5339 3056 5396 blandientis
3103 5346 3157 5392 et
3198 5335 3536 5406 decipientia.

1958 5443 2090 5499 Cum
2132 5441 2349 5512 aliquid,
2377 5438 2518 5509 quod
2566 5452 2672 5492 non
2718 5443 2946 5506 oportet,
2987 5433 3237 5498 audieris,
3278 5431 3376 5487 etsi
3434 5444 3538 5483 non

1960 5536 2169 5603 feceris,
2199 5549 2377 5589 nonne
2406 5547 2533 5586 aure
2562 5529 2787 5601 peccas?
2814 5527 2979 5584 Audis
3006 5526 3129 5581 mali
3158 5523 3356 5595 aliquid
3379 5521 3540 5576 libcn.

1964 5638 2060 5685 ter.
2091 5629 2289 5697 Lingua
2320 5624 2588 5701 mortifera
2610 5631 2805 5694 quanta
2832 5629 3046 5693 peccata
3081 5616 3399 5675 committit?
3421 5613 3535 5668 Ali-

2025 5831 2039 5860 ί
2068 5828 2204 5887 rditi,
2228 5833 2280 5875 I-Jt
2306 5826 2360 5875 ob
2383 5826 2469 5874 [εδδ
2502 5838 2659 5875 orare.
2684 5825 2930 5883 Particula,
2954 5824 3031 5883 ob,
3056 5831 3251 5887 nonest
3274 5824 3322 5887 in
3344 5826 3449 5869 Mss.

2022 5894 2040 5922 ε
2068 5884 2268 5941 tuturis
2288 5900 2410 5939 noue
2431 5897 2555 5953 Mss,
2582 5903 2610 5943 tt
2636 5887 3024 5944 consolationibus
3050 5884 3501 5939 ptuit/tenuuicorum.
