3980 6424
498 491 713 566 quando
747 491 894 558 talia,
936 491 1130 562 quibus
1183 489 1344 543 homo
1385 487 1453 543 ab
1503 485 1658 542 altari
1686 495 1979 557 separetur.
2008 485 2090 541 Ad

498 587 642 643 illam
664 586 892 657 pertinet
916 583 1164 638 materies
1176 580 1620 651 blasphemiarum
1644 588 1725 636 :et
1749 581 1910 635 multa
1930 580 2088 635 etiam

498 679 679 735 inania
722 678 992 743 dicuntur,
1040 691 1161 747 qua:
1209 674 1276 730 ad
1302 690 1415 730 rem
1461 688 1568 730 non
1617 674 1903 745 pertinent.
1948 673 2090 729 Nihil

500 770 626 826 mali
656 768 813 825 faciat
841 783 1058 833 manus;
1090 782 1196 822 non
1219 775 1399 822 currat
1425 782 1521 837 pes
1568 766 1637 823 ad
1684 766 1884 838 aliquid
1926 768 2085 834 mali;

507 879 614 920 non
641 862 896 932 dirigatur
921 861 1110 916 oculus
1136 861 1191 915 in
1220 860 1525 927 lasciviam;
1562 849 1670 916 non
1686 861 1833 917 auris
1861 860 2087 916 libenter

500 962 681 1026 pateat
715 952 1061 1024 turpitudini;
1093 968 1200 1008 non
1245 961 1522 1009 moveatur
1562 952 1739 1024 lingua
1783 952 1851 1008 ad
1874 951 1927 1007 id
1947 951 2089 1023 quod

499 1063 605 1103 non
637 1046 791 1102 decet
820 1046 962 1112 :dic,
992 1046 1341 1117 cogitationes
1366 1045 1486 1115 quis
1517 1046 1697 1101 tenet?

568 1140 794 1198 CAPUT
832 1140 923 1195 IX.
951 1170 1022 1179 —
1041 1139 1256 1195 Fratres
1276 1139 1402 1205 mei,
1432 1140 1742 1209 plerumque
1762 1152 1976 1193 oramus
1992 1177 2009 1205 ,
2032 1145 2089 1193 et

495 1235 708 1291 aliunde
736 1233 1049 1304 cogitamus,
1110 1233 1260 1303 quasi
1305 1231 1455 1287 obliti
1503 1237 1628 1287 ante
1664 1245 1823 1301 quem
1860 1240 2081 1299 stemus,

495 1337 589 1383 aut
616 1334 741 1383 ante
761 1340 917 1396 quem
940 1324 1096 1395 proni
1119 1324 1410 1395 iaceamus.
1436 1322 1539 1378 lsta
1564 1322 1740 1378 omnia
1762 1323 1807 1379 si
1835 1323 2085 1394 colligan-

496 1431 582 1477 tur
605 1430 791 1477 contra
819 1435 939 1487 nos,
980 1434 1109 1474 num
1146 1417 1267 1473 ideo
1293 1433 1398 1473 non
1428 1426 1692 1488 premunt,
1734 1417 1857 1488 quia
1881 1417 2084 1471 minuta

492 1514 655 1570 sunt?
682 1512 822 1582 Quid
863 1512 1106 1579 interest,
1147 1519 1326 1567 utrum
1351 1521 1404 1567 te
1442 1509 1717 1581 plumbum
1756 1520 1985 1581 premat,
2013 1525 2082 1565 an

492 1609 696 1664 arena?
721 1607 1002 1663 Plumbum
1027 1622 1131 1663 una
1158 1621 1334 1662 massa
1357 1614 1457 1672 est,
1499 1621 1661 1661 arena
1688 1606 1889 1661 minuta
1915 1618 2082 1676 grana

493 1709 640 1765 sunt,
686 1699 780 1755 sed
810 1698 963 1769 copia
1012 1706 1062 1753 te
1105 1704 1372 1768 premunt.
1424 1696 1621 1753 Minuta
1654 1705 1780 1752 sunt
1830 1704 2079 1767 peccata:

492 1806 600 1846 non
625 1790 774 1847 vides
815 1790 882 1845 de
914 1790 1075 1860 guttis
1102 1789 1321 1845 minutis
1364 1788 1581 1844 flumina
1626 1789 1854 1860 impleri,
1883 1796 1937 1845 et
1961 1787 2083 1843 fun-

496 1882 596 1941 dos
623 1884 806 1940 trahi?
834 1884 1031 1938 Minuta
1052 1892 1195 1950 sunt,
1225 1882 1320 1939 sed
1348 1884 1513 1940 multa
1539 1892 1681 1939 sunt.

562 1977 652 2032 15.
694 1974 913 2030 Pactum
958 1975 1181 2030 donandi
1224 1975 1408 2029 debita.
1461 1974 1707 2043 Quotidie
1759 1988 1887 2046 ergo
1936 1974 2081 2030 dica-

489 2081 643 2133 mus;
674 2075 729 2123 et
753 2066 914 2124 corde
937 2082 1068 2122 vero
1093 2066 1361 2134 dicamus,
1393 2075 1448 2123 et
1476 2066 1619 2138 quod
1655 2067 1879 2123 dicimus
1914 2066 2079 2123 facia-

490 2174 612 2215 mus
636 2177 650 2213 :
680 2159 895 2213 Dimitte
918 2159 1060 2213 nobis
1093 2158 1257 2213 debita
1282 2167 1456 2214 nostra
1474 2200 1489 2225 ,
1520 2159 1649 2214 sicut
1672 2169 1719 2214 et
1747 2176 1838 2214 nos
1866 2159 2087 2238 dimittig

488 2266 603 2306 mus
661 2249 967 2306 debitoribus
1029 2250 1235 2306 nostris.
1287 2251 1638 2323 Sponsionem
1686 2250 1912 2307 facimus
1958 2266 2079 2307 cum

489 2341 624 2409 Deo,
657 2352 869 2413 pactum
890 2352 944 2398 et
970 2343 1243 2413 placitum.
1265 2343 1379 2399 Hoc
1403 2344 1495 2400 tibi
1517 2344 1645 2399 dicit
1664 2344 1919 2400 Dominus
1940 2344 2079 2402 Deus

490 2443 616 2491 tuus
640 2454 652 2490 :
680 2436 917 2503 Dimitte,
942 2443 999 2492 et
1021 2437 1251 2492 dimitto.
1280 2436 1396 2493 Non
1422 2437 1668 2494 dimisisti
1698 2455 1711 2491 :
1740 2446 1797 2493 tu
1817 2447 2000 2494 contra
2028 2449 2079 2496 te

489 2537 677 2596 tenes,
706 2544 813 2585 non
842 2544 959 2599 ego.
997 2528 1163 2595 Sane,
1196 2529 1498 2586 charissimi
1527 2530 1622 2585 ﬁlii
1650 2530 1789 2597 mei,
1826 2530 2078 2602 quoniam

488 2621 603 2678 seio
641 2621 767 2699 quid
806 2621 956 2676 vobis
999 2620 1248 2691 expediat
1288 2621 1341 2675 in
1389 2621 1634 2677 oratione
1681 2620 1979 2687 dominica,
2025 2632 2079 2677 et

489 2712 725 2769 maxime
752 2712 809 2768 in
835 2720 943 2767 tota
972 2712 1215 2767 oratione
1237 2712 1338 2767 ista
1375 2713 1638 2768 sententia
1657 2754 1671 2776 ,
1702 2711 1914 2767 Dimitte
1939 2714 2079 2768 nobis

492 2803 660 2858 debita
676 2811 869 2871 nostra,
894 2805 1021 2859 sicut
1039 2814 1085 2858 et
1106 2821 1197 2860 nos
1218 2804 1518 2857 dimittimus
1538 2804 1840 2858 debitoribus
1860 2805 2042 2859 nostris
2059 2821 2078 2859 :

491 2893 673 2949 audite
702 2909 809 2949 me.
834 2894 1143 2964 Baptizandi
1167 2895 1316 2962 estis,
1340 2894 1517 2949 omnia
1538 2894 1785 2949 dimittite
1810 2914 1822 2947 :
1855 2896 2078 2967 quisque

490 2983 633 3055 quod
663 2984 824 3040 habet
851 2985 1106 3040 adversus
1134 2985 1363 3055 aliquem
1401 2984 1454 3038 iit
1490 2984 1654 3039 corde
1680 3000 1807 3051 suo,
1849 2985 2081 3044 dimittat

491 3088 559 3128 ex
583 3074 765 3130 corde.
809 3073 899 3130 Sic
934 3075 1160 3142 intrate,
1191 3083 1245 3129 et
1272 3074 1403 3130 certi
1432 3083 1602 3129 estote
1640 3076 1819 3130 omnia
1859 3091 2077 3147 prorsus

489 3166 642 3222 vobis
697 3167 893 3222 dimitti
941 3182 1059 3236 qua:
1112 3168 1486 3232 contraxistis,
1545 3176 1601 3223 et
1646 3182 1712 3223 ex
1766 3172 2077 3239 parentibus

489 3261 761 3317 nascendo
808 3259 1097 3316 secundum
1148 3259 1316 3315 Adam
1365 3275 1484 3316 cum
1531 3261 1774 3332 originali
1824 3272 2074 3335 peccato,

489 3361 710 3425 propter
735 3353 875 3424 quod
904 3361 1180 3424 peccatum
1209 3368 1331 3408 cum
1359 3352 1589 3423 parvulis
1613 3354 1829 3411 curritis
1854 3356 1920 3411 ad
1953 3373 2076 3427 gra-

488 3447 615 3503 tiam
637 3445 949 3513 Salvatoris,
976 3456 1031 3501 et
1049 3445 1311 3517 quidquid
1330 3446 1556 3503 vivendo
1575 3446 1873 3516 addidistis,
1899 3449 2072 3519 dictis,

485 3538 673 3605 factis,
705 3538 1144 3610 cogitationibus,
1177 3539 1354 3593 omnia
1383 3538 1760 3596 dimittuntur:
1789 3550 1843 3596 et
1866 3542 2076 3599 exibitis

486 3631 612 3687 inde
634 3640 884 3703 tanquam
908 3646 940 3686 a
969 3639 1258 3701 conspectu
1286 3630 1498 3686 Domini
1526 3633 1708 3700 vestri,
1736 3648 1855 3688 cum
1877 3636 2078 3691 securi-

486 3731 596 3779 tate
624 3723 861 3779 omnium
893 3722 1215 3777 debitorum.

556 3814 782 3871 CAPUT
819 3813 891 3869 Χ.
919 3844 991 3856 -—
1018 3815 1104 3870 M.
1138 3812 1392 3869 Hortatur
1415 3816 1483 3869 ad
1507 3815 1821 3871 dilectionem
1841 3819 2074 3874 inimico-

483 3925 616 3964 rum.
669 3907 785 3963 .lam
818 3916 1035 3979 propter
1075 3909 1171 3964 illa
1200 3909 1510 3980 quotidiana
1556 3918 1806 3980 peccata,
1858 3911 1925 3967 de
1952 3913 2072 3983 qui-

482 3999 584 4055 bus
612 3999 821 4053 locntns
842 4013 991 4067 sum,
1018 4000 1142 4069 quia
1169 4000 1529 4055 necessarium
1566 4008 1649 4055 est
1674 4000 1822 4056 vobis
1854 4002 2035 4058 dicere
2052 4043 2068 4069 ,

483 4090 629 4145 velut
654 4088 959 4159 quotidiana
980 4088 1327 4144 mundatione
1353 4090 1473 4155 ista,
1505 4089 1713 4144 Dimitte
1738 4092 1878 4146 nobis
1907 4093 2073 4148 debita

483 4192 678 4248 nostra,
706 4184 834 4238 sicut
858 4193 905 4237 et
932 4200 1025 4238 nos
1050 4183 1346 4238 dimittimus
1374 4183 1677 4239 debitoribus
1702 4188 1917 4251 nostris;
1945 4188 2072 4258 quid

481 4275 722 4330 facietis?
765 4275 983 4330 Habetis
1026 4275 1304 4341 inimicos:
1336 4274 1467 4344 Quis
1508 4277 1649 4332 enim
1689 4280 1831 4334 vivat
1875 4281 1927 4334 in
1970 4281 2072 4338 hac

482 4375 625 4421 terra
656 4349 759 4420 non
801 4364 1004 4420 habens
1030 4365 1348 4421 inimicum?
1375 4367 1637 4424 lntendite
1666 4370 1843 4437 vobis,
1872 4370 2071 4443 diligite

481 4459 624 4515 illos.
650 4458 808 4514 Nullo
834 4457 994 4515 modo
1020 4458 1117 4514 tibi
1137 4467 1310 4529 potest
1335 4475 1531 4516 nocere
1551 4463 1775 4520 smviens
1800 4464 2066 4533 inimicus,

482 4556 740 4620 quantum
788 4547 882 4604 tibi
929 4563 1120 4615 noces,
1172 4548 1217 4603 si
1265 4564 1369 4604 non
1414 4550 1589 4623 diligis
1634 4553 1927 4610 inimicum.
1976 4554 2069 4612 Ille

480 4642 625 4698 enim
656 4656 854 4698 nocere
881 4649 1057 4712 potest
1081 4650 1171 4697 aut
1197 4642 1339 4698 villm
1367 4652 1494 4713 ωω,
1518 4655 1610 4701 aut
1629 4648 1807 4716 pecori
1840 4658 1951 4716 tuo,
1980 4660 2070 4705 aut

483 4734 665 4791 domui
694 4743 827 4801 tum,
874 4743 967 4789 aut
995 4750 1150 4790 servo
1180 4744 1289 4803 tuo,
1321 4744 1413 4791 aut
1440 4737 1645 4792 ancillae
1675 4747 1812 4807 tum,
1840 4750 1933 4795 aut
1960 4740 2070 4797 filio

480 4837 594 4896 tuo,
637 4835 729 4883 aut
767 4826 983 4898 conjugi
1022 4836 1157 4892 tuae;
1203 4836 1325 4893 aut,
1366 4837 1423 4882 ut
1460 4829 1717 4898 multum,
1759 4831 1804 4885 si
1845 4832 1917 4886 illi
1947 4831 2067 4887 data

480 4918 642 4974 fuerit
684 4927 955 4990 potestas,
988 4918 1134 4973 carni
1177 4918 1318 4974 tuae?
1355 4920 1652 4992 Numquid,
1680 4923 1947 4992 quomodo
1977 4932 2061 4990 tu,

480 5013 673 5068 animae
711 5013 854 5067 tuae?
897 5011 1178 5068 Extendite
1205 5027 1301 5069 vos
1343 5012 1411 5068 ad
1448 5015 1602 5069 istam
1648 5016 2063 5087 perfectionem,

480 5103 800 5172 charissimi,
833 5103 1092 5159 exhortor
1112 5118 1227 5158 vos.
1259 5104 1364 5160 Sed
1394 5106 1648 5177 numquid
1679 5123 1779 5178 ego
1808 5109 1937 5163 illud
1966 5109 2065 5166 do-

478 5196 601 5250 navi
622 5195 810 5251 vobis?
839 5196 932 5251 llle
962 5197 1112 5252 vobis
1135 5195 1372 5267 donavit,
1405 5204 1490 5254 cui
1519 5199 1713 5266 dicitis,
1743 5202 1863 5257 Fiat
1890 5204 2067 5259 volun-

480 5294 557 5338 tas
588 5294 696 5353 tua,
727 5287 855 5339 sicut
876 5286 932 5341 in
951 5288 1094 5349 creto,
1132 5287 1206 5341 ita
1231 5297 1279 5342 et
1305 5290 1359 5343 in
1387 5298 1537 5344 terra.
1564 5290 1764 5347 Tamen
1789 5310 1891 5349 non
1922 5296 2067 5352 vobis

433 5421 441 5456 ἶ
479 5377 722 5433 videatur
749 5377 1081 5447 impossibile
1107 5397 1121 5435 :
1151 5395 1253 5451 ego
1275 5382 1406 5449 scio,
1436 5396 1534 5453 ego
1556 5384 1699 5449 novi,
1729 5400 1826 5455 ego
1848 5387 2063 5456 probavi

480 5486 601 5527 esse
625 5470 869 5526 homines
903 5471 1223 5530 christianos
1242 5516 1256 5541 ,
1286 5476 1372 5545 qui
1400 5475 1625 5547 diligunt
1653 5477 1892 5534 inimicos
1918 5496 2061 5536 suos.

480 5562 536 5619 Si
566 5562 711 5617 vobis
740 5562 1067 5633 impossibile
1091 5566 1261 5620 visum
1294 5565 1469 5634 fuerit,
1499 5583 1604 5624 non
1638 5568 1859 5625 faciatis.
1888 5571 2065 5629 Primo

481 5655 683 5711 credite
710 5668 865 5724 posse
915 5654 1028 5710 fieri
1054 5672 1068 5710 :
1093 5666 1147 5712 et
1172 5667 1343 5724 orate,
1368 5667 1424 5713 ut
1450 5659 1540 5714 ﬁat
1566 5661 1617 5713 in
1646 5662 1795 5716 vobis
1821 5663 2064 5719 voluntas

481 5747 598 5803 Dei.
638 5744 777 5814 Quid
805 5745 948 5801 enim
992 5746 1087 5803 tibi
1134 5750 1351 5819 prodest
1390 5753 1588 5807 malum
1627 5752 1825 5808 inimici
1865 5757 1979 5811 tui?
2008 5757 2064 5813 Si

487 5840 683 5897 malum
710 5838 911 5895 nullum
939 5837 1189 5906 haberet,
1222 5857 1320 5898 nec
1349 5845 1591 5905 inimicus
1616 5855 1735 5901 tuus
1769 5856 1930 5905 esset.
1961 5847 2063 5906 Bo.

1719 370 1777 426 S.
1818 357 2186 427 AUGUSTINI
2223 370 2521 428 EPISCOPI

3680 379 3789 440 584

2200 500 2326 540 num
2367 485 2445 540 illi
2483 494 2636 556 opta,
2668 485 2816 543 finiat
2839 489 3010 559 mala,
3037 498 3094 547 et
3119 505 3227 547 non
3253 493 3356 549 erit
3387 494 3482 551 tibi
3509 494 3782 554 inimicus.

2196 576 2312 632 Non
2341 578 2481 635 enim
2512 578 2724 634 inimica
2747 589 2828 636 est
2853 580 2949 637 tibi
2973 582 3028 637 in
3055 582 3147 638 illo
3173 593 3361 640 natura
3382 585 3612 643 humana
3634 629 3651 655 ,
3685 588 3783 645 sed

2195 671 2370 740 culpa.
2411 670 2678 742 Numquid
2719 672 2841 729 ideo
2866 674 2962 730 tibi
2996 683 3080 731 est
3118 676 3394 747 inimicus,
3439 678 3585 750 quod
3621 680 3783 739 habet

2195 764 2427 819 animam
2450 773 2504 820 et
2531 768 2781 822 carnem?
2804 767 2917 824 Hoc
2941 778 3027 825 est
3043 771 3185 842 quod
3212 781 3266 827 tu
3292 790 3305 827 :
3332 772 3564 829 animam
3589 774 3785 844 habes,

2194 854 2424 909 animam
2456 855 2651 925 habet;
2681 872 2897 915 carnem
2940 859 3133 928 babes,
3177 876 3393 920 carnem
3422 864 3605 923 habet.
3637 866 3788 923 Con-

2193 947 2556 1005 substantialis
2589 958 2711 1006 tuus
2734 961 2815 1007 est
2841 970 2854 1006 :
2886 953 3045 1008 simili
3081 953 3150 1011 de
3176 962 3318 1012 terra
3345 957 3475 1013 facti
3505 959 3636 1015 estis
3666 961 3722 1029 ¹;
3755 976 3789 1016 a

2193 1036 2419 1094 Domino
2445 1041 2667 1096 animati
2704 1043 2855 1099 estis.
2890 1043 3004 1101 Hoc
3030 1054 3113 1102 est
3150 1046 3241 1104 ille
3264 1049 3406 1119 quod
3446 1058 3541 1106 tu:
3571 1052 3789 1123 respice

2189 1127 2411 1186 fratrem
2430 1139 2601 1187 tuum.
2629 1133 2792 1189 Primi
2814 1134 2922 1191 duo
2947 1146 3197 1207 parentes
3215 1140 3386 1196 nostri
3402 1151 3576 1210 erant,
3607 1143 3787 1200 Adam

2191 1229 2246 1277 et
2266 1220 2410 1289 Eva;
2444 1222 2532 1280 ille
2557 1234 2728 1295 pater,
2750 1225 2841 1281 illa
2863 1237 3072 1283 mater:
3102 1245 3230 1302 ergo
3249 1247 3352 1288 nos
3373 1233 3584 1290 fratres.
3609 1234 3789 1293 Omit-

2190 1320 2366 1370 tamus
2384 1316 2642 1388 originem
2667 1320 2889 1389 primam
2915 1339 2929 1376 :
2954 1322 3095 1377 Deus
3113 1333 3282 1394 pater,
3307 1325 3547 1383 Ecclesia
3567 1337 3782 1389 mater:

2189 1418 2317 1476 ergo
2343 1421 2442 1462 nos
2467 1407 2684 1465 fratres.
2712 1409 2818 1466 Sed
2844 1411 3089 1470 inimicus
3114 1430 3271 1472 meus
3288 1416 3531 1489 Paganus
3551 1430 3658 1487 est,
3690 1421 3785 1479 Ju-

2188 1496 2335 1555 daeus
2361 1509 2462 1569 est,
2484 1501 2768 1560 bzcreticus
2787 1507 2899 1575 estj;
2925 1516 2982 1563 et
3000 1508 3140 1565 unde
3161 1509 3471 1580 jamdudum
3496 1513 3631 1584 dixi,
3657 1514 3781 1573 Fiat

2187 1590 2417 1647 voiuntas
2443 1602 2528 1648 tua
2544 1636 2560 1663 ,
2587 1596 2715 1650 sicut
2747 1599 2801 1652 in
2828 1599 2973 1669 creto,
3005 1602 3078 1656 ita
3103 1611 3151 1656 et
3178 1604 3231 1658 in
3258 1612 3411 1659 terra.
3432 1605 3478 1662 Ο
3502 1607 3779 1677 Ecclesia,

2187 1681 2435 1740 inimicus
2461 1694 2581 1742 tuus
2604 1696 2689 1743 est
2712 1689 2952 1761 Paganus
2970 1733 2985 1758 ,
3014 1692 3251 1764 Judieus,
3281 1695 3604 1756 hatreticus:
3634 1709 3779 1759 terra

2187 1782 2288 1829 est.
2319 1773 2375 1831 Si
2404 1779 2599 1834 coelum
2627 1795 2684 1836 es
2704 1822 2719 1849 ,
2750 1781 2940 1840 invoca
2964 1784 3175 1842 Patrem
3200 1788 3401 1859 quiest
3426 1791 3479 1846 in
3505 1793 3660 1851 ccelis
3679 1837 3696 1864 ,
3725 1805 3781 1853 et

2185 1881 2284 1941 pro
2313 1869 2540 1927 inimicis
2568 1873 2670 1928 tuis
2714 1889 2845 1930 ora:
2875 1877 2998 1947 quia
3041 1886 3095 1934 et
3135 1879 3328 1938 Saulus
3365 1882 3615 1941 inimicus
3658 1896 3776 1943 erat

2184 1957 2474 2029 Ecclesiae;
2503 1964 2583 2020 sic
2608 1975 2816 2022 oratum
2849 1978 2931 2024 est
2959 1985 3056 2039 pro
3082 1971 3194 2040 illo,
3225 1973 3392 2030 factus
3430 1986 3516 2032 est
3540 1978 3768 2035 amicus.

2184 2050 2301 2108 Non
2335 2054 2506 2110 solum
2541 2056 2746 2113 destitit
2777 2075 2897 2117 esse
2928 2074 3268 2133 persecutor,
3300 2067 3398 2123 sed
3424 2069 3691 2127 laboravit
3717 2083 3780 2130 ut

2184 2155 2329 2202 esset
2350 2147 2581 2217 adjutor.
2611 2150 2678 2205 Et
2699 2151 2744 2206 si
2769 2168 2953 2208 verum
2978 2170 3215 2226 quaeras,
3248 2168 3456 2215 oratum
3480 2171 3566 2217 est
3588 2173 3778 2221 contra

2185 2236 2333 2292 illum
2359 2256 2373 2294 :
2401 2239 2494 2295 sed
2520 2250 2704 2296 contra
2728 2243 2843 2313 ejus
2869 2246 3146 2315 malitiam,
3178 2264 3285 2304 non
3307 2258 3570 2306 naturam.
3594 2252 3702 2309 Ora
3720 2265 3779 2311 et

2185 2338 2243 2386 tu
2267 2339 2454 2386 contra
2492 2334 2748 2389 malitiam
2789 2336 2990 2393 inimici
3020 2340 3097 2394 tui
3123 2358 3136 2393 :
3165 2340 3253 2395 illa
3279 2346 3558 2411 moriatur,
3602 2355 3660 2401 et
3686 2346 3780 2403 ille

2185 2423 2343 2478 vivat.
2387 2423 2444 2481 Si
2487 2427 2630 2481 enim
2670 2437 2913 2486 mortuus
2952 2429 3112 2488 fuerit
3140 2434 3385 2491 inimicus
3425 2446 3576 2508 tuus,
3618 2443 3779 2512 quasi

2183 2513 2400 2571 inimico
2427 2518 2664 2586 caruisti,
2698 2521 2793 2575 sed
2820 2538 2918 2578 nec
2942 2524 3171 2581 amicum
3197 2526 3466 2585 invenisti.
3497 2530 3557 2587 Si
3585 2541 3773 2590 autem

2182 2617 2392 2662 mortua
2432 2607 2592 2665 fuerit
2628 2612 2835 2668 malitia
2861 2615 2976 2685 ejus
3002 2634 3015 2671 :
3046 2628 3099 2673 et
3124 2619 3397 2677 inimicum
3421 2624 3688 2694 amisisti,
3720 2637 3782 2684 et

2182 2700 2411 2756 amicum
2438 2702 2707 2760 invenisti.

2253 2787 2477 2848 CAPUT
2516 2792 2608 2849 ΧΙ.
2635 2823 2707 2835 -
2730 2796 2819 2852 15.
2847 2796 3091 2855 Inimicos
3116 2801 3327 2876 diligere
3352 2823 3630 2877 paucorum
3665 2823 3776 2883 est,

2182 2883 2271 2937 sed
2317 2892 2484 2939 tamen
2529 2886 2592 2940 ab
2639 2889 2868 2945 omnibus
2910 2892 2966 2946 id
3004 2897 3366 2964 praestandum.
3386 2930 3390 2935 -
3411 2900 3600 2958 Adhuc
3639 2903 3781 2962 dici.

2185 2975 2289 3030 tis:
2318 2976 2448 3042 Quis
2477 2981 2687 3048 potest?
2716 2983 2837 3053 quis
2862 2983 2992 3040 illud
3014 2986 3172 3043 fecit?
3203 2990 3344 3048 Deus
3371 2993 3500 3050 illud
3527 2994 3693 3053 faciat
3716 2999 3777 3055 in

2182 3067 2436 3123 cordibus
2471 3072 2681 3129 vestris.
2735 3074 2804 3130 Et
2847 3091 2947 3148 ego
2984 3080 3127 3149 scio,
3167 3085 3321 3153 pauci
3358 3085 3491 3143 illud
3530 3088 3778 3161 faciunt,

2184 3161 2364 3254 magni
2387 3171 2512 3218 sunt
2533 3164 2624 3235 qui
2650 3164 2882 3237 faciunt,
2911 3171 3216 3241 spirituales
3249 3173 3470 3234 faciunt.
3499 3179 3777 3254 Numquid

2182 3250 2315 3307 tales
2343 3264 2467 3310 sunt
2502 3269 2692 3313 omnes
2726 3259 2780 3313 in
2811 3260 3049 3318 Ecclesia
3089 3265 3273 3323 fideles
3306 3270 3374 3325 ad
3412 3271 3581 3329 altare
3607 3250 3777 3333 acce-

2180 3343 2368 3401 dentes
2389 3387 2405 3413 ,
2431 3362 2626 3418 corpus
2645 3358 2704 3405 et
2721 3354 3032 3423 sanguinem
3053 3353 3255 3414 Christi
3278 3365 3585 3420 sumentes?
3612 3382 3781 3423 num-

2181 3436 2306 3506 quid
2340 3437 2472 3494 talos
2505 3451 2632 3495 sunt
2660 3444 2882 3498 omnes?
2910 3444 2977 3500 Et
3006 3456 3180 3504 tamen
3210 3466 3400 3509 omnes
3422 3454 3639 3525 dicunt,
3672 3457 3780 3516 Di-

2181 3529 2320 3584 mitte
2344 3532 2484 3587 nobis
2513 3534 2680 3591 debita
2699 3546 2892 3606 nostra,
2920 3541 3049 3595 sicut
3073 3550 3121 3597 et
3146 3560 3239 3599 nos
3258 3546 3556 3606 dimittimus
3576 3552 3781 3611 debito-

2180 3620 2321 3676 ribus
2364 3625 2566 3680 nostris.
2600 3625 2654 3681 Si
2701 3631 3022 3698 respondeat
3059 3633 3164 3690 illis
3205 3636 3349 3694 Deus
3377 3658 3391 3694 :
3423 3640 3560 3707 Quid
3604 3659 3635 3697 a
3681 3663 3779 3705 me

2179 3712 2359 3782 petitis
2391 3723 2446 3768 ut
2467 3716 2652 3772 faciam
2678 3720 2820 3789 quod
2844 3723 3084 3790 promisi,
3115 3728 3327 3796 quando
3345 3746 3441 3787 vos
3461 3750 3567 3789 non
3595 3735 3779 3797 facitis

2179 3804 2319 3875 quod
2341 3809 2611 3878 praecepi?
2634 3811 2769 3877 Quid
2795 3815 3051 3882 promisi?
3079 3818 3351 3877 Dimittere
3370 3824 3546 3881 debita
3565 3838 3776 3889 vestra.

2179 3893 2317 3960 Quid
2342 3901 2606 3969 praecepi?
2628 3901 2699 3957 Ut
2717 3912 2771 3958 et
2792 3920 2883 3961 vos
2904 3906 3183 3967 dimittatis
3203 3912 3531 3976 debitoribus
3551 3925 3774 3982 vestris.

2178 3985 2456 4052 Quomodo
2498 3994 2719 4061 potestis
2749 3994 2852 4052 hoc
2876 3996 3052 4056 facere
3071 4041 3085 4068 ,
3117 4003 3161 4057 si
3192 4018 3298 4061 non
3327 4008 3556 4081 diligatis
3585 4012 3778 4072 inimi-

2177 4079 2308 4134 ουεῖ
2335 4080 2470 4146 Quid
2508 4097 2638 4153 ergo
2678 4085 2864 4143 facturi
2908 4105 3120 4160 sumtis,
3171 4093 3399 4154 fratres?
3434 4079 3521 4158 'Ad
3566 4113 3777 4165 tantam

2179 4172 2494 4241 paucitatem
2535 4176 2792 4248 redigitur
2815 4196 2944 4251 grex
2973 4180 3203 4241 Christi?
3230 4187 3286 4244 Si
3313 4190 3415 4246 soli
3456 4193 3533 4249 illi
3568 4196 3779 4257 debent

2176 4262 2355 4320 dicere
2374 4306 2389 4331 ,
2422 4265 2631 4323 Dimitte
2658 4271 2798 4326 nobis
2825 4274 2989 4329 debita
3014 4287 3215 4348 nostra,
3245 4282 3376 4338 sicut
3400 4296 3446 4340 et
3470 4303 3563 4344 nos
3589 4291 3776 4348 dimit-

2177 4356 2326 4411 timus
2352 4358 2654 4419 debitoribus
2681 4366 2864 4421 nostris
2883 4409 2897 4434 ,
2925 4370 3017 4439 qui
3040 4369 3263 4443 diligunt
3282 4374 3554 4447 inimicos;
3580 4386 3776 4445 nescio

2174 4448 2300 4517 quid
2332 4449 2520 4506 faciam
2538 4494 2552 4519 ,
2584 4457 2765 4513 nescio
2790 4459 2915 4528 quid
2945 4460 3141 4518 dicam.
3171 4464 3419 4540 Dicturus
3444 4472 3589 4528 enim
3610 4477 3775 4536 vobis

2175 4554 2294 4595 sum
2319 4560 2332 4595 :
2366 4543 2421 4598 Si
2447 4559 2552 4600 non
2578 4545 2794 4618 diligitis
2836 4550 3077 4610 inimicos
3107 4565 3313 4615 vestros
3332 4601 3347 4627 ,
3379 4563 3544 4620 nolite
3572 4573 3775 4628 orare?

2173 4631 2290 4689 Non
2316 4635 2521 4692 audeo:
2550 4639 2657 4694 imo
2681 4647 2740 4695 ut
2766 4641 3015 4713 diligatis,
3044 4655 3214 4705 orate.
3246 4649 3350 4709 Sed
3380 4659 3638 4728 numquid
3665 4677 3775 4718 vo-

2173 4723 2256 4780 bis
2293 4726 2530 4784 dicturus
2564 4745 2681 4787 sum
2711 4750 2725 4788 :
2755 4732 2811 4789 Si
2840 4750 2948 4791 non
2984 4735 3203 4808 diligitis
3244 4742 3488 4803 inimicos
3512 4723 3731 4810 vestros
3753 4798 3772 4824 ,

2172 4818 2336 4875 nolite
2356 4820 2409 4875 in
2430 4822 2669 4879 oratione
2689 4823 2953 4882 dominica
2974 4827 3172 4899 dicere,
3194 4831 3408 4892 Dimitte
3428 4841 3570 4896 nobis
3591 4818 3774 4902 debitd

2173 4922 2365 4979 nostra,
2393 4913 2518 4967 sicut
2546 4923 2593 4969 et
2618 4931 2710 4970 nos
2737 4916 3034 4974 dimittimus
3053 4921 3355 4983 debitoribus
3383 4932 3601 4987 nostris?
3624 4933 3773 4993 Puta

2171 5006 2293 5077 quia
2320 5006 2461 5075 dico,
2490 5007 2660 5064 Nolite
2686 5009 2884 5067 dicere.
2912 5012 2968 5070 Si
2996 5029 3103 5070 non
3136 5015 3378 5076 dixeritis
3396 5062 3412 5086 ,
3439 5039 3547 5080 non
3575 5026 3774 5085 dimit-

2173 5109 2397 5157 tuntur:
2439 5102 2484 5157 si
2526 5102 2803 5171 dixeritis,
2848 5116 2904 5162 et
2949 5122 3055 5163 non
3101 5108 3373 5181 feceritis,
3423 5132 3530 5173 non
3570 5119 3769 5178 dimit-

2170 5201 2370 5249 tuntur.
2411 5192 2555 5266 Ergo
2580 5194 2865 5253 dicendum
2894 5207 2976 5256 est
3012 5208 3067 5256 et
3093 5199 3428 5276 faciendum,
3475 5218 3533 5265 ut
3569 5210 3768 5271 dimit-

2172 5294 2367 5342 tantur.

2240 5380 2464 5437 CAPUT
2500 5381 2613 5438 XII.
2653 5414 2725 5425 —
2762 5385 2850 5442 i6.
2907 5386 3124 5446 Inimico
3165 5386 3342 5449 saltem
3382 5398 3566 5467 petenti
3603 5400 3768 5457 detur

2168 5475 2331 5528 venia.
2375 5474 2543 5531 Video
2589 5477 2785 5549 aliquid
2823 5481 2965 5537 unde
3011 5498 3249 5555 possunt,
3276 5504 3384 5544 non
3432 5492 3765 5561 paucitatem

2168 5563 2529 5633 cltristianam,
2554 5565 2645 5623 sed
2672 5569 3062 5630 multitudinem
3088 5578 3352 5634 consolari
3376 5597 3388 5633 :
3416 5589 3467 5636 et
3491 5582 3603 5639 scio
3624 5588 3766 5656 quia

2170 5655 2272 5710 hoc
2297 5655 2612 5714 desideratis
2639 5661 2844 5717 audire.
2873 5663 3159 5737 Dimittite,
3189 5677 3245 5724 ut
3269 5670 3548 5727 dimittatur
3575 5655 3719 5733 vobis
3738 5720 3763 5749 ,

2168 5747 2410 5803 Christus
2452 5748 2586 5804 dixit
2614 5750 2764 5823 (Luc.
2792 5770 2878 5824 vi,
2905 5756 3015 5830 37).
3049 5760 3115 5815 Et
3138 5775 3233 5817 vos
3270 5761 3323 5817 in
3356 5764 3595 5823 oratione
3622 5747 3768 5839 quid

2234 5861 2251 5893 ι
2278 5868 2403 5925 diss,
2426 5860 2570 5915 simul
2593 5862 2654 5915 de
2676 5871 2824 5919 terra.
