4032 6332
318 322 421 387 385
1731 326 1876 386 SER]

1997 326 2157 387 LVll.
3490 344 3598 406 333

321 440 533 497 dicitis?
567 439 712 497 unde
748 441 910 497 modo
948 446 1272 497 tractamus:
1317 439 1524 496 Dimitte
1556 440 1698 497 nobis
1740 444 1908 500 debita
2014 445 2333 516 postulanti,
2361 445 2472 517 jam
2510 455 2664 519 potes
2690 449 2869 508 dicere
2890 447 3205 511 orationem
3248 454 3425 512 ismm.
3458 459 3527 514 Et
3550 458 3601 517 si

324 544 527 601 nostra,
554 534 685 589 sicut
713 542 759 589 et
787 551 879 591 nos
917 535 1214 589 dimittimus
1255 534 1558 591 debitoribus
1586 536 1788 591 nostris.
1818 536 1907 593 Sic
2012 538 2247 594 nondum
2276 540 2497 597 idoneus
2523 557 2581 598 es
2600 542 2822 615 diligere
2846 548 3177 616 saevientem,
3204 556 3381 605 tamen
3403 552 3601 609 oratio-

322 627 521 682 dimitte
544 668 559 694 ,
588 626 847 695 Domine,
893 627 1157 698 quomodo
1194 627 1531 683 dimittimus.
1585 628 1697 683 Hoc
1730 628 1902 685 dicis:

320 720 403 774 Sic
428 718 669 787 dimitte,
699 720 886 787 Pater,
929 721 1017 790 qui
1057 735 1115 775 es
1155 722 1209 774 in
1246 721 1430 787 emlis,
1474 719 1649 776 debita
1686 729 1900 788 nostra,

315 813 583 884 quomodo
618 821 676 869 et
701 830 801 870 nos
838 813 1152 869 dimittimus
1178 813 1505 869 debitoribus
1543 814 1759 869 nostris.
1793 814 1904 870 lioc
1950 868 1957 872 .

314 906 451 961 enim
482 906 661 962 facere
686 906 929 963 debetis:
958 906 1101 978 quod
1133 908 1177 962 si
1206 922 1310 962 non
1339 905 1570 963 feceritis
1592 949 1607 975 ,
1642 907 1899 977 peribitis.

311 996 533 1064 Quando
572 996 820 1053 inimicus
848 999 1055 1053 veniam
1098 999 1265 1068 petit,
1310 998 1565 1054 continuo
1602 998 1898 1053 dimittatis.

310 1091 376 1147 Et
403 1092 507 1173 [ioc
537 1093 764 1149 multum
791 1092 859 1147 ad
885 1093 1010 1147 vos?
1035 1092 1254 1148 Multum
1286 1082 1351 1147 ad
1376 1100 1429 1148 te
1457 1101 1592 1158 erat,
1631 1093 1899 1147 inimicum

308 1184 528 1255 diligere
554 1185 864 1240 sazvientem
888 1202 901 1239 :
933 1184 1160 1239 multum
1187 1193 1269 1240 est
1292 1185 1357 1240 ad
1384 1194 1455 1253 te,
1484 1185 1753 1241 hominem
1782 1186 1899 1241 dili-

307 1293 429 1348 gere
458 1278 885 1349 supplicantem?
922 1278 1059 1347 Quid
1088 1278 1261 1335 dicis?
1284 1279 1575 1349 Saeviebat,
1603 1290 1658 1336 et
1683 1281 1893 1337 oderas.

306 1371 515 1427 Mallem
539 1386 639 1428 nec
666 1381 793 1428 tunc
811 1372 1053 1429 odisses:
1087 1373 1298 1428 mallem
1323 1382 1450 1430 tunc
1470 1417 1486 1443 ,
1517 1390 1637 1431 cum
1667 1377 1895 1431 saevien-

305 1474 408 1521 tem
438 1466 733 1537 patereris,
762 1466 1046 1522 Dominum
1087 1465 1446 1523 recordareris
1474 1466 1757 1535 dicentem,
1788 1468 1897 1523 Pa-

303 1566 396 1625 ter,
421 1559 629 1630 ignosce
648 1559 774 1628 illis,
803 1558 924 1629 quia
950 1560 1176 1614 nesciunt
1194 1559 1316 1630 quid
1344 1560 1539 1631 faciunt
1568 1560 1717 1632 (Luc.
1740 1576 1891 1630 χχιιι,

300 1653 413 1725 54).
454 1654 570 1709 Hoc
603 1669 731 1725 ergo
758 1669 1083 1725 magnopere
1112 1654 1299 1709 vellem
1318 1696 1331 1720 ,
1379 1664 1437 1709 ut
1479 1655 1636 1710 etiam
1664 1670 1728 1710 eo
1753 1662 1893 1710 tem-

299 1760 447 1815 pore,
478 1762 601 1801 cum
635 1747 691 1801 in
728 1754 780 1802 te
806 1747 1057 1802 saeviebat
1082 1747 1356 1813 inimicus,
1385 1746 1679 1816 respiceres
1704 1747 1891 1802 Domi-

296 1851 422 1890 num
451 1836 623 1891 Deum
646 1846 796 1893 tuum
819 1837 917 1891 ista
939 1836 1225 1892 dicentem.
1252 1836 1357 1892 Sed
1379 1836 1515 1892 forte
1538 1837 1776 1893 dicturus
1796 1853 1887 1894 es:

295 1925 443 1981 Fecit
472 1927 596 1995 ille,
631 1927 725 1983 sed
761 1937 819 1983 ut
848 1929 1103 1983 Dominus
1125 1971 1138 1993 ,
1171 1929 1291 1999 quia
1332 1927 1576 1984 Christus
1597 1973 1610 1998 ,
1642 1930 1763 2000 quia
1795 1930 1889 1987 Dei

294 2017 495 2085 Filius,
542 2021 665 2090 quia
693 2010 1038 2091 Unigenitus,
1083 2021 1204 2091 quia
1235 2020 1466 2076 Verbum
1505 2036 1631 2077 caro
1669 2022 1883 2078 factum.

291 2108 427 2177 Quid
454 2126 560 2182 ego
590 2112 763 2167 malus
792 2123 845 2167 et
872 2112 1129 2167 invalidus
1158 2113 1353 2170 homo?
1378 2113 1432 2168 Si
1463 2114 1684 2168 multum
1712 2124 1793 2169 est
1818 2114 1887 2170 ad

292 2212 341 2259 te
373 2204 639 2260 Dominus
670 2215 818 2271 tuus,
850 2206 1112 2275 cogitetur
1136 2222 1165 2260 a
1199 2216 1247 2261 te
1275 2221 1561 2261 conservus
1589 2215 1729 2261 tuus.
1762 2207 1884 2264 Ste-

288 2297 501 2366 phanus
545 2306 761 2354 sanctus
808 2299 1183 2369 lapidabatur:
1235 2307 1287 2354 et
1336 2299 1473 2353 inter
1501 2299 1703 2369 lapides
1746 2316 1885 2370 genu

289 2392 394 2447 ﬁxo
422 2407 526 2463 pro
565 2393 797 2448 inimicis
826 2390 1045 2457 orabat,
1086 2401 1139 2447 et
1174 2391 1280 2457 ait,
1328 2391 1573 2458 Domine,
1605 2409 1667 2446 ne
1693 2401 1884 2447 statuas

286 2484 390 2538 illis
415 2484 516 2538 hoc
540 2496 801 2555 peccatum
823 2484 953 2553 (Act.
986 2499 1090 2551 vn,
1120 2481 1232 2555 59).
1256 2482 1335 2538 Illi
1359 2483 1558 2553 lapides
1580 2484 1879 2552 mittebant,

283 2590 392 2630 non
415 2576 630 2630 veniam
659 2576 998 2645 postulabant
1022 2593 1033 2628 :
1067 2583 1121 2630 et
1141 2575 1228 2629 ille
1248 2589 1345 2644 pro
1366 2575 1443 2629 eis
1467 2575 1670 2629 orabat.
1694 2575 1879 2631 Talem

283 2673 335 2721 te
373 2682 498 2722 esse
524 2667 683 2722 volo:
715 2667 941 2722 extende
985 2675 1055 2722 te.
1089 2666 1225 2733 Quid
1267 2666 1435 2721 trahis
1464 2681 1676 2737 semper
1704 2682 1796 2722 cor
1823 2666 1879 2723 in

283 2760 459 2813 terra?
490 2758 661 2827 Audi,
707 2758 929 2814 Sursum
961 2774 1053 2814 cor
1079 2776 1091 2812 :
1120 2758 1374 2824 extende,
1419 2757 1576 2828 dilige
1614 2759 1874 2814 inimicos.

279 2853 333 2909 Si
360 2870 469 2909 non
500 2863 653 2925 potes
677 2855 897 2925 diligere
924 2856 1250 2922 saevientem,
1282 2854 1443 2925 dilige
1470 2854 1552 2909 vel
1586 2862 1871 2924 petentem.

280 2946 448 3016 Dilige
469 2947 743 3003 hominem
765 2949 853 3018 qui
872 2949 962 3003 tibi
984 2948 1111 3003 dicit
1133 2966 1146 2999 :
1170 2947 1381 3014 Frater,
1401 2947 1638 3017 peccavi,
1662 2948 1876 3018 ignosce

278 3040 428 3094 mihi.
463 3040 616 3095 Tunc
643 3041 687 3095 si
713 3056 820 3096 non
848 3042 1142 3111 ignoveris,
1180 3058 1287 3097 non
1326 3042 1475 3109 dico,
1504 3042 1652 3097 deles
1679 3041 1877 3097 oratio-

279 3148 400 3188 nem
430 3134 501 3189 de
523 3135 688 3191 corde
716 3144 837 3202 tuo;
867 3136 961 3190 sed
990 3135 1253 3191 deleberis
1277 3134 1345 3190 de
1370 3135 1504 3190 libro
1535 3136 1645 3189 Dei.

344 3224 579 3282 CAPUT
620 3226 757 3281 Xlll.
783 3257 855 3267 —
886 3227 970 3281 i7.
1002 3226 1291 3298 Disciplina
1330 3227 1437 3282 sine
1464 3226 1601 3281 odio.
1655 3225 1872 3280 Inimico

274 3317 472 3371 ueniam
526 3335 716 3390 negans
764 3319 891 3373 nihil
928 3319 1025 3389 ipsi
1054 3328 1222 3385 nocet,
1273 3319 1360 3373 sed
1409 3319 1521 3373 sibi.
1581 3318 1636 3373 Si
1694 3328 1871 3373 autem

273 3410 357 3465 vel
386 3418 518 3466 tunc
539 3410 828 3481 ignoveris,
849 3411 932 3465 vel
952 3418 1079 3465 tunc
1099 3426 1162 3466 ex
1186 3410 1347 3466 corde
1370 3410 1632 3466 dimiseris
1654 3410 1867 3465 odium:

274 3499 453 3556 odium
478 3501 603 3556 dico
631 3500 869 3557 dimittas
892 3517 958 3556 ex
984 3500 1175 3568 corde,
1205 3516 1309 3556 non
1348 3500 1699 3570 disciplinam.
1732 3500 1870 3567 Quid
1904 3502 1911 3507 ’

277 3595 320 3648 si
348 3595 441 3649 ille
482 3595 572 3665 qui
616 3596 749 3666 petit
770 3595 1012 3663 veniam,
1047 3595 1381 3666 castigandus
1420 3604 1500 3650 est
1539 3610 1568 3649 a
1614 3596 1735 3650 me?
1765 3595 1871 3651 Fac

274 3687 413 3757 quod
457 3690 540 3743 vis
577 3706 591 3741 :
638 3698 766 3759 pulo
811 3691 955 3745 enim
997 3690 1139 3760 quod
1186 3690 1352 3744 tilium
1404 3699 1548 3744 tuum
1597 3689 1771 3760 diligis
1817 3698 1871 3747 ct

274 3779 490 3849 quando
519 3780 703 3837 caedis.
739 3781 1025 3854 Lacrymas
1055 3782 1355 3853 vapulantis
1385 3796 1490 3836 non
1529 3796 1683 3836 curas
1703 3782 1868 3852 :quia

274 3870 320 3923 ei
350 3872 721 3928 hereditatem
749 3888 957 3930 servas.
982 3875 1093 3945 Ego
1122 3874 1221 3929 hoc
1249 3874 1388 3939 dico,
1421 3882 1477 3928 ut
1504 3873 1569 3928 de
1598 3874 1758 3928 corde
1788 3873 1869 3928 di-

271 3965 452 4020 mittas
480 3966 684 4033 odium,
715 3967 926 4038 quando
950 3983 980 4021 a
1011 3979 1062 4024 te
1087 3968 1294 4023 veniam
1322 3967 1452 4037 petit
1472 3967 1733 4021 inimicus.
1760 3964 1865 4021 Sed

274 4057 407 4111 forte
435 4058 614 4116 dicis:
655 4059 922 4129 Mentitur,
956 4061 1124 4132 ﬁngit.
1168 4060 1211 4114 Ο
1235 4060 1396 4129 judex
1426 4058 1601 4114 cordis
1634 4059 1792 4114 alieni
1824 4060 1863 4128 ί,

272 4149 355 4204 die
391 4151 524 4206 mihi
556 4154 904 4225 cogitationes
930 4154 1097 4225 patris
1139 4154 1242 4221 tui,
1290 4154 1375 4209 dic
1414 4154 1543 4208 mihi
1588 4154 1865 4210 hesternas

270 4248 408 4296 tuas.
442 4243 637 4315 Rogat,
670 4247 879 4301 veniam
906 4247 1038 4317 petit
1064 4264 1076 4299 :
1111 4245 1318 4301 dimitte
1342 4288 1356 4313 ,
1385 4261 1605 4317 prorsus
1632 4246 1861 4301 dimitte.

271 4333 327 4387 Si
366 4351 477 4390 non
503 4335 805 4406 dimiseris,
847 4352 951 4393 non
992 4337 1068 4393 illi
1106 4352 1301 4407 noces,
1335 4337 1429 4393 sed
1458 4338 1572 4393 tibi.
1608 4338 1738 4392 Nam
1776 4338 1865 4395 ille

270 4429 369 4482 scit
395 4428 526 4500 quid
553 4438 637 4484 est
663 4429 915 4486 facturus.
943 4431 1067 4486 Non'
1083 4431 1164 4486 vis
1191 4440 1244 4486 tu
1284 4431 1549 4487 dimittere
1576 4447 1863 4489 conservus

268 4534 534 4577 conservo
563 4530 654 4577 tuo
678 4540 691 4576 :
720 4522 818 4578 ibit
847 4523 913 4578 ad
943 4524 1225 4579 Dominum
1254 4535 1511 4590 vestrum,
1545 4536 1597 4579 et
1626 4525 1766 4580 dicet
1789 4526 1860 4594 ei,

269 4612 517 4682 Domine,
546 4617 727 4686 rogavi
750 4631 1074 4673 conservum
1097 4632 1291 4683 meum,
1315 4626 1376 4672 ut
1396 4618 1690 4675 dimitteret
1709 4620 1856 4687 mihi,

270 4712 321 4758 et
350 4704 524 4761 noluit
566 4707 863 4775 dimittere;
907 4717 964 4764 tu
1007 4709 1138 4764 mihi
1182 4710 1407 4765 dimitte.
1453 4710 1717 4782 Numquid
1754 4729 1862 4768 non

268 4795 389 4852 licet
418 4799 649 4855 Domino
689 4799 865 4856 debita
908 4801 1149 4858 relaxare
1193 4804 1334 4858 servi
1374 4804 1492 4859 sui?
1523 4804 1615 4860 ille
1646 4814 1862 4876 accepta

267 4891 420 4945 venia
449 4906 478 4945 a
505 4891 734 4949 Domino
761 4894 964 4950 recedit
989 4895 1284 4962 absolutus,
1315 4904 1369 4951 tu
1394 4912 1641 4954 remanes
1662 4899 1862 4969 obliga-

268 4990 370 5040 tus.
416 4985 699 5053 Quomodo
726 4988 1021 5059 obligatus?
1047 4989 1341 5045 Venturum
1385 5002 1465 5046 est
1505 5000 1710 5062 tempus
1736 5007 1858 5047 ora-

270 5076 461 5145 tionis,
510 5087 795 5135 venturum
838 5090 920 5136 est
962 5090 1022 5136 ut
1048 5081 1227 5150 dicas,
1272 5082 1478 5137 Dimitte
1518 5085 1657 5138 nobis
1696 5084 1861 5139 debita

266 5177 467 5233 nostra,
500 5169 629 5223 sicut
658 5179 704 5225 et
732 5187 825 5226 nos
863 5173 1159 5229 dimittimus
1190 5174 1493 5230 debitoribus
1518 5176 1701 5230 nostris
1728 5192 1746 5231 :
1776 5188 1861 5233 rc-

266 5260 552 5327 spondebit
575 5262 667 5317 tibi
696 5264 968 5332 Dominus,
996 5264 1151 5321 Serve
1176 5284 1407 5337 nequam,
1438 5285 1553 5321 cum
1574 5277 1714 5321 tanta
1736 5269 1859 5323 mihi

268 5351 499 5420 deberes,
532 5358 722 5428 rogasti
751 5375 856 5427 me,
895 5368 943 5413 et
969 5359 1138 5415 dimisi
1167 5360 1290 5427 tibi;
1336 5378 1498 5416 nonne
1526 5363 1785 5430 oportebat
1810 5373 1858 5419 et

268 5451 313 5497 te
349 5447 577 5501 misereri
612 5452 836 5503 conservi
872 5453 973 5516 tui,
1013 5452 1141 5505 sicut
1174 5463 1218 5506 et
1252 5469 1341 5523 ego
1368 5454 1439 5508 tui
1476 5455 1707 5509 misertus
1746 5472 1858 5510 sum

268 5532 483 5604 (Matth.
516 5554 675 5607 xvm,
700 5540 788 5607 52,
817 5541 931 5611 35).
969 5542 1044 5597 De
1071 5542 1358 5614 Evangelio
1386 5554 1510 5600 sunt
1535 5545 1695 5601 verba
1724 5546 1853 5617 ista,

266 5639 373 5681 non
395 5626 465 5683 de
489 5629 652 5685 corde
677 5646 816 5687 meo.
838 5631 895 5688 Si
913 5642 1091 5687 autem
1117 5644 1333 5705 rogatus
1358 5634 1624 5691 dimiseris
1646 5637 1855 5693 veniam

328 5762 347 5835 ξ
371 5769 495 5835 vox,
707 5768 849 5835 abest
868 5781 897 5818 a
919 5771 1187 5835 potioribus
1208 5778 1315 5820 Mss.
1341 5770 1483 5822 Paulo
1507 5778 1616 5834 post
1639 5773 1756 5835 editi
1772 5773 1855 5823 ha-

266 5820 798 5893 bebang'cogitationes
819 5820 1076 5895 fratristui
1087 5847 1107 5897 ;
1138 5820 1222 5885 ubi
1244 5841 1349 5885 Mss.
1374 5820 1742 5900 ontuelsﬁatris
1764 5820 1851 5887 tui.

2011 644 2135 685 nem
2183 620 2338 686 istam
2377 640 2528 703 potes
2559 634 2767 699 dicere,
2805 635 3012 693 Dimitte
3044 640 3184 694 nobis
3211 641 3377 695 debita
3408 645 3595 713 nostri,

2009 722 2136 776 sicut
2161 732 2207 777 et
2230 740 2321 778 nos
2351 725 2647 781 dimittimus
2673 728 2976 785 debitoribus
3002 734 3208 787 nostris.
3238 734 3597 794 Transeamus

2006 813 2075 868 ad
2097 814 2320 885 reliqua.

2080 908 2168 963 18.
2200 908 2361 963 Sexta
2393 912 2582 981 petitio.
2614 943 2685 952 —
2710 912 2777 966 Et
2804 930 2864 967 ne
2903 931 2993 969 nos
3033 916 3222 987 inferas
3264 920 3318 973 in
3360 921 3594 976 tentatio-

2006 1016 2141 1053 nem.
2177 1000 2388 1055 Dimitte
2414 1004 2554 1057 nobis
2583 1004 2747 1058 debita
2786 1014 2973 1073 nostra,
3007 1009 3135 1061 sicut
3173 1020 3219 1063 et
3245 1028 3334 1065 nos
3376 1013 3593 1066 dimitti-

2006 1107 2118 1145 mus
2142 1092 2446 1148 debitoribus
2471 1097 2897 1167 nostris,propter
2926 1100 3188 1167 praeterita
3222 1111 3431 1170 peccata
3464 1103 3590 1158 dici-

2004 1198 2157 1250 mus,
2190 1200 2310 1254 quzc
2341 1200 2448 1240 non
2486 1202 2771 1256 possumus
2810 1188 3019 1256 facere,
3052 1198 3109 1243 ut
3148 1192 3278 1245 facta
3322 1209 3427 1249 non
3458 1194 3584 1248 sint.

2003 1277 2349 1348 Potesagerc
2374 1320 2389 1345 ,
2420 1287 2478 1333 ut
2520 1295 2624 1335 non
2672 1280 2833 1335 facias
2861 1282 3001 1351 quod
3044 1282 3212 1337 fecisti
3244 1303 3257 1337 :
3286 1284 3412 1354 quid
3441 1286 3575 1356 agis.

2004 1378 2063 1426 ut
2089 1386 2195 1426 non
2229 1373 2297 1426 sit
2327 1371 2523 1427 factum
2554 1374 2695 1442 quod
2722 1372 2936 1429 fecisti?
2970 1375 3191 1443 Propter
3221 1376 3306 1430 illa
3335 1393 3451 1447 qua:
3476 1378 3586 1447 jam

2002 1461 2141 1517 facta
2186 1472 2328 1530 sunt,
2376 1464 2477 1519 ista
2532 1465 2627 1519 tibi
2678 1467 2942 1520 sententia
2990 1468 3246 1522 orationis
3290 1468 3581 1524 subvenit:

2001 1554 2213 1610 Dimitte
2258 1556 2399 1611 nobis
2447 1557 2611 1611 debita
2654 1568 2856 1623 nostra,
2906 1560 3032 1613 sicut
3074 1570 3121 1613 et
3165 1577 3255 1615 nos
3289 1560 3584 1618 dimittimus

2001 1650 2305 1706 debitoribus
2333 1654 2536 1706 nostris.
2561 1653 2786 1723 Propter
2816 1654 2901 1707 illa
2928 1654 2982 1707 in
3009 1670 3127 1723 qua:
3148 1664 3299 1723 potes
3326 1655 3580 1727 incidere,

1999 1742 2126 1811 quid
2156 1741 2361 1799 facies?
2393 1742 2475 1797 Ne
2502 1760 2592 1797 nos
2622 1745 2809 1815 inferas
2841 1746 2895 1797 in
2925 1746 3243 1799 tentationem
3260 1762 3280 1811 ;
3310 1747 3398 1800 sed
3424 1748 3582 1801 libera

1998 1852 2088 1891 nos
2115 1853 2147 1890 a
2179 1838 2334 1891 malo.
2366 1836 2448 1891 Ne
2486 1854 2576 1891 nos
2606 1838 2796 1909 inferas
2826 1838 2878 1890 in
2910 1838 3274 1905 tentationcm;
3309 1839 3399 1893 sed
3425 1839 3582 1895 libera

1996 1944 2088 1982 nos
2118 1945 2149 1981 (ι
2175 1929 2349 1994 malo;
2382 1918 2612 1994 hoc‘est,
2644 1931 2711 1983 ab
2742 1930 2853 1997 ipsa
2885 1930 3195 1985 tentatione.

2065 2018 2288 2074 CAPUT
2319 2018 2457 2073 XIV.
2486 2050 2549 2061 —-
2583 2020 2669 2075 19.
2705 2019 2979 2075 Petitiones
3014 2032 3111 2075 tres
3136 2030 3378 2077 wternam
3401 2025 3573 2093 vitam,

1992 2119 2038 2164 et
2086 2120 2184 2166 tres
2225 2112 2376 2183 huius
2420 2114 2532 2167 vita:
2590 2114 2900 2167 necessitates
2959 2114 3250 2185 respiciunt.
3311 2115 3379 2170 Et
3422 2124 3580 2173 erunt

1992 2204 2279 2272 petitiones
2307 2204 2413 2258 illic
2441 2212 2569 2269 tres,
2601 2204 2957 2274 Sancti/icetur
2996 2223 3175 2261 nomen
3203 2216 3363 2260 tuum.
3400 2207 3579 2262 Veniat

1990 2310 2200 2364 regnum
2227 2305 2386 2361 tuum,
2418 2294 2539 2348 Fiat
2590 2295 2819 2351 voluntas
2868 2306 2953 2349 tua
2976 2338 2990 2363 ,
3036 2298 3161 2351 sicut
3204 2299 3258 2351 in
3299 2300 3422 2354 caelo
3448 2308 3494 2354 et
3520 2300 3577 2353 in

1993 2394 2127 2437 terra
2152 2402 2170 2439 :
2200 2394 2309 2441 tres
2336 2386 2450 2441 ista:
2483 2388 2763 2456 petitiones
2790 2397 2912 2442 sunt
2943 2398 3155 2458 prepter
3183 2390 3343 2445 vitam
3381 2390 3573 2446 Imma-

1988 2491 2110 2530 nam
2152 2474 2249 2549 (rt).
2293 2477 2518 2548 Semper
2556 2476 2696 2533 enim
2738 2480 3120 2534 sanctiﬁcatum
3150 2481 3201 2534 in
3234 2483 3385 2537 nobis
3414 2482 3573 2539 debet

1985 2580 2105 2622 esse
2125 2582 2321 2622 nomen
2358 2570 2471 2635 Dei,
2509 2585 2719 2640 semper
2740 2572 2794 2626 in
2827 2587 2989 2640 regno
3011 2572 3125 2642 ejus
3151 2587 3269 2627 esse
3289 2574 3568 2642 debemus.

1988 2674 2202 2729 semper
2247 2661 2574 2717 voluntatem
2634 2663 2749 2733 ejus
2797 2663 2975 2718 facere
3032 2664 3306 2719 debemus.
3362 2666 3473 2720 Hoc
3513 2667 3569 2721 in

1989 2760 2247 2806 internum
2274 2753 2395 2807 erit.
2444 2753 2605 2807 Panis
2648 2754 2985 2824 quotidianus
3027 2754 3185 2810 modo
3211 2764 3293 2811 est
3318 2771 3568 2812 necessa-

1986 2844 2120 2899 rius.
2150 2844 2268 2899 1am
2311 2845 2377 2900 ab
2424 2845 2526 2900 hoc
2566 2846 2789 2900 articulo
2831 2856 3021 2901 caetera
3065 2864 3182 2918 qua:
3227 2864 3461 2915 oramus,
3499 2849 3570 2905 ad

1983 2939 2264 3007 praesentis
2314 2939 2438 2992 vita:
2484 2938 2857 2993 necessitatem
2906 2940 3190 3008 pertinent.
3232 2940 3392 2996 Panis
3438 2956 3570 3011 quo-

1980 3028 2210 3084 tidianus
2253 3030 2309 3083 in
2344 3030 2442 3085 hac
2466 3030 2573 3086 vita
2608 3032 2941 3086 necessarius
2988 3040 3101 3099 est;
3151 3032 3343 3087 dimitti
3388 3033 3566 3091 debita

1980 3128 2164 3175 nostra
2206 3122 2261 3176 in
2313 3121 2414 3177 hac
2446 3122 2553 3177 vita
2597 3123 2957 3178 necessarium
3008 3134 3107 3179 est.
3156 3124 3287 3180 Nam
3333 3141 3452 3181 cum
3497 3126 3565 3182 ad

1979 3213 2123 3268 illam
2156 3215 2450 3281 veniemus,
2480 3215 2655 3271 debita
2688 3217 2917 3272 ﬁnimus.
2946 3217 3005 3271 lu
3045 3217 3142 3272 bac
3169 3226 3309 3273 terra
3342 3221 3563 3276 tentatio

1980 3314 2081 3372 est,
2115 3308 2165 3361 in
2198 3307 2297 3363 bac
2338 3317 2479 3363 terra
2520 3310 2817 3380 periculose
2859 3310 3153 3381 navigatur,
3186 3313 3236 3366 in
3286 3312 3385 3367 bac
3425 3323 3565 3370 terra

1978 3414 2074 3469 per
2105 3401 2265 3457 rimas
2293 3401 2635 3473 fragilitatum
2666 3404 2927 3459 subintrat
2953 3404 3170 3475 aliquid,
3203 3405 3343 3476 quod
3373 3406 3565 3461 debeat

1977 3498 2254 3552 sentinari.
2284 3499 2416 3553 Cum
2444 3508 2619 3553 autem
2650 3498 2773 3553 facti
2800 3500 3055 3554 fuerimus
3083 3501 3312 3570 :equales
3341 3500 3560 3573 Angelis

1977 3589 2103 3655 Dei,
2144 3592 2281 3645 absit
2328 3602 2386 3645 ut
2432 3591 2703 3658 dicamus,
2732 3593 2868 3645 absit
2912 3601 2967 3646 ut
3010 3608 3257 3662 rogemus
3286 3593 3473 3660 Deum,
3506 3601 3561 3648 ut

1975 3682 2203 3737 dimittat
2247 3684 2426 3739 debita
2476 3696 2678 3753 nostra,
2731 3702 2847 3755 qua:
2890 3687 3031 3740 nulla
3076 3696 3252 3742 erunt.
3298 3688 3395 3744 llic
3431 3704 3558 3760 ergo

1977 3776 2128 3846 panis
2157 3777 2515 3846 quotidianus,
2552 3779 2635 3832 hic
2682 3788 2736 3832 ut
2784 3779 2960 3834 debita
3004 3779 3353 3847 dimittantur,
3384 3779 3470 3835 hic
3503 3790 3560 3837 ut

1974 3882 2081 3923 non
2114 3868 2371 3925 intremus
2420 3870 2474 3924 in
2506 3871 2890 3937 tentationcm;
2923 3872 3045 3942 quia
3090 3872 3143 3927 in
3182 3864 3269 3927 illa
3300 3873 3408 3927 vita
3437 3881 3557 3928 ten-

1972 3961 2101 4015 tatio
2140 3976 2247 4015 non
2294 3962 2458 4017 intrat
2489 3981 2503 4017 :
2536 3964 2625 4017 hic
2660 3972 2718 4017 ut
2756 3963 3044 4020 liberemur
3072 3979 3102 4019 a
3130 3966 3309 4033 malo;
3349 3965 3471 4036 quia
3500 3967 3557 4022 in

1971 4052 2059 4107 illa
2098 4053 2205 4109 vita
2255 4055 2452 4109 malum
2502 4056 2741 4125 nullum,
2790 4056 2883 4111 sed
2928 4057 3125 4113 bonum
3174 4059 3555 4130 sempiternum

1971 4144 2323 4214 permanebit.

2468 4236 2696 4292 SERMO
2735 4238 2869 4293 LVll
2900 4243 2917 4263 α
2959 4240 3053 4309 (b).

1970 4325 2192 4381 Rursum
2221 4329 2273 4381 in
2299 4327 2528 4383 Matt/tan
2552 4341 2703 4398 caput
2727 4347 2809 4396 v1,
2839 4331 2997 4397 9-15,
3027 4333 3088 4386 de
3123 4335 3347 4388 oratione
3369 4334 3550 4391 Domi-

2452 4421 2587 4489 nica,
2618 4422 2684 4474 ad
2716 4422 3077 4492 Competentes.

2042 4532 2270 4589 CAPUT
2300 4533 2714 4592 PRIMUM—1.
2750 4536 3046 4609 Symbolum
3074 4541 3232 4609 prius,
3254 4551 3357 4596 tum
3376 4541 3555 4600 Oratio

1970 4626 2237 4680 tradenda.
2281 4626 2424 4683 Ordo
2453 4638 2535 4685 est
2568 4630 2933 4686 mdiiicationis
2981 4642 3201 4700 vestrae,
3241 4644 3296 4689 ut
3334 4635 3553 4692 discalis

1971 4717 2117 4787 prius
2146 4717 2273 4789 quid
2300 4719 2529 4775 credatis
2549 4762 2563 4786 ,
2598 4730 2651 4776 et
2678 4732 2859 4792 postea
2888 4724 3013 4793 quid
3044 4726 3253 4795 petatis.
3288 4725 3375 4780 Sic
3406 4726 3550 4781 enim

1968 4812 2097 4867 dicit
2139 4814 2444 4883 Apostolus,
2500 4814 2661 4869 Erit:
2696 4818 2857 4871 onmis
2903 4818 2987 4887 qui
3033 4818 3335 4872 invocaverit
3370 4835 3551 4873 nomen

1973 4904 2194 4970 Domini,
2228 4905 2398 4961 salvus
2446 4907 2558 4960 erit.
2609 4907 2721 4963 Hoc
2752 4911 3113 4965 testimonium
3140 4912 3324 4967 beatus
3355 4912 3551 4968 Paulus

1968 4998 2144 5067 posuit
2172 4997 2240 5053 de
2268 4999 2524 5069 prOpbeta
2558 5018 2568 5053 :
2601 5002 2722 5072 quia
2754 5003 3004 5072 praedicta
3032 5014 3154 5058 sunt
3198 5020 3295 5073 per
3320 5005 3549 5075 prophe—

1969 5097 2074 5143 tam
2124 5091 2222 5144 ista
2264 5100 2527 5163 tempora,
2579 5095 2789 5165 quando
2831 5112 3017 5153 omnes
3061 5098 3353 5153 invocaturi
3400 5107 3552 5154 erant

1969 5180 2177 5235 Deum:
2229 5181 2331 5247 Qui
2378 5184 2679 5239 invocaverit
2719 5204 2898 5242 nomen
2946 5187 3172 5255 Domini,
3222 5191 3388 5243 salvus
3438 5191 3551 5245 erit.

1968 5272 2033 5327 Et
2060 5274 2301 5343 adjunxit
2346 5294 2359 5331 :
2416 5278 2679 5345 Quomodo
2722 5291 2887 5335 autem
2930 5282 3258 5349 invocabant,
3310 5285 3363 5337 in
3407 5301 3553 5355 quem

1966 5381 2067 5419 non
2093 5367 2449 5424 crediderunt?
2473 5381 2559 5425 attt
2584 5372 2833 5442 quomodo
2858 5375 3077 5441 credent,
3107 5392 3251 5445 quem
3278 5393 3375 5430 nou
3403 5376 3554 5430 audi-

1965 5459 2154 5512 erunt?
2182 5458 2446 5525 Quomodo
2476 5473 2645 5519 autent
2668 5465 2895 5533 audient,
2938 5468 3045 5521 sine
3077 5470 3382 5538 prwdicuute
3401 5469 3427 5521 .9
3463 5478 3551 5523 aut

1964 5553 2213 5621 quomodo
2251 5556 2618 5626 pra’dicabunt,
2648 5559 2693 5612 si
2717 5576 2815 5613 non
2852 5562 3116 5627 mittantur
3153 5561 3311 5633 (Joel.
3340 5576 3375 5616 tt
3395 5601 3411 5629 ,
3444 5562 3549 5632 52;

2028 5690 2045 5710 ‘
2070 5692 2135 5741 Ad
2158 5707 2232 5756 gr.
2256 5706 2298 5742 r.
2326 5692 2461 5743 Ulim.
2487 5702 2587 5745 Par.
2612 5702 2721 5747 Lov.
2750 5697 3056 5749 emendatus.

2025 5775 2101 5899 in;
2131 5783 2289 5838 Forte,
2313 5784 2563 5829 attentam.

2052 5837 2079 5885 b
2134 5837 2273 5889 Alias.
2295 5840 2358 5891 de
2382 5842 2563 5893 Diversi

2052 5837 2101 5894 b)
2134 5837 2281 5889 Alias.
2295 5840 2358 5891 de
2382 5842 2594 5893 Diversis
2610 5844 2656 5894 9.
