4032 6332
419 338 531 401 597

428 459 585 517 Rom.
614 471 673 521 ι,
705 451 939 524 iii-l5)?
965 447 1110 510 Missi
1133 456 1260 504 sunt
1283 460 1409 518 ergo
1435 445 1834 517 praedicatores,
1866 457 2004 513 pra;-

428 551 741 609 dieaverunt
765 545 1052 605 Christum.
1082 542 1194 600 illis
1223 537 1632 610 prauiicantibus
1657 536 1832 606 populi
1860 531 2010 594 nudi-

433 649 611 708 erunt,
637 635 900 694 audiendo
926 633 1287 698 crediderunt,
1318 630 1584 688 credendo
1610 629 2005 688 invocaverunt.

431 733 565 802 Quia
593 745 721 800 ergo
747 727 1047 784 rectissime
1088 733 1145 780 et
1188 723 1463 783 verissime
1489 721 1690 781 dictum
1717 728 1822 785 est,
1867 717 2010 782 Quo-

432 823 582 880 modo
627 820 962 886 invocabant,
1014 818 1067 871 in
1119 832 1268 888 quem
1317 832 1414 870 non
1470 811 1833 872 crediderunt?
1892 808 2012 864 ideo

428 918 576 990 prius
599 913 858 970 didicistis
884 911 1026 982 quod
1048 909 1342 966 crederetis
1374 926 1386 962 :
1425 906 1583 964 hodie
1607 903 1865 964 didicistis
1889 913 2009 963 cum

431 1013 704 1075 invocare,
734 1009 786 1063 in
816 1022 976 1078 quem
1004 1003 1324 1063 credidistis.
1867 1044 1870 1048 .

499 1100 730 1158 CAPUT
778 1098 841 1154 ll.
876 1128 948 1144 η-
976 1097 1030 1152 2.
1081 1095 1249 1152 Filius
1281 1093 1380 1148 Dei
1417 1096 1598 1163 fratres
1630 1104 1750 1148 suos
1785 1102 1876 1142 nos
1909 1101 2017 1147 esse

433 1194 610 1249 notuit.
674 1192 839 1246 Filius
884 1190 978 1244 Dei
1023 1187 1279 1243 Dominus
1337 1194 1520 1240 noster
1567 1181 1724 1237 Jesus
1772 1178 2016 1240 Christus

434 1284 618 1343 docuit
656 1299 756 1340 nos
795 1281 1091 1338 orationem
1135 1296 1147 1332 :
1193 1287 1248 1334 et
1299 1292 1420 1333 cum
1469 1276 1539 1332 sit
1583 1273 1695 1344 ipse
1739 1271 2013 1334 Dominus,

435 1378 578 1432 sicut
620 1376 671 1432 in
701 1373 954 1446 Symbolo
1002 1371 1281 1442 accepistis
1323 1377 1378 1424 et
1424 1365 1809 1431 reddidistis‘,
1855 1362 2020 1424 Filius

442 1469 540 1524 Dei
582 1468 790 1534 unicus,
822 1475 1000 1520 tamen
1028 1463 1196 1519 noluit
1223 1477 1342 1518 esse
1386 1474 1541 1520 unus.
1589 1457 1785 1519 Unicus
1820 1464 1921 1522 est,
1967 1462 2022 1517 et

436 1576 577 1618 unus
602 1573 720 1616 esse
744 1558 914 1614 noluit
941 1576 951 1611 :
979 1557 1171 1612 fratres
1198 1554 1395 1611 habere
1419 1553 1664 1622 dignatus
1689 1559 1788 1606 est.
1817 1548 2021 1614 Quibus

435 1654 580 1711 enim
619 1653 781 1717 dicit,
830 1650 1032 1716 Dicite,
1078 1648 1236 1704 Pater
1274 1658 1477 1712 mater,
1521 1647 1608 1716 qui
1653 1661 1708 1700 es
1747 1645 1800 1702 in
1839 1641 2023 1706 catis?

437 1747 615 1814 Quem
646 1744 810 1800 voluit
843 1758 873 1797 a
898 1741 1050 1798 nobis
1077 1740 1335 1811 appellari
1364 1739 1574 1798 Patrem
1606 1746 1848 1792 nostrum
1867 1775 1882 1800 ,
1920 1733 2022 1790 nisi

442 1837 657 1894 Patrem
683 1833 876 1895 suum?
905 1831 1169 1900 Numquid
1197 1829 1386 1888 invidit
1414 1829 1605 1886 nobis?
1643 1827 1897 1890 Parentes
1924 1825 2023 1880 ali-

442 1926 656 1998 quando
681 1941 799 1980 cum
829 1923 1111 1995 genuerint
1139 1937 1300 1980 unum
1333 1921 1522 1986 tilium,
1555 1919 1708 1983 duos,
1739 1927 1882 1984 tres;
1914 1917 2024 1988 jam

439 2020 637 2075 timent
677 2029 972 2088 generare,
1021 2028 1092 2070 ne
1139 2012 1334 2070 iaciant
1379 2012 1511 2068 alios
1549 2009 1872 2070 mendicare.
1919 2005 2024 2060 Sed

440 2109 566 2181 quia
592 2109 710 2167 talis
738 2116 820 2164 est
860 2105 1147 2164 haereditas
1175 2119 1333 2175 quam
1362 2103 1514 2158 nobis
1545 2101 1835 2172 promittit,
1865 2114 2026 2169 quam

442 2201 594 2259 limiti
625 2200 918 2265 obtineant,
944 2208 996 2256 et
1025 2197 1294 2268 angustias
1319 2209 1480 2257 nemo
1533 2195 1796 2264 patiatur;
1825 2192 1943 2248 ideo
1973 2191 2026 2246 in

440 2306 593 2350 suam
621 2292 1002 2348 fraternitatem
1031 2289 1237 2344 vocavit
1279 2288 1503 2358 populos
1544 2287 1805 2356 gentium,
1836 2292 1890 2349 et
1927 2283 2028 2338 ba-

446 2383 540 2444 bet
575 2383 772 2439 Unicus
817 2380 1231 2441 innumerabiles
1261 2379 1451 2434 fratres
1490 2378 1578 2447 qui
1623 2377 1827 2442 dicant,
1873 2374 2030 2437 Pater

447 2482 619 2531 noster
645 2474 731 2545 qui
761 2490 812 2528 es
842 2473 894 2526 in
925 2473 1085 2532 costis.
1128 2471 1386 2528 Dixerunt
1416 2471 1514 2524 ista
1541 2469 1630 2540 qui
1667 2468 1878 2522 fuerunt
1907 2474 2030 2528 ante

444 2581 545 2626 nos
575 2581 587 2618 :
620 2565 813 2620 dicturi
841 2563 1072 2633 suntqui
1098 2571 1256 2622 erunt
1284 2569 1405 2631 post
1433 2575 1552 2618 nos.
1583 2559 1775 2628 ,Videte
1805 2566 2030 2628 quantos

443 2655 637 2716 fratres
677 2657 868 2715 habeat
903 2655 1103 2716 Unicus
1144 2654 1198 2710 in
1245 2669 1340 2712 sua
1382 2653 1584 2724 gratia,
1630 2649 2031 2713 communit-tatis

449 2766 570 2806 cum
617 2750 720 2804 iliis
751 2748 1123 2816 hereditatem,
1155 2762 1252 2816 pro
1282 2745 1475 2818 quibus
1523 2743 1738 2814 pertulit
1779 2751 2027 2806 mortem.

454 2842 791 2900 Habebamus
819 2851 1025 2913 patrem
1057 2849 1109 2898 et
1145 2848 1372 2898 t'natrsm
1417 2839 1469 2892 in
1501 2849 1662 2903 terra,
1697 2846 1753 2892 ut
1782 2850 2031 2898 nascere-

449 2951 570 2994 mur
592 2935 658 2992 ad
682 2935 891 2992 labores
909 2944 964 2990 et
987 2943 1216 2990 mortem
1243 2951 1253 2986 :
1282 2931 1580 2989 invenimus
1603 2932 1736 2990 alios
1761 2940 2026 3000 parentes,

454 3026 619 3086 Deum
647 3025 856 3082 Patrem
885 3035 940 3082 et
965 3035 1186 3082 matrem
1219 3024 1533 3089 Ecclesium,
1565 3039 1594 3078 a
1622 3023 1812 3092 quibus
1841 3038 2030 3083 nasca-

451 3134 572 3174 mur
594 3116 662 3175 ad
689 3117 847 3174 vitam
875 3124 1148 3174 mternam.
1173 3116 1503 3186 Cogitemus,
1534 3113 1853 3180 charissimi,
1882 3115 2032 3183 cujus

451 3209 547 3266 lilii
589 3225 708 3264 esse
734 3209 994 3278 coepimus
1024 3225 1036 3262 :
1067 3216 1122 3264 et
1159 3208 1237 3268 sic
1275 3209 1534 3273 vivamus,
1565 3208 1834 3277 quomodo
1877 3206 2034 3264 decet

452 3317 550 3364 eos
587 3303 676 3373 qui
722 3303 882 3356 talem
931 3301 1129 3359 habent
1164 3301 1397 3362 Patrem.
1431 3299 1636 3365 Videte,
1666 3300 1786 3369 quia
1813 3297 2034 3362 Creator

449 3403 636 3454 noster
662 3394 915 3465 dignatus
941 3404 1023 3452 est
1048 3411 1167 3454 esse
1192 3394 1348 3452 Pater
1371 3402 1576 3454 noster.

520 3488 743 3548 CAPUT
775 3489 866 3544 Ill.
895 3520 964 3528 —
991 3491 1043 3545 5.
1074 3488 1210 3556 Quid
1258 3505 1290 3544 a
1337 3486 1495 3541 Patre
1545 3488 1830 3558 petendum.
1870 3487 2034 3546 Audi-

445 3581 620 3640 uimus
647 3596 803 3651 quem
831 3581 1078 3642 invocare
1107 3581 1416 3648 debeamus,
1447 3595 1549 3650 qua
1582 3595 1675 3650 spe
1705 3581 2032 3644 ltmt‘editatis

447 3681 666 3730 aeternae
692 3672 902 3728 Patrem
935 3674 987 3730 in
1019 3672 1169 3728 coelis
1199 3671 1396 3730 habere
1418 3672 1678 3741 cmpimus
1711 3691 1722 3725 :
1757 3673 2031 3730 audiamus

446 3765 577 3835 quid
624 3765 692 3822 ab
737 3765 832 3822 illo
887 3775 1148 3836 petamus.
1200 3765 1242 3818 A
1297 3764 1388 3820 tali
1439 3764 1596 3824 Patre
1642 3765 1768 3835 quid
1823 3767 2033 3836 petituri

450 3859 675 3922 sumus?
713 3856 976 3928 Numquid
1017 3872 1123 3912 non
1153 3858 1172 3887 ¹
1198 3856 1266 3911 ab
1306 3856 1395 3910 illo
1437 3865 1490 3910 et
1531 3855 1692 3913 hodie
1731 3867 1782 3912 et
1827 3858 1940 3916 heri
1979 3867 2036 3924 et

447 3954 835 4017 nudiustertius
882 3951 1120 4022 pluviam
1159 3951 1430 4021 petimus?
1477 3951 1615 4004 Nihil
1663 3967 1922 4021 magnum
1953 3959 2036 4016 est

448 4045 596 4116 quod
623 4061 654 4100 a
688 4045 776 4100 tali
808 4045 963 4099 Patre
989 4043 1328 4112 quzrsivimns
1363 4061 1373 4095 :
1408 4052 1461 4104 et
1490 4051 1666 4098 tamen
1701 4043 1888 4096 videtis
1915 4057 2034 4096 cum

458 4147 656 4208 quanto
681 4137 903 4207 gemitu,
933 4150 1051 4189 cum
1081 4143 1277 4205 quanto
1320 4134 1587 4188 desiderio
1616 4133 1842 4202 pluviam
1883 4143 2034 4203 peta-

460 4245 599 4295 mus,
624 4243 742 4282 cum
769 4223 913 4281 mors
937 4227 1170 4293 timetur,
1199 4235 1253 4280 et
1280 4225 1380 4281 hoc
1406 4226 1620 4280 timetur
1646 4224 1782 4294 quod
1811 4225 2035 4280 evadere

457 4319 635 4380 nullus
662 4327 857 4388 potest.
891 4317 1074 4374 Omnis
1100 4317 1239 4372 enim
1281 4319 1444 4372 homo
1477 4316 1635 4370 citius
1675 4315 1843 4369 serius
1870 4316 2034 4380 mori-

457 4417 609 4464 turus
639 4420 720 4463 est
749 4426 760 4460 :
787 4416 839 4463 et
867 4408 1146 4478 gemimus,
1177 4422 1444 4478 rogamus,
1469 4405 1807 4476 parturimus,
1836 4407 2034 4461 clama-

454 4517 574 4564 mus
617 4502 682 4557 ad
733 4502 916 4569 Deum,
952 4510 1007 4556 ut
1052 4502 1210 4572 paulo
1253 4500 1424 4557 serius
1471 4500 1782 4562 moriamur.
1827 4499 2036 4575 Quanto

455 4595 625 4665 magis
669 4593 734 4649 ad
779 4594 922 4648 illum
952 4593 1208 4648 debemus
1237 4593 1467 4647 clamare
1492 4631 1506 4660 ,
1562 4600 1617 4646 ut
1647 4593 1917 4650 veniamus
1948 4595 2034 4650 ubi

455 4702 723 4756 nunquam
753 4685 1082 4741 moriamur?

526 4781 753 4839 CAPUT
790 4782 877 4836 1V.
905 4810 977 4821 -—-
1023 4781 1075 4834 4.
1107 4777 1286 4832 Prima
1338 4777 1526 4848 petitio.
1577 4777 1735 4847 Ideo,
1793 4778 2037 4852 Sanctiﬁ-

454 4886 594 4935 aetur
632 4893 813 4931 nomen
855 4884 1024 4938 tuum,
1074 4871 1271 4926 dictum
1321 4879 1422 4934 est.
1471 4871 1580 4926 Hoc
1632 4872 1790 4934 etiam
1838 4873 1904 4928 ab
1945 4873 2037 4928 illo

455 4969 709 5042 petimus,
737 4977 796 5020 ut
831 4964 1190 5020 sanctiticelur
1215 4978 1405 5017 nomen
1436 4963 1548 5033 ejus
1581 4965 1632 5018 in
1667 4966 1817 5019 nobis
1855 4983 1866 5018 :
1914 4981 2035 5020 nam

458 5077 671 5130 semper
718 5065 800 5113 est
842 5063 1104 5112 sanctum.
1161 5055 1440 5122 Quomodo
1475 5065 1651 5110 autem
1683 5058 2037 5114 sanetilicatnr

455 5169 651 5210 nomen
679 5151 791 5222 ejus
835 5151 886 5204 in
922 5147 1096 5216 nobis,
1124 5147 1227 5203 nisi
1273 5147 1396 5203 dum
1446 5163 1542 5203 nos
1579 5148 1745 5203 eftieit
1783 5151 2036 5211 sanctos?

458 5249 566 5305 Nos
593 5245 734 5302 enim
761 5243 954 5298 fuimus
986 5257 1090 5296 non
1122 5241 1328 5309 sancti,
1356 5251 1410 5296 et
1439 5257 1532 5312 per
1559 5256 1752 5296 nomen
1780 5241 1895 5311 ejus
1925 5241 2038 5294 eiii-

457 5343 629 5398 cimur
654 5339 822 5394 sancti
853 5355 866 5391 :
899 5337 1014 5407 ipse
1040 5345 1214 5390 autem
1247 5351 1457 5405 semper
1489 5345 1721 5400 sanctus,
1761 5343 1814 5389 et
1843 5351 2035 5390 nomen

457 5433 622 5504 ipsius
651 5446 862 5502 semper
893 5438 1155 5484 sanctum.
1187 5428 1291 5483 Pro
1322 5429 1476 5484 nobis
1504 5441 1780 5498 rogamus,
1809 5442 1912 5484 non
1935 5444 2036 5498 pro

460 5529 592 5585 Deo.
635 5526 750 5582 Non
781 5525 921 5580 enim
962 5525 1096 5580 bene
1147 5530 1390 5592 optamus
1437 5521 1564 5584 Deo,
1614 5520 1697 5574 cui
1741 5519 1872 5574 nihil
1915 5521 2037 5576 mali

459 5629 634 5694 potest
661 5617 944 5690 aliquando
969 5617 1203 5672 evenire.
1237 5615 1340 5671 Sed
1366 5623 1609 5683 optamus
1639 5612 1791 5668 nobis
1815 5613 2032 5683 bonum,

523 5759 537 5788 ί
569 5763 633 5805 tta
656 5764 759 5804 MSS.
782 5762 833 5803 At
853 5753 988 5814 editi,
1013 5747 1306 5814 credidistis.

521 5823 540 5852 ι
565 5820 680 5868 editi
703 5811 982 5876 euaserant,
1005 5827 1097 5864 non
1110 5827 1127 5876 ;
1151 5813 1280 5878 quod
1303 5811 1486 5864 habent
1507 5811 1722 5876 potiores
1741 5815 1848 5862 Mss.

1629 328 1684 383 S.
1727 320 2093 389 AUGUSTI“
2131 311 2435 385 EPISCOPI

2120 447 2177 502 ut
2212 440 2569 502 Sanctiﬁcatur
2596 448 2838 506 sanctum
2875 452 3069 507 nomen
3107 437 3227 514 eius
3255 459 3269 500 ε
3293 443 3439 517 ﬁtted
3475 460 3696 522 semper

2111 541 2357 596 sanetum
2388 540 2492 598 est.
2521 532 2882 596 sanctiﬁeetur
2911 535 2964 596 in
2989 535 3166 599 nobis.

2186 624 2412 684 CAPUT
2445 625 2677 687 V.—~5,
2732 627 2971 687 Secunda
3019 629 3212 700 petitio,
3261 628 3442 694 Veniat
3479 649 3699 706 regnum

2118 727 2279 779 mum.
2335 719 2604 786 Petamus,
2651 735 2756 782 non
2789 729 3050 793 petamus,
3082 724 3266 786 venire
3301 725 3478 786 habet.
3527 728 3703 785 Habet

2113 811 2327 882 quidem
2381 829 2602 884 regnum
2653 813 2790 868 Deus
2835 816 3238 886 sempiternum.
3282 817 3510 884 (hands
3551 821 3700 876 enim

2117 917 2226 965 non
2286 905 2582 974 regnavit?
2639 905 2862 971 Quando
2911 922 3134 978 uuluam
3192 910 3410 980 πωρίιῖ
3471 911 3701 979 Quartae

2118 1009 2339 1064 regnum
2371 995 2487 1065 ejus
2533 997 2739 1058 initium
2783 1012 2888 1061 non
2929 997 3107 1066 habet,
3137 1014 3237 1064 nee
3273 999 3431 1065 tinem
3459 1001 3701 1069 habebit.

2117 1086 2226 1151 Sed
2252 1095 2309 1144 ut
2332 1087 2513 1152 sciatis
2537 1089 2657 1158 quia
2682 1097 2736 1146 et
2761 1093 2863 1153 hoc
2897 1105 2992 1159 pro
3020 1091 3174 1156 nobis
3203 1107 3440 1160 oramus,
3468 1109 3575 1157 non
3604 1109 3705 1164 pro

2120 1181 2231 1245 Deo
2277 1181 2297 1252 (
2311 1196 2414 1243 non
2461 1183 2605 1246 enim
2649 1182 2728 1244 sic
2770 1182 3026 1250 dicimus.
3063 1182 3240 1250 Veniat
3283 1201 3493 1257 regnum
3534 1195 3702 1253 tuum,

2119 1273 2272 1344 quasi
2311 1281 2580 1343 optantes,
2610 1281 2671 1328 ut
2696 1282 2882 1344 regnet
2909 1274 3107 1354 Deus);
3151 1291 3372 1347 regnum
3399 1277 3565 1356 ipsius
3601 1293 3706 1338 nos

2121 1366 2320 1429 erimus
2346 1407 2361 1434 ,
2410 1367 2455 1422 si
2499 1367 2550 1420 in
2573 1367 2717 1428 illum
2759 1367 3043 1432 credentes
3080 1369 3132 1433 in
3175 1384 3243 1430 eo
3289 1371 3699 1442 profecerimus.

2123 1455 2321 1519 Omnes
2349 1455 2536 1519 ﬁdeles
2565 1457 2829 1530 redempti
2855 1458 3111 1530 sanguine
3148 1458 3302 1525 unici
3331 1461 3516 1534 ipsius,
3547 1474 3710 1520 erunt

2121 1562 2347 1620 regnum
2381 1547 2566 1617 ipsius.
2599 1549 2893 1612 Venturum
2915 1559 2998 1616 est
3031 1559 3212 1616 autem
3252 1551 3431 1624 insutu
3457 1569 3705 1626 regnum.

2124 1653 2246 1700 cum
2287 1637 2424 1700 facta
2450 1638 2609 1696 fuerit
2635 1641 2952 1696 resurrectio
2979 1651 3308 1698 mortuorum
3340 1659 3359 1700 :
3399 1652 3525 1708 tunc
3563 1647 3708 1710 enim

2126 1731 2304 1792 veniet
2346 1732 2480 1800 ipse.
2537 1732 2604 1788 Et
2650 1747 2770 1792 cum
2820 1733 3208 1794 resurrexerint
3244 1736 3458 1806 mortui,
3507 1736 3711 1800 dividet

2127 1835 2238 1887 eos,
2290 1821 2427 1882 sicut
2472 1822 2584 1892 ipse
2622 1821 2780 1890 dicit,
2829 1833 2882 1878 et
2923 1833 3096 1893 ponet,
3125 1824 3256 1886 alios
3300 1825 3367 1888 ad
3407 1826 3708 1898 dexteram,

2124 1913 2263 1974 alios
2283 1912 2349 1973 ad
2382 1914 2670 1974 sinistram.
2703 1915 2848 1969 Dicet
2886 1916 2964 1978 eis
2990 1916 3078 1988 qui
3106 1917 3171 1978 ad
3199 1917 3471 1984 dettl-eram.
3503 1930 3669 1987 erunt
3695 1939 3708 1976 :

2139 2005 2332 2073 Venite,
2385 2007 2628 2062 benedicti
2673 2006 2846 2063 Patris
2887 2011 3004 2076 mei,
3053 2010 3289 2083 percipite
3328 2028 3556 2084 regnum.
3593 2014 3712 2078 Hoc

2125 2109 2213 2164 est
2258 2099 2400 2170 quod
2461 2108 2706 2170 optamus
2758 2109 2812 2158 et
2865 2116 3114 2172 rogamus
3135 2143 3149 2166 ,
3201 2103 3412 2172 quando
3460 2104 3708 2175 dicimus,

2140 2193 2318 2255 Veniat
2350 2211 2557 2264 regnum
2596 2205 2766 2262 tuum,
2816 2204 2874 2250 ut
2908 2196 3061 2254 nobis
3100 2197 3297 2258 veniat.
3347 2197 3480 2254 Nam
3521 2199 3569 2264 si
3613 2216 3715 2266 nos

2130 2288 2345 2360 reprobi
2384 2287 2662 2355 bterimns,
2716 2287 2843 2343 illud
2882 2305 3100 2360 regnum
3131 2289 3250 2354 aliis
3292 2299 3574 2357 venturum
3603 2301 3708 2360 est,

2132 2395 2240 2440 non
2270 2381 2443 2444 nobis.
2472 2379 2527 2436 Si
2557 2389 2732 2436 autem
2761 2381 2812 2434 in
2839 2394 2903 2436 eo
2929 2396 3150 2438 numero
3175 2382 3448 2449 fuerimus,
3477 2383 3568 2454 qui
3593 2399 3717 2458 pg.

2133 2472 2303 2528 tinent
2347 2472 2412 2536 ad
2443 2472 2680 2532 metnbra
2711 2471 2964 2542 unigeniti
3000 2471 3116 2536 Filii
3158 2471 3298 2546 .ejns,
3338 2473 3491 2533 nobis
3535 2475 3716 2540 veniet

2135 2581 2360 2635 regnum
2393 2565 2510 2635 ejus
2541 2574 2634 2621 :et
2657 2580 2763 2620 non
2793 2564 3040 2624 tardabit.
3064 2564 3327 2637 Numquid
3354 2567 3494 2632 enim
3518 2568 3717 2632 smeula

2135 2663 2278 2716 tanta
2306 2666 2528 2721 restant,
2556 2665 2750 2726 quanta
2777 2656 3135 2720 transierunt?
3170 2657 3456 2728 Apostolus
3481 2657 3718 2723 Joamtes

2130 2751 2264 2810 dixit
2309 2770 2320 2804 :
2371 2749 2579 2816 Fitioti,
2621 2749 2888 2804 novissima
2921 2749 3046 2804 hora
3079 2758 3149 2806 est
3185 2747 3239 2822 (1
3285 2749 3443 2814 Ιορῃ,
3484 2765 3554 2825 ιιι,
3601 2751 3714 2824 i8).

2133 2843 2240 2904 Sed
2281 2859 2377 2914 pro
2427 2843 2543 2912 ipso
2580 2842 2667 2898 die
2708 2856 2899 2912 magno
2943 2841 3099 2912 longa
3149 2850 3228 2896 est
3265 2840 3397 2904 hora
3439 2859 3454 2906 _:
3501 2852 3554 2906 et
3601 2843 3716 2913 ipSa

2137 2933 2268 2998 hora
2309 2934 2596 2996 novissima
2627 2933 2802 2990 videte
2831 2941 2960 3002 quot
3002 2947 3169 2988 annos
3199 2931 3376 3006 ducat.
3408 2931 3606 2996 Tamen
3639 2935 3718 2990 sic

2139 3027 2290 3083 vobis
2317 3027 2385 3084 sit
2415 3025 2563 3096 quasi
2593 3026 2681 3097 qui
2713 3025 2908 3096 vigilet,
2949 3024 3196 3096 dormiat,
3227 3033 3405 3095 surgat
3431 3033 3482 3079 et
3509 3036 3716 3096 regnet.

2137 3117 2291 3172 Modo
2321 3117 2616 3187 vigilemus,
2649 3101 2822 3181 morte
2861 3115 3211 3183 dormiemus,
3245 3117 3296 3171 in
3331 3115 3437 3183 ﬁne
3466 3103 3716 3187 resurge-

2137 3227 2276 3280 mus,
2306 3211 2423 3266 sine
2451 3210 2558 3272 iine
2588 3210 2944 3284 regnabimus.

2206 3302 2433 3362 CAPUT
2474 3301 2558 3364 γι.
2605 3331 2676 3341 -
2725 3301 2777 3356 6.
2823 3299 2988 3355 Tertia
3021 3301 3212 3371 petitio.
3255 3299 3421 3382 Hujus
3465 3303 3718 3372 petitioni;

2137 3395 2480 3465 interpretatio
2515 3393 2797 3466 multiplex.
2823 3391 3030 3454 -Εἱιιι
3055 3394 3284 3459 enutritus
3320 3402 3407 3456 tua
3435 3436 3449 3461 ,
3493 3394 3619 3454 sicut
3661 3396 3717 3454 ίιι

2134 3490 2281 3554 cwlo,
2316 3488 2387 3542 ita
2423 3498 2468 3542 et
2510 3487 2562 3540 in
2603 3497 2753 3548 terra.
2798 3486 2976 3550 Tertio
3024 3486 3282 3558 petimus,
3332 3485 3449 3550 Fiat
3486 3487 3720 3554 uolunta;

2140 3590 2244 3646 tua,
2277 3579 2408 3641 sicut
2447 3580 2498 3633 in
2529 3580 2672 3644 coelo,
2703 3580 2771 3634 ita
2805 3589 2852 3640 et
2885 3579 2939 3642 in
2983 3587 3133 3640 terra.
3173 3577 3240 3642 Et
3277 3578 3376 3642 hoc
3405 3579 3555 3636 nobis
3579 3581 3721 3644 bene

2135 3683 2404 3745 optamus.
2442 3673 2572 3727 Nam
2603 3672 2845 3734 voluntas
2876 3671 2968 3728 Dei
3001 3687 3220 3736 necesse
3258 3682 3338 3737 est
3371 3682 3428 3729 ut
3467 3674 3575 3736 iiat,
3609 3675 3719 3732 Vo-

2139 3766 2313 3822 luntas
2364 3766 2457 3824 Dei
2505 3773 2590 3820 est
2637 3774 2694 3824 ut
2737 3772 2960 3836 regnent
3003 3764 3159 3831 boni,
3205 3763 3523 3829 datmetttur
3565 3767 3717 3830 mali.

2145 3858 2411 3930 Numquid
2438 3867 2610 3928 potest
2641 3857 2736 3910 ista
2763 3855 3003 3912 voluntas
3032 3870 3137 3916 non
3156 3856 3307 3920 ﬁeri?
3334 3855 3440 3922 Sed
3463 3857 3592 3932 quid
3617 3874 3720 3912 no-

2138 3948 2221 4010 bis
2267 3948 2403 4004 bene
2442 3957 2720 4018 optamus,
2770 3945 2981 4018 quando
3026 3945 3278 4011 dicimus,
3325 3946 3447 4010 Fiat
3485 3948 3720 4010 voluntas

2137 4050 2247 4106 tuo,
2271 4040 2397 4094 sicut
2419 4040 2471 4092 in
2500 4039 2642 4104 (0:10,
2678 4038 2747 4090 ita
2775 4047 2819 4091 et
2858 4039 2909 4091 in
2939 4038 3112 4098 terra?
3136 4036 3346 4102 Audite.
3369 4039 3549 4104 Multis
3575 4040 3720 4095 enim

2142 4134 2316 4195 modis
2347 4132 2460 4192 haec
2485 4132 2664 4202 petitio
2697 4131 2918 4201 intelligi
2939 4139 3132 4202 potest,
3161 4140 3214 4197 et
3236 4133 3400 4195 multa
3425 4141 3546 4194 sunt
3571 4134 3720 4204 cogi-

2139 4224 2298 4288 tanda
2339 4225 2389 4278 in
2413 4223 2515 4283 ista
2547 4222 2840 4292 petitione;
2870 4207 3079 4290 quando
3107 4238 3354 4292 rogamus
3382 4224 3567 4290 Deum,
3599 4224 3723 4282 Fiat

2139 4316 2368 4370 uoluntas
2397 4324 2502 4382 tua,
2543 4315 2673 4370 sicut
2713 4315 2763 4368 in
2799 4313 2940 4380 ctelo,
2974 4315 3045 4368 ita
3083 4324 3128 4368 ct
3165 4316 3217 4370 in
3253 4324 3410 4378 terra.
3441 4317 3722 4384 Quomodo

2141 4417 2193 4474 te
2219 4425 2324 4468 non
2353 4408 2627 4475 oil‘etidunt
2655 4408 2843 4486 Angeli
2871 4408 2962 4474 tui,
2993 4409 3072 4472 sic
3102 4417 3152 4473 te
3175 4423 3282 4490 ppu
3306 4408 3638 4468 ,oﬂendamus
3663 4419 3722 4466 et

2140 4515 2259 4565 nos.
2290 4499 2485 4556 lterum
2522 4499 2787 4571 quomodo
2817 4499 3148 4570 intelligitur,
3179 4497 3296 4552 Fiat
3340 4501 3569 4560 voluntas
3609 4511 3721 4568 tua,

2140 4595 2266 4660 sicut
2287 4594 2340 4648 in
2366 4593 2510 4660 male,
2537 4594 2608 4646 ita
2628 4602 2673 4652 ct
2701 4593 2752 4654 in
2776 4593 2943 4656 terra?
2969 4592 3147 4656 Sancti
3174 4607 3359 4662 omnes
3376 4593 3716 4660 Patriarcbm,

2141 4703 2326 4748 omnes
2350 4687 2650 4758 Proplietm,
2692 4701 2879 4750 omnes
2907 4686 3170 4757 Apostoli,
3203 4687 3502 4757 spirituales
3525 4705 3720 4753 omnes

2141 4789 2389 4851 tanquam
2417 4778 2610 4842 caelum
2649 4788 2777 4838 sunt
2807 4779 2912 4844 Deo
2951 4795 2964 4831 :
2993 4794 3090 4842 nos
3117 4788 3295 4842 autem
3341 4781 3394 4834 in
3436 4796 3721 4852 (εοωρρηι-

2145 4873 2286 4926 tione
2313 4871 2548 4952 ipsorum
2580 4879 2717 4925 terra
2743 4885 2947 4932 sumus.
2981 4869 3102 4932 Fiat
3125 4873 3354 4936 uoluntas
3381 4882 3486 4938 tua,
3510 4881 3638 4933 sicut
3665 4877 3724 4931 in

2141 4965 2301 5033 coelo,
2343 4965 2414 5018 ita
2456 4975 2501 5018 et
2541 4966 2594 5018 in
2630 4974 2761 5028 terra
2798 4980 2816 5018 :
2853 4965 2988 5021 sicut
3032 4966 3081 5020 in
3110 4966 3243 5036 illis,
3277 4968 3346 5030 ita
3382 4977 3435 5033 et
3463 4967 3516 5032 in
3539 4971 3719 5026 nobis.

2141 5057 2294 5123 Item,
2328 5057 2444 5112 Fiat
2474 5057 2700 5120 voluntas
2729 5068 2849 5126 tuo,
2889 5061 3015 5122 sicut
3042 5063 3093 5114 in
3121 5061 3273 5130 caelo,
3301 5062 3370 5126 ita
3396 5071 3444 5126 et
3482 5063 3536 5117 in
3563 5074 3718 5120 terra.

2141 5153 2379 5212 Ecclesia
2406 5152 2500 5210 Dei
2526 5151 2719 5208 etelum
2742 5161 2842 5218 est,
2873 5153 3073 5212 inimici
3105 5154 3219 5222 ejus
3241 5163 3378 5220 terra
3409 5167 3550 5211 sunt.
3575 5157 3724 5221 iteite

2142 5255 2387 5316 optamus
2431 5245 2658 5308 inimicis
2699 5247 2917 5314 nostris,
2941 5257 3004 5304 ut
3033 5248 3251 5312 credant
3275 5257 3330 5304 et
3363 5249 3483 5322 ipsi,
3510 5259 3564 5306 et
3591 5253 3724 5309 ﬁant

2136 5337 2415 5403 christiani
2445 5355 2458 5392 :
2491 5348 2544 5396 et
2589 5339 2680 5394 ﬁat
2707 5339 2953 5400 voluntas
2982 5341 3098 5409 Dei,
3128 5341 3265 5397 sicut
3300 5343 3354 5408 in
3384 5343 3542 5410 coelo,
3568 5343 3639 5397 ita
3667 5353 3724 5399 et

2141 5432 2199 5490 in
2227 5443 2385 5494 terra.
2415 5433 2544 5492 Item
2563 5476 2578 5502 ,
2611 5432 2731 5492 Fiat
2759 5435 2988 5496 voluntas
3014 5442 3132 5500 tua,
3166 5435 3291 5489 sicut
3318 5435 3371 5489 in
3399 5435 3544 5504 creto,
3575 5435 3645 5492 ita
3675 5444 3724 5490 et

2142 5526 2196 5584 in
2227 5535 2374 5579 terra.
2405 5526 2630 5595 Spiritus
2656 5533 2839 5582 uoster
2869 5525 3064 5582 coelum
3089 5533 3201 5590 est,
3225 5540 3353 5582 earo
3383 5534 3522 5588 terra
3543 5567 3558 5593 ,
3585 5539 3722 5597 quo.-

2143 5618 2304 5679 modo
2348 5619 2629 5678 innovatur
2669 5617 2888 5690 spiritus
2931 5627 3112 5673 noster
3147 5616 3435 5692 credendo,
3478 5617 3555 5671 sic
3591 5632 3722 5678 caro

2144 5711 2429 5766 innovetur
2457 5711 2780 5781 resurgendo
2813 5728 2825 5765 :
2855 5717 2910 5764 et
2946 5708 3038 5764 ﬁat
3063 5710 3310 5765 voluntas
3338 5708 3450 5775 Dei,
3490 5709 3626 5763 sicut
3671 5711 3725 5763 in

2145 5804 2305 5872 coelo,
2339 5805 2404 5857 ita
2435 5813 2484 5858 et
2519 5803 2567 5857 in
2602 5813 2758 5858 terra.
2789 5801 2941 5870 Item,
2975 5816 3127 5864 mens
3150 5811 3328 5860 nostra
3356 5813 3458 5882 qua
3479 5798 3726 5867 Videmus
