4032 6332
323 347 423 406 889

321 463 623 526 veritatem,
654 467 708 516 et
735 456 1163 517 condolectamur
1192 453 1291 526 ipsi
1319 455 1547 523 veritati,
1569 455 1766 514 cmlum
1791 465 1893 512 est.

328 556 463 612 Ecce
493 554 689 610 caelum
725 571 737 608 ε
770 551 1096 609 Condelector
1133 551 1232 623 legi
1261 551 1358 607 Dei
1395 550 1670 606 secundum
1691 551 1898 606 inicio-

321 664 421 703 rent
461 646 739 701 hominem.
777 645 915 713 Quid
943 653 1026 702 est
1067 645 1249 701 terra?
1289 643 1443 699 Video
1477 643 1633 698 aliam
1659 644 1818 714 legem
1841 642 1898 696 in

324 739 553 794 membris
592 739 735 802 meis,
779 747 1143 810 repugnantem
1185 737 1281 806 legi
1324 737 1502 792 mentis
1543 752 1666 792 mete
1710 734 1891 806 (Rom.

316 848 404 896 vn,
443 830 538 895 22,
570 829 685 901 25).
733 829 953 898 Quando
992 829 1089 884 ista
1137 844 1311 900 pugna
1349 829 1636 894 transierit,
1679 839 1734 885 et
1760 843 1892 884 con-

311 921 493 980 cordia
521 923 676 992 plcna
703 923 880 978 carnis
908 931 961 977 et
989 922 1205 991 spiritus
1230 920 1368 976 facta
1393 922 1570 987 fuerit,
1599 921 1687 974 lict
1715 919 1895 975 volun-

311 1023 389 1071 tas
415 1015 534 1082 Dei,
561 1016 700 1070 sicut
727 1015 780 1070 in
807 1015 963 1081 etelo,
992 1014 1062 1070 ita
1089 1023 1144 1071 et
1171 1015 1222 1070 in
1254 1023 1410 1069 terra.
1435 1012 1657 1081 Quando
1682 1011 1892 1082 petitio-

307 1121 426 1163 nem
459 1107 622 1162 istam
649 1105 894 1170 dicimus,
922 1107 1100 1162 omnia
1139 1107 1236 1160 ista
1269 1105 1592 1176 cogitemus,
1619 1113 1675 1160 et
1709 1105 1889 1160 omnia

309 1201 407 1254 ista
436 1213 467 1252 α
500 1198 660 1252 Patre
689 1208 951 1268 petamus.
983 1196 1168 1254 Omnia
1203 1206 1380 1252 autem
1425 1197 1544 1260 ista,
1567 1195 1887 1262 cbarissimi,

309 1289 409 1346 tria
434 1305 561 1360 qua:
589 1290 839 1356 diximus,
874 1300 981 1345 tres
1006 1288 1287 1359 petitiones
1315 1292 1430 1347 ista:
1455 1289 1522 1347 ad
1553 1290 1715 1346 vitam
1737 1298 1890 1345 teter-

303 1395 427 1440 ttam
453 1381 748 1452 pertinent.
781 1379 929 1449 Quod
957 1381 1098 1438 enim
1128 1381 1488 1438 sanctiﬁcatur
1526 1382 1578 1436 in
1608 1382 1760 1438 nobis
1786 1395 1888 1438 no-

303 1488 423 1531 men
453 1473 552 1529 Dei
594 1474 782 1541 nostri,
810 1483 1068 1529 teternum
1109 1473 1229 1530 erit.
1275 1473 1428 1543 Quod
1473 1489 1694 1544 regnum
1722 1475 1888 1544 ipsius

305 1567 519 1631 veniet,
570 1565 658 1622 ubi
705 1581 916 1636 semper
953 1568 1221 1634 vivemus,
1270 1575 1525 1623 aeternum
1565 1569 1687 1624 erit.
1734 1567 1885 1635 Quod

300 1657 548 1713 voluntas
575 1657 692 1729 ejus
718 1658 797 1724 ﬁt,
821 1658 957 1714 sicut
989 1660 1042 1714 in
1080 1659 1236 1725 cmlo,
1263 1660 1333 1715 ita
1365 1668 1419 1716 et
1448 1661 1500 1715 in
1528 1669 1686 1726 terra,
1710 1662 1885 1718 omni-

300 1749 398 1806 bus
425 1749 628 1818 modis,
655 1766 790 1822 quos
817 1752 1059 1822 exposui,
1088 1762 1344 1808 aeternum
1374 1753 1496 1808 erit.

365 1841 600 1897 CAPUT
645 1841 752 1897 νη.
777 1872 847 1881 -
869 1842 1121 1911 7.0mm:
1149 1843 1338 1914 petitio.
1368 1843 1528 1901 Panis
1557 1846 1884 1917 quotidianus

298 1937 488 2008 duplex
515 1945 587 1990 est
607 1977 623 2001 ,
653 1935 933 2004 corporalis
961 1947 1005 1991 et
1050 1937 1344 2007 spiritualis.
1376 1937 1720 1992 Eucltaristia.
1756 1938 1881 1995 Ser-

298 2045 465 2083 mones
485 2068 502 2095 ,
552 2029 789 2082 lectiones
813 2038 858 2082 et
904 2029 1078 2100 hymni
1126 2030 1294 2095 sacri,
1349 2017 1670 2100 quotidianus
1711 2032 1879 2103 panis.

293 2122 520 2180 Restant
561 2123 844 2194 petitiones
873 2138 967 2193 pro
1004 2124 1104 2180 ista
1147 2125 1249 2178 vita
1302 2124 1740 2194 peregrinationis
1781 2141 1878 2182 no-

291 2225 415 2273 atrae
444 2234 458 2270 :
491 2215 616 2272 ideo
642 2216 912 2286 sequitur,
943 2213 1140 2270 Panem
1164 2225 1388 2270 nostrum
1424 2216 1772 2286 quotidianum
1814 2217 1882 2271 da

292 2307 429 2364 nobis
455 2308 630 2364 hodie.
658 2307 734 2363 Da
759 2316 955 2362 aeterna
977 2347 992 2373 ,
1023 2307 1088 2363 da
1115 2306 1443 2379 temporalia.
1473 2307 1768 2364 Promisisti
1799 2324 1882 2365 re-

288 2418 450 2476 gnum
470 2445 487 2470 ,
517 2403 629 2459 noli
667 2417 862 2474 negare
887 2401 1200 2460 subsidium.
1233 2401 1390 2457 Dabis
1419 2403 1555 2474 apud
1601 2412 1652 2458 te
1679 2402 1879 2474 sempi-

291 2505 504 2552 ternum
530 2501 902 2551 ornamentum
921 2537 937 2562 ,
981 2494 1044 2549 da
1084 2495 1136 2549 in
1166 2506 1304 2550 terra
1334 2494 1626 2565 temporale
1651 2495 1879 2550 alimen-

291 2597 422 2646 tum.
451 2589 581 2645 ldeo
607 2589 864 2660 quotidie,
910 2588 1030 2644 ideo
1059 2588 1234 2656 hodie,
1267 2588 1316 2643 id
1347 2596 1456 2654 est,
1489 2588 1590 2644 hoc
1617 2598 1874 2656 tempore.

291 2684 416 2742 Cum
449 2683 725 2739 transierit
771 2681 876 2736 vita
920 2681 1054 2750 ista,
1110 2681 1364 2750 numquid
1411 2690 1648 2751 petemus
1685 2695 1876 2750 panem

287 2775 689 2848 quotidianum?
719 2774 867 2831 Tunc
895 2774 1036 2828 enim
1063 2787 1169 2830 non
1205 2773 1479 2830 vocabitur
1502 2773 1757 2842 quotidie;
1782 2772 1876 2828 sed

287 2870 454 2924 hodie.
488 2867 642 2924 Nunc
666 2876 883 2922 vocatur
907 2865 1131 2937 quotidie
1149 2907 1163 2932 ,
1193 2864 1402 2934 quando
1431 2865 1614 2920 transit
1645 2863 1757 2918 dies
1781 2905 1795 2929 ,
1819 2872 1877 2918 et

286 2963 427 3020 venit
452 2963 591 3017 alius
619 2961 752 3016 dies.
779 2959 1040 3030 Numquid
1084 2958 1354 3016 vocabitur
1375 2959 1619 3029 quotidie,
1666 2957 1876 3028 quando

287 3056 387 3112 erit
421 3065 661 3110 aeternus
689 3067 822 3108 unus
864 3052 1014 3124 dies?
1040 3050 1180 3107 Sane
1219 3051 1424 3106 duobus
1466 3052 1639 3106 modis
1681 3051 1876 3108 intelli-

283 3146 454 3219 genda
483 3155 565 3202 est
597 3145 694 3200 ista
743 3144 924 3215 petitio
968 3143 1035 3199 de
1066 3157 1200 3214 pane
1246 3141 1588 3212 quotidiano:
1622 3143 1734 3199 sive
1777 3159 1874 3213 pro

285 3239 609 3296 necessitate
633 3237 858 3292 carnalis
883 3236 1084 3302 victus,
1110 3235 1223 3290 sive
1239 3234 1400 3292 etiam
1445 3249 1538 3304 pro
1561 3236 1874 3293 necessitate

283 3329 576 3402 Spiritualis
603 3328 867 3384 alimoniae
895 3329 936 3380 ί.
978 3325 1216 3384 Cerealis
1245 3325 1349 3380 cibi
1396 3327 1712 3391 necessitas,
1745 3343 1873 3396 pro-

285 3436 400 3498 pter
429 3425 796 3497 quotidianum
823 3423 1046 3487 victum,
1077 3422 1193 3476 siue
1217 3435 1321 3492 quo
1348 3421 1528 3476 vivere
1551 3437 1656 3474 non
1687 3435 1874 3491 possu-
1929 3478 1935 3484 _

281 3536 421 3578 ntus.
478 3519 664 3576 Victus
695 3527 776 3574 est
807 3526 863 3572 et
889 3523 1276 3587 tegumentum,
1317 3514 1411 3570 sed
1454 3530 1484 3568 a
1526 3523 1674 3585 parte
1705 3523 1870 3570 totum

282 3614 619 3685 intelligitur.
649 3610 870 3681 Quando
899 3625 1092 3681 panem
1123 3609 1346 3678 petimus
1366 3649 1381 3675 ,
1429 3607 1498 3661 ibi
1523 3607 1697 3662 omnia
1729 3607 1870 3662 acci-

281 3707 480 3778 pimus.
507 3705 716 3762 Norunt
743 3703 902 3759 etiam
929 3700 1252 3771 spiritualcm
1298 3699 1601 3756 alimoniam
1651 3699 1866 3765 ﬁdeles,

279 3817 440 3872 quam
487 3809 542 3856 et
575 3813 672 3854 vos
699 3796 883 3854 scituri
910 3795 1037 3851 estis
1065 3797 1106 3860 ⁸,
1137 3794 1402 3864 accepturi
1449 3792 1514 3848 de
1540 3794 1706 3848 altare
1754 3793 1866 3848 Dei.

279 3895 440 3954 Panis
463 3894 567 3952 erit
588 3902 643 3949 et
665 3893 778 3963 ipse
820 3890 1186 3962 quotidianus,
1220 3888 1342 3943 huic
1368 3888 1486 3943 vitm
1516 3889 1866 3946 necessarius.

280 3985 553 4059 Numquid
581 3986 722 4043 enim
762 3983 1148 4040 Eueliaristiam
1193 3982 1457 4050 accepturi
1497 3997 1679 4038 sumus
1702 4025 1715 4048 ,
1748 3998 1866 4039 cum

281 4081 344 4137 ad
380 4082 561 4150 ipsum
603 4077 874 4150 Christum
901 4075 1200 4132 venerimus
1221 4118 1234 4142 ,
1267 4083 1322 4130 et
1345 4090 1467 4131 cum
1495 4076 1584 4132 illo
1623 4075 1677 4132 in
1714 4088 1868 4132 aiter-

282 4187 407 4228 ΜΒ]
453 4186 681 4241 regnare
739 4167 1095 4238 coeperimus?
1143 4168 1280 4237 Ergo
1335 4166 1665 4224 Eucharistia
1717 4170 1867 4239 panis

281 4274 470 4320 noster
494 4262 835 4334 quotidianus
876 4270 958 4317 est
985 4277 1000 4315 :
1033 4260 1126 4316 sed
1156 4260 1234 4315 sic
1256 4259 1576 4330 accipiamus
1606 4262 1748 4316 illum
1767 4305 1780 4326 ,
1810 4271 1866 4318 ut

278 4373 383 4414 non
411 4357 590 4412 solum
615 4363 829 4419 ventre,
863 4353 956 4409 sed
999 4361 1051 4408 ct
1090 4361 1268 4408 mente
1298 4353 1594 4408 reﬁciamur
1615 4353 1654 4406 ³.
1687 4353 1864 4410 Virtus

279 4452 420 4508 enim
452 4451 570 4520 ipsa
599 4464 717 4520 qua:
760 4448 830 4503 ibi
860 4446 1195 4516 intelligitur,
1229 4445 1403 4500 unitas
1444 4454 1552 4514 est,
1585 4454 1640 4500 ut
1667 4447 1863 4502 redacti

277 4547 329 4602 in
354 4559 555 4615 corpus
583 4543 732 4614 ejus,
763 4540 933 4596 edocti
962 4539 1201 4595 membra
1231 4539 1373 4609 ejus,
1419 4539 1584 4594 simus
1611 4539 1863 4610 quod'ac-

277 4639 525 4707 cipimus.
559 4635 706 4692 Tunc
732 4634 833 4692 erit
870 4648 992 4688 vere
1019 4632 1171 4702 panis
1205 4639 1389 4688 noster
1414 4631 1765 4702 quotidianus.
1794 4632 1864 4688 Et

271 4731 418 4804 quod
466 4728 622 4784 vobis
665 4734 867 4793 tracto,
907 4725 1060 4796 panis
1105 4723 1439 4794 quotidianus
1467 4731 1546 4777 est
1575 4741 1586 4777 :
1618 4733 1673 4779 et
1718 4725 1860 4794 quod

271 4825 326 4879 in
357 4820 604 4878 Ecclesia
629 4817 883 4874 lectiones
910 4813 1145 4886 quotidie
1169 4812 1360 4868 auditis
1379 4853 1394 4879 ,
1426 4815 1576 4882 panis
1597 4813 1861 4884 quotidia-

267 4933 370 4974 nus
389 4922 476 4972 est
505 4933 518 4969 ;
550 4921 605 4969 et
651 4909 792 4984 quod
841 4907 1069 4980 hymnos
1111 4905 1301 4962 auditis
1353 4914 1407 4961 et
1444 4905 1652 4973 dicitis,
1710 4907 1858 4977 panis

265 5007 613 5084 quotidianus
631 5014 730 5061 est.
763 5003 889 5059 1120c
909 5001 1053 5058 enim
1079 5009 1200 5054 sunt
1228 5001 1520 5056 necessaria
1547 5001 1856 5073 peregrina-

327 5149 347 5179 ι
377 5153 485 5196 uss.
512 5143 712 5200 addunt,
739 5136 1001 5204 spiritantia
1038 5135 1164 5199 cibi;
1199 5138 1396 5200 omisso,
1419 5136 1637 5188 carnalis
1659 5137 1753 5189 cibi
1774 5152 1856 5190 ne-

334 5274 351 5303 ¹
377 5273 451 5320 sic
483 5267 840 5319 vetustissimus
873 5269 924 5313 et
966 5264 1158 5325 optima:
1189 5270 1315 5325 notua
1335 5263 1672 5325 Germanensis
1709 5261 1850 5313 liber.

261 5336 459 5397 Regius
472 5344 592 5381 vero
615 5338 716 5388 Ms,
739 5324 1111 5397 omissonvet'bo
1341 5324 1488 5395 habet
1518 5325 1786 5397 meum
1805 5333 1853 5397 et

263 5385 483 5448 “Vestis
512 5385 760 5448 accepturi
791 5389 851 5439 de
888 5385 1034 5440 altari
1071 5386 1175 5436 Dei.
1203 5385 1722 5448 tllhnmerianaeditio,
1773 5389 1851 5438 cui

263 5447 594 5510 Itovaaienses
615 5447 931 5512 inluesernnt,
949 5462 1090 5512 quam
1115 5454 1159 5498 ct
1173 5463 1251 5499 ros
1274 5448 1316 5498 si
1330 5447 1441 5512 puri
1462 5447 1590 5512 estis,
1603 5447 1853 5512 accepturi

381 5519 497 5570 estis
515 5521 580 5568 de
599 5517 746 5565 altari
771 5511 877 5562 Dei.
903 5509 974 5560 sic
997 5511 1142 5564 etiam
1174 5509 1436 5572 impressus
1455 5509 1849 5562 t‘i-inuncrii'cura

265 5572 474 5646 iugerus
497 5580 571 5646 de
605 5586 817 5646 _Corpore
850 5581 902 5646 et
938 5573 1176 5646 sanguine
1214 5573 1414 5646 Donum,
1444 5572 1564 5621 libro
1589 5573 1632 5632 l,
1659 5584 1764 5635 cap.
1797 5574 1845 5634 8,

265 5634 356 5695 nisi
380 5644 513 5708 quod
545 5634 715 5708 habet,
729 5634 973 5708 accepturi
991 5634 1131 5706 estis;
1155 5637 1348 5708 omisso,
1360 5634 1486 5694 jam.

328 5710 350 5740 ⁸
366 5694 707 5756 ϐὶετιιηηεηείέ
721 5707 828 5768 us,
960 5695 1270 5768 siaccipimus
1291 5694 1553 5768 mammae
1566 5695 1718 5768 autem
1736 5711 1848 5768 ren-

259 5779 353 5829 tre,
383 5768 469 5819 sed
492 5772 538 5818 el
568 5771 738 5817 mente.
772 5762 927 5810 Virtus
963 5758 1226 5829 cnim_,'etc.
1253 5760 1445 5821 Regius,
1470 5758 1553 5829 sed
1574 5759 1619 5808 si
1641 5759 1845 5825 accipiat-

391 5829 535 5882 illum
577 5833 628 5878 ut
647 5840 738 5877 non
760 5828 984 5884 uentrem,
1007 5823 1090 5873 sed
1113 5831 1162 5872 ut
1185 5819 1382 5871 mentem
1412 5819 1695 5885 rufa-iunius.

1773 335 2004 396 SERHO
2040 337 2194 398 LVII.

3477 359 3584 424 δα)

2008 455 2134 511 tioni
2165 464 2378 516 nostrae.
2408 459 2670 533 Numquid
2689 461 2814 523 illuc
2831 465 3044 540 quando
3068 473 3405 550 venerimus,
3431 483 3585 540 codi-

2003 562 2125 645 ceni
2159 553 2643 645 sumusaudituri?
2685 557 2860 628 Ipsum
2890 561 3120 620 Verbum
3163 567 3357 639 visuri,
3411 573 3582 645 ipsum

2009 638 2235 699 Verbum
2263 643 2489 702 audituri
2511 687 2525 710 ,
2577 648 2747 720 ipsum
2776 652 3173 727 manducatnri,
3223 661 3395 732 ipsum
3429 638 3580 724 bibi-

2001 733 2104 789 tnri
2123 773 2136 799 ,
2168 737 2434 804 quomodo
2456 740 2642 810 Angeli
2685 744 2862 801 modo.
2904 746 3167 820 Numquid
3195 753 3410 826 Angelis
3433 760 3582 816 cndi-

1999 835 2090 878 ces
2131 835 2255 882 sunt
2281 831 2598 894 necessarii,
2626 839 2718 888 aut
2763 833 3115 905 disputatores
3136 882 3149 907 ,
3180 853 3270 900 aut
3315 845 3580 907 lectores?

2199 915 2440 1010 videndo
2463 921 2678 991 legunt:
2707 925 2883 984 vident
2903 930 3041 987 enim
3071 931 3241 1000 ipsam
3265 934 3577 1010 Veritatem,

1998 1014 2052 1064 et
2077 1007 2166 1063 illo
2193 1007 2337 1066 fonte
2379 1011 2669 1084 satiantur,
2703 1017 2844 1074 unde
2872 1034 2970 1078 nos
3010 1022 3326 1085 irroramur.
3369 1007 3577 1091 Dictum

1995 1109 2078 1159 est
2105 1116 2231 1172 ergo
2260 1103 2324 1159 de
2361 1120 2496 1176 pane
2521 1110 2855 1181 quotidiano;
2902 1115 3022 1184 quia
3063 1117 3114 1174 in
3145 1117 3244 1177 ista
3280 1121 3386 1178 vita
3421 1126 3578 1184 nobis

1995 1200 2077 1247 est
2104 1196 2400 1254 necessaria
2434 1197 2550 1254 hinc
2580 1201 2782 1269 petitio.

2065 1281 2288 1340 CAPUT
2329 1285 2461 1346 Vill.
2483 1320 2555 1330 —
2580 1291 2633 1345 8.
2679 1291 2868 1362 Quinta
2885 1295 3080 1366 petitio.
3111 1328 3181 1342 —-
3207 1298 3414 1362 Dimitte
3437 1307 3580 1362 nobis

1993 1374 2156 1430 debita
2185 1388 2384 1444 nostra,
2416 1382 2545 1438 sicut
2590 1393 2639 1438 et
2685 1401 2775 1440 nos
2803 1386 3102 1448 dimittimus
3129 1392 3431 1457 debitoribus
3476 1416 3575 1455 uo-

1988 1469 2124 1528 stris.
2147 1469 2412 1542 Numquid
2438 1477 2737 1533 necessaria
2758 1487 2838 1534 est
2868 1480 2969 1540 nisi
2988 1479 3105 1540 hic?
3133 1483 3208 1541 lbi
3230 1486 3371 1543 enim
3399 1487 3576 1548 debita

1989 1571 2095 1614 non
2122 1559 2452 1621 habebimus.
2477 1565 2662 1624 Debita
2688 1569 2830 1626 enim
2855 1571 2981 1642 quid
3002 1582 3158 1641 sunt,
3193 1576 3294 1634 nisi
3320 1583 3576 1648 peccata?

1988 1651 2128 1708 Ecce
2148 1653 2572 1728 baptizabimini,
2590 1661 2764 1714 omnia
2788 1662 2857 1717 ibi
2878 1673 3048 1724 vestra
3077 1679 3294 1738 peccata
3315 1670 3570 1733 delebun-

1991 1747 2075 1798 tur
2104 1760 2118 1797 :
2151 1745 2354 1802 nullum
2399 1750 2614 1808 omnino
2640 1751 2709 1807 ibi
2750 1754 3064 1811 remanebit.
3089 1757 3143 1814 Si
3172 1759 3296 1829 quid
3323 1762 3448 1816 mali
3478 1765 3575 1820 ali~

1987 1834 2198 1904 quando
2223 1837 2465 1908 gessistis
2485 1881 2499 1907 ,
2533 1839 2764 1911 fecistis,
2803 1843 3032 1915 dixistis,
3061 1852 3400 1926 concupistis,
3429 1856 3576 1927 cogi-

1989 1925 2167 1994 lastis,
2199 1936 2368 1986 totum
2389 1930 2668 1988 delcbitur.
2700 1935 2765 1990 Et
2793 1944 2970 1994 tamen
2995 1940 3042 1996 si
3069 1940 3122 2000 in
3143 1941 3244 2002 ista
3272 1945 3374 2000 vita
3397 1925 3576 2016 postc-

1985 2017 2114 2074 riori
2135 2020 2391 2077 securitas
2409 2032 2571 2092 esset,
2604 2024 2762 2081 talem
2781 2030 3073 2087 orationem
3102 2049 3207 2091 non
3223 2035 3570 2110 disceremus,

1987 2109 2076 2166 ubi
2103 2109 2403 2170 diceremus
2431 2156 2447 2180 ,
2479 2114 2689 2171 Dimitte
2708 2118 2848 2176 nobis
2875 2121 3040 2178 debita
3065 2137 3257 2182 nostra.
3286 2129 3389 2188 Sed
3417 2109 3573 2204 plane

1984 2201 2234 2260 iaciamus
2263 2206 2404 2277 quod
2424 2210 2700 2279 sequitur,
2732 2213 2878 2268 Sicut
2906 2225 2954 2270 et
2979 2234 3070 2273 nos
3101 2220 3397 2282 dimittimus
3418 2201 3570 2283 wdebi-

1983 2297 2172 2352 toribus
2199 2302 2402 2357 nostris.
2435 2302 2659 2361 Maxime
2688 2321 2814 2378 ergo
2837 2324 2932 2366 vos
2957 2313 3046 2382 qui
3073 2313 3320 2372 intraturi
3340 2320 3466 2375 estis
3504 2321 3569 2380 ad

1984 2390 2343 2459 accipiendam
2394 2396 2600 2466 plenam
2633 2400 3009 2471 indulgentiam
3037 2405 3332 2468 debitorum
3365 2423 3569 2472 vestro-

1982 2495 2134 2549 rum,
2167 2484 2339 2540 videte
2387 2503 2452 2543 ne
2477 2488 2673 2560 aliquid
2707 2492 2758 2547 in
2801 2495 3049 2554 cordibus
3077 2502 3267 2558 vestris
3308 2503 3564 2562 adversus

1981 2572 2202 2668 alterum
2234 2579 2488 2648 teneatis,
2544 2588 2603 2638 ut
2655 2584 2954 2652 procedatis
2981 2587 3110 2646 inde
3135 2594 3306 2648 securi
3345 2597 3383 2664 ³,
3416 2598 3565 2668 quasi

1980 2664 2132 2720 liberi
2161 2676 2212 2722 et
2235 2669 2302 2723 ab
2325 2670 2569 2728 omnibus
2598 2673 2788 2732 debitis
2815 2676 3041 2738 absoluti
3057 2698 3081 2751 ;_
3107 2692 3160 2738 ct
3188 2664 3451 2760 incipiatis
3468 2704 3563 2750 vos

1980 2759 2114 2813 velle
2138 2760 2404 2818 vindicare
2434 2763 2500 2820 de
2527 2765 2754 2822 inimicis
2781 2771 2970 2829 vestris
2994 2813 3008 2839 ,
3039 2774 3130 2847 qui
3161 2759 3308 2836 vobis
3334 2791 3456 2835 ante
3477 2782 3562 2837 in-

1973 2849 2142 2924 jurias
2171 2851 2428 2910 fecerunt.
2473 2857 2727 2919 Dimittite
2749 2901 2764 2928 ,
2794 2864 3058 2932 quomodo
3089 2868 3236 2924 vobis
3257 2871 3559 2932 dimittitur.

1979 2941 2119 3034 Deus
2159 2944 2286 3000 nulli
2313 2945 2439 3002 fecit
2481 2948 2757 3022 injuriam,
2800 2962 2854 3008 et
2883 2963 3059 3015 tamen
3083 2958 3299 3016 dimittit
3320 2967 3409 3034 qui
3434 2968 3563 3024 nihil

1976 3032 2152 3090 debet.
2175 3036 2452 3104 Quomodo
2467 3040 2624 3098 debet
2643 3042 2908 3102 dimittere
2930 3049 3014 3103 cui
3037 3032 3563 3125 diminuam—quando

1975 3126 2066 3182 ille
2087 3129 2263 3182 omnia
2291 3129 2522 3199 dimittit,
2553 3134 2640 3204 qui
2669 3151 2774 3192 non
2803 3136 2959 3196 debet
2985 3140 3126 3213 quod
3153 3143 3199 3200 ei
3229 3144 3562 3206 dimittatur?

2045 3220 2271 3276 CAPUT
2312 3223 2402 3278 IX.
2440 3255 2510 3264 —
2549 3226 2600 3280 9.
2643 3227 2799 3282 Sexta
2841 3232 3030 3301 petitio.
3080 3234 3306 3294 Tentatio
3353 3240 3558 3313 duplex.

1975 3308 2251 3368 Deserente
2277 3313 2387 3370 Deo
2413 3318 2648 3375 continuo
2679 3323 2898 3389 possidet
2927 3334 3158 3382 tentatur.
3189 3308 3560 3403 concupiscen-

1975 3401 2059 3454 tite
2099 3416 2354 3459 remanent
2397 3419 2510 3478 post
2557 3407 2897 3480 Baptism-um.
2921 3415 3096 3472 —Ne
3152 3436 3242 3476 nos
3271 3401 3459 3493 inferas
3506 3429 3558 3482 in

1975 3495 2328 3561 tentationem;
2375 3499 2463 3552 sed
2509 3499 2663 3554 libera
2693 3519 2782 3557 nos
2808 3506 3021 3560 amato.
3065 3509 3332 3583 Numquid
3381 3525 3435 3573 ct
3458 3518 3558 3575 hoc

1973 3586 2337 3640 necessarium
2364 3588 2466 3644 erit
2496 3591 2548 3646 in
2577 3589 2659 3645 illa
2686 3592 2789 3646 vita
2812 3594 2833 3646 ?
2858 3593 2974 3650 Non
3002 3596 3221 3668 dicitur,
3252 3601 3335 3657 Ne
3360 3622 3450 3663 nos
3475 3609 3558 3663 in-

1973 3679 2105 3748 feras
2148 3678 2584 3748 intentationem,
2617 3683 2715 3738 nisi
2755 3686 2840 3740 ubi
2881 3697 3053 3756 potest
3079 3705 3198 3751 esse
3222 3699 3456 3754 tcntatio.
3499 3701 3554 3755 lu

1973 3771 2141 3824 sancti
2162 3770 2263 3828 Job
2288 3773 2425 3828 libro
2451 3773 2700 3848 legimus,
2726 3773 2988 3851 Numquid
3013 3799 3112 3836 non
3137 3787 3339 3842 tentatio
3364 3793 3556 3846 estvita

1973 3859 2192 3914 humana
2220 3879 2370 3933 super
2408 3873 2590 3918 terram
2627 3865 2782 3938 (Job.
2818 3884 2905 3936 vn,
2954 3871 3033 3944 l}?
3062 3872 3197 3940 Quid
3232 3892 3358 3950 ergo
3403 3897 3556 3954 roga-

1971 3957 2128 4010 mus?
2154 3955 2325 4025 Quid,
2370 3959 2564 4014 auditc.
2598 3962 2882 4032 Apostolus
2907 3963 3134 4025 Jacobus
3178 3971 3336 4040 dicit,
3389 3973 3552 4032 Nemo

1971 4062 2081 4099 cum
2121 4057 2338 4102 tentatur
2363 4050 2496 4105 dicat
2525 4053 2658 4121 quod
2684 4071 2713 4106 a
2754 4053 2861 4109 Deo
2893 4066 3111 4113 tentatur
3137 4060 3337 4132 (Jacobi
3365 4082 3401 4132 t,
3437 4068 3548 4138 15).

1971 4139 2335 4198 Tcutationem
2362 4144 2513 4199 istam
2560 4147 2750 4201 malam
2777 4148 2940 4214 dixit,
2973 4167 3073 4226 qua
3105 4156 3324 4226 quisque
3353 4159 3553 4234 decipi-

1971 4240 2086 4300 tur,
2117 4242 2169 4287 ct
2213 4235 2423 4290 diabolo
2454 4237 2796 4309 subjugatur;
2839 4241 3002 4310 ipsam
3033 4242 3164 4298 dixit
3186 4251 3546 4306 tentationcut.

1970 4324 2065 4380 Est
2093 4326 2232 4380 enim
2265 4328 2364 4382 alia
2396 4331 2645 4396 tentatio,
2692 4348 2807 4401 qua:
2839 4334 3129 4403 appellatur
3152 4339 3396 4408 probatio
3437 4362 3449 4396 :
3484 4345 3550 4400 dc

1968 4418 2082 4488 ipsa
2115 4421 2404 4476 tentationc
2427 4423 2680 4494 scriptum
2710 4433 2809 4492 est,
2839 4425 3014 4480 Tentat
3035 4442 3118 4482 vos
3143 4429 3391 4488 Dominus
3411 4434 3550 4491 Deus

1966 4524 2141 4580 vester,
2176 4525 2228 4568 ut
2253 4517 2376 4569 sciat
2400 4519 2440 4570 si
2460 4517 2665 4588 diligitis
2689 4535 2802 4572 eum
2824 4519 2999 4590 (Deut.
3031 4538 3146 4590 xm,
3174 4525 3255 4594 5).
3285 4526 3418 4594 Quid
3445 4540 3546 4598 cst,

1965 4617 2018 4660 ut
2058 4607 2222 4661 sciat?
2259 4608 2328 4664 Ut
2357 4610 2491 4664 scire
2522 4624 2614 4664 vos
2643 4611 2796 4665 faciat
2830 4629 2841 4664 :
2877 4628 2998 4667 nam
3045 4615 3156 4684 ipsc
3181 4617 3345 4672 novit.
3375 4618 3430 4672 ln
3459 4621 3545 4676 illa

1966 4700 2252 4755 tentationc
2293 4715 2392 4770 qua
2422 4702 2642 4772 quisque
2667 4701 2926 4774 decipitur
2953 4716 3006 4760 et
3031 4706 3331 4777 seducitur,
3371 4711 3546 4768 nemi-

1963 4805 2085 4846 nem
2113 4801 2276 4846 teutat
2297 4792 2434 4849 Deus
2459 4809 2471 4846 :
2501 4793 2593 4848 sed
2618 4793 2774 4866 plane
2797 4795 2995 4865 judicio
3018 4812 3114 4853 suo
3137 4798 3245 4853 alto
3264 4808 3312 4854 et
3336 4803 3546 4871 occulto

1962 4883 2217 4953 quosdam
2264 4885 2480 4940 deserit.
2513 4883 2644 4940 Cum
2677 4887 2764 4941 ille
2792 4886 3120 4955 deseruerit,
3172 4891 3370 4947 invenit
3417 4895 3544 4964 quid

1960 4975 2115 5032 faciat
2139 4985 2384 5032 tentator.
2426 4978 2539 5034 Non
2571 4978 2712 5035 enim
2743 4981 2936 5038 invenit
2965 4982 3217 5041 adversus
3238 4999 3295 5040 se
3320 4985 3543 5044 luctato-

1961 5085 2074 5126 rem
2096 5112 2110 5138 ,
2160 5070 2254 5125 sed
2280 5071 2530 5126 continuo
2571 5071 2647 5127 illi
2678 5087 2737 5128 se
2772 5072 2986 5130 exhibet
3015 5075 3034 5106 ²
3064 5090 3426 5144 possessorem
3447 5121 3463 5148 ,
3495 5087 3540 5138 si

1959 5159 2168 5215 deserat
2197 5160 2358 5216 Deus.
2385 5161 2464 5216 Ne
2486 5161 2694 5217 deserat
2716 5178 2841 5236 ergo
2870 5178 2997 5230 nos,
3029 5164 3149 5224 ideo
3172 5166 3426 5238 dicimus,
3459 5171 3542 5230 Ne

1958 5269 2048 5307 nos
2074 5254 2261 5322 inferas
2286 5255 2339 5307 in
2365 5255 2704 5309 tentationem.
2747 5255 3095 5327 Unusquisque
3129 5261 3260 5314 enim
3288 5272 3536 5336 tentatur,
3597 5260 3601 5263 ’

1955 5347 2029 5401 ait
2061 5348 2200 5402 idem
2230 5349 2506 5418 apostolus
2531 5348 2788 5418 Jacobus,
2820 5368 2850 5404 a
2875 5353 3273 5423 concupiscentia
3297 5373 3388 5411 sua
3425 5359 3536 5415 abs-

1957 5451 2143 5496 tractus
2168 5451 2211 5494 et
2236 5441 2428 5496 illectus
2460 5459 2478 5495 .·
2507 5443 2685 5495 deinde
2717 5444 3116 5514 concupiscentia
3160 5464 3272 5502 cum
3291 5466 3534 5521 concepe-

1952 5524 2051 5588 rit,
2081 5525 2213 5593 parit
2245 5536 2500 5594 peccatum
2526 5541 2544 5590 ;
2575 5534 2830 5592 peccatum
2857 5535 3023 5578 autem
3066 5543 3180 5581 cum
3217 5545 3534 5585 consumma-

1949 5613 2058 5658 tum
2099 5607 2281 5674 (item,
2307 5614 2514 5675 generat
2541 5613 2752 5659 mortem
2781 5603 3002 5675 (Jacobi,
3034 5623 3072 5674 ι,
3100 5607 3365 5681 14α15).
3391 5610 3530 5679 Quid

2019 5699 2034 5768 ξ
2069 5704 2289 5770 iussn-ut
2320 5699 2590 5770 procedens
2627 5699 2784 5751 securi
2797 5715 2813 5761 ;
2857 5704 3033 5770 omisso
3067 5703 3199 5770 inde,
3222 5709 3354 5770 __ttox_
3391 5705 3528 5770 editi,
3572 5747 3579 5756 .

1953 5759 2062 5840 quin
2086 5758 2239 5830 liberi.
2283 5758 2904 5840 Sédﬂttlius(lctl‘ttilliénsls
2925 5773 3027 5826 iis,
3059 5765 3196 5829 quasi
3214 5763 3370 5820 liberi.

2021 5828 2036 5852 κ
2067 5825 2236 5885 ian-gius
2266 5833 2342 5872 iis.
2371 5825 2448 5876 ille
2472 5839 2519 5874 sc
2543 5826 2747 5878 tut/silui.
