3980 6460
453 558 554 601 nos
571 538 787 599 docuit?
807 537 881 596 Ut
907 535 1204 608 pugnemus
1229 536 1415 589 contra
1450 526 1907 601 concupiscentias
1930 542 2033 581 no-

452 642 614 693 stras.
643 630 855 690 Etenim
881 630 935 685 in
960 627 1231 699 Baptismo
1277 632 1464 682 sancto
1502 631 1724 695 peccata
1769 618 2038 677 dimissuri

453 730 622 787 estis:
652 721 1096 796 concupiscentiae
1116 717 1471 776 remanebunt
1490 757 1509 785 ,
1537 730 1660 772 cum
1682 712 1876 785 quibus
1894 723 2038 781 rege

453 819 625 878 nerati
649 814 915 891 pugnetis.
940 814 1127 870 Restat
1165 811 1309 868 enim
1332 808 1608 867 conﬂictus
1636 806 1693 862 in
1714 804 1865 861 vobis
1885 800 2033 874 ipsis.

450 915 638 972 Nullus
681 911 851 968 hostis
892 916 1158 966 metuatur
1200 906 1532 963 extrinsecus
1557 904 1615 956 1:
1644 909 1699 958 te
1745 898 1931 963 vince,
1982 902 2038 952 et

450 1007 680 1065 mundus
725 1012 809 1062 est
852 1003 1044 1060 victus.
1093 998 1232 1069 Quid
1273 998 1366 1054 tibi
1415 998 1648 1052 facturus
1676 1000 1759 1049 est
1804 996 2037 1046 tentatur

451 1114 736 1161 extraneus
754 1142 770 1168 ,
799 1100 917 1154 sive
935 1095 1178 1154 diabolus
1198 1134 1214 1160 ,
1244 1093 1356 1148 sive
1383 1090 1626 1146 minister
1651 1083 1885 1141 diaboli?
1911 1080 2039 1150 Qui-

450 1213 679 1269 cumque
703 1196 865 1255 homo
889 1190 1136 1265 proponit
1153 1188 1359 1244 lucrum
1378 1226 1393 1253 ,
1426 1191 1484 1240 ut
1502 1181 1739 1247 seducet,
1762 1176 2037 1235 avaritiam

451 1295 505 1350 in
532 1303 589 1350 te
616 1308 722 1349 non
747 1288 982 1346 inveniat
1008 1304 1021 1339 :
1054 1282 1180 1355 quid
1208 1281 1332 1337 facit
1350 1276 1653 1350 propositor
1670 1271 1837 1329 lucri?
1856 1270 1913 1327 Si
1939 1284 2036 1324 au-

449 1364 559 1445 tem
583 1384 806 1442 avaritia
827 1384 882 1438 in
907 1390 960 1437 te
976 1381 1186 1436 inventa
1213 1374 1389 1442 fuerit,
1415 1371 1529 1427 viso
1548 1370 1697 1425 lucro
1722 1362 2035 1430 inardescis,

448 1482 656 1539 vitiosa:
684 1491 823 1535 esete
842 1477 864 1509 ³
890 1472 1097 1545 caperis
1122 1471 1331 1539 laqueo.
1365 1464 1423 1521 Si
1450 1470 1628 1519 autem
1662 1474 1769 1516 non
1794 1459 1850 1513 in
1877 1464 1933 1512 te
1957 1454 2037 1559 in-

450 1573 657 1630 venerit
702 1567 1013 1633 avaritiam,
1063 1559 1321 1619 remansit
1369 1556 1559 1612 frustra
1589 1560 1803 1609 extenta
1845 1556 2040 1606 musci-

450 1669 597 1741 pula.
645 1663 898 1734 Proponit
927 1659 1020 1715 tibi
1046 1661 1277 1713 tentator
1297 1648 1706 1741 pulcherrimam
1736 1643 1987 1741 feminam
2021 1655 2036 1693 :

453 1734 592 1818 adsit
625 1759 767 1814 intus
788 1753 1004 1810 castitas
1028 1792 1043 1818 ,
1073 1749 1212 1804 victa
1250 1753 1332 1801 est
1358 1742 1490 1798 foris
1514 1739 1785 1810 iniquitas.
1819 1734 1889 1791 Ut
1911 1747 2041 1804 ergo

455 1872 563 1912 non
585 1864 635 1910 te
663 1851 836 1922 capiat
858 1845 1128 1919 proposita
1150 1836 1540 1913 pulchritudine
1558 1832 1798 1890 mulieris
1818 1829 2001 1884 alienm
2022 1869 2039 1896 ,

453 1964 574 2006 cum
625 1954 712 2002 tua
760 1940 979 1997 libidine
1028 1937 1172 1992 intus
1219 1946 1412 2005 pugna.
1460 1928 1575 1985 Non
1626 1926 1791 1982 sentis
1832 1922 2040 1976 hostem

454 2048 635 2102 tuum,
686 2032 781 2090 sed
827 2030 993 2088 sentis
1021 2022 1505 2094 concupiscentiam
1551 2012 2043 2101 tuam._Diabolum

452 2146 559 2188 non
585 2127 771 2193 vides,
803 2122 899 2180 sed
939 2118 1065 2192 quid
1086 2124 1139 2173 te
1164 2115 1427 2181 delectet,
1468 2109 1639 2166 vides.
1693 2106 1857 2162 Vince
1902 2105 2044 2159 intus

452 2220 594 2295 quod
623 2230 678 2276 tu
701 2217 884 2274 sentis.
914 2214 1091 2285 Pugna
1113 2251 1127 2277 ,
1160 2223 1336 2279 pugna
1360 2223 1374 2273 ;
1404 2204 1524 2277 quia
1549 2202 1641 2273 qui
1682 2210 1733 2257 te
1759 2211 2044 2270 regenera-

451 2317 564 2381 vit,
600 2314 766 2387 judex
796 2320 923 2367 est:
969 2305 1243 2379 proposuit
1291 2304 1519 2368 luctam,
1571 2305 1725 2370 parat
1766 2308 2041 2353 coronam.

453 2409 559 2468 Sed
597 2409 719 2479 quia
749 2407 864 2462 sine
884 2402 1047 2458 dubio
1068 2398 1305 2455 vinceris
1324 2439 1338 2461 ,
1375 2396 1420 2451 si
1448 2394 1595 2450 illum
1617 2392 1915 2462 adjutorem
1935 2402 2044 2443 non

456 2500 728 2565 habueris,
762 2498 809 2552 si
835 2506 885 2551 te
914 2490 1206 2550 deseruerit
1231 2507 1246 2558 ;
1275 2489 1393 2544 ideo
1414 2486 1668 2558 proponis
1694 2484 1746 2538 in
1770 2480 2042 2547 Oratione,

456 2592 541 2648 Ne
561 2607 650 2645 nos
665 2591 855 2662 inferas
870 2587 923 2642 in
944 2585 1286 2641 tentationem.
1311 2581 1393 2636 Ira
1415 2578 1610 2650 judicis
1624 2574 1839 2632 donavit
1854 2574 2049 2644 ’quos-

454 2684 576 2741 dam
597 2677 1045 2752 concupiscentiis
1060 2676 1171 2731 suis
1191 2692 1203 2728 :
1227 2681 1281 2729 et
1301 2671 1429 2727 dicit
1448 2668 1576 2725 illud
1589 2667 1896 2738 Apostolus,
1916 2662 2048 2718 Tra-

454 2777 582 2831 didit
599 2775 718 2830 illos
746 2772 885 2827 Deus
897 2772 953 2825 in
977 2764 1435 2837 concupiscentiam
1455 2761 1619 2816 cordis
1642 2760 1846 2813 illorum
1864 2755 2043 2827 (Rom.

453 2883 493 2937 ι,
510 2868 625 2940 24).
645 2864 924 2936 Quomodo
938 2860 1190 2919 tradidit?
1205 2858 1321 2914 Non
1336 2854 1595 2928 cogendo,
1616 2852 1710 2908 sed
1726 2848 2046 2907 deserendo.

526 2958 752 3019 CAPUT
793 2959 861 3014 Χ.
885 2988 957 2998 -
983 2957 1070 3013 10.
1101 2953 1355 3009 Liberatio
1380 2967 1413 3004 a
1452 2948 1608 3003 maio.
1637 2977 1708 2987 —
1731 2944 1914 3000 Libera
1958 2959 2049 2998 nos

457 3071 491 3113 a
514 3055 650 3110 malo
680 3070 701 3108 :
730 3060 906 3124 potest
952 3049 1019 3105 ad
1047 3047 1290 3105 eamdem
1321 3045 1491 3115 ipsam
1518 3040 1840 3098 sententiam
1889 3037 2050 3110 perti-

456 3166 607 3209 nere.
639 3148 765 3205 Ideo
785 3147 863 3203 sic
886 3154 967 3201 est
983 3186 998 3210 ,
1028 3151 1088 3199 ut
1111 3141 1379 3211 intelligas
1398 3152 1558 3193 unam
1580 3134 1895 3192 sententiam
1914 3176 1928 3203 ,
1967 3130 2052 3187 Ne

457 3259 551 3315 nos
581 3243 771 3313 inferas
806 3239 860 3293 in
887 3236 1245 3297 tentationem;
1273 3232 1361 3288 sed
1388 3231 1542 3287 libera
1568 3246 1659 3285 nos
1678 3246 1711 3284 a
1730 3229 1885 3283 malo.
1926 3226 2052 3283 Ideo

458 3334 662 3392 addidit
687 3331 776 3388 sed
811 3348 823 3385 :
851 3339 910 3386 ut
937 3328 1244 3385 ostenderet
1272 3326 1373 3382 hoc
1405 3333 1574 3381 totum
1615 3322 1680 3377 ad
1710 3336 1869 3378 unam
1924 3336 2051 3376 sen-

462 3427 681 3483 tentiam
707 3423 1004 3495 pertinere,
1034 3437 1097 3475 ne
1130 3436 1221 3473 nos
1250 3419 1443 3488 inferas
1486 3417 1540 3470 in
1579 3415 1935 3479 tentationem;
1964 3410 2053 3466 sed

462 3521 618 3576 libera
638 3533 728 3573 nos
757 3532 789 3570 a
826 3514 980 3569 malo.
1008 3510 1326 3581 Quomodo?
1354 3508 1570 3580 Singula
1601 3508 1687 3563 illa
1713 3520 2004 3579 proponam
2034 3520 2048 3561 :

462 3610 547 3667 Ne
570 3626 660 3665 nos
684 3611 873 3681 inferas
914 3607 969 3660 in
996 3602 1462 3669 tentationem;sed
1507 3600 1664 3656 libera
1709 3615 1801 3654 nos
1835 3616 1868 3653 a
1895 3600 2050 3653 malo.

458 3702 760 3760 Liberando
786 3715 883 3755 nos
899 3714 930 3754 a
952 3697 1115 3764 malo,
1148 3711 1253 3752 non
1285 3710 1381 3752 nos
1404 3693 1563 3750 infert
1590 3694 1643 3749 in
1670 3692 2051 3750 tentationem:

461 3814 567 3853 non
589 3811 687 3851 nos
713 3792 985 3850 inferendo
1012 3792 1065 3847 in
1091 3790 1463 3856 tentationem,
1493 3788 1685 3844 liberat
1717 3803 1818 3845 nos
1838 3803 1869 3842 a
1889 3785 2053 3842 malo.

531 3884 756 3944 CAPUT
795 3884 886 3940 XI.
917 3885 1099 3941 -11.
1141 3881 1334 3955 Magna
1365 3882 1603 3949 tentatio,
1652 3880 1903 3935 horrenda
1943 3890 2054 3935 ten-

463 3982 602 4047 tatio,
655 3979 780 4034 velle
820 3977 1089 4032 vindicari.
1140 3976 1327 4049 Magna
1351 3990 1480 4031 vero
1519 3976 1744 4031 tentatio
1790 3981 1891 4040 est,
1923 3973 2054 4029 cha-

462 4072 660 4130 ris-simi
676 4112 690 4139 ,
732 4086 923 4142 magna
948 4070 1171 4126 tentatio
1191 4079 1271 4126 est
1295 4070 1349 4124 in
1387 4068 1489 4124 hac
1513 4069 1620 4124 vita
1643 4110 1658 4137 ,
1686 4067 1899 4138 quando
1925 4066 2055 4122 illud

463 4173 706 4221 nostrum
733 4170 965 4219 tentatur
984 4204 998 4232 ,
1040 4176 1145 4234 quo
1181 4175 1452 4217 meremur
1472 4160 1679 4215 veniam
1700 4201 1717 4227 ,
1748 4157 1916 4215 sicubi
1939 4169 2056 4214 ten-

466 4256 559 4311 tati
615 4254 748 4325 lapsi
780 4254 1056 4311 fuerimus.
1104 4252 1381 4309 llorrenda
1412 4252 1632 4309 tentatio
1675 4260 1792 4320 est,
1846 4251 2059 4323 quando

466 4348 622 4409 nobis
643 4346 847 4404 tollitur
866 4388 880 4413 ,
922 4345 1065 4403 unde
1091 4345 1159 4402 ab
1189 4347 1411 4401 aliarum
1442 4345 1795 4403 tentationum
1820 4346 2057 4403 vulneri-

465 4439 567 4497 bus
591 4439 767 4496 sanari
809 4440 1094 4511 possimus.
1145 4439 1267 4496 Scio
1298 4439 1530 4496 nondum
1562 4456 1660 4497 vos
1687 4441 2010 4499 intellexisse
2039 4456 2054 4494 :

466 4533 651 4589 adeste
675 4531 853 4588 animo
877 4574 893 4600 ,
941 4541 1001 4587 ut
1028 4532 1351 4603 intelligatis.
1401 4532 1532 4589 Puta
1553 4575 1568 4601 ,
1596 4542 1766 4591 tentat
1806 4536 2056 4604 avaritia,

466 4626 639 4682 victus
667 4634 750 4681 est
774 4625 1055 4696 quisquam
1078 4624 1226 4696 (quia
1250 4632 1306 4680 et
1332 4625 1563 4681 luctator
1584 4626 1869 4699 aliquando
1895 4640 1949 4684 et
1972 4627 2060 4683 bo-

468 4735 572 4777 nus
617 4718 888 4791 prmliator
917 4718 1263 4791 vulneratur)
1294 4720 1345 4775 in
1375 4720 1549 4791 aliqua
1574 4737 1678 4777 una
1722 4722 2012 4779 tentatione
2043 4739 2061 4780 :

467 4811 597 4867 vicit
619 4810 890 4866 hominem
916 4810 1138 4865 avaritia
1158 4852 1174 4878 ,
1201 4810 1359 4866 etiam
1405 4810 1607 4868 bonum
1634 4812 1981 4882 luctatorem;
2008 4823 2065 4872 et

470 4903 595 4959 fecit
619 4903 799 4959 nescio
820 4900 946 4973 quid
984 4916 1223 4957 avarum.
1264 4901 1496 4959 Transiit
1532 4904 1731 4974 libido,
1763 4923 1869 4964 non
1896 4908 2063 4964 addu-

471 4997 550 5053 xit
588 4995 656 5052 ad
684 5004 925 5067 stuprum
948 5038 963 5064 ,
1005 5012 1113 5052 non
1154 4998 1396 5067 pervenit
1441 4997 1509 5054 ad
1547 4998 1884 5058 adulterium.
1927 5000 2063 5059 Illud

472 5090 615 5146 enim
641 5088 854 5160 quando
894 5088 1053 5144 fuerit
1072 5130 1087 5157 ,
1119 5098 1172 5146 et
1200 5088 1268 5146 ab
1295 5090 1555 5148 adulterio
1590 5092 1752 5149 homo
1780 5094 2066 5165 prohiben-

473 5183 574 5240 dus
594 5192 695 5239 est.
724 5181 833 5239 Sed
880 5183 1012 5239 vidit
1038 5183 1316 5242 mulierem
1340 5185 1407 5242 ad
1434 5188 1944 5259 concupiscendum,
1973 5206 2065 5248 eo-

474 5276 659 5348 gitavit
683 5274 881 5345 aliquid
902 5274 1270 5334 delectabilius
1298 5294 1458 5350 quam
1482 5279 1697 5348 debuit;
1724 5282 1929 5353 accepit
1960 5298 2063 5354 pu-

476 5372 865 5444 gnam,‘et1am
906 5372 1139 5442 optimus
1166 5374 1431 5445 praeliator
1469 5390 1753 5445 percussus
1795 5383 1921 5433 est:
1969 5376 2065 5434 sed

480 5479 586 5518 non
615 5461 921 5531 consensit,
949 5465 1273 5537 repercussit
1297 5473 1499 5521 motum
1548 5466 1802 5548 lascivum
1822 5508 1838 5535 ,
1862 5467 2065 5526 doloris

482 5555 833 5614 amaritudine
858 5558 1167 5629 castigavit,
1209 5561 1529 5631 repercussit
1554 5569 1608 5617 et
1631 5559 1757 5616 vicit
1780 5560 1822 5615 ".
1863 5561 2065 5620 Tamen

548 5671 564 5741 ἕ
592 5671 1010 5741 uacermanensis
1039 5679 1123 5741 Ms.
1148 5680 1203 5723 At
1223 5673 1360 5735 editi,
1386 5672 1509 5736 Ouid
1527 5674 1614 5728 tibi
1633 5676 1851 5741 [ασασω
1870 5688 1942 5737 est
1961 5688 2064 5737 ten.

481 5738 606 5786 tator
629 5731 966 5797 extrinsecus?
992 5742 1052 5784 Te
1075 5733 1227 5797 vince,
1245 5742 1340 5787 etc.

546 5798 567 5828 ⁸
591 5795 767 5858 Regius
788 5794 932 5855 liber,
956 5807 1056 5847 ursa
1077 5811 1203 5847 esca.

551 5860 571 5892 ³
593 5864 698 5907 Mss.
729 5866 807 5907 Ira
836 5858 972 5908 Lfm'ci
995 5858 1198 5910 donarit.

547 5921 569 5955 ι
606 5922 678 5973 sic
697 5923 1036 5973 Germancnsis
1058 5929 1137 5975 bis.
1157 5922 1276 5979 Editi
1301 5931 1482 5991 autem,
1499 5923 1630 5982 vim.

1690 410 1750 469 S.
1790 400 2159 468 AUGUSTINI
2195 404 2502 468 EPISGOPI

2141 538 2210 583 eo
2236 529 2352 598 ipso
2379 527 2521 601 quod
2547 527 2729 600 lapsus
2746 538 2889 598 erat,
2934 530 3095 590 habet
3134 533 3275 593 unde
3299 533 3474 605 dicat,
3512 535 3733 597 Dimitte

2141 620 2283 676 nobis
2300 621 2467 677 debita
2495 632 2684 678 nostra.
2712 623 2802 681 Sic
2833 624 2899 683 de
2926 629 3135 685 caeteris
3153 630 3398 688 omnibus
3423 634 3735 690 tentationi-

2138 709 2274 782 bus,
2319 712 2534 771 difficile
2576 725 2660 773 est
2696 725 2755 773 ut
2779 733 2889 775 non
2931 721 3001 776 sit
3022 721 3164 778 unde
3190 722 3429 781 dicamus
3454 767 3470 793 ,
3517 725 3738 785 Dimitte

2140 807 2284 862 nobis
2308 807 2472 864 debita
2519 820 2708 868 nostra.
2758 813 2890 882 Quae
2930 822 3013 872 est
3038 831 3164 888 ergo
3186 817 3307 889 illa,
3355 835 3513 892 quam
3535 823 3733 892 posui,

2143 899 2405 958 horrenda
2442 905 2665 961 tentatio
2685 948 2699 974 ,
2729 906 2950 963 molesta
2970 951 2986 977 ,
3016 910 3292 967 tremenda
3312 953 3329 979 ,
3369 914 3624 971 omnibus
3647 916 3736 970 vi-

2140 994 2321 1062 ribus,
2357 996 2502 1051 omni
2528 999 2724 1056 virtute
2748 1000 3001 1058 vitanda?
3047 1018 3165 1075 quae
3207 1015 3292 1062 est
3335 1006 3472 1062 ista?
3503 1009 3736 1076 Quando

2142 1087 2420 1144 nobiscum
2450 1091 2641 1161 agitur,
2666 1101 2723 1148 ut
2746 1093 3078 1151 vindicemus
3105 1112 3224 1153 nos.
3252 1098 3333 1153 Ira
3355 1111 3736 1172 exasperatur;

2142 1186 2197 1234 et
2247 1178 2457 1237 frendet
2481 1180 2643 1238 homo
2669 1183 2925 1241 vindicari
2956 1204 2968 1240 :
2999 1186 3261 1245 horrenda
3286 1193 3526 1248 tentatio.
3575 1192 3740 1249 Unde

2142 1281 2455 1342 accepturus
2491 1274 2633 1330 enim
2664 1278 2876 1333 veniam
2905 1278 3084 1337 fueras
3110 1296 3208 1352 pro
3240 1285 3449 1340 caeteris
3474 1284 3692 1344 delictis
3717 1328 3740 1358 ,

2143 1362 2247 1420 hoc
2275 1364 2471 1434 perdis.
2512 1365 2570 1422 Si
2595 1368 2722 1439 quid
2745 1370 2863 1426 aliis
2891 1373 3139 1429 sensibus
3158 1417 3173 1443 ,
3205 1374 3324 1431 aliis
3352 1376 3740 1448 cupiditatibus

2142 1473 2482 1532 peccaveras,
2503 1462 2628 1520 hinc
2641 1474 2755 1521 erat
2769 1468 3060 1525 sanandum
3069 1471 3212 1541 ,quia
3224 1471 3459 1530 dicturus
3470 1488 3592 1531 eras
3607 1519 3623 1540 ,
3641 1474 3744 1530 Di—

2143 1556 2282 1610 mitte
2293 1556 2435 1611 nobis
2449 1556 2613 1613 debita
2628 1570 2799 1615 nostra
2809 1561 2938 1615 sicut
2954 1572 2998 1616 et
3011 1579 3102 1618 nos
3117 1562 3414 1620 dimittimus
3429 1564 3745 1623 debitoribus

2144 1651 2347 1706 nostris.
2365 1651 2470 1720 Qui
2488 1663 2539 1709 te
2551 1654 2763 1726 instigat
2777 1663 2836 1710 ut
2852 1654 3157 1724 vindiceris,
3175 1656 3362 1727 perdet
3376 1658 3470 1713 tibi
3485 1657 3631 1729 quod
3647 1657 3740 1713 di-

2144 1752 2327 1799 cturus
2347 1759 2486 1812 eras,
2509 1745 2655 1802 Sicut
2678 1755 2723 1802 et
2747 1764 2839 1803 nos
2866 1748 3164 1805 dimittimus
3192 1748 3494 1804 debitoribus
3524 1751 3740 1806 nostris.

2145 1832 2243 1889 Illo
2256 1836 2676 1905 perdito,cuncta
2691 1838 3036 1895 tenebuntur:
3051 1841 3268 1896 omnino
3282 1840 3412 1897 nihil
3423 1841 3738 1897 dimittitur.

2215 1927 2300 1983 CA
2309 1928 2442 1985 PUT
2464 1929 2651 1985 Xll.—
2665 1932 2750 1988 12.
2769 1931 3147 1989 Commendatio
3159 1934 3415 1989 charitatis
3426 1951 3545 2006 erga
3564 1935 3745 1989 inimi-

2147 2035 2251 2075 cos.
2268 2019 2447 2075 Debita
2461 2023 2771 2091 quotidiana.
2784 2023 2934 2082 Hanc
2956 2026 3310 2097 periculosam
3324 2028 3668 2084 tentationem
3682 2027 3743 2083 in

2148 2113 2249 2169 ista
2276 2114 2382 2169 vita
2408 2115 2583 2172 sciens
2598 2116 2875 2185 Dominus,
2909 2117 3157 2189 Magister
3192 2127 3246 2175 et
3284 2119 3527 2176 Salvator
3552 2126 3747 2176 noster

2148 2220 2266 2262 cum
2286 2207 2501 2265 doceret
2517 2225 2614 2265 nos
2629 2210 2681 2269 in
2702 2210 2802 2265 hac
2817 2210 3067 2267 Oratione
3089 2227 3180 2267 sex
3204 2211 3287 2268 vel
3309 2221 3511 2283 septem
3532 2212 3748 2283 petitio-

2149 2314 2267 2368 nes,
2287 2300 2486 2357 nullam
2511 2301 2609 2357 sibi
2627 2303 2911 2374 assumpsit
2926 2302 3066 2359 unde
3089 2312 3360 2372 tractaret,
3384 2314 3437 2359 et
3464 2319 3623 2376 quam
3643 2319 3751 2359 no-

2149 2390 2233 2446 bis
2248 2392 2616 2450 vehementius
2630 2395 3049 2462 commendaret,
3078 2396 3182 2451 nisi
3201 2396 3338 2452 banc
3359 2411 3537 2451 unam.
3566 2395 3749 2452 Num-

2151 2487 2278 2559 quid
2315 2503 2421 2544 non
2479 2489 2706 2545 diximus
2730 2530 2744 2558 ,
2778 2489 2935 2545 Pater
2954 2500 3153 2559 noster,
3180 2492 3267 2563 qui
3291 2509 3344 2546 es
3380 2491 3434 2546 in
3476 2492 3612 2547 caelis
3636 2532 3655 2559 ,
3685 2499 3749 2548 et

2151 2590 2342 2637 cetera
2373 2581 2793 2653 subsequentia?
2826 2583 3003 2652 Quare
3044 2591 3164 2654 post
3202 2583 3404 2639 ﬁnitam
3430 2582 3749 2640 Orationem

2152 2688 2261 2729 non
2289 2673 2486 2744 aliquid
2519 2673 2671 2730 nobis
2703 2674 2827 2731 inde
2871 2677 3146 2743 tractavit,
3191 2677 3276 2732 vel
3316 2676 3458 2746 quod
3494 2692 3524 2731 a
3564 2678 3749 2749 capite

2151 2764 2363 2836 posuit,
2392 2766 2477 2820 vel
2505 2765 2646 2836 quod
2675 2765 2728 2821 in
2760 2766 2865 2822 fine
2890 2767 3189 2835 conclusit,
3237 2770 3323 2824 vel
3362 2769 3505 2841 quod
3532 2769 3586 2824 in
3617 2785 3746 2826 me-

2153 2856 2243 2913 dio
2288 2858 2607 2913 collocavit?
2651 2858 2709 2914 Si
2748 2860 2891 2915 enim
2919 2875 3027 2932 non
3075 2861 3129 2916 in
3167 2861 3317 2917 vobis
3355 2860 3751 2919 sanctificatum

2153 2949 2313 3007 fuerit
2337 2966 2530 3008 nomen
2557 2951 2674 3018 Dei,
2700 2962 2791 3008 aut
2828 2953 2874 3008 si
2900 2968 3004 3009 non
3030 2953 3391 3025 pertinueritis
3420 2954 3486 3009 ad
3516 2970 3750 3026 regnum

2155 3041 2272 3108 Dei,
2297 3051 2388 3097 aut
2414 3042 2458 3097 si
2484 3058 2590 3098 non
2617 3044 2670 3098 in
2700 3043 2853 3100 vobis
2874 3043 3010 3100 facta
3038 3045 3195 3100 fuerit
3217 3045 3466 3101 voluntas
3492 3045 3587 3101 Dei
3603 3046 3753 3103 sicut

2156 3134 2210 3190 in
2240 3134 2378 3190 coelo
2397 3177 2411 3202 ,
2442 3143 2534 3189 aut
2562 3134 2610 3191 si
2634 3150 2741 3190 non
2770 3151 2866 3192 vos
2892 3136 3033 3193 Deus
3075 3136 3386 3193 custodierit
3425 3153 3494 3193 ne
3527 3137 3752 3195 intretis

2156 3225 2213 3281 in
2243 3226 2589 3282 tentationem
2621 3246 2633 3282 :
2665 3241 2828 3299 quare
2847 3228 2979 3283 nihil
3005 3227 3242 3285 horum?
3267 3228 3371 3286 Sed
3392 3229 3554 3301 quid?
3583 3230 3752 3286 Amen

2158 3319 2272 3373 dico
2321 3319 2458 3374 vobis
2486 3361 2501 3386 ,
2558 3320 2679 3392 quia
2733 3320 2776 3374 si
2827 3319 3113 3376 dimiseritis
3137 3323 3154 3353 ί
3205 3330 3410 3391 peccata
3462 3322 3754 3378 hominibus

2159 3411 2386 3484 (Matth.
2432 3428 2485 3468 vr
2506 3454 2522 3480 ,
2572 3412 2661 3484 M)
2698 3430 2712 3467 :
2739 3421 2956 3483 propter
2980 3413 3111 3470 illud
3131 3456 3146 3482 ,
3178 3413 3390 3471 Dimitte
3416 3414 3558 3470 nobis
3581 3415 3756 3471 debita

2158 3515 2332 3560 nostra
2347 3548 2362 3574 ,
2386 3506 2514 3561 sicut
2541 3515 2586 3562 et
2606 3524 2698 3561 nos
2720 3506 3018 3569 dimittimus
3041 3508 3345 3564 debitoribus
3365 3510 3568 3565 nostris.
3596 3509 3757 3566 Prae-

2160 3599 2421 3655 termissis
2451 3600 2695 3657 omnibus
2714 3599 3057 3670 petitionibus
3083 3615 3215 3672 quas
3242 3615 3339 3657 nos
3361 3601 3578 3669 docuit,
3600 3602 3758 3660 illam

2159 3692 2390 3748 maxime
2417 3691 2596 3748 docuit
2616 3696 2657 3744 ’.
2687 3692 2803 3749 Non
2829 3694 3052 3749 multum
3090 3695 3300 3751 fuerant
3342 3695 3433 3750 illa
3470 3710 3756 3752 commen-

2160 3782 2332 3841 danda
2349 3826 2364 3851 ,
2394 3785 2446 3841 in
2474 3785 2663 3856 quibus
2687 3786 2733 3841 si
2764 3796 3013 3858 peccator
3039 3797 3143 3856 est,
3170 3788 3314 3844 unde
3340 3798 3558 3845 curetur
3576 3804 3758 3862 agno-

2162 3887 2249 3934 cat
2282 3896 2295 3934 :
2325 3879 2815 3935 commendandum
2837 3924 2852 3948 ,
2901 3882 2954 3936 in
2988 3897 3094 3952 quo
3123 3883 3167 3937 sl
3192 3883 3529 3953 peccaveris,
3557 3892 3762 3941 caetera

2162 3986 2268 4029 non
2317 3982 2400 4029 est
2438 3972 2578 4029 unde
2623 3974 2801 4029 sanari
2830 3974 2872 4027 ³.
2904 3973 3019 4031 Hoc
3041 3975 3187 4031 enim
3215 3974 3379 4032 debes
3420 3966 3620 4043 dicere,
3652 3975 3760 4031 Di-

2162 4067 2303 4119 mitte
2328 4064 2470 4119 nobis
2493 4064 2658 4119 debita
2679 4074 2873 4121 nostra.
2898 4066 3029 4133 Qua:
3047 4066 3264 4123 debita?
3290 4067 3406 4123 Non
3433 4066 3586 4124 deest
3613 4085 3627 4121 :
3657 4067 3765 4125 bo-

2163 4157 2333 4213 mines
2358 4170 2563 4213 sumus.
2594 4157 2760 4214 Paulo
2796 4159 2915 4229 plus
2942 4158 3153 4215 locutus
3190 4174 3308 4216 sum
3349 4174 3513 4231 quam
3551 4158 3759 4231 debui,

2164 4249 2273 4305 dixi
2319 4249 2518 4321 aliquid
2564 4250 2707 4322 quod
2730 4267 2837 4307 non
2862 4252 3054 4321 debui,
3082 4252 3178 4310 risi
3208 4253 3329 4325 plus
3357 4269 3515 4325 quam
3545 4253 3710 4311 debui
3737 4296 3758 4325 ,

2164 4344 2274 4401 bibi
2300 4346 2527 4418 amplius
2551 4361 2710 4416 quam
2736 4345 2930 4417 debui,
2959 4348 3167 4404 comedi
3205 4349 3436 4421 amplius
3465 4364 3625 4420 quam
3652 4349 3763 4406 de-

2166 4440 2293 4509 bui,
2342 4440 2518 4495 audivi
2543 4441 2771 4498 libenter
2795 4442 2937 4513 quod
2974 4457 3081 4499 non
3129 4443 3328 4512 debui,
3381 4444 3485 4500 vidi
3524 4444 3761 4503 libenter

2167 4534 2307 4603 quod
2340 4548 2445 4589 non
2472 4532 2630 4589 debui
2656 4576 2672 4601 ,
2703 4536 2932 4607 cogitavi
2961 4536 3192 4593 libenter
3210 4536 3354 4608 quod
3397 4553 3503 4595 non
3541 4537 3703 4595 debui
3741 4559 3756 4596 :

2168 4625 2377 4681 Dimitte
2406 4626 2548 4682 nobis
2573 4626 2742 4683 debita
2761 4639 2931 4686 nostra
2948 4672 2963 4697 ,
2993 4629 3121 4685 sicut
3156 4640 3204 4684 et
3227 4647 3319 4687 nos
3346 4632 3643 4689 dimitttmus
3665 4634 3765 4691 de-

2171 4717 2412 4774 bitoribus
2428 4720 2634 4775 nostris.
2663 4719 2884 4789 Peristi,
2905 4721 2953 4777 si
2973 4721 3076 4777 hoc
3099 4721 3397 4793 perdidisti.

2168 4813 2188 4873 θ
2240 4809 2466 4868 CAPUT
2525 4811 2668 4868 xm.
2704 4810 2892 4869 —13.
2960 4812 3219 4870 Hortatio.
3276 4815 3499 4888 Videte,
3563 4818 3764 4880 fratres

2168 4902 2314 4970 mei;
2341 4903 2517 4959 videte
2540 4945 2554 4969 ,
2588 4903 2683 4958 filii
2722 4904 2865 4971 mei;
2901 4904 3079 4962 videte
3105 4906 3199 4963 filii
3232 4907 3361 4976 Dei;
3389 4909 3599 4980 videte,
3631 4913 3763 4983 quia

2170 4993 2291 5050 dico
2317 4993 2486 5050 vobis.
2517 4995 2753 5066 Pugnate
2793 5011 2917 5053 cum
2955 4996 3117 5056 corde
3144 5008 3344 5069 vestro,
3372 5010 3628 5073 quantum
3654 5018 3766 5074 po-

2170 5087 2342 5145 testis.
2390 5089 2457 5143 Et
2501 5088 2546 5144 si
2575 5089 2816 5147 videritis
2859 5091 2998 5149 iram
3040 5101 3272 5151 vestram
3314 5103 3459 5152 stare
3500 5096 3768 5157 adversus

2173 5199 2290 5251 vos,
2313 5191 2498 5256 rogate
2524 5192 2709 5241 contra
2734 5186 2879 5243 illam
2907 5187 3074 5244 Deum
3108 5207 3122 5244 :
3153 5189 3313 5247 faciat
3338 5200 3391 5247 te
3418 5192 3558 5249 Deus
3585 5195 3767 5251 victo-

2171 5292 2286 5333 rem
2316 5276 2390 5333 tui
2417 5292 2432 5343 ;
2463 5276 2622 5334 faciat
2647 5286 2700 5335 te
2726 5279 2866 5337 Deus
2894 5280 3148 5338 victorem
3173 5324 3189 5352 ,
3231 5298 3336 5340 non
3359 5285 3561 5342 inimici
3587 5284 3767 5343 forin-

2171 5385 2330 5428 secus
2372 5371 2483 5440 tui,
2519 5370 2615 5428 sed
2653 5372 2974 5430 intrinsecus
3000 5366 3165 5431 animi
3195 5377 3293 5433 tui.
3319 5378 3508 5436 Aderit
3531 5381 3675 5437 enim
3705 5392 3768 5440 et

2172 5463 2351 5522 faciet.
2399 5464 2526 5521 Plus
2554 5465 2667 5521 vult
2699 5474 2757 5523 ut
2781 5465 2884 5523 hoc
2919 5468 2987 5524 ab
3021 5469 3117 5526 illo
3146 5480 3388 5543 petamus
3412 5515 3427 5542 ,
3453 5490 3614 5546 quam
3643 5476 3768 5548 plu.

2171 5556 2336 5615 viam.
2358 5556 2564 5614 Videtis
2588 5558 2752 5629 enim,
2779 5558 3100 5631 charissimi,
3129 5573 3259 5637 quot
3277 5567 3561 5638 petitiones
3578 5568 3768 5630 docuit

2239 5751 2258 5784 ι
2283 5748 2622 5799 Gmmanensis
2641 5754 2723 5798 Ms.
2884 5745 2929 5800 si
2949 5761 3043 5800 non
3064 5749 3361 5807 dimiseritis.

2236 5815 2257 5846 ²
2272 5814 2610 5864 Germanensis
2631 5817 2713 5860 Ms.

2238 5876 2259 5909 ³
2273 5875 2414 5944 Editi,
2435 5874 2814 5944 commeanan
2835 5877 3028 5938 cwtera,
3052 5878 3104 5930 in
3122 5879 3292 5944 quibus
3306 5881 3349 5931 si
3364 5883 3653 5944 peccaueris,
3670 5896 3769 5938 ηοη

2173 5944 2244 5997 est
2264 5940 2392 5993 unde
2419 5936 2619 5993 caneris.
2656 5945 2829 5997 Locum
2849 5944 2911 5997 ad
2930 5936 3305 5999 Germancnsem
3336 5936 3418 5997 bis.
3441 5936 3769 6004 correximus;
