4032 6332
303 282 407 341 595
1012 329 1039 343 κ

298 412 395 454 nos
416 397 677 455 Dominus
700 399 943 456 Christus
966 443 981 469 ,
1010 412 1063 458 et
1092 406 1179 461 vix
1206 406 1313 463 illic
1341 407 1603 465 invenitur
1621 425 1726 465 una
1754 424 1875 481 qum

297 498 447 544 sonet
480 490 550 546 de
577 507 714 562 pane
737 494 1044 563 quotidiana
1077 514 1090 550 :
1120 506 1179 552 ut
1201 500 1378 554 omnia
1402 516 1520 570 quae
1560 501 1874 572 cogitamus,

1684 295 1914 355 SERIO
1951 297 2130 356 LVIII.

3455 323 3564 386 δοι

2056 412 2110 468 5.
2181 412 2359 472 Prima
2401 428 2450 475 et
2489 423 2711 479 made
2748 427 2941 493 petitio.
2970 458 3043 472 —-
3068 430 3424 505 Sancti/iectur
3457 455 3556 495 no-
3619 502 3629 519 ο

1980 516 2094 557 men
2119 513 2279 575 tuum,
2307 508 2555 582 dicimus,
2604 514 2783 571 Veniat
2809 536 3019 591 regnum
3047 532 3209 578 tuum.
3248 527 3557 587 Sanctiﬁca-
3611 523 3619 532 ’

296 588 512 651 prepter
537 582 699 639 vitam
747 583 976 642 futuram
1021 589 1333 658 cogitemus.
1373 590 1507 659 Quid
1544 591 1685 647 enim
1716 592 1875 648 time-
1979 592 2055 647 tio
2080 597 2308 654 nominis
2350 601 2445 656 Dei
2484 613 2604 673 est,
2632 622 2731 677 qua
2756 582 3022 667 efficimur
3055 630 3151 670 nos
3192 621 3379 673 sancti.
3417 620 3552 678 Nam

296 686 409 726 mus
434 687 505 727 ne
530 689 638 729 non
660 675 813 730 nobis
838 676 1087 733 exhibeat
1113 679 1203 735 ille
1228 682 1315 750 qui
1343 682 1603 752 promisit,
1626 691 1678 738 et
1705 681 1869 738 dixit:

292 758 509 825 Querite
538 762 760 833 primum
786 783 992 836 regnum
1022 778 1068 822 et
1087 770 1340 839 justitiam
1367 769 1498 840 Dei,
1541 778 1586 826 et
1624 771 1730 826 hazc
1757 788 1870 826 om-

290 852 370 906 nia
399 866 724 924 opponentur
760 858 897 913 vobis
920 859 946 913 ?
995 858 1150 914 Novit
1182 862 1314 916 enim
1355 860 1511 915 Pater
1544 871 1719 930 vester,
1750 863 1869 932 quia

283 947 375 1000 ista
399 951 681 1003 necessaria
701 961 816 1005 sunt
841 952 996 1017 vobis,
1027 954 1318 1023 priusquam
1336 954 1515 1025 petatis
1533 953 1593 1008 ab
1614 970 1691 1007 eo.
1713 954 1867 1019 Quae-

280 1040 371 1093 rite
414 1042 637 1109 primum
679 1060 888 1114 regnum
934 1055 979 1099 et
1008 1047 1264 1117 justitiam
1304 1046 1430 1111 Dei,
1474 1054 1521 1101 et
1558 1046 1665 1101 hwc
1694 1046 1863 1100 omnia

277 1144 597 1200 opponentur
627 1134 763 1191 vobis
789 1135 1014 1209 (Matth.
1052 1154 1101 1193 γι
1124 1181 1137 1205 ,
1172 1140 1242 1195 55
1263 1181 1277 1204 ,
1302 1139 1370 1194 52
1388 1180 1403 1204 ,
1432 1139 1523 1210 8).
1550 1138 1683 1193 Nam
1709 1136 1861 1193 multi

279 1224 442 1279 etiam
470 1224 614 1283 fame
644 1218 828 1283 tentati
857 1239 1020 1298 sunt,
1061 1240 1116 1286 et
1140 1246 1325 1286 aurum
1354 1231 1590 1297 inventi,
1619 1239 1674 1287 et
1696 1245 1728 1284 a
1751 1231 1859 1287 Deo

275 1330 377 1370 non
407 1315 632 1373 deserti.
662 1319 906 1376 Perircnt
950 1322 1089 1378 fame
1110 1364 1123 1388 ,
1155 1323 1201 1378 si
1239 1322 1514 1379 desereret
1555 1337 1650 1378 eor
1672 1335 1858 1377 eorum

275 1408 427 1477 panis
475 1409 700 1465 interior
741 1413 1098 1481 quotidianus.
1148 1414 1323 1484 Ipsum
1374 1414 1602 1469 maxime
1650 1411 1854 1469 esuria-

273 1513 408 1551 mus.
440 1497 588 1552 Beati
615 1501 757 1556 cnim
789 1503 876 1573 qui
900 1505 1124 1558 esuriant
1151 1513 1197 1559 et
1219 1505 1390 1559 sitiunt
1414 1506 1695 1576 justitiam,
1725 1519 1854 1575 quo-

271 1587 407 1640 niam
436 1589 535 1657 ipsi
562 1591 923 1646 saturabuntur
974 1593 995 1665 (
1013 1593 1100 1648 Id.
1134 1611 1165 1649 v
1184 1636 1199 1660 ,
1222 1594 1308 1668 6).
1339 1595 1522 1652 Potest
1563 1604 1739 1651 autem
1767 1594 1852 1649 in-

270 1675 577 1734 ﬁrmitatem
606 1690 846 1737 nostram
877 1684 1289 1741 misericorditer
1327 1686 1558 1752 intueri,
1591 1695 1645 1743 et
1671 1686 1853 1742 videro

270 1782 363 1821 nos
382 1808 397 1830 ,
432 1771 702 1839 quomodo
729 1772 925 1828 dictum
954 1784 1037 1829 est
1069 1793 1082 1829 :
1114 1775 1364 1830 Memento
1402 1777 1520 1848 quia
1565 1776 1728 1847 pulvis
1765 1792 1851 1830 su-

267 1876 374 1913 mus
402 1860 580 1931 (Psal.
608 1878 679 1918 cu
705 1903 721 1929 ,
746 1866 854 1935 14).
885 1866 981 1932 Qui
1006 1867 1071 1922 de
1098 1868 1319 1938 pulvere
1348 1868 1617 1924 hominem
1647 1868 1771 1924 fecit
1795 1877 1850 1924 et

266 1951 520 2006 animavit
537 1995 551 2019 ,
573 1969 670 2024 pro
691 1956 793 2012 isto
820 1958 1067 2028 figmento
1092 1959 1310 2017 Unicum
1339 1961 1405 2016 ad
1432 1971 1658 2017 mortem
1679 1962 1844 2019 dedit.

263 2046 531 2109 Quantum
563 2062 659 2103 nos
687 2060 849 2117 amet,
878 2052 996 2121 quis
1022 2061 1196 2122 potest
1222 2055 1514 2124 explicare,
1534 2056 1652 2128 quis
1672 2063 1848 2127 potest

262 2137 450 2191 saltem
480 2138 642 2209 digne
664 2142 930 2212 cogitare?

757 2276 985 2333 sanna
1021 2279 1209 2336 LVIII'
1248 2280 1347 2355 (a).

262 2382 386 2437 Item
413 2385 467 2440 in
491 2386 725 2444 Matt/arei
744 2402 895 2462 caput
926 2406 1010 2461 γι,
1038 2395 1187 2465 9-ι5,
1214 2396 1279 2451 de
1303 2375 1530 2453 oratione
1547 2396 1837 2467 Dominica,

822 2478 888 2531 ad
915 2478 1274 2551 Competentes.

321 2596 555 2654 CAPUT
596 2599 881 2659 PRIMUM.
925 2634 997 2646 —-
1044 2607 1095 2662 1.
1150 2607 1447 2679 Symbolum
1493 2618 1542 2666 et
1571 2610 1838 2667 Dominica

218 2691 436 2748 ‘sratio.
489 2694 801 2765 Symbolum
843 2698 1181 2770 reddidistis,
1239 2717 1345 2773 quo
1400 2703 1635 2761 breviter
1690 2719 1837 2761 com-

254 2783 514 2851 prehensa
546 2788 850 2845 continetur
890 2791 1041 2847 ﬁdes.
1074 2792 1191 2849 Jam
1223 2803 1278 2850 et
1316 2805 1473 2852 antea
1509 2796 1618 2867 dixi
1659 2792 1831 2864 vobis,

250 2876 387 2944 quod
428 2877 505 2931 ait
542 2881 819 2948 apostolus
848 2882 1078 2952 Paulus,
1109 2884 1370 2951 Quomodo
1414 2888 1740 2957 invocabant,
1776 2890 1833 2946 in

248 2986 389 3037 quem
426 2987 530 3029 non
575 2974 893 3030 crediderunt
918 2977 1093 3047 (Rom.
1120 2995 1153 3033 x
1176 3020 1192 3048 ,
1222 2980 1310 3051 M)
1333 2981 1358 3035 ?
1386 2979 1519 3050 Quia
1544 2996 1672 3053 ergo
1695 2996 1830 3053 quo-

249 3059 404 3114 modo
433 3061 687 3118 credatur
716 3064 768 3118 in
797 3066 964 3122 Deum
989 3110 1004 3136 ,
1043 3078 1098 3124 et
1123 3071 1400 3142 accepistis
1419 3112 1433 3138 ,
1465 3081 1518 3127 et
1542 3073 1788 3130 tenuistis
1810 3114 1826 3143 ,

247 3158 297 3204 et
344 3151 658 3209 reddidistis
705 3172 719 3211 :
773 3158 997 3228 accipite
1045 3159 1203 3217 hodie
1247 3162 1513 3232 quomodo
1555 3164 1829 3220 invocetur

248 3241 399 3296 Deus.
433 3242 557 3313 Ipse
582 3244 748 3300 Filius
775 3249 911 3303 sicut
952 3251 1175 3307 audistis
1196 3294 1211 3320 ,
1243 3268 1363 3309 cum
1393 3255 1722 3327 Evangilium
1753 3257 1828 3314 Ie-

244 3341 479 3400 geretur,
497 3335 679 3391 docuit
695 3338 981 3409 discipulos
998 3358 1123 3397 suos
1140 3351 1194 3399 et
1205 3344 1386 3401 fideles
1401 3360 1525 3402 suos
1538 3348 1675 3404 hanc
1695 3349 1827 3405 Ora-

246 3423 635 3497 tionem.Spem
652 3428 910 3486 habemus
927 3433 1228 3490 obtinendae
1242 3451 1419 3492 causa:
1438 3448 1826 3511 nostrae,quan—

242 3515 302 3571 do
316 3518 438 3573 talis
463 3518 804 3591 iurisperitus
819 3524 973 3580 nobis
989 3528 1188 3585 Preces
1205 3529 1703 3589 dictavit.Assessor
1718 3533 1823 3589 Pa~

242 3612 349 3677 tris,
371 3613 516 3668 sicut
544 3614 775 3671 confessi
792 3617 941 3685 estis,
960 3619 1047 3689 qui
1065 3620 1215 3675 sedet
1234 3621 1297 3676 ad
1315 3622 1587 3678 dexteram
1605 3624 1775 3682 Patris
1802 3641 1819 3679 :

239 3702 343 3771 ipse
368 3713 458 3760 est
483 3705 773 3764 advocatus
804 3721 1005 3778 noster,
1019 3714 1109 3784 qui
1128 3712 1337 3771 futurus
1354 3727 1434 3771 est
1445 3717 1606 3785 judex
1619 3727 1818 3774 noster.

240 3794 356 3852 Inde
367 3799 517 3853 enim
530 3810 785 3857 venturus
799 3812 877 3859 est
888 3803 1124 3874 judicare
1134 3806 1278 3861 vivos
1294 3810 1822 3867 etmortuos.Tenete

238 3903 356 3957 ergo
381 3900 441 3945 et
468 3892 609 3947 hanc
633 3891 957 3961 Orationem,
978 3912 1135 3968 quam
1164 3899 1419 3955 reddituri
1444 3901 1572 3955 estis
1595 3901 1661 3957 ad
1699 3911 1820 3960 octo

237 3980 361 4037 dies.
389 3983 726 4057 Quicumque
768 3998 944 4044 autem
994 3998 1229 4046 vestrum
1266 4007 1372 4047 non
1419 3993 1557 4049 bene
1586 3994 1817 4065 Symbo-

239 4072 335 4127 lum
380 4074 774 4146 reddiderunt,
803 4079 999 4136 habent
1018 4082 1265 4152 spatium,
1299 4092 1513 4139 teneant
1542 4087 1696 4157 :quia
1728 4087 1817 4142 die

239 4167 441 4221 sabbati
486 4168 827 4226 audientibus
872 4173 1119 4229 omnibus
1162 4174 1253 4244 qui
1296 4174 1519 4231 aderunt
1555 4175 1815 4235 reddituri

237 4246 379 4324 estis,
398 4259 491 4316 dic
513 4261 720 4317 sabbati
742 4263 1061 4331 novissimo,
1085 4280 1189 4337 quo
1213 4266 1299 4322 die
1328 4267 1628 4338 baptizandi
1662 4270 1811 4327 estis.

239 4350 307 4403 Ad
334 4361 462 4406 octo
502 4361 680 4407 autem
711 4354 829 4410 dics
878 4354 945 4410 ab
990 4356 1250 4413 hodierno
1278 4357 1366 4414 die
1398 4359 1658 4416 reddituri
1681 4362 1812 4420 estis

237 4438 367 4498 hanc
393 4442 727 4513 Orationem,
759 4462 917 4518 quam
942 4448 1101 4505 hodie
1119 4450 1421 4520 accepistis.

298 4534 525 4591 CAPUT
568 4535 635 4591 II.
673 4568 746 4578 —
797 4539 853 4593 2.
897 4539 1137 4597 Omnium
1172 4560 1302 4599 unus
1342 4555 1504 4625 pater,
1531 4547 1695 4620 Cujus
1716 4564 1808 4606 ca-

235 4637 317 4690 put
334 4635 439 4692 est,
474 4625 637 4682 Pater
662 4639 828 4697 noster
848 4671 865 4699 ,
904 4633 991 4703 qui
1023 4650 1074 4689 es
1114 4634 1167 4688 in
1193 4636 1348 4691 caelis.
1382 4636 1680 4696 Invenimus
1703 4640 1808 4698 Pa-

234 4724 358 4771 trem
388 4719 444 4773 in
472 4721 626 4775 caelis
661 4738 674 4775 :
719 4723 1052 4781 attendamus
1094 4728 1539 4797 quemadmodum
1570 4731 1809 4790 vivamus

233 4809 279 4863 in
322 4812 502 4868 terris.
534 4813 628 4868 Sic
664 4815 808 4871 enim
831 4815 989 4872 debet
1026 4819 1203 4875 vivere
1225 4860 1241 4887 ,
1268 4822 1357 4891 qui
1402 4822 1603 4879 invenit
1650 4825 1807 4881 talem

230 4898 433 4956 Patrem
455 4944 470 4969 ,
518 4910 578 4958 ut
614 4904 803 4975 dignus
858 4917 930 4962 snt
970 4909 1153 4965 venire
1177 4909 1242 4965 ad
1278 4911 1393 4982 ejus
1419 4912 1803 4971 haereditatem.

234 4993 463 5052 Dicimus
488 5006 668 5053 autem
692 5002 1067 5070 communiter,
1100 5001 1258 5057 Pater
1281 5014 1466 5060 noster.
1497 5007 1702 5074 Quanta
1727 5009 1807 5064 di-

228 5087 437 5155 gnatio?
476 5088 591 5144 Hoc
632 5089 761 5145 dicit
801 5091 1123 5163 imperator,
1164 5094 1266 5150 hoc
1311 5095 1441 5153 dicit
1493 5100 1802 5171 mendicus;

227 5176 325 5233 hoc
360 5180 490 5237 dicit
521 5197 745 5250 servus,
785 5183 891 5240 hoc
929 5184 1059 5241 dicit
1098 5185 1344 5245 dominus
1368 5189 1501 5261 ejus.
1526 5191 1692 5249 Simul
1718 5193 1802 5250 di-

227 5284 382 5339 cunt,
412 5274 571 5330 Pater
606 5286 794 5346 noster,
820 5279 905 5348 qui
934 5294 985 5334 es
1012 5280 1064 5333 in
1112 5280 1270 5337 oculis.
1323 5280 1625 5355 Intelligunt
1676 5300 1803 5359 ergo

229 5380 287 5420 se
325 5381 445 5423 esse
473 5367 665 5425 fratres
688 5410 705 5437 ,
735 5370 950 5442 quando
977 5388 1140 5427 unum
1180 5372 1379 5431 habent
1424 5376 1656 5433 Patrem.
1694 5378 1802 5435 Sed

224 5470 327 5511 non
350 5457 665 5530 dedignetur
679 5460 899 5518 fratrem
916 5464 1115 5520 habere
1134 5478 1346 5522 servum
1370 5480 1527 5522 suum
1554 5467 1801 5527 dominus

224 5549 338 5617 ejus
357 5592 373 5619 ,
403 5568 561 5623 quem
588 5554 805 5612 fratrem
831 5556 1000 5612 voluit
1021 5556 1223 5615 habere
1251 5558 1505 5617 Dominus
1534 5560 1799 5619 Christus.

280 5685 389 5754 fed
411 5687 534 5754 duos
549 5688 609 5754 cl.
636 5704 710 5754 gr.
732 5706 775 5741 r.
793 5705 885 5741 rm.
907 5708 952 5743 v.
973 5700 1071 5743 Am.
1097 5701 1171 5745 Er.
1195 5704 1298 5747 Par.
1323 5703 1431 5749 Lov.
1459 5700 1756 5754 emendatus.

280 5750 351 5813 (a)
382 5750 525 5813 Alias,
549 5751 610 5801 42
632 5750 759 5804 inter
780 5755 1004 5805 Homilias
1022 5756 1101 5809 50.

493 5837 723 5911 Sacr.
765 5839 1049 5911 Accusa.
1100 5841 1188 5924 γ.

1412 5818 1416 5823 η
1480 5811 1519 5827 “Α

1754 5819 1773 5827 ..
1792 5804 1837 5825 ι..
1906 5768 2044 5822 caelo.
2066 5769 2170 5823 Erit
2188 5768 2364 5837 uiderit,
2392 5768 2485 5827 etc.

1976 697 2168 741 nomen
2188 687 2303 757 ejus
2318 705 2530 763 semper
2540 704 2624 750 est
2644 706 2904 754 sanctum.
2923 701 3178 771 Optamus
3191 709 3348 762 etiam
3368 712 3558 769 venire

1973 790 2193 846 regnum
2220 781 2376 851 ejus:
2405 787 2624 857 veniet,
2662 798 2717 845 et
2740 791 2786 845 si
2814 792 3092 863 nolumus;
3138 799 3231 853 sed
3270 812 3452 871 optare
3490 811 3547 861 et

1971 879 2127 923 orare
2173 880 2229 925 ut
2270 873 2445 929 veniat
2483 892 2707 948 regnum
2752 881 2906 951 ejus,
2947 884 3080 940 nihil
3114 897 3195 943 est
3223 890 3363 945 aliud
3387 909 3549 963 quam

1969 966 2155 1027 Optare
2176 960 2243 1015 ab
2270 962 2379 1029 illo,
2412 974 2470 1021 ut
2491 966 2678 1039 dignos
2704 986 2802 1026 nos
2826 972 2984 1030 faciat
3006 992 3173 1048 regno
3192 994 3288 1034 suo
3305 1023 3319 1047 ,
3350 960 3420 1037 ne
3442 984 3549 1038 for-

1967 1056 2056 1117 te,
2084 1053 2226 1122 quod
2247 1055 2425 1126 absit,
2458 1062 2672 1131 veniat,
2705 1073 2759 1119 et
2786 1080 2891 1120 non
2935 1068 3087 1124 nobis
3129 1073 3324 1127 veniat.
3368 1074 3548 1131 Multis

1965 1144 2105 1198 enim
2150 1163 2255 1202 non
2297 1160 2379 1205 est
2421 1162 2721 1225 venturum,
2752 1159 2894 1229 quod
2924 1168 3098 1218 tamen
3127 1174 3411 1222 venturum
3439 1179 3544 1225 est.

1962 1231 2053 1288 Eis
2082 1237 2225 1293 enim
2248 1250 2527 1299 venturum
2558 1256 2673 1315 est,
2701 1249 2891 1319 quibus
2940 1252 3176 1322 dicetur,
3217 1256 3424 1325 Venite,
3452 1259 3543 1315 bc-

1961 1326 2145 1381 nedicti
2168 1328 2339 1386 Patris
2363 1336 2458 1388 mei
2479 1376 2494 1401 ,
2530 1337 2776 1408 percipite
2801 1358 3017 1413 regnum
3044 1347 3181 1417 quod
3217 1350 3352 1405 vobis
3380 1368 3537 1421 para-

1961 1423 2066 1469 tum
2104 1427 2197 1509 esti
2217 1421 2280 1475 ab
2325 1424 2518 1495 origine
2541 1430 2736 1485 mundi.
2766 1431 2876 1487 Illis
2903 1448 3009 1490 non
3037 1437 3213 1493 veniet
3243 1440 3434 1509 quibus
3460 1442 3543 1497 di-

1958 1514 2126 1573 cetur,
2165 1508 2417 1567 Discedite
2465 1532 2497 1569 a
2548 1534 2629 1572 me
2650 1558 2666 1584 ,
2697 1522 2991 1593 maledicti,
3026 1526 3081 1581 in
3109 1508 3275 1598 ignem
3298 1539 3541 1586 wternum

1957 1594 2168 1665 (Matth.
2195 1616 2319 1668 xxv,
2342 1603 2432 1671 si,
2458 1606 2573 1677 ιιι).
2601 1607 2733 1665 Cum
2778 1626 2910 1684 ergo
2953 1594 3209 1685 dicimus,
3250 1619 3427 1675 Veniat
3451 1639 3540 1677 re-

1955 1702 2109 1756 gnum
2139 1699 2299 1760 tuum,
2330 1709 2548 1753 oramus
2573 1706 2631 1754 ut
2654 1700 2805 1757 nobis
2835 1704 3030 1760 veniat.
3054 1706 3189 1775 Quid
3211 1717 3293 1765 est
3316 1751 3329 1776 ,
3364 1718 3422 1766 ut
3441 1728 3539 1767 no-

1955 1776 2037 1833 bis
2064 1782 2279 1837 veniat?
2306 1784 2372 1841 Ut
2404 1787 2573 1844 bonos
2598 1805 2696 1848 nos
2722 1793 2975 1850 inveniat.
3008 1797 3120 1853 Hoc
3144 1815 3270 1870 ergo
3298 1817 3535 1871 oramus,

1954 1880 2012 1925 ut
2031 1871 2199 1931 bonos
2233 1892 2332 1933 nos
2358 1877 2514 1936 faciat
2543 1899 2557 1936 :
2592 1890 2718 1939 tunc
2740 1886 2883 1940 enim
2914 1888 3068 1944 nobis
3094 1890 3273 1948 veniet
3306 1909 3534 1964 regnum

1951 1961 2086 2033 ejus.

2021 2051 2247 2112 CAPUT
2270 2056 2354 2113 III.
2378 2090 2449 2102 —
2470 2062 2525 2117 4.
2544 2061 2712 2119 Tertia
2734 2068 2928 2139 petitio.
2965 2069 3137 2142 Hujus
3164 2077 3414 2145 petitionis
3445 2079 3528 2133 in-

1950 2148 2240 2215 terpretatio
2264 2150 2467 2220 triplex.
2507 2154 2768 2214 Addimus
2789 2200 2804 2224 ,
2837 2159 2959 2215 Fiat
2985 2164 3213 2220 voluntas
3257 2177 3344 2221 tua
3367 2210 3382 2235 ,
3427 2170 3527 2224 sic-

1946 2244 2002 2288 ut
2028 2236 2092 2305 ,in
2143 2240 2303 2308 caelo,
2332 2242 2404 2297 ita
2456 2255 2505 2300 et
2548 2246 2602 2301 in
2649 2256 2802 2305 terra.
2830 2251 3079 2311 Serviunt
3120 2259 3213 2313 tibi
3239 2260 3427 2332 Angeli
3467 2263 3524 2319 in

1945 2326 2085 2383 caalo
2108 2370 2124 2396 ,
2177 2346 2276 2387 nos
2303 2335 2596 2394 serviamus
2635 2340 2729 2395 tibi
2767 2343 2820 2397 in
2846 2352 3007 2401 terra.
3034 2347 3148 2404 Non
3173 2358 3224 2405 te
3249 2326 3525 2412 offendunt

1945 2416 2133 2511 Angeli
2159 2421 2211 2477 in
2236 2424 2396 2495 cmlo,
2426 2443 2531 2483 non
2556 2437 2609 2485 te
2630 2430 2960 2492 offendamus
2984 2438 3037 2492 in
3066 2446 3226 2496 terra.
3243 2442 3524 2511 Quomodo

1943 2509 2020 2567 illi
2048 2510 2249 2570 faciunt
2275 2516 2599 2575 voluntatem
2631 2530 2772 2579 tuam
2790 2566 2806 2592 ,
2828 2526 2907 2581 sic
2931 2526 3185 2585 faciamus
3210 2509 3406 2589 et'nos.
3447 2535 3517 2590 Et

1942 2598 2030 2657 hic
2053 2603 2179 2673 quid
2218 2620 2431 2664 oramus
2454 2650 2471 2675 ,
2502 2611 2604 2666 nisi
2650 2622 2707 2668 ut
2746 2613 2871 2670 boni
2894 2617 3097 2674 simus?
3123 2621 3343 2687 Quando
3376 2625 3519 2680 enim

1940 2692 2162 2751 facimus
2204 2697 2530 2755 voluntatem
2574 2701 2668 2756 Dei
2709 2704 2856 2774 (nam
2878 2707 2994 2777 ipse
3030 2709 3147 2765 sine
3190 2712 3351 2768 dubio
3393 2713 3522 2771 facit

1938 2781 2136 2855 suam),
2164 2793 2290 2843 tunc
2314 2787 2373 2843 fit
2398 2790 2639 2847 voluntas
2662 2792 2779 2863 ejus
2807 2796 2860 2850 in
2895 2797 3068 2853 nobis.
3106 2799 3175 2855 Et
3202 2801 3357 2858 aliter
3379 2804 3519 2860 bene

1937 2872 2302 2947 intelligimus,
2321 2877 2445 2934 Fiat
2468 2882 2698 2939 voluntas
2723 2894 2810 2939 tua
2832 2928 2848 2953 ,
2874 2888 3007 2944 sicut
3028 2892 3082 2946 in
3108 2894 3232 2948 calo
3252 2936 3267 2961 ,
3295 2895 3366 2948 ita
3388 2903 3436 2950 et
3462 2897 3517 2951 in

1937 2972 2091 3021 terra.
2138 2969 2442 3040 Accipimus
2471 2966 2791 3046 praceptum
2834 2980 2983 3063 Dei,
3018 2994 3072 3039 et
3111 2986 3281 3056 placet
3318 2995 3472 3050 nobis
3494 3038 3512 3065 ,

1931 3057 2108 3129 placet
2158 3063 2323 3117 menti
2379 3068 2679 3123 nostrze".
2724 3060 3168 3133 Condelectamur
3213 3083 3353 3138 enim
3406 3057 3513 3157 legi

1934 3150 2029 3206 Dei
2059 3155 2353 3211 secundum
2382 3157 2692 3217 interiorem
2736 3162 3006 3223 hominem
3041 3168 3215 3240 (Rom.
3243 3191 3350 3245 vn,

1931 3239 2080 3297 'I'unc
2107 3245 2168 3299 fit
2192 3246 2435 3305 voluntas
2466 3251 2583 3321 ejus
2612 3252 2665 3307 in
2690 3255 2849 3310 coelo.
2880 3255 3031 3315 Caelo
3050 3239 3198 3318 enim
3235 3239 3517 3340 compara-

1932 3338 2017 3386 tur
2053 3334 2271 3404 spiritus
2301 3348 2520 3410 noster,
2570 3349 2725 3398 terrte
2769 3355 2947 3405 autem
2984 3365 3111 3408 caro
3141 3369 3339 3415 nostra.
3357 3334 3506 3431 Quid

1929 3430 2011 3477 est
2034 3438 2189 3494 ergo,
2223 3425 2345 3482 Fiat
2373 3430 2604 3491 voluntas
2633 3442 2719 3488 tua
2746 3477 2762 3503 ,
2802 3438 2932 3493 sicut
2968 3441 3022 3495 in
3061 3446 3184 3500 caelo
3208 3487 3224 3515 ,
3263 3449 3334 3503 ita
3451 3444 3507 3509 in

1928 3520 2081 3569 terra.
2096 3514 2168 3572 Ut
2194 3521 2458 3589 quomodo
2483 3525 2649 3580 menti
2670 3540 2865 3585 nostra:
2890 3531 3062 3601 placet
3086 3545 3171 3592 tua
3194 3540 3365 3608 jussio
3382 3586 3398 3611 ,
3429 3546 3507 3603 sic

1926 3607 1975 3661 ei
2005 3610 2301 3665 consentiat
2329 3628 2454 3668 caro
2482 3625 2662 3671 nostra
2690 3636 2704 3685 ;
2736 3629 2790 3675 et
2814 3622 3025 3679 tollatur
3044 3629 3159 3684 rixa
3188 3607 3273 3687 illa
3300 3635 3367 3691 de
3384 3607 3505 3694 me-

1924 3696 2015 3753 dio
2037 3740 2053 3766 ,
2094 3716 2211 3771 qua:
2251 3702 2569 3763 describitur
2593 3710 2661 3764 ab
2686 3712 2940 3783 Apostblo
2970 3736 2984 3772 :
3011 3719 3140 3775 Caro
3163 3726 3293 3779 enim
3312 3744 3501 3784 concu-

1925 3789 2075 3858 piscit
2103 3792 2341 3849 adversus
2376 3798 2609 3867 spiritum
2628 3841 2645 3868 ,
2673 3802 2882 3873 spiritus
2916 3818 3083 3864 autem
3111 3813 3350 3872 adversus
3388 3836 3503 3874 car-

1923 3896 2037 3935 nem
2066 3881 2275 3954 (Galat.
2307 3902 2362 3955 v,
2394 3888 2521 3964 17).Δ
2550 3892 2774 3961 Quando
2821 3909 3004 3957 contra
3048 3920 3262 3964 carnem
3304 3927 3501 3970 concu-

1921 3970 2079 4042 piscit
2111 3975 2331 4044 spiritus
2358 4020 2373 4047 ,
2400 3979 2511 4049 jam
2542 3982 2676 4039 facta
2705 3996 2788 4042 est
2817 3991 3063 4050 voluntas
3088 3997 3201 4067 ejus
3227 4001 3278 4055 in
3306 4005 3444 4060 coelo
3477 4023 3497 4062 :

1921 4065 2133 4134 quando
2174 4079 2357 4125 contra
2387 4073 2630 4143 spiritum
2670 4092 2774 4134 non
2814 4065 3141 4154 concupiscit
3180 4105 3344 4162 caro,
3384 4096 3495 4167 jam

1919 4152 2058 4211 facta
2101 4166 2184 4214 est
2227 4161 2473 4220 voluntas
2514 4166 2630 4236 ejus
2671 4169 2725 4224 in
2765 4179 2906 4228 terra
2928 4152 3113 4234 '._Erit
3136 4191 3309 4239 autem
3331 4152 3491 4257 plena

1918 4247 2197 4304 concordia
2223 4290 2239 4319 ,
2285 4254 2498 4323 quando
2522 4256 2636 4327 ipse
2664 4261 2889 4319 voluerit
2917 4282 2930 4319 :
2958 4266 3028 4322 sit
3052 4273 3249 4329 mundo
3277 4247 3448 4350 pugna
3475 4324 3490 4349 ,

1918 4346 1976 4393 ut
2015 4340 2182 4409 possit
2233 4356 2353 4399 esse
2382 4346 2625 4403 victoria.
2661 4350 2833 4409 Etiam
2871 4356 2948 4413 sic
2972 4358 3110 4417 bene
3151 4340 3376 4440 intelligi
3396 4340 3493 4441 po;

1916 4436 2051 4497 test,
2079 4431 2203 4486 Fiat
2228 4433 2458 4491 voluntas
2480 4447 2565 4493 tua
2588 4481 2603 4507 ,
2642 4442 2772 4496 sicut
2797 4444 2850 4499 in
2870 4448 2994 4503 caelo
3017 4490 3032 4517 ,
3062 4451 3134 4506 ita
3154 4464 3202 4508 et
3225 4457 3279 4511 in
3308 4431 3441 4515 terra
3470 4478 3491 4518 :

1916 4530 1975 4578 ut
2002 4522 2195 4578 caelum
2224 4539 2484 4595 ponamus
2513 4529 2805 4589 Ecclesium
2829 4576 2844 4603 ,
2896 4539 3017 4608 quia
3062 4554 3239 4613 portat
3275 4548 3439 4605 Deum
3467 4569 3484 4617 ;

1916 4620 2113 4669 terram
2142 4623 2318 4671 autem
2348 4617 2609 4687 inﬁdeles,
2632 4624 2824 4693 quibus
2846 4627 3045 4686 dictum
3070 4646 3182 4703 est,
3217 4636 3372 4694 Terra
3407 4659 3484 4712 es,

1914 4713 1962 4761 et
2001 4707 2055 4761 in
2085 4715 2271 4763 terram
2306 4711 2402 4765 ibis
2429 4711 2578 4785 (Gen.
2609 4731 2700 4783 ιιι,
2736 4717 2847 4791 19).
2869 4721 3091 4788 Quando
3118 4743 3245 4798 ergo
3270 4707 3485 4792 oramus

1914 4813 2015 4870 pro
2037 4799 2266 4857 inimicis
2295 4804 2492 4861 nostris
2515 4847 2531 4872 ,
2560 4806 2788 4865 inimicis
2813 4811 3100 4884 Ecclesiae,
3130 4818 3357 4878 inimicis
3387 4840 3489 4879 no-

1913 4890 2043 4945 mini
2068 4891 2370 4949 Christiano
2391 4937 2407 4960 ,
2451 4895 2554 4951 hoc
2582 4912 2796 4957 oramus
2814 4942 2829 4968 ,
2861 4913 2919 4958 ut
2939 4904 3031 4961 fiat
3058 4908 3302 4967 voluntas
3328 4915 3445 4985 ejus
3466 4956 3486 4985 ,

1911 4981 2043 5036 sicut
2063 4984 2117 5037 in
2142 4985 2289 5050 corio,
2316 4987 2389 5040 ita
2422 4997 2468 5042 et
2496 4989 2552 5042 in
2581 4998 2734 5059 terra,
2760 4993 2814 5048 id
2834 5003 2950 5063 est,
2977 4998 3115 5056 sicut
3139 5001 3195 5057 in
3226 5006 3327 5061 tuis
3355 4981 3489 5065 Iide;

1910 5071 2051 5130 libus
2072 5116 2089 5142 ,
2119 5075 2197 5131 sic
2220 5084 2279 5139 et
2302 5077 2356 5133 in
2386 5079 2490 5136 tuis
2516 5080 3060 5158 hlaspliematoribus;
3087 5101 3145 5149 ut
3167 5109 3353 5155 omnes
3376 5114 3490 5158 ece-

1910 5164 2022 5222 lum
2059 5167 2206 5224 ﬁant.

1979 5257 2204 5318 CAPUT
2232 5260 2325 5319 IV.
2356 5291 2426 5305 --
2453 5266 2508 5322 5.
2526 5266 2720 5335 Quarta
2744 5272 2936 5343 petitio.
2952 5275 3289 5343 Quotidianus
3316 5289 3485 5358 panis,

1914 5372 1943 5396 ι·

1907 5460 2091 5572 "uteie
2124 5467 2229 5511 Mss.
2255 5468 2311 5514 At
2346 5463 2481 5528 editi,
2502 5466 2561 5530 fet
2588 5465 2775 5532 placeat
2809 5470 2959 5537 nobis,
2999 5474 3187 5540 placeat
3219 5489 3369 5535 ments
3403 5498 3484 5538 no.

1972 5586 2138 5672 aduss.
2159 5618 2173 5643 ,
2202 5588 2421 5672 ,φρανξαο
2467 5602 2583 5672 caro
2619 5593 2910 5672 concupiscit
2945 5598 3175 5654 adversus
3218 5604 3444 5672 spiritum
3461 5646 3480 5672 ,

2131 5644 2629 5725 estfactahvolgattas
2666 5644 2780 5725 eius
2878 5644 3077 5711 teri-ii?
3093 5644 3308 5725 {ﬁmi};

1905 5718 2645 5792 ψεφξξειξειεψεω,
2659 5718 2769 5781 jam
2801 5722 2929 5784 ᾔει-ιιι
2965 5730 3035 5775 cst
3074 5718 3286 5780 veluntas
3304 5718 3484 5792 ejusii,

2889 5867 3209 5957 (Treize.j
