3980 6434
434 5945 465 5975 ί
483 5955 485 5957 ,

494 379 604 442 395

494 497 675 563 victus,
700 481 1046 551 Eucharistia.
1071 473 1287 540 Verbum
1321 471 1436 534 Dei.
1464 473 1736 548 Sequitur,
1775 463 2072 563 Patienttto-

493 557 1011 662 atrumquotidtanum
1027 575 1094 633 da
1113 569 1255 632 nobis
1271 567 1438 629 hodie.
1454 565 1643 662 Potest
1652 557 1967 662 simpliciter
1985 573 2075 619 ac-

492 687 599 757 cipi
619 655 916 740 orationem
933 673 1088 730 istam
1114 675 1214 727 nos
1237 663 1461 724 fundere
1477 675 1573 736 pro
1593 657 1733 719 victu
1745 655 2070 757 quotidiano,

491 751 811 836 ut-abundet
835 765 1030 835 nobis;
1071 774 1126 822 et
1163 771 1209 821 si
1240 775 1346 819 non
1375 757 1648 826 abundat,
1680 764 1789 812 nun
1813 751 1953 810 desit
1984 767 2080 808 no-

487 866 591 930 bis.
626 863 989 936 Quotidianum
1015 861 1192 915 autem
1211 852 1381 920 dixit,
1405 849 1657 925 quamdiu
1683 845 1832 903 hodie
1855 851 2074 901 vocatur

488 959 674 1036 (Hebr.
703 975 759 1015 ιιι
788 999 803 1025 ,
832 951 948 1028 l5).
975 949 1228 1022 Quotidie
1250 949 1499 1012 vivimus,
1523 937 2074 1036 quotidieAsurgimus,

485 1023 726 1127 quotidie
771 1023 1112 1112 salui-amur,
1157 1037 1393 1113 quotidie
1432 1035 1717 1094 esurimus.
1764 1029 1863 1087 Det
1922 1023 2077 1085 nobis

483 1166 681 1224 panem
730 1143 1117 1218 quotidianum.
1157 1137 1334 1208 Quare
1376 1148 1484 1188 non
1533 1129 1666 1186 dixit
1708 1136 1763 1183 et
1801 1136 2078 1196 tegumen-

484 1241 641 1301 tum?
664 1237 850 1296 Victus
879 1235 1022 1293 enim
1053 1239 1235 1288 noster
1280 1230 1334 1283 in
1363 1227 1483 1282 cibo
1530 1232 1613 1280 est
1642 1230 1694 1278 et
1730 1231 1855 1292 potu
1876 1261 1888 1284 ,
1922 1226 2074 1287 tegu-

485 1345 727 1394 mentum
775 1332 831 1387 in
868 1323 1064 1385 vestitu
1097 1332 1151 1380 et
1189 1329 1348 1378 tecto.
1374 1315 1520 1374 Nihil
1544 1309 1704 1370 homo
1727 1312 1843 1382 plus
1869 1308 2078 1365 deside-

481 1439 572 1488 ret
595 1413 1095 1497 ’.Quandoquidem
1125 1414 1253 1473 dicit
1283 1411 1568 1485 Apostolus
1603 1425 1617 1463 :
1652 1401 1799 1460 Nihil
1816 1403 2076 1458 intulimus

481 1515 540 1576 in
571 1521 702 1575 hunc
741 1511 986 1572 mundum
1013 1531 1031 1579 ;
1062 1505 1149 1565 sed
1176 1525 1264 1563 nec
1289 1507 1493 1574 auferre
1521 1497 1712 1570 aliquid
1762 1512 2027 1568 possumus
2057 1508 2076 1548 :

485 1615 673 1669 victum
715 1619 765 1666 et
811 1614 1149 1680 tegumentum
1203 1597 1439 1654 habentes
1471 1638 1488 1663 ,
1545 1593 1622 1648 his
1672 1589 1890 1646 contenti
1919 1589 2075 1642 simus

487 1707 682 1782 (l'Tim.
711 1720 785 1769 vt,
809 1703 840 1757 7
861 1711 911 1757 et
930 1698 1008 1772 8).
1027 1697 1218 1754 Pereat
1243 1689 1484 1758 avaritia,
1505 1696 1560 1744 et
1585 1685 1732 1743 dives
1757 1691 1838 1740 est
1863 1689 2070 1782 natura.

481 1775 631 1871 Ergo
659 1799 703 1852 si
730 1796 796 1852 ad
822 1792 1185 1865 quotidianum
1214 1789 1412 1843 victum
1443 1782 1702 1855 pertinet,
1734 1781 1857 1850 quia
1895 1786 1950 1833 et
1973 1775 2076 1830 hoc

483 1891 624 1950 bene
650 1883 982 1956 intelligitur,
1014 1881 1158 1952 quod
1187 1879 1414 1934 dicimus
1435 1917 1450 1942 ,
1496 1873 1694 1928 Panem
1721 1881 1921 1925 notrum
1946 1885 2074 1938 quo-

485 1984 737 2041 tidianum
773 1980 842 2034 da
878 1977 1022 2032 nobis
1042 1975 1233 2038 hodie;
1275 1987 1381 2027 non
1410 1970 1666 2024 miremur
1689 2007 1704 2034 ,
1735 1965 1778 2020 si
1802 1963 2074 2020 nominato

483 2093 624 2152 pane
668 2085 725 2134 et
772 2082 969 2131 ctetera
1016 2067 1318 2126 necessaria
1366 2064 1746 2134 intelligantur.
1795 2053 2072 2152 Quomodo

483 2147 697 2245 quando
723 2167 921 2239 Joseph
960 2163 1206 2220 invitavit
1235 2154 1426 2215 fratres
1475 2170 1601 2212 suos
1640 2169 1654 2206 :
1685 2151 1930 2245 Homines
1956 2147 2068 2214 illi,

482 2243 829 2337 itaquit,hodie
851 2275 1050 2315 mecum
1078 2253 1454 2310 manducabunt
1493 2263 1678 2321 panem
1726 2245 1745 2318 ζ
1750 2243 1876 2299 Gen.
1906 2256 2032 2337 xuii
2051 2279 2067 2307 ,

481 2334 600 2431 l6).
644 2357 821 2424 Quare
864 2366 1060 2424 panem
1104 2347 1278 2405 solum
1317 2341 1627 2400 manducari
1672 2336 1864 2431 erant?
1909 2334 2014 2390 Sed
2040 2348 2071 2388 a

481 2429 602 2509 solo
627 2461 764 2520 pane
791 2437 1062 2501 intellecta
1089 2448 1214 2495 sunt
1231 2444 1445 2493 caetera.
1468 2432 1558 2490 Sic
1586 2429 1796 2503 quando
1823 2439 2071 2499 rogamus

483 2729 611 2802 quid
631 2728 707 2782 ait
733 2724 987 2781 Dominus
1010 2717 1203 2777 Iesus?
1229 2715 1450 2782 Quwrite
1486 2711 1706 2802 primum
1738 2722 1950 2802 regnum
1976 2703 2072 2758 Dei

485 2799 538 2879 et
553 2819 836 2892 justitiam,
851 2824 901 2870 et
917 2813 1026 2868 hac
1051 2810 1224 2867 omnia
1247 2813 1563 2879 apponentur
1583 2800 1718 2857 vobis
1737 2799 1950 2892 (Matth.
1977 2811 2030 2851 vr
2051 2836 2066 2862 ,

484 2891 619 2981 357).
666 2907 981 2979 intelligitur
1006 2903 1167 2961 etiam
1208 2900 1312 2956 hoc
1340 2896 1494 2954 valde
1534 2895 1672 2951 bene
1695 2933 1711 2962 ,
1747 2891 1940 2946 Panem
1980 2904 2072 2944 no-

483 3015 650 3061 strum
671 3002 1022 3074 quotidianum
1047 2996 1115 3050 da
1139 2993 1279 3048 nobis
1299 2990 1468 3054 hodie,
1493 2983 1879 3042 Eucharistiam
1902 2989 2067 3048 tuam,

482 3096 853 3171 quotidianum
891 3090 1093 3148 cibum.
1123 3086 1330 3142 Norunt
1373 3097 1517 3139 enim
1554 3078 1742 3136 ﬁdeles
1781 3075 1908 3148 quid
1932 3074 2072 3129 acci-

483 3170 666 3263 piant,
701 3197 756 3244 et
781 3187 978 3242 bonum
1005 3193 1090 3238 est
1111 3182 1191 3236 eis
1218 3180 1464 3249 accipere
1489 3189 1678 3246 panem
1703 3170 2068 3263 quotidianum

482 3259 612 3338 ltuic
655 3277 884 3348 tempori
926 3271 1307 3330 necessarium.
1342 3269 1448 3324 Pro
1489 3282 1548 3322 se
1593 3273 1813 3335 rogant,
1859 3271 1916 3316 ut
1945 3259 2070 3315 boni

482 3374 656 3437 ἥδοι’,
683 3369 817 3426 utin
844 3367 1080 3424 bonitate
1113 3371 1172 3420 et
1195 3363 1298 3417 tide
1319 3369 1373 3416 et
1406 3359 1512 3413 vita
1538 3357 1681 3412 bona
1707 3359 2067 3424 perseverent.

482 3465 599 3525 Hoc
619 3469 826 3534 optant,
844 3461 944 3516 hoc
978 3465 1135 3513 orant
1160 3454 1316 3525 :quia
1339 3452 1383 3508 si
1409 3465 1518 3506 non
1545 3443 2070 3519 perseveraverintin

485 3563 593 3616 vita
636 3560 775 3614 bona
799 3597 815 3623 ,
860 3552 1250 3624 scparabuntur
1277 3549 1343 3603 ab
1367 3546 1460 3602 illo
1496 3559 1654 3615 pane.
1685 3542 1848 3613 Ergo,
1876 3538 2072 3594 Panem

486 3661 717 3709 nostrum
738 3647 1089 3720 quotidianum
1111 3643 1181 3698 da
1204 3639 1345 3696 nobis
1368 3638 1516 3692 hodie
1537 3677 1554 3706 ,
1580 3635 1708 3708 quid
1727 3635 1851 3691 est?
1880 3632 1974 3690 Sic
1997 3632 2073 3686 vi-

486 3760 678 3802 vamus
703 3784 718 3809 ,
762 3750 824 3798 ut
847 3740 918 3797 ab
940 3737 1098 3795 altari
1127 3744 1220 3791 tuo
1244 3748 1350 3789 non
1376 3740 1705 3802 separemur.
1745 3729 1813 3784 Et
1848 3726 2072 3782 verbum

485 3838 582 3897 Dei
630 3838 769 3910 quod
796 3833 1036 3906 quotidie
1075 3829 1230 3887 vobis
1255 3827 1495 3898 aperitur
1516 3865 1532 3891 ,
1577 3833 1632 3880 et
1655 3823 1885 3895 quodam
1914 3821 2072 3877 modo

487 3929 782 4000 frangitur,
830 3925 984 3995 panis
1019 3920 1362 3994 quotidianus
1404 3927 1508 3974 est.
1537 3915 1606 3972 Et
1632 3913 1899 3986 quomodo
1923 3913 2073 3969 illum

485 4036 681 4096 panem
706 4027 922 4075 ventres
941 4055 958 4084 ,
989 4017 1070 4072 sic
1107 4015 1269 4070 istum
1311 4011 1553 4068 esui-ium
1583 4017 1811 4065 mentes.
1839 4008 1909 4063 Et
1932 4005 2074 4064 hunc

487 4127 616 4188 ergo
656 4114 890 4186 petimus
911 4109 1250 4180 simpliciter,
1292 4115 1349 4162 et
1377 4103 1632 4176 quidquid
1658 4103 1849 4158 animae
1875 4108 2073 4156 nostra:

487 4217 546 4265 et
578 4205 726 4264 carm
753 4209 950 4260 nostra
983 4201 1038 4256 in
1085 4200 1184 4255 hac
1210 4197 1322 4253 vita
1370 4195 1730 4253 necessarium
1750 4201 1834 4250 est
1853 4234 1870 4264 ,
1893 4194 2072 4265 quotia

487 4300 649 4356 diano
671 4311 810 4368 pane
839 4291 1191 4350 concluditur.

559 4387 786 4446 CAPUT
825 4385 890 4442 V.
919 4411 990 4426 -ι
1012 4384 1066 4440 6.
1114 4383 1304 4450 Quinta
1352 4381 1544 4452 petitio.
1574 4405 1648 4421 -—
1685 4378 1897 4434 Dimitte
1930 4377 2073 4432 nobis

488 4482 660 4538 debito
681 4489 856 4536 nostra
870 4517 886 4546 ,
907 4475 1136 4534 dicimus
1153 4517 1171 4544 ,
1200 4485 1254 4531 et
1283 4472 1560 4540 dicamus;
1587 4473 1711 4544 quia
1738 4485 1922 4528 verum
1942 4471 2076 4527 dici-

485 4590 628 4632 mus.
657 4574 788 4643 Quis
812 4572 956 4629 enim
985 4570 1074 4624 hic
1100 4568 1229 4624 vivit
1256 4568 1306 4622 in
1344 4579 1534 4634 carne,
1561 4573 1616 4621 et
1654 4577 1761 4620 non
1794 4565 1952 4620 habet
1978 4563 2074 4619 de-

484 4667 630 4724 bita?
651 4666 780 4734 Quis
803 4673 886 4722 est
903 4663 1064 4719 homo
1096 4662 1173 4717 sic
1192 4660 1375 4715 vivens
1393 4701 1410 4727 ,
1437 4665 1499 4712 ut
1519 4655 1570 4714 ei
1594 4669 1703 4714 non
1724 4659 1794 4713 sit
1816 4657 1917 4712 ista
1938 4654 2073 4712 0m~

485 4761 564 4815 tio
589 4755 923 4816 necessaria?
942 4753 1132 4811 inﬂare
1146 4757 1414 4822 sepotest,
1428 4748 1720 4821 iustificam
1742 4759 1850 4804 non
1877 4754 2070 4819 potest.

487 4847 698 4907 Bonum
723 4853 807 4905 est
836 4847 912 4904 illi
941 4854 1001 4903 ut
1028 4845 1263 4902 imitetur
1286 4839 1630 4899 Publicauum
1650 4881 1664 4906 ,
1691 4852 1792 4895 nec
1819 4845 2077 4894 tumescat

486 4943 627 5000 sicut
653 4940 982 5004 Pbarisseus,
1013 4939 1104 5010 qui
1122 4935 1364 4992 ascendit
1387 4935 1442 4989 in
1471 4934 1723 5003 templum
1741 4973 1755 5001 ,
1781 4940 1836 4987 et
1857 4930 2077 5001 jactavit

487 5034 680 5090 merita
699 5046 830 5100 sua,
856 5030 989 5087 texit
1011 5030 1232 5084 vulnera
1263 5040 1378 5083 sua.
1409 5025 1505 5082 ille
1523 5034 1701 5081 autem
1728 5025 1882 5080 scivit
1909 5031 2077 5095 quare

486 5124 826 5189 ascenderit,
854 5121 947 5194 qui
985 5120 1226 5186 dicebat,
1255 5119 1473 5173 Domine
1491 5158 1504 5183 ,
1532 5117 1780 5188 propitius
1821 5126 1925 5172 esto
1949 5111 2076 5169 mihi

491 5216 748 5289 peccatori
790 5213 939 5288 (Luc.
980 5227 1144 5279 xvnt,
1174 5208 1387 5282 10-15).
1428 5210 1540 5266 lloc
1585 5209 1836 5264 Dominus
1877 5209 2074 5264 Jesus:

486 5305 854 5370 considente,
885 5303 1076 5361 huius
1119 5302 1225 5359 mei
1259 5319 1272 5357 :
1303 5301 1407 5358 hoc
1434 5297 1687 5357 Dominus
1732 5295 1885 5355 lusus
1921 5313 2077 5357 orare

489 5397 673 5454 docuit
701 5396 987 5466 discipulos
1013 5409 1140 5450 suos
1159 5435 1173 5459 ,
1206 5393 1327 5449 illos
1353 5407 1573 5463 magnos
1602 5393 1804 5462 primos
1842 5393 2074 5461 Aposto-

488 5493 578 5550 ιω
616 5505 774 5555 suos.
795 5489 989 5544 arietes
1017 5496 1249 5544 nostros.
1293 5486 1352 5542 Si
1394 5501 1520 5558 ergo
1561 5497 1658 5556 pro
1697 5486 1930 5557 peccatis
1966 5487 2078 5542 suis

490 5582 820 5641 dimittendis
844 5582 1037 5637 arietes
1062 5589 1217 5637 orant
1232 5622 1246 5646 ,
1269 5581 1389 5652 agni
1411 5581 1536 5651 quid
1556 5579 1752 5636 debent
1777 5579 1950 5637 facere
1968 5623 1983 5649 ,
2010 5579 2077 5638 dc

491 5673 686 5748 quibus
710 5671 912 5731 dictum
931 5681 1044 5739 est,
1065 5671 1254 5740 Alfene
1273 5672 1493 5728 Domino
1518 5673 1652 5742 ﬁlios
1670 5674 1882 5728 arietum
1900 5673 2071 5746 (l’sal.

557 5815 577 5882 ξ
609 5819 740 5882 tm.
772 5806 965 5882 Etet!“
983 5808 1123 5882 ἰοιηο
1144 5807 1251 5882 vis?
1283 5808 1545 5882 άεείίιεῖαετ

520 5873 1564 5952 βειοΜΕΔίηωιθαωὺοηαΐαεὶωιι.

1738 363 1796 416 s.
1831 337 2202 415 Ancusrtttt
2243 347 2547 412 EPISCOPI

3683 352 3792 415 596

2187 464 2379 532 xxviii,
2411 465 2506 539 l)?
2534 465 2645 522 Hoc
2665 475 2795 539 ergo
2822 466 2970 525 scitis
2989 482 3084 525 vos
3109 467 3165 524 in
3183 459 3442 542 Symbolo
3462 463 3788 540 reddidisse,

2187 559 2314 630 quia
2355 558 2494 613 inter
2534 567 2726 613 caetera
2771 553 3085 616 nominastis
3118 557 3490 616 remissionem
3530 569 3788 631 peccato-

2184 663 2326 707 rum.
2355 649 2619 708 Remisslo
2641 661 2979 723 peccatorum
3004 665 3108 710 una
3128 662 3238 722 est,
3263 667 3383 727 quae
3407 653 3574 711 semel
3594 652 3784 726 datur;

2190 741 2326 808 alia,
2353 757 2472 814 quae
2498 743 2732 816 quotidie
2771 745 2945 801 datur.
2990 743 3254 802 Remissio
3297 756 3637 818 peccatorum
3679 763 3787 804 una

2187 843 2268 891 εει
2288 878 2303 903 ,
2329 845 2446 906 qua:
2470 835 2637 892 semel
2663 833 2816 892 datur
2845 837 2899 893 in
2924 846 3108 894 sancto
3129 835 3486 909 Baptismate‘;
3510 837 3636 905 alia,
3663 853 3787 910 quae

2185 925 2438 996 quamdiu
2480 926 2706 984 vivimus
2747 927 2870 996 hic,
2901 927 3056 985 datur
3093 928 3153 987 in
3197 927 3473 985 Dominica
3514 930 3783 988 oratione.

2185 1011 2417 1087 Propter
2441 1016 2582 1089 qubd
2608 1017 2832 1076 dieimus
2849 1061 2864 1086 ,
2897 1017 3108 1075 Dimitte
3129 1019 3269 1076 nobis
3291 1020 3457 1076 debila
3483 1031 3684 1076 nostra.

2254 1105 2479 1166 CAPUT
2502 1110 2587 1166 Vl.
2619 1140 2688 1153 —
2718 1109 2769 1165 7.
2820 1107 2901 1167 De
2943 1111 3118 1167 eadem
3158 1113 3410 1184 petitione.
3459 1111 3530 1168 Et
3573 1113 3789 1171 induxit

2183 1198 2459 1254 nobiscum
2488 1199 2628 1256 Deus
2668 1211 2882 1272 pactum
2907 1211 2961 1258 et
2988 1203 3272 1273 placitum,
3301 1201 3620 1275 ﬁrmumque
3662 1205 3785 1261 chi-

2179 1292 2503 1362 rographum
2521 1334 2535 1359 ,
2559 1301 2616 1348 ut
2639 1293 2876 1349 dicamus
2892 1336 2906 1360 ,
2940 1293 3087 1349 Sicut
3114 1305 3160 1348 et
3199 1309 3290 1350 nos
3315 1295 3615 1350 dimittimus
3639 1295 3786 1350 debi-

2184 1379 2373 1437 toribus
2396 1383 2598 1438 nbstris.
2619 1383 2721 1452 Qui
2747 1383 2858 1440 vult
2877 1383 3056 1440 dicere
3075 1383 3383 1454 efﬁcaciter,
3403 1385 3614 1441 Dimitte
3637 1385 3788 1443 nobis

2180 1473 2345 1527 debita
2373 1483 2574 1542 nostra;
2603 1476 2743 1532 dicat
2772 1466 3050 1544 veraciter,
3082 1475 3230 1532 Sicut
3266 1486 3316 1532 et
3351 1489 3443 1532 nos
3472 1475 3781 1532 dimittimus

2187 1564 2493 1620 debitoribus
2513 1568 2716 1621 nostris.
2746 1566 2803 1622 Si
2828 1565 2931 1623 hoc
2955 1565 3095 1638 quod
3123 1575 3204 1622 est
3230 1567 3523 1638 posterius,
3555 1575 3648 1624 aut
3671 1583 3785 1625 non

2185 1653 2342 1724 dicit,
2365 1665 2456 1711 aut
2475 1652 2731 1713 fallaciter
2753 1657 2910 1723 dicit;
2933 1657 3063 1713 illud
3083 1656 3222 1729 quod
3249 1657 3396 1728 prius
3417 1666 3516 1724 est,
3541 1657 3783 1716 inaniter

2181 1745 2333 1802 dicit.
2366 1745 2591 1804 Maxime
2611 1749 2762 1805 vobis
2791 1749 3017 1806 dicimus
3036 1791 3051 1817 ,
3083 1751 3337 1807 Dimittite
3357 1751 3533 1807 omnia
3555 1751 3622 1808 de
3648 1768 3776 1810 cor-

2181 1838 2336 1896 dibus
2365 1840 2555 1896 vestris
2575 1882 2590 1908 ,
2621 1841 2709 1913 qui
2742 1842 2809 1898 ad
2845 1850 3084 1898 sanctum
3111 1842 3374 1914 Baptisms
3400 1844 3676 1901 acceditis.
3707 1844 3782 1901 Et

2177 1943 2274 1986 vos
2295 1974 2309 1999 ,
2341 1930 2555 1999 iidclcs,
2585 1933 2674 2002 qui
2713 1929 2992 2003 per'hanc
3025 1933 3357 1989 occasionem
3400 1933 3594 1990 auditis
3635 1933 3782 1990 hanc

2176 2019 2484 2078 Orationem
2514 2030 2568 2078 et
2595 2032 2831 2079 nostram
2872 2023 3288 2094 expositionem,
3316 2023 3570 2082 dimittite
3599 2034 3779 2081 totum

2175 2111 2427 2182 quidquid
2453 2111 2707 2168 adversus
2749 2114 2977 2185 aliquem
3029 2114 3234 2170 habetis
3270 2114 3337 2171 de
3382 2115 3630 2171 cordibus
3679 2131 3780 2172 ve-

2175 2204 2301 2258 stris
2327 2223 2339 2258 :
2362 2204 2434 2258 ibi
2472 2205 2751 2274 dimittite,
2796 2206 2886 2262 ubi
2911 2208 3052 2264 Deus
3092 2207 3256 2263 videt.
3294 2208 3591 2280 Aliquando
3625 2209 3778 2266 enim

2175 2294 2336 2352 homo
2377 2296 2610 2352 dimittit
2650 2313 2780 2367 ore,
2811 2308 2865 2354 et
2894 2310 3037 2356 tenet
3063 2301 3259 2358 corde:
3283 2301 3498 2357 dimittit
3525 2318 3618 2358 ore
3650 2319 3780 2373 pro-

2173 2395 2292 2457 pter
2313 2385 2558 2442 homines
2575 2429 2590 2456 ,
2620 2397 2674 2444 et
2701 2397 2852 2445 tenet
2877 2391 3039 2447 corde
3055 2433 3072 2458 ,
3097 2407 3200 2448 non
3221 2393 3416 2449 timens
3439 2394 3622 2450 oculos
3649 2395 3772 2450 Dei.

2173 2471 2401 2534 Prorsus
2426 2479 2712 2548 dimittite;
2741 2481 2998 2553 quidquid
3023 2493 3106 2538 est
3130 2485 3147 2516 ¹
3173 2483 3313 2554 quod
3341 2500 3506 2555 usque
3539 2485 3607 2539 ad
3638 2485 3776 2542 istos

2173 2569 2292 2627 dies
2321 2573 2598 2640 tenuistis,
2631 2574 2822 2629 saltem
2868 2574 2951 2629 his
2987 2575 3174 2630 diebus
3211 2575 3483 2632 dimittite.
3511 2576 3629 2633 Non
3672 2577 3778 2633 de-

2172 2661 2288 2718 buit
2319 2659 2570 2720 cecidere
2600 2665 2680 2720 sol
2707 2679 2868 2736 super
2898 2667 3225 2722 iracundiam
3253 2675 3507 2734 vestram,
3535 2676 3590 2723 et
3614 2669 3775 2726 multi

2171 2754 2315 2810 mica
2366 2755 2708 2810 transierunt.
2758 2757 3020 2814 Transeat
3060 2757 3346 2829 aliquando
3394 2767 3450 2816 et
3493 2760 3774 2817 iracundia

2172 2855 2373 2915 vestra,
2400 2847 2515 2903 dies
2533 2850 2713 2919 magni
2739 2850 2870 2905 solis
2897 2849 3055 2906 modo
3075 2851 3404 2907 celebramus
3428 2868 3442 2906 :
3469 2852 3607 2907 illius
3637 2853 3773 2908 solis

2172 2936 2242 2994 de
2286 2949 2392 3009 quo
2421 2938 2547 2995 dicit
2591 2939 2896 3010 Scriptura,
2931 2939 3135 2996 Orielur
3172 2943 3306 2997 vobis
3345 2942 3425 2998 sol
3446 2944 3690 3015 justitite,
3722 2955 3775 3000 et

2174 3029 2367 3083 sanitas
2403 3029 2456 3082 in
2498 3029 2674 3100 pennis
2721 3031 2830 3101 ejus
2877 3030 3128 3101 (Malach.
3173 3048 3248 3101 tv,
3273 3031 3352 3106 2).
3391 3033 3529 3101 Quid
3567 3043 3683 3099 est,
3714 3035 3773 3090 in

2175 3122 2356 3192 pennis
2379 3123 2528 3192 ejus?
2548 3122 2606 3177 in
2636 3125 2966 3194 proiectione
2997 3125 3133 3195 ejus.
3161 3123 3314 3182 Unde
3352 3125 3404 3181 in
3435 3125 3648 3182 Psalmo
3677 3127 3768 3182 di-

2175 3216 2334 3284 citur,
2366 3215 2475 3272 Sub
2520 3216 2699 3270 umbra
2743 3218 2940 3272 alarum
2987 3228 3188 3273 tuarum
3232 3229 3431 3292 protege
3477 3235 3555 3274 me
3591 3217 3769 3294 (Psal.

2173 3315 2296 3374 xvi,
2325 3307 2402 3378 8).
2432 3307 2536 3362 Alii
2556 3317 2732 3364 autem
2752 3350 2767 3375 ,
2799 3307 2890 3380 qui
2910 3309 2966 3366 in
2989 3309 3075 3366 die
3100 3309 3284 3380 judicii
3309 3309 3470 3366 futuri
3496 3320 3621 3368 suat
3639 3327 3771 3368 scro

2176 3398 2500 3468 paenitenter.
2523 3398 2568 3465 ',
2597 3405 2652 3454 et
2686 3397 3012 3455 infructuose
3050 3400 3319 3466 dolentes,
3346 3401 3584 3471 praedicti
3609 3412 3638 3457 a
3663 3402 3771 3459 Sa-

2173 3490 2400 3562 pientia,
2433 3489 2560 3562 quid
2591 3499 2717 3548 tunc
2741 3491 2933 3547 dicturi
2964 3501 3086 3548 sunt
3114 3493 3477 3563 paenitentiam
3507 3504 3728 3565 agentes
3749 3538 3768 3564 ,

2178 3587 2235 3636 et
2258 3593 2370 3651 prae
2390 3581 2635 3652 angustia
2661 3581 2880 3653 spiritus
2906 3583 3215 3653 gementes?
3243 3581 3379 3649 Quid
3407 3584 3548 3639 nobis
3571 3587 3773 3657 profuit

2176 3665 2452 3743 superbia?
2476 3680 2524 3726 et
2551 3671 2839 3726 diuitiarum
2869 3672 3122 3743 jactantia
3164 3673 3287 3743 quid
3329 3671 3543 3729 contulit
3584 3675 3771 3732 nobis?

2179 3763 2506 3820 Transierunt
2522 3763 2794 3818 illaomm'a
2811 3772 3047 3834 tanquam
3068 3765 3266 3820 umbra.
3285 3763 3352 3821 Et
3371 3765 3511 3822 inter
3533 3775 3726 3822 Cretera
3751 3785 3769 3824 :

2183 3851 2325 3927 Ergo
2341 3855 2613 3910 erravimus
2632 3869 2663 3909 a
2683 3855 2768 3909 via
2785 3854 3025 3922 veritatis,
3050 3863 3094 3910 et
3100 3855 3314 3926 iustitia
3330 3856 3497 3911 lumen
3513 3871 3611 3911 non
3634 3856 3772 3912 luxit

2176 3946 2344 4013 nobis,
2376 3954 2423 3999 et
2448 3940 2531 4000 soi
2551 3960 2653 4000 non
2683 3953 2754 4000 est
2783 3957 2921 4001 ortus
2952 3946 3092 4000 nobis
3118 3946 3270 4018 (Sap.
3297 3960 3355 4014 v,
3383 3947 3437 4016 '5,
3461 3944 3537 4020 9).
3566 3947 3659 4004 ille
3684 3949 3770 4004 sol

2172 4038 2332 4110 iustis
2361 4039 2572 4094 oritur:
2602 4039 2760 4094 istum
2791 4048 2968 4094 autem
2997 4038 3163 4094 solem
3183 4038 3444 4095 visibilem
3471 4038 3596 4095 iacit
3623 4040 3772 4096 Deus

2176 4129 2416 4202 quotidi.
2434 4123 2568 4185 'briri
2593 4143 2752 4201 super
2776 4129 2944 4186 bonos
2964 4137 3018 4186 et
3038 4129 3206 4185 malos
3226 4124 3439 4201 (Matth.
3464 4146 3519 4197 v,
3542 4129 3656 4202 45).
3682 4130 3772 4186 Ad

2176 4220 2330 4276 illum
2359 4219 2642 4276 videndum
2669 4222 2836 4278 solem
2876 4221 3004 4292 justi
3033 4223 3334 4292 pertinent:
3357 4222 3516 4278 modo
3555 4224 3606 4277 in
3636 4237 3772 4279 cor-

2177 4311 2333 4368 dibus
2359 4312 2556 4366 nostris
2586 4309 2787 4366 habitat
2811 4312 2893 4367 sol
2920 4313 3018 4367 iste
3053 4328 3146 4383 per
3184 4311 3362 4368 iidem.
3398 4311 3453 4370 Si
3487 4327 3615 4384 ergo
3654 4314 3770 4368 ira-

2177 4406 2377 4473 sceris;
2409 4419 2476 4460 ne
2497 4405 2704 4460 occidat
2729 4405 2808 4460 sol
2834 4406 2934 4460 iste
2972 4406 3024 4460 in
3054 4405 3216 4460 corde
3239 4414 3330 4461 tuo
3357 4421 3518 4476 super
3545 4405 3767 4461 iracun-

2178 4497 2318 4553 diam
2346 4507 2488 4551 tuam
2513 4513 2526 4550 :
2555 4494 2672 4549 Non
2701 4496 2898 4550 occidat
2918 4496 2996 4550 sol
3021 4511 3176 4566 super
3201 4497 3517 4551 iracundiam
3539 4507 3766 4552 vestram

2181 4587 2394 4662 (Epha.
2424 4601 2496 4653 tv,
2525 4586 2649 4656 26);
2678 4601 2747 4642 ne
2776 4585 2910 4642 forte
2931 4587 3207 4656 irascaris,
3231 4596 3286 4644 et
3324 4588 3528 4644 occidat
3554 4588 3650 4644 tibi
3680 4590 3767 4646 sol

2175 4679 2394 4751 justititc
2413 4719 2429 4746 ,
2456 4686 2513 4734 et
2541 4679 2594 4733 in
2623 4679 2857 4734 tenebris
2879 4689 3177 4735 remaneas.
3253 4716 3259 4725 ι

2249 4769 2476 4828 CAPUT
2503 4769 2616 4826 Vii.
2642 4799 2716 4810 —
2739 4770 2791 4827 8.
2823 4769 3009 4825 Contra
3030 4771 3161 4825 iram
3175 4771 3424 4827 etodium.
3452 4769 3530 4828 Ne
3567 4773 3770 4843 putetis

2177 4872 2356 4920 autem
2391 4863 2516 4934 quia
2561 4862 2697 4918 nihil
2740 4863 2808 4918 sit
2847 4862 3138 4920 iracundia.
3171 4861 3421 4920 Turbatus
3459 4873 3564 4930 est,
3595 4865 3774 4936 inquit

2179 4955 2471 5026 propheta,
2502 4969 2608 5025 prae
2647 4955 2726 5008 ira
2764 4954 2940 5009 oculus
2982 4971 3146 5010 meus.
3177 4953 3372 5026 Utique
3398 4955 3484 5010 cui
3523 4955 3774 5014 turbatur

2179 5049 2396 5117 oculus,
2422 5048 2591 5103 solem
2619 5047 2806 5104 videre
2826 5057 2931 5104 nOn
2959 5055 3136 5120 potest
3163 5061 3176 5102 :
3207 5055 3261 5105 et
3285 5049 3331 5104 si
3351 5055 3573 5104 conatus
3604 5048 3773 5107 fuerit

2179 5141 2397 5209 videre,
2431 5153 2588 5211 pmna
2631 5139 2707 5195 illi
2751 5149 2864 5209 est,
2893 5155 2998 5196 non
3027 5141 3290 5212 voluptas.
3335 5140 3476 5210 Quid
3515 5150 3600 5196 est
3645 5140 3772 5197 ira?

2181 5229 2372 5290 Libido
2397 5232 2666 5289 vindictas.
2685 5231 2839 5289 Libet
2854 5231 3122 5288 hominem
3137 5232 3396 5288 vindicari
3413 5249 3426 5298 ;
3451 5241 3508 5288 et
3527 5233 3774 5288 nondum

2181 5336 2263 5384 est
2281 5325 2524 5382 Christus
2549 5324 2875 5392 vindicatus,
2905 5324 3140 5380 nondum
3165 5331 3288 5381 sunt
3309 5324 3477 5380 sancti
3498 5335 3775 5397 martyres

2181 5418 2460 5474 vindicati!
2488 5413 2679 5473 Adhuc
2714 5425 2988 5487 exspectat
3014 5417 3264 5487 patientia
3290 5417 3418 5477 Dei.
3449 5424 3506 5472 ut
3535 5430 3776 5474 conver-

2191 5518 2374 5568 tantur
2413 5511 2614 5566 inimici
2651 5509 2875 5576 Christi,
2906 5517 3282 5565 convertantur
3321 5517 3616 5581 martyrum
3666 5510 3779 5566 ini-

2237 5623 2265 5696 }
2289 5630 2420 5696 tum,
2445 5630 2649 5673 Prorsus
2671 5619 3064 5736 dWWa
3093 5621 3222 5687 quod
3239 5627 3430 5689 propter
3453 5621 3670 5677 homines
3693 5625 3780 5678 di-

2237 5691 2402 5736 tttttur.
2441 5697 2532 5735 non
2569 5682 2700 5736 apud
2725 5693 2877 5735 Deum
2998 5687 3199 5736 t:auod
3223 5693 3383 5736 autem
3403 5693 3600 5736 menter
3615 5696 3780 5736 Deum

2180 5687 2402 5752 mittitur,
2441 5697 2532 5735 non
2569 5687 2699 5752 apud
2725 5693 2877 5752 Deum
2895 5687 3016 5736 valet
3038 5687 3201 5752 :quod
3403 5693 3600 5752 prapter
3615 5696 3780 5741 Deum

2183 5746 2450 5804 dimittitur,
2470 5745 2769 5810 apudDeum
2788 5745 2928 5808 valet,
2967 5753 3012 5797 et
3029 5745 3161 5812 apud
3183 5745 3414 5799 homines
3467 5745 3620 5802 adest.
3641 5753 3784 5812 quod

2185 5821 2328 5865 usque
2343 5809 2407 5858 ad
2423 5806 2535 5859 istos
2555 5807 2674 5865 dies,
2693 5816 2788 5859 etc.
2803 5808 3061 5865 Glossema.
3076 5809 3207 5865 quod
3220 5824 3251 5865 tt
3264 5761 3780 5865 W£MML

2185 5809 2407 5924 usquﬁstgd
2555 5807 2788 5880 dies,.etc.
2803 5806 3207 5880 GiosSenna,quod
3220 5824 3251 5866 ει
3264 5806 3780 5870 caterlsnbﬂsubest.

2384 5902 2418 5922 ,ο
2439 5883 2536 5924 sers
2556 5878 2847 5924 prementes.

2384 5902 2418 5922 ..
2439 5878 2536 5924 seri
2555 5878 2847 5935 ρωηειαιιεεε
2949 5927 2952 5930 ,

3789 5961 3818 5971 κ
