4032 6332
326 393 614 453 minimos
659 384 754 459 qui
794 397 1018 450 ιιι-ιιι.
1046 389 1108 440 ιιι
1154 378 1442 444 vindictam
1485 368 1911 448 «λεπιδωυεῖὃί

325 493 596 562 quaereret
639 482 785 539 illam
833 481 974 536 Deus
1011 477 1081 534 de
1125 474 1311 540 nobis,
1343 472 1433 527 ubi
1475 462 1911 562 remaneremus?

326 558 417 636 Ille
445 578 539 650 qui
563 574 694 632 nihil
723 588 821 630 nos
846 571 1014 638 ιωοιι,
1042 577 1150 624 ιιοιι
1181 567 1295 622 vult
1328 577 1392 624 te
1429 562 1697 619 vindicare
1721 558 1790 614 de
1811 570 1906 650 ne.

326 647 527 726 bis:et
571 679 672 724 nos
710 661 998 734 querimus
1043 657 1330 722 vindicari,
1360 655 1451 728 qni
1497 666 1632 724 pene
1677 647 1912 721 quotidie

329 761 492 815 Deum
519 754 870 815 offendimus!
895 753 1036 824 Ergo
1055 749 1306 806 dimittite
1329 763 1342 801 :
1365 745 1616 802 dimittite
1637 758 1702 798 ex
1729 739 1909 797 corde.

329 852 496 908 Iratus
522 865 616 916 es,
643 847 755 906 noli
792 859 1051 920 peccare:
1077 839 1367 899 Irascimini
1386 879 1404 907 ,
1429 847 1476 893 et
1518 836 1672 892 nolite
1709 848 1916 907 peccare

333 942 500 1017 (Psal.
532 959 606 1010 tv,
634 940 710 1012 5).
742 933 1036 994 Irascimini
1059 934 1209 1007 quasi
1237 933 1505 996 homines,
1533 927 1577 985 si
1605 923 1910 989 vincimini;

337 1047 381 1093 et
403 1037 558 1092 nolite
577 1050 810 1108 peccare,
838 1041 897 1087 ut
918 1030 1050 1085 iram
1071 1029 1124 1084 in
1148 1026 1311 1084 corde
1339 1024 1560 1082 teneatis
1588 1021 1732 1094 (quia
1762 1019 1805 1076 si
1833 1027 1913 1108 te-

333 1129 485 1196 netis,
507 1105 691 1184 contra
719 1140 814 1181 vos
835 1121 1026 1179 tenetis
1045 1120 1114 1194 ’),
1135 1135 1203 1175 ne
1222 1118 1274 1174 in
1297 1116 1422 1172 illud
1444 1115 1620 1172 lumen
1643 1111 1850 1167 intretis
1869 1105 1911 1166 θ.

336 1219 475 1291 Ergo
502 1218 770 1275 dimittite.
803 1209 939 1284 Quid
977 1223 1061 1270 est
1100 1209 1216 1268 ira?
1250 1207 1436 1266 Libido
1473 1206 1738 1262 vindictae.
1779 1201 1915 1270 Quid

333 1321 413 1368 est
441 1307 664 1368 odium?
689 1307 769 1362 Ira
796 1306 1102 1361 inveterata.
1133 1303 1213 1358 ira
1240 1301 1530 1355 inveterata
1553 1297 1599 1352 si
1631 1291 1765 1351 facta
1795 1301 1876 1348 est
1895 1334 1909 1358 ,

326 1402 436 1474 jam
461 1400 643 1456 odium
684 1397 898 1453 dicitur.
940 1393 1094 1462 Quod
1131 1392 1337 1448 videtur
1381 1388 1622 1445 conliteri
1669 1385 1791 1453 ille,
1823 1385 1914 1454 qui

328 1507 450 1547 cum
477 1491 726 1556 dixisset,
750 1487 1006 1543 Turbatus
1028 1495 1098 1541 est
1135 1500 1239 1556 prce
1267 1483 1344 1536 ira
1363 1481 1539 1536 oculus
1569 1495 1739 1544 meus;
1767 1475 1918 1532 addi-

331 1583 437 1652 dit,
465 1581 749 1638 Inveteravi
775 1580 829 1635 in
857 1577 1086 1634 omnibus
1119 1575 1337 1631 inimicis
1367 1574 1488 1629 meis
1524 1571 1694 1647 (Psal.
1723 1587 1775 1626 γι
1795 1611 1809 1636 ,
1837 1567 1914 1643 8).

331 1674 485 1746 Quod
524 1683 641 1732 erat
681 1677 790 1742 ira,
817 1689 938 1730 cum
964 1680 1107 1728 esset
1136 1685 1307 1738 nova,
1338 1667 1518 1724 odium
1566 1665 1761 1722 factum
1804 1673 1915 1732 est;

331 1767 454 1839 quia
487 1766 543 1822 in
570 1774 888 1823 vetustatem
925 1777 1244 1821 conversum
1285 1769 1388 1816 est.
1436 1758 1518 1814 Ira
1558 1755 1758 1814 festuca
1797 1769 1878 1812 est
1901 1799 1916 1825 ,

331 1858 514 1914 odium
540 1857 716 1914 trabes
748 1865 850 1912 est.
894 1853 1191 1924 Aliquando
1215 1847 1658 1924 reprehendimus
1689 1849 1921 1904 irascen-

331 1961 442 2008 tem
465 1993 480 2017 ,
511 1959 570 2008 et
595 1951 772 2006 odium
798 1958 1041 2006 tenemus
1074 1947 1128 2002 in
1149 1945 1338 2011 corde;
1371 1953 1424 1999 et
1444 1941 1570 1999 dicit
1590 1940 1741 2004 nobis
1771 1939 1922 1999 Chri-

332 2053 449 2102 stus
468 2085 484 2111 ,
517 2041 789 2098 Festucam
812 2043 867 2095 in
899 2040 1044 2096 oculo
1078 2038 1250 2110 fratris
1275 2035 1349 2089 tui
1380 2033 1548 2102 vides,
1581 2043 1625 2088 et
1653 2033 1841 2088 trabem
1869 2034 1923 2087 in

332 2136 480 2189 oculo
524 2142 611 2187 tuo
639 2149 741 2187 non
782 2129 918 2186 vides
944 2125 1160 2200 (Matth.
1189 2143 1294 2193 vn,
1316 2125 1395 2195 '5).
1448 2121 1600 2179 Unde
1636 2123 1802 2181 crevit
1839 2119 1922 2178 Γε-

333 2233 514 2292 stuca,
541 2232 602 2279 ut
625 2219 826 2278 trabem
853 2219 1086 2276 faceret?
1114 2215 1246 2284 Quia
1267 2231 1372 2271 non
1399 2213 1575 2270 statim
1616 2213 1796 2268 evulsa
1821 2221 1920 2267 est.

333 2316 468 2383 Quia
497 2329 687 2386 passus
706 2328 765 2369 es
785 2313 931 2367 exire
955 2320 1010 2368 et
1039 2310 1237 2365 intrare
1266 2307 1434 2364 solem
1460 2306 1615 2363 toties
1637 2321 1796 2378 super
1822 2305 1926 2360 ira-

335 2407 584 2464 cundiam
617 2417 758 2460 tuam
776 2448 792 2472 ,
822 2403 994 2459 iecisti
1016 2399 1159 2457 illam
1185 2409 1452 2466 veterem;
1475 2398 1740 2454 attraxisti
1759 2397 1926 2454 malas

335 2499 702 2569 suspiciones,
747 2503 802 2550 ct
845 2495 1025 2566 rigasti
1076 2493 1363 2556 festucam,
1414 2489 1634 2561 rigando
1679 2489 1923 2555 nutristi,

337 2591 624 2648 nutriendo
652 2590 854 2645 trabem
884 2587 1073 2643 fecisti.
1104 2582 1410 2656 Eiipavesce
1440 2583 1524 2640 vel
1553 2581 1765 2654 quando
1790 2581 1924 2637 dici-

339 2693 444 2748 tur,
478 2683 576 2748 Qui
606 2682 711 2736 odit
741 2683 948 2753 fratrem
989 2695 1139 2734 suum
1163 2719 1177 2743 ,
1209 2675 1461 2731 homicida
1496 2685 1566 2730 est
1587 2669 1810 2744 ([Joan.
1835 2690 1888 2728 ιιι
1908 2714 1923 2740 ,

339 2771 450 2845 15).
479 2772 722 2829 Gladium
765 2787 872 2827 non
915 2768 1172 2835 eduxisti,
1207 2783 1313 2822 non
1344 2765 1536 2821 vulnus
1577 2766 1628 2821 in
1657 2781 1817 2822 carne
1847 2764 1926 2820 fc-

336 2868 490 2934 cisti,
523 2882 631 2922 non
679 2879 868 2936 corpus
905 2864 1056 2934 plaga
1101 2861 1275 2932 aliqua
1327 2858 1602 2915 trucidasti
1637 2879 1650 2914 :
1681 2857 1929 2931 cogitatio

337 2961 450 3018 sola
481 2959 589 3015 odii
617 2959 670 3014 in
697 2956 861 3013 corde
901 2965 990 3010 tuo
1017 2961 1100 3010 cst
1121 2997 1135 3021 ,
1161 2962 1215 3008 ct
1241 2951 1438 3008 teneris
1473 2949 1767 3018 homicida;
1804 2965 1928 3007 reus

340 3067 398 3110 es
421 3061 546 3107 ante
576 3050 763 3106 oculos
791 3047 904 3103 Dei.
938 3046 1028 3101 Ille
1067 3043 1228 3115 vivit,
1257 3053 1312 3100 et
1357 3052 1410 3098 tu
1441 3041 1706 3099 occidisti.
1745 3041 1928 3109 Quan-

341 3153 452 3200 tum
485 3142 550 3198 ad
571 3151 623 3198 te
654 3141 916 3213 pertinet,
941 3136 1183 3194 occidisti
1202 3152 1360 3208 quem
1382 3135 1560 3192 odisti.
1590 3133 1826 3190 Emenda
1856 3142 1926 3201 te,

340 3235 549 3306 corrige
581 3243 652 3290 te.
691 3232 748 3290 Si
788 3229 843 3288 in
883 3229 1128 3285 domibus
1164 3229 1356 3283 vestris
1399 3227 1707 3300 scorpiones
1749 3235 1931 3282 essent

340 3340 432 3386 aut
455 3328 703 3398 aspides,
733 3336 989 3397 quantum
1033 3321 1346 3378 laboraretis
1367 3363 1381 3388 ,
1415 3330 1472 3376 ut
1512 3319 1702 3376 domus
1726 3329 1930 3376 vestras

340 3420 676 3505 purgaretis,
703 3425 758 3474 et
780 3417 952 3473 securi
981 3415 1219 3470 habitare
1249 3412 1509 3484 possetis?
1540 3410 1854 3475 irascimini,
1877 3419 1932 3465 et

340 3502 710 3579 inveterantur
734 3512 828 3566 ira:
871 3511 926 3565 in
969 3505 1219 3565 cordibus
1249 3505 1466 3571 vestris,
1498 3504 1631 3559 liunt
1667 3511 1746 3559 tot
1773 3502 1928 3568 odia,

343 3617 422 3666 tot
446 3607 660 3671 trahes,
690 3613 768 3661 tot
787 3602 1010 3672 scorpii,
1043 3609 1117 3656 tot
1145 3611 1451 3667 serpentes;
1481 3607 1534 3652 et
1558 3589 1775 3651 domum
1802 3594 1927 3662 Dei,

342 3713 436 3756 cor
465 3706 737 3763 vestrum,
764 3708 989 3766 purgare
1034 3707 1141 3747 non
1171 3690 1366 3745 vultis?
1406 3688 1543 3759 Ergo
1589 3687 1744 3743 facile
1789 3687 1932 3760 quod

343 3789 544 3846 dictum
571 3797 652 3843 est
668 3829 684 3854 ,
717 3786 863 3842 Sicut
889 3793 932 3838 et
954 3799 1044 3837 nos
1066 3781 1362 3835 dimittimus
1387 3778 1689 3833 debitoribus
1708 3778 1894 3832 nostris
1911 3795 1931 3833 :

341 3891 396 3938 et
424 3880 605 3938 securi
632 3878 821 3944 dicite,
853 3873 1059 3930 Dimitte
1087 3873 1232 3928 nobis
1251 3873 1416 3927 debita
1441 3881 1632 3926 nostra.
1659 3869 1790 3938 Quia
1817 3870 1933 3926 sine

342 3974 538 4029 debitis
571 3973 624 4026 in
651 3971 749 4024 hac
777 3979 917 4024 terra
946 3967 1124 4022 vivere
1148 3981 1252 4021 non
1276 3967 1519 4035 potestis.
1547 3962 1651 4018 Sed
1681 3961 1784 4018 alia
1811 3971 1933 4018 sunt

343 4063 434 4120 illa
454 4077 652 4133 magna
676 4059 920 4124 crimina,
943 4072 1061 4128 quae
1086 4056 1236 4110 vobis
1262 4056 1457 4110 bonum
1483 4062 1565 4108 est
1586 4055 1637 4108 in
1663 4053 1932 4123 Baptismo

345 4154 578 4221 dimitti,
610 4160 664 4208 et
688 4167 720 4206 a
747 4150 938 4222 quibus
961 4163 1172 4218 semper
1211 4146 1370 4201 alieni
1411 4160 1529 4202 esse
1554 4144 1758 4200 debetis
1788 4163 1800 4199 :
1829 4144 1931 4198 alia

345 4245 656 4317 quotidiana
684 4250 898 4312 peccata
917 4282 934 4309 ,
965 4241 1079 4294 sine
1107 4238 1299 4310 quibus
1322 4237 1407 4291 hic
1434 4236 1594 4292 homo
1620 4237 1798 4292 vivere
1824 4251 1928 4292 non

346 4348 548 4409 potest,
576 4345 794 4409 propter
821 4351 938 4406 qua:
967 4333 1264 4389 necessaria
1292 4339 1376 4387 est
1397 4332 1701 4403 quotidiana
1727 4331 1897 4388 oratio
1914 4373 1928 4396 ,

344 4447 466 4490 eum
493 4446 594 4488 suo
626 4440 815 4501 pacto,
843 4445 964 4484 cum
989 4443 1087 4484 suo
1111 4427 1307 4498 placito
1331 4443 1343 4480 :
1372 4435 1428 4482 ut
1453 4427 1720 4497 quomodo
1751 4425 1932 4480 hilari-

344 4532 426 4581 ter
450 4523 668 4589 dicitur,
697 4519 909 4575 Dimitte
936 4519 1076 4574 nobis
1115 4518 1282 4574 debita
1319 4525 1528 4582 nostra;
1553 4518 1630 4572 sic
1669 4517 1932 4572 veraciter

344 4615 576 4682 dicatur,
625 4614 770 4670 Sicut
812 4622 858 4668 et
902 4628 992 4668 nos
1029 4611 1326 4668 dimittimus
1374 4611 1677 4664 debitoribus
1723 4610 1928 4665 nostris.

349 4709 550 4768 Deinde
582 4709 686 4764 ista
714 4705 946 4762 diximus
988 4704 1054 4760 de
1097 4703 1330 4776 peccatis
1361 4703 1678 4775 prazteritis,
1709 4702 1834 4774 quid
1864 4702 1932 4758 de

344 4803 584 4860 cetero?

417 4893 647 4952 CAPUT
677 4891 808 4950 Vill.
834 4921 905 4932 -—
929 4891 982 4949 9.
1017 4890 1443 4962 Concupiscentite
1483 4889 1832 4945 resistendum.
1863 4919 1934 4931 -—

351 4985 434 5040 Ne
461 5002 554 5041 nos
577 4986 770 5058 inferas
795 4984 850 5040 in
888 4984 1248 5039 tentationem:
1270 4981 1477 5038 dimitte
1519 4998 1636 5052 qua:
1676 4976 1930 5048 fecimus,

346 5087 402 5133 et
440 5078 509 5133 da
548 5087 609 5133 ut
640 5076 660 5107 ³
685 5073 790 5132 alia
828 5090 936 5131 non
977 5074 1389 5130 committamus.
1425 5073 1753 5145 Quicumque
1790 5074 1935 5130 enim

345 5173 646 5229 tentatione
685 5169 931 5238 vincitur,
970 5161 1245 5240 peccatum
1300 5168 1414 5240 ipse
1458 5167 1760 5225 eonunittit.
1809 5169 1935 5224 Ete-

344 5265 462 5322 nim
482 5306 500 5332 ,
529 5265 700 5335 inquit
743 5263 1019 5336 apostolus
1065 5263 1323 5329 Iacobus,
1355 5260 1522 5317 Nemo
1541 5275 1654 5317 cum
1693 5267 1933 5329 tentatur,

343 5360 487 5413 dicat
511 5359 749 5429 quoniam
769 5375 800 5411 a
822 5357 931 5413 Deo
953 5366 1193 5414 tentatur.
1216 5356 1356 5417 Deus
1382 5357 1516 5412 enim
1540 5351 1812 5412 intentatur
1836 5373 1937 5411 ma-

343 5452 519 5507 lorum
539 5459 609 5506 est
633 5467 652 5506 :
668 5452 780 5524 ipse
798 5459 964 5506 autem
985 5451 1230 5505 neminem
1257 5458 1431 5504 tentat.
1460 5447 1812 5522 Unusquisque
1838 5465 1934 5503 au-

420 5562 921 5634 tSt-omittis!“
939 5559 1661 5634 ιιίο.ι)ειιθιιιιιθείίηοιιιεθτ..ιί-
1865 5623 1894 5634 ..

421 5627 440 5656 ²
463 5613 551 5674 ιζοι·
561 5613 592 5683 .,
619 5636 678 5674 ne
697 5613 822 5674 illud
841 5619 999 5674 lumen
1013 5613 1210 5677 ifritetis
1219 5639 1240 5687 ,'
1257 5624 1658 5677 dissentientibus
1677 5623 1822 5678 editis

325 5695 580 5803 ιαμῗέ
613 5749 928 5813 mnhabeat,
951 5755 1018 5804 tta
1037 5754 1107 5805 ιιι.

1727 253 1965 315 SERHO
2003 254 2182 312 LVIII.

3499 259 3604 320 598

2021 381 2117 426 tem
2154 380 2372 428 tentatur
2395 389 2427 428 a
2453 374 2852 446 concupiscentia
2885 390 2978 436 sua
3010 373 3293 430 abstractus
3315 383 3362 432 et
3383 375 3603 434 illectus.

2019 463 2213 519 Deinde
2238 467 2640 536 concupiscentia
2659 483 2774 522 cum
2801 467 3108 538 conceperit,
3138 467 3274 540 parit
3304 479 3564 538 peccatum
3583 484 3605 525 :

2020 566 2281 626 peccatum
2308 571 2421 611 vero
2447 573 2561 611 cum
2595 568 2990 612 consummatum
3019 559 3207 630 fuerit,
3231 570 3435 632 generat
3463 577 3602 617 mor-

2020 654 2116 700 tem
2159 645 2358 718 (Jacobi
2387 664 2432 714 l,
2461 648 2670 720 15-15).
2699 649 2842 722 Ergo
2884 665 2949 707 ne
2987 651 3312 712 abstraharis
3347 667 3378 707 a
3405 667 3606 727 concu-

2021 737 2275 808 piscentia
2299 754 2313 792 :
2338 739 2445 793 noli
2477 740 2776 795 consentire
2817 742 3260 812 concupiscentiae
3304 752 3431 800 tuae.
3482 735 3600 800 Non

2019 839 2101 884 est
2150 829 2287 886 unde
2327 831 2622 902 concipiat,
2664 832 2764 887 nisi
2816 833 2884 889 de
2928 843 2999 890 te.
3043 835 3376 898 Consenststi
3406 855 3418 892 :
3448 839 3602 910 quasi

2020 921 2348 977 concubuisti
2393 923 2445 977 in
2497 922 2661 979 corde
2707 933 2814 980 tuo.
2843 924 3082 983 Stirrexit
3127 919 3603 999 concupiscentia:

2020 1021 2227 1082 negate
2255 1013 2362 1081 illi,
2397 1013 2505 1068 noli
2537 1030 2655 1070 eam
2683 1017 2851 1088 sequi.
2892 1016 3076 1072 lilicita
3113 1028 3229 1089 est,
3260 1020 3454 1077 lasciva
3483 1029 3599 1090 est,

2022 1104 2187 1174 turpis
2235 1114 2349 1170 est,
2377 1105 2571 1160 alienat
2607 1117 2659 1162 te
2687 1123 2717 1162 a
2747 1108 2875 1166 Deo.
2902 1109 3020 1165 Noli
3065 1110 3194 1170 dare
3238 1116 3605 1172 consensionis

2020 1193 2353 1264 amplexum,
2377 1211 2444 1250 ne
2486 1197 2700 1268 plangas
2745 1207 2950 1270 partum
2976 1217 2988 1254 :
3013 1195 3133 1274 quia
3161 1202 3203 1258 si
3231 1207 3600 1274 consenseris,

2021 1283 2074 1340 id
2095 1295 2174 1342 est
2194 1329 2210 1353 ,
2235 1303 2358 1343 cum
2387 1290 2716 1360 amplexatus
2747 1290 2943 1361 lueris,
2974 1294 3225 1363 concipit.
3258 1295 3383 1351 Cum
3416 1307 3602 1354 concu-

2020 1379 2263 1446 piscentia
2308 1383 2616 1452 conceperit,
2640 1385 2771 1452 parit
2818 1393 3092 1455 peccatum.
3120 1385 3363 1442 Nondum
3409 1392 3603 1448 times?

2022 1461 2295 1526 Peccatum
2322 1483 2524 1544 generat
2546 1485 2753 1532 mortem
2775 1492 2795 1530 :
2815 1477 2894 1532 vel
2923 1486 3152 1536 mortem
3177 1479 3322 1536 time.
3343 1481 3399 1537 Si
3419 1497 3604 1552 pecca-

2023 1568 2134 1615 tum
2165 1579 2270 1620 nou
2305 1565 2487 1633 times,
2533 1569 2662 1624 time
2692 1585 2795 1640 quo
2835 1571 3077 1640 perducit
3099 1585 3398 1643 peccatum.
3445 1575 3607 1632 Dulce

2023 1661 2104 1738 est
2125 1662 2398 1722 peccatum
2423 1674 2435 1710 :
2460 1658 2552 1713 sed
2584 1674 2764 1716 amara
2782 1670 2862 1716 est
2887 1677 3054 1719 mors.
3076 1663 3191 1740 ipsa
3219 1674 3301 1722 εει
3325 1665 3608 1724 infelicitas

2025 1741 2298 1802 hominum
2325 1767 2338 1803 :
2364 1759 2581 1821 propter
2618 1753 2759 1824 quod
2790 1767 3036 1824 peccant,
3072 1758 3360 1816 morientes
3400 1761 3485 1816 hic
3522 1761 3606 1816 di-

2024 1838 2273 1908 mittunt,
2302 1849 2357 1896 et
2393 1843 2504 1914 ipsa
2547 1855 2760 1918 peccata
2789 1863 2969 1906 secum
2996 1859 3226 1921 portant.
3251 1853 3446 1910 Peccas
3477 1869 3607 1925 pro-

2024 1940 2144 2003 pter
2188 1936 2505 2006 pecuniam,
2536 1938 2620 1994 hic
2650 1939 2966 1998 dimittenda
3005 1952 3088 2002 est
3111 1961 3124 1998 :
3151 1959 3342 2014 peccas
3389 1956 3608 2017 propter

2025 2023 2201 2080 villam
2217 2065 2234 2094 ,
2266 2025 2353 2082 hic
2377 2027 2689 2086 dimittenda
2709 2042 2794 2088 est
2818 2051 2830 2086 :
2855 2049 3042 2104 peccas
3063 2045 3280 2106 prepter
3303 2037 3604 2107 mulierem,

2027 2115 2121 2175 hic
2145 2118 2460 2178 dimittenda
2486 2132 2570 2179 est
2591 2142 2604 2178 :
2627 2134 2678 2180 et
2693 2125 2949 2198 quidquid
2974 2136 3058 2184 est
3076 2139 3293 2200 propter
3315 2130 3456 2201 quod
3488 2148 3611 2203 pec-

2028 2225 2118 2266 cas
2137 2252 2152 2278 ,
2183 2213 2393 2282 quando
2420 2215 2604 2273 oculos
2627 2217 2682 2271 in
2707 2229 2932 2276 mortem
2957 2221 3231 2287 clauseris,
3255 2221 3342 2280 hic
3363 2223 3606 2290 dimittis,

2027 2309 2083 2357 et
2107 2301 2279 2372 ipsum
2309 2313 2584 2375 peccatum
2612 2307 2754 2378 quod
2780 2311 3067 2366 committis
3093 2321 3269 2368 tecum
3299 2323 3499 2384 portas.

2099 2392 2325 2449 CAPUT
2353 2394 2606 2451 ιιι-ιο.
2641 2397 2856 2453 Peccata
2881 2402 3071 2456 minuta
3097 2419 3198 2458 non
3224 2406 3606 2462 contemnenda.

2028 2484 2140 2540 Αιω
2153 2486 2269 2540 dua:
2284 2488 2523 2543 orationis
2536 2493 2746 2560 gemina:
2761 2492 3102 2565 eleemosynaa.
3119 2496 3462 2555 Dimittantur
3482 2516 3608 2570 pec-

2029 2586 2145 2632 cata
2167 2595 2180 2631 :
2200 2578 2526 2634 dimittantur
2542 2584 2827 2652 prieterita,
2843 2585 3258 2642 cessentl‘utura.
3275 2587 3380 2645 Sed
3399 2605 3501 2644 non
3515 2607 3610 2660 po-

2031 2675 2112 2722 tes
2133 2668 2218 2724 hic
2247 2669 2423 2726 vivere
2448 2673 2563 2728 sine
2593 2672 2720 2743 ipsis
2747 2690 2761 2728 z
2795 2677 2879 2731 vel
2905 2675 3112 2734 minora
3138 2679 3221 2734 vel
3249 2679 3451 2736 minuta
3481 2683 3609 2750 sint,

2030 2759 2115 2815 vel
2145 2760 2280 2816 levia
2333 2762 2457 2817 sint.
2487 2763 2591 2818 Sed
2631 2765 2744 2833 ipsa
2773 2765 2908 2822 levia
2938 2775 2994 2823 et
3035 2768 3238 2825 minuta
3286 2786 3393 2828 non
3423 2781 3607 2829 conte-

2030 2859 2298 2907 mnantur.
2315 2851 2392 2907 De
2406 2854 2620 2909 minutis
2632 2856 3018 2927 guttis;llumiua
3035 2859 3340 2930 implentur.
3353 2862 3468 2918 Non
3480 2879 3599 2920 eon-

2033 2949 2336 2998 temnantur
2351 2944 2432 3000 vel
2459 2945 2684 3001 minora.
2704 2945 2806 3002 Per
2831 2957 3079 3018 angustas
3108 2951 3328 3009 rimulas
3351 2954 3502 3009 navis
3523 2953 3600 3010 in-

2031 3031 2186 3089 sudat
2209 3049 2364 3105 aqua,
2396 3036 2647 3108 impletur
2669 3039 2874 3096 sentina
2891 3080 2907 3108 ,
2939 3048 2995 3095 et
3019 3041 3064 3096 si
3086 3051 3456 3099 contemnatur
3478 3059 3577 3102 seu
3601 3082 3612 3089 -

2032 3128 2164 3196 tina,
2218 3131 2473 3201 mergitur
2519 3133 2686 3189 navis.
2742 3133 2850 3190 Sed
2902 3151 3008 3192 non
3059 3147 3302 3195 cessatur
3339 3154 3372 3195 a
3413 3142 3590 3198 nautis

2031 3221 2306 3278 ambulant
2360 3239 2548 3281 manus
2581 3228 2912 3297 :ambulant,
2984 3238 3042 3285 ut
3089 3232 3325 3302 quotidie
3388 3236 3608 3294 sentina.

2033 3313 2412 3372 exhauriantur
2438 3318 2475 3370 ¹ε
2508 3317 2597 3374 Sic
2631 3327 2684 3375 et
2712 3329 2812 3374 tuac
2849 3335 3036 3377 manus
3061 3323 3354 3394 ambulent,
3398 3336 3456 3384 ιιι
3479 3342 3607 3398 quo-

2033 3429 2162 3486 tidie
2187 3433 2422 3488 sentinae
2443 3435 2484 3486 ².
2517 3432 2652 3500 Quid
2679 3445 2781 3501 est,
2826 3435 3097 3492 ambulent
3134 3439 3362 3495 manus?
3405 3441 3541 3498 Dent
3570 3441 3614 3507 ³,

2032 3522 2118 3579 fac
2137 3539 2298 3594 opera
2323 3527 2480 3593 bona,
2532 3528 2803 3584 ambulent
2847 3544 3038 3588 manus
3079 3540 3202 3586 tuae.
3251 3531 3458 3604 Frange
3499 3545 3613 3590 eru-

2033 3615 2184 3669 rienti
2215 3631 2394 3686 panem
2413 3627 2575 3685 tuum,
2607 3627 2654 3672 et
2694 3633 2904 3690 egenum
2933 3620 3040 3674 sine
3065 3629 3192 3675 tecto
3227 3621 3380 3677 induc
3427 3625 3480 3678 in
3519 3625 3613 3680 do-

2033 3722 2172 3762 mum
2197 3709 2418 3763 tuam:si
2437 3709 2620 3764 uideris
2646 3709 2864 3777 nudum,
2895 3713 3016 3767 vesti
3043 3709 3196 3783 (1εαί.
3226 3727 3370 3779 cvm,
3398 3713 3477 3786 7).
3504 3714 3613 3773 Fac

2033 3808 2288 3870 quantum
2312 3808 2482 3870 potes,
2505 3801 2586 3856 lac
2604 3801 2745 3858 unde
2770 3811 2940 3872 potes,
2972 3802 3054 3858 fac
3080 3803 3338 3873 hilariter,
3371 3815 3426 3861 et
3459 3819 3588 3864 secu
3613 3847 3618 3852 .

2033 3903 2126 3948 rus
2170 3892 2321 3947 mitte
2373 3894 2687 3950 orationem.
2733 3893 2958 3951 Habebit
2990 3897 3102 3952 alas
3147 3897 3300 3965 duas,
3377 3901 3618 3970 geminas

2034 3983 2420 4058 eleemosynas.
2438 3985 2574 4054 Quid
2601 3997 2702 4054 est,
2732 3990 2972 4060 geminas
2998 3991 3404 4064 eleemosynas?
3427 3993 3617 4049 Dimit-

2036 4076 2140 4144 tile,
2170 4086 2220 4133 et
2247 4078 2524 4133 dimittetur
2542 4079 2678 4134 vobis
2704 4096 2723 4135 :
2752 4081 2887 4147 date,
2912 4091 2958 4136 et
2983 4081 3184 4137 dabitur
3210 4083 3345 4139 vobis
3367 4083 3513 4154 (Luc.
3537 4101 3614 4154 vr,

2035 4171 2124 4238 37,
2153 4172 2260 4242 58).
2314 4173 2428 4229 Una
2477 4173 2815 4246 eleemosyna
2860 4185 2962 4242 est,
3025 4189 3144 4246 qua:
3195 4177 3254 4232 Iit
3317 4177 3386 4233 de
3431 4178 3614 4248 corde,

2038 4267 2252 4338 quando
2281 4265 2429 4320 fratri
2459 4273 2550 4321 tuo
2573 4267 2796 4322 dimittis
2838 4275 3134 4337 peccatum.
3164 4269 3343 4324 Altera
3385 4270 3618 4326 eleemo-

2035 4369 2167 4430 syna
2192 4365 2296 4424 est,
2331 4373 2448 4428 quae
2471 4359 2527 4412 llt
2551 4359 2619 4414 de
2657 4359 2968 4424 substantia,
3005 4358 3217 4430 quando
3256 4363 3474 4431 pauperi
3528 4377 3617 4432 pa.

2036 4465 2156 4506 nem
2184 4451 2432 4522 porrigis.
2462 4449 2659 4507 Ambae
2686 4450 2792 4521 fac,
2839 4459 2906 4507 ne
2932 4452 3048 4507 sine
3068 4467 3170 4508 una
3211 4455 3292 4508 ala
3342 4463 3617 4510 remaneat

2033 4543 2203 4598 Oratio
2227 4549 2336 4598 tua.

2107 4636 2194 4690 Η.
2225 4633 2475 4688 Liberutio
2514 4649 2546 4688 α
2589 4635 2742 4689 malo.
2792 4634 2935 4706 Ergo
2983 4649 3104 4690 cum
3165 4626 3478 4703 dixerimus,
3531 4631 3616 4692 Ne

2035 4747 2130 4787 nos
2153 4732 2344 4803 inferas
2371 4730 2426 4785 in
2464 4731 2818 4794 tentationetn;
2847 4730 3104 4801 sequitur,
3149 4729 3256 4786 Sed
3280 4729 3436 4784 libera
3462 4740 3555 4785 nos
3583 4747 3616 4786 α

2037 4824 2192 4879 malo.
2223 4823 2326 4891 Qui
2351 4822 2465 4878 vult
2492 4821 2706 4877 liberari
2731 4835 2760 4876 a
2788 4823 2948 4890 malo,
2980 4827 3203 4877 testatur
3235 4822 3356 4892 quia
3397 4823 3450 4878 in
3473 4823 3614 4880 malo

2037 4923 2139 4972 est.
2168 4913 2293 4970 ideo
2317 4913 2443 4970 dicit
2466 4913 2772 4983 Apostolus,
2805 4912 3122 4968 Redimentes
3151 4920 3363 4984 tempus,
3378 4914 3616 4984 quoniam

2040 5005 2148 5061 dies
2173 5006 2292 5060 mali
2318 5014 2432 5059 sunt
2458 5004 2671 5076 (Ep/tes.
2701 5021 2755 5073 v,
2786 4999 2896 5076 16).
2927 5002 3031 5061 Sed
3057 5004 3168 5075 quis
3209 5005 3387 5076 estqui
3410 5004 3516 5059 uult
3538 5007 3617 5060 tti-

2040 5111 2164 5169 tatn,
2191 5111 2238 5155 et
2266 5100 2431 5172 diligit
2459 5099 2627 5154 uidere
2644 5099 2751 5154 dies
2773 5098 2927 5154 bonos
2941 5099 2967 5153 ?
2993 5095 3218 5166 Quando
3253 5095 3429 5153 omnis
3453 5095 3618 5154 homo

2040 5193 2093 5249 in
2111 5194 2212 5249 hac
2231 5208 2392 5249 carne
2414 5207 2518 5248 non
2545 5191 2705 5250 habet
2723 5191 2823 5248 nisi
2839 5190 2956 5246 dies
2971 5187 3170 5254 malos;
3192 5187 3310 5259 quis
3336 5199 3444 5244 non
3469 5187 3619 5245 vult?

2039 5287 2147 5344 Fac
2169 5285 2310 5359 quod
2326 5285 2583 5357 sequitur,
2606 5283 2792 5342 Cohibe
2815 5283 3042 5354 linguam
3064 5289 3203 5334 tum
3225 5297 3259 5335 ιι
3284 5281 3440 5347 malo,
3468 5289 3514 5336 et
3543 5281 3619 5336 la-

2041 5379 2125 5436 bia
2149 5391 2238 5436 tua
2262 5396 2325 5435 ne
2351 5379 2619 5450 loquantur
2644 5376 2855 5440 dolum;
2886 5369 3083 5427 declina
3111 5387 3142 5428 α
3172 5373 3327 5442 malo,
3359 5382 3404 5427 et
3423 5373 3506 5444 fac
3532 5373 3618 5428 bo-

2103 5557 2124 5592 !
2150 5556 2318 5606 isthicc
2340 5553 2506 5610 verba,
2532 5548 2792 5609 ambulant,
2817 5556 2867 5602 ut
2885 5547 3094 5611 quotidie
3110 5547 3309 5600 sentina:
3330 5546 3618 5602 εωιιιιιιηωι-

2043 5627 2143 5681 tur,
2167 5621 2338 5669 absunt
2361 5631 2388 5665 ιι
2411 5624 2515 5664 Mss.
2543 5614 2675 5684 etab
2700 5623 2798 5684 an}
2821 5619 2872 5684 et
2895 5619 2967 5684 ur.
3113 5679 3115 5683 Ι

2109 5671 2252 5750 1ξίιιιι,
2269 5687 2352 5750 Ἰεῖικ
2383 5685 2429 5750 ttt
2453 5675 2661 5750 (Ῑιιριὶιξὶε
2687 5671 2913 5750 deﬂeam!

2114 5745 2136 5779 ⁸
2153 5741 2286 5808 Apud
2305 5749 2379 5798 ta.
2404 5735 2550 5805 Lugd.
2575 5735 2693 5794 i'cn.
2716 5735 2850 5807 ιρὸγο,
2873 5746 2967 5804 De,
2993 5735 3126 5794 dcte.
3185 5739 3250 5791 Ι,
