4032 6332
268 403 368 464 401

268 525 499 576 contritas
526 526 635 590 tua,
662 519 794 575 sicut
820 518 875 575 in
901 517 1047 585 caelo,
1075 524 1123 570 et
1149 516 1202 570 in
1232 522 1389 570 terra.
1420 511 1557 582 Quid
1589 522 1673 571 est
1713 512 1817 569 hoc
1834 514 1860 568 ?

268 612 627 684 thuomodo
652 612 746 667 tibi
779 610 1019 666 serviunt
1044 609 1232 679 Angeli
1262 608 1316 663 in
1358 608 1517 674 coelo,
1555 616 1610 663 et
1633 621 1730 662 nos
1767 606 1861 662 tibi

267 705 567 761 serviamus
620 705 673 758 in
706 714 867 759 terra.
901 702 1086 773 Angeli
1108 711 1287 757 autem
1314 701 1478 771 ipsius
1534 701 1703 756 sancti
1733 699 1862 756 obe-

269 797 423 853 diunt
448 798 547 865 illi,
574 812 680 851 non
708 797 857 852 illum
884 795 1193 862 offendunt;
1236 795 1435 851 faciunt
1464 795 1612 866 jussa
1632 794 1862 850 amando

266 908 406 947 eum.
436 891 552 948 Hoc
580 906 711 962 ergo
735 906 975 959 oramus,
1001 899 1060 946 ut
1086 900 1140 946 et
1168 905 1268 947 nos
1300 898 1583 969 praecepta,
1606 891 1701 945 Dei
1728 890 1859 945 eba-

264 984 419 1039 ritate
445 983 708 1039 faciamus
742 982 1005 1040 ‘.lterum
1046 984 1217 1053 verba,
1236 984 1336 1038 ista
1380 983 1535 1039 aliter
1554 983 1859 1053 intelligun-

263 1087 369 1132 tur.
417 1075 542 1129 Fiat
601 1077 836 1130 voluntas
876 1086 984 1144 tua,
1029 1076 1159 1130 sicut
1204 1076 1258 1130 in
1305 1077 1451 1143 caelo,
1504 1084 1552 1129 et
1604 1075 1656 1130 in
1703 1084 1857 1129 terra.

266 1168 474 1224 Ctelum
504 1169 557 1222 in
584 1168 740 1223 nobis
765 1169 942 1223 anima
967 1176 1068 1234 est,
1098 1176 1241 1223 terra
1274 1167 1327 1222 in
1356 1166 1511 1223 nobis
1539 1181 1735 1237 corpus
1751 1175 1855 1222 est.

261 1260 396 1328 Quid
443 1268 531 1315 est
554 1274 708 1331 ergo,
746 1258 863 1314 Fiat
895 1259 1125 1313 uoluntas
1151 1268 1260 1325 tua,
1285 1259 1415 1313 sicut
1464 1259 1517 1312 in
1543 1258 1688 1325 caelo,
1736 1258 1860 1312 etin

260 1352 440 1406 terra?
468 1351 621 1407 Sicut
649 1360 705 1406 et
726 1367 824 1407 nos
864 1349 1110 1407 audimus
1131 1359 1394 1422 praecepta
1433 1359 1541 1417 tua,
1590 1350 1668 1406 sic
1704 1349 1859 1404 nobis

260 1445 561 1499 consentiat
601 1458 728 1499 caro
750 1452 960 1508 nostra;
1006 1458 1073 1498 ne
1113 1442 1239 1498 dum
1267 1442 1597 1497 contendunt
1645 1455 1771 1497 caro
1800 1448 1855 1496 et

266 1538 507 1607 spiritus,
540 1547 803 1607 prtecepta
824 1537 918 1592 Dei
947 1530 1127 1592 'minus
1146 1535 1370 1606 implere
1398 1535 1684 1606 possimus.

327 1629 559 1686 CAPUT
582 1629 668 1683 Ill.
690 1659 762 1670 ——
786 1627 842 1684 6.
874 1627 1069 1695 Quarta
1091 1628 1283 1699 petitio.
1328 1627 1579 1698 Sequitur
1631 1627 1686 1681 in
1719 1625 1854 1681 Ora-

262 1722 405 1777 tione
430 1738 444 1775 :
473 1721 673 1776 Panem
715 1730 944 1776 nostrum
984 1720 1337 1793 quotidianum
1380 1720 1448 1775 da
1496 1719 1637 1775 nobis
1685 1719 1851 1774 hodie.

258 1816 381 1872 Sive
421 1816 808 1870 exbibitionem
863 1815 1078 1885 corpori
1127 1815 1483 1870 necessariam
1545 1822 1791 1884 petamus
1824 1830 1855 1868 a

258 1908 437 1973 Patre,
470 1908 526 1962 in
549 1923 684 1979 pane
712 1906 1073 1979 signiﬁcantes
1100 1905 1356 1977 quidquid
1382 1906 1536 1962 nobis
1556 1913 1640 1962 est
1668 1919 1855 1962 neces-

258 2004 482 2069 sarium,
521 2002 635 2058 sive
660 2003 1027 2074 quotidianum
1058 2017 1248 2073 panem
1276 2002 1424 2057 illum
1475 2001 1850 2072 intelligamus,

258 2106 414 2164 quem
442 2094 718 2164 accepturi
748 2095 876 2150 estis
900 2094 969 2150 de
1010 2094 1187 2161 altari,
1228 2094 1366 2150 bene
1400 2093 1632 2164 petimus
1673 2100 1733 2148 ut
1763 2092 1854 2149 det

258 2187 411 2242 nobis
437 2202 582 2242 eum.
604 2186 745 2255 Quid
768 2195 849 2243 est
876 2187 1023 2243 enim
1050 2185 1192 2257 quod
1211 2200 1450 2253 oramus,
1493 2184 1594 2240 nisi
1625 2200 1693 2241 ne
1727 2184 1853 2240 mali

257 2279 455 2350 aliquid
483 2279 849 2343 admittamus,
874 2278 1016 2333 unde
1044 2293 1074 2333 a
1119 2278 1210 2333 tali
1247 2292 1383 2349 pane
1414 2277 1765 2348 separemur?
1785 2276 1854 2331 Et

260 2374 482 2428 verbum
508 2373 605 2427 Dei
631 2373 773 2443 quod
804 2370 1045 2442 quotidie
1067 2370 1406 2442 praedicatur,
1427 2370 1583 2440 panis
1600 2379 1703 2425 est.
1733 2368 1850 2424 Non

260 2464 400 2519 enim
444 2463 570 2533 quia
598 2479 704 2519 non
745 2474 826 2519 est
862 2462 1015 2533 panis
1041 2461 1263 2526 ventris,
1305 2460 1426 2516 ideo
1464 2475 1568 2516 non
1595 2468 1677 2516 est
1701 2460 1853 2530 panis

258 2557 471 2612 mentis.
521 2554 655 2611 Cum
696 2565 873 2610 autem
898 2555 1005 2609 vita
1046 2554 1147 2609 ista
1194 2554 1482 2617 transierit,
1526 2568 1629 2608 nec
1657 2566 1851 2622 panem

258 2650 404 2705 illum
438 2664 746 2719 quaeremus
780 2663 937 2719 quem
965 2646 1158 2717 quaerit
1183 2646 1379 2712 fames;
1407 2659 1505 2700 nec
1532 2644 1851 2699 Sacramen-

260 2752 367 2797 tum
411 2742 605 2797 altaris
624 2740 885 2796 habemus
934 2742 1201 2809 accipere,
1229 2738 1353 2808 quia
1388 2737 1459 2793 ibi
1481 2736 1682 2791 erimus
1730 2750 1853 2791 cum

259 2836 498 2901 Christo,
547 2834 701 2905 cujus
742 2848 937 2903 corpus
985 2832 1312 2901 accipimus;
1358 2844 1458 2884 nec
1493 2828 1661 2884 verba
1699 2827 1854 2884 nobis

260 2931 353 2985 ista
374 2930 484 2985 dici
509 2928 731 2995 habent,
759 2943 878 2999 qua:
900 2926 1126 2982 dicimus
1152 2926 1324 2991 vobis,
1359 2936 1456 2979 nec
1482 2922 1653 2978 codex
1669 2922 1851 2993 legen-

262 3025 361 3080 dus
389 3034 497 3092 est,
529 3021 743 3093 quando
787 3022 959 3091 ipsum
992 3019 1291 3075 videbimus
1311 3016 1454 3088 quod
1493 3025 1577 3072 est
1624 3015 1853 3071 Verbum

261 3118 372 3182 Dei,
409 3133 510 3187 per
535 3115 680 3187 quod
706 3115 841 3169 facta
870 3122 997 3168 sunt
1034 3112 1231 3177 omnia,
1263 3124 1372 3180 quo
1417 3116 1703 3179 pascuntur
1742 3109 1851 3161 An-

258 3210 386 3283 geli,
418 3224 530 3281 quo
576 3207 941 3264 illuminantur
988 3205 1199 3275 Angeli,
1255 3220 1362 3275 quo
1405 3203 1671 3273 sapientes
1724 3201 1857 3257 fiunt

258 3303 468 3374 Angeli,
508 3317 615 3357 non
647 3308 950 3372 quaerentes
971 3299 1132 3355 verba
1159 3297 1443 3353 locutionis
1471 3295 1855 3360 anfractuosae;

258 3396 350 3452 sed
378 3396 636 3450 bibentes
663 3393 875 3448 unicum
903 3390 1161 3457 Verbum,
1194 3389 1335 3444 unde
1379 3387 1579 3457 impleti
1610 3396 1858 3441 ructuant

262 3488 447 3543 laudes
466 3486 575 3555 ,‘ét
605 3501 709 3541 non
737 3484 993 3541 deficiunt
1017 3483 1068 3537 in
1100 3481 1366 3537 laudibus.
1395 3480 1541 3535 Beati
1581 3478 1746 3543 enim,
1780 3478 1856 3533 ait.

259 3579 522 3646 Paslmus,
547 3579 632 3649 qui
665 3577 890 3631 habitant
914 3577 968 3629 in
994 3575 1144 3628 domo
1174 3583 1301 3638 tua;
1328 3574 1381 3627 in
1406 3572 1593 3627 saecula
1634 3569 1851 3625 saeculo-

260 3687 368 3722 rum
392 3668 678 3724 laudabunt
707 3677 754 3721 te
782 3666 953 3735 (Psal.
985 3681 1228 3731 Lxxxut.,
1255 3663 1335 3733 5).
1386 3694 1389 3697 <

326 3760 556 3817 CAPUT
596 3758 685 3814 IV.
724 3788 797 3800 -—
831 3759 884 3813 7.
929 3758 1119 3823 Quinta
1148 3756 1340 3824 petitio.
1376 3755 1515 3824 Ergo
1544 3753 1596 3808 in
1623 3752 1725 3807 hac
1744 3753 1852 3807 vita

260 3852 489 3923 petimus
524 3850 669 3922 quod
705 3848 945 3920 sequitur
974 3866 987 3902 :
1016 3846 1227 3901 Dimitte
1264 3843 1406 3899 nobis
1448 3845 1615 3899 debita
1653 3852 1848 3909 nostra,

259 3944 380 3998 sicut
410 3953 457 3998 et
479 3959 575 3997 nos
602 3941 901 3996 dimittimus
928 3939 1233 3993 debitoribus
1262 3936 1467 3991 nostris.
1496 3934 1553 3990 In
1580 3935 1854 4005 Baptismo

259 4039 437 4093 omnia
463 4036 665 4103 debita,
696 4035 746 4089 id
776 4044 877 4102 est,
904 4041 1125 4105 peccata
1154 4045 1369 4102 prorsus
1395 4029 1732 4084 dimittuntur
1759 4042 1857 4082 no-

258 4133 357 4187 bis.
382 4131 495 4187 Sed
524 4130 649 4200 quia
679 4144 838 4184 nemo
864 4127 952 4183 hic
977 4134 1153 4197 potest
1182 4125 1361 4180 vivere
1389 4124 1505 4179 sine
1537 4132 1773 4193 peccato,
1803 4132 1857 4177 et

259 4226 301 4280 si
340 4240 449 4279 non
495 4238 690 4293 magno
719 4220 944 4277 crimine
966 4221 987 4251 ¹
1012 4218 1151 4274 unde
1181 4226 1458 4287 separetur
1482 4217 1550 4272 ab
1575 4216 1667 4271 illo
1695 4232 1853 4286 pane,

262 4325 437 4372 tamen
464 4329 626 4370 nemo
647 4322 824 4384 potest
849 4312 966 4368 sine
990 4309 1221 4381 peccatis
1245 4323 1367 4365 esse
1397 4308 1451 4361 in
1482 4307 1582 4362 bac
1612 4316 1770 4374 terra,
1801 4315 1857 4363 et

262 4424 363 4464 non
387 4420 678 4478 possumus
702 4404 948 4474 accipere
978 4402 1080 4458 nisi
1108 4418 1270 4456 unum
1298 4400 1623 4470 Baptismum
1652 4398 1852 4465 semel;

264 4502 311 4554 in
335 4498 595 4554 Oratione
623 4496 934 4565 accipimus,
959 4493 1101 4549 unde
1125 4490 1360 4564 quotidie
1388 4490 1645 4555 lavemur,
1672 4498 1731 4545 ut
1756 4506 1854 4544 no-

263 4591 340 4646 bis
368 4601 595 4661 peceata
626 4597 808 4644 nostra
835 4586 1070 4657 quotidie
1099 4585 1431 4639 dimittantur
1461 4601 1471 4637 :
1503 4582 1597 4637 sed
1626 4583 1670 4638 si
1696 4582 1857 4638 facia-

267 4698 380 4736 mus
404 4680 549 4752 quod
578 4680 841 4750 sequitur,
870 4677 1016 4733 Sicut
1044 4686 1089 4731 et
1116 4693 1206 4730 uos
1232 4676 1525 4730 dimittimus
1554 4674 1857 4731 debitoribus

265 4774 466 4828 nostris.
500 4771 708 4841 Itaque,
748 4768 939 4824 fratres
968 4767 1095 4833 mei,
1120 4782 1313 4821 moneo
1337 4780 1455 4830 vos,
1483 4766 1535 4819 in
1564 4765 1658 4820 Dei
1688 4766 1856 4835 gratia

269 4864 397 4919 ﬁlios
423 4878 593 4927 meos,
618 4870 673 4918 et
696 4861 797 4916 sub
818 4861 911 4915 illo
932 4860 1091 4914 Patre
1116 4857 1306 4912 fratres
1328 4872 1498 4921 meos,
1522 4871 1715 4912 moneo
1737 4872 1852 4926 vos,

270 4968 324 5012 ut
346 4956 563 5028 quando
590 4955 787 5026 aliquis
823 4951 1048 5008 offendit
1085 4960 1139 5007 et
1182 4960 1363 5021 peccat
1391 4950 1446 5005 in
1474 4960 1684 5018 vos,'et
1711 4954 1859 5009 venit

271 5058 321 5105 et
346 5050 651 5115 conﬁtetur,
680 5055 736 5102 et
772 5046 903 5116 petit
929 5062 960 5099 a
986 5044 1134 5099 vobis
1160 5044 1366 5099 veniam
1385 5086 1400 5111 ,
1441 5045 1731 5114 ignoscatis
1757 5045 1854 5114 illi,

274 5151 323 5197 et
349 5141 605 5197 continuo
631 5154 697 5194 ex
722 5137 887 5194 corde
914 5136 1224 5201 dimittatis;
1256 5151 1324 5190 ne
1360 5136 1513 5191 vobis
1550 5152 1581 5191 a
1620 5137 1730 5192 Deo
1767 5152 1861 5194 ve-

274 5234 409 5289 niam
434 5234 737 5289 venientem
768 5229 1113 5301 prohibeatis.
1147 5227 1203 5283 Si
1246 5228 1391 5283 enim
1439 5242 1545 5282 non
1591 5227 1858 5287 dimittitis

275 5341 385 5393 vos,
413 5341 513 5381 nec
552 5324 645 5379 ille
680 5323 913 5378 dimittet
940 5320 1111 5376 vobis.
1137 5318 1281 5389 Ergo
1308 5328 1362 5374 et
1396 5319 1499 5374 hoc
1536 5319 1591 5373 in
1625 5320 1726 5375 ista
1751 5321 1859 5376 vita

276 5418 499 5487 petimus
524 5435 537 5472 :
560 5415 682 5486 quia
708 5423 764 5469 et
790 5412 879 5467 hic
907 5418 1131 5482 possunt
1151 5409 1368 5475 dimitti,
1394 5408 1481 5463 ubi
1513 5420 1733 5478 possunt
1759 5411 1859 5466 ha-

277 5510 383 5565 beri
411 5517 647 5581 peccata.
678 5508 737 5563 In
764 5506 854 5561 illa
883 5512 1057 5560 autem
1088 5504 1193 5557 vita
1220 5518 1327 5558 non
1354 5502 1709 5570 dimittuntur,
1735 5505 1859 5574 quia

278 5615 373 5658 nec
403 5602 685 5657 habentur.

346 5692 570 5749 CAPUT
610 5692 676 5747 V.
716 5722 787 5732 —
823 5690 877 5747 8.
926 5690 1087 5747 Sexta
1133 5690 1323 5762 petitio.
1380 5688 1582 5745 Deinde

341 5835 359 5863 ι
383 5828 582 5895 codices
601 5834 729 5886 Mss,
751 5834 804 5878 ut
824 5825 959 5895 nobis
994 5828 1238 5895 praecepta
1260 5820 1504 5893 charitate
1512 5822 1765 5885 faciamus.

341 5895 364 5927 ⁸
389 5892 1581 5955 κθεὶυδκδηροιεδιιαηιεηωωνωηοετωψιε.

1628 5690 1862 5761 petimus

1694 387 1926 448 SERMO
1966 388 2105 447 LIX.

3452 417 3563 478 402

1971 512 2231 581 dicentes,
2260 514 2345 571 Ne
2372 532 2465 573 nos
2487 518 2679 590 inferas
2705 522 2761 577 in
2785 523 3143 594 tentationem;
3164 525 3255 584 sed
3280 528 3439 585 libera
3465 551 3560 591 nos

1965 623 1999 660 a
2026 607 2183 662 malo.
2207 608 2274 663 Et
2297 608 2402 665 hoc
2428 611 2481 666 in
2509 613 2610 668 ista
2647 614 2756 669 vita
2780 616 2935 671 nobis
2962 620 3327 676 necessarium
3357 632 3441 679 est
3468 640 3558 693 pe-

1967 710 2101 769 tere,
2127 716 2197 758 ne
2223 702 2516 759 inferamur
2541 706 2595 761 in
2623 709 2991 777 tentationem,
3020 712 3142 782 quia
3172 712 3260 768 bic
3287 725 3412 770 sunt
3441 724 3549 770 ten-

1965 794 2226 861 taliones;
2251 805 2306 851 et
2328 795 2616 852 liberemur
2639 814 2669 852 a
2695 800 2858 869 malo,
2885 802 3008 872 quia
3028 802 3115 857 hic
3135 812 3217 859 est
3236 806 3453 859 malum.
3477 806 3556 860 Ac

1963 898 2061 955 per
2091 885 2192 940 hoc
2220 899 2408 941 omnes
2436 888 2552 942 ἰδίω
2579 888 2865 959 petitiones
2892 901 3098 962 septem
3118 935 3134 959 ,
3163 902 3270 950 tres
3296 894 3366 950 ad
3388 895 3553 951 vitam

1966 984 2218 1030 mternam
2269 977 2567 1047 pertinent,
2614 989 2840 1050 quatuor
2883 982 2949 1037 ad
2999 985 3159 1045 vitam
3213 994 3555 1055 praesentem.

1965 1067 2324 1136 Sanctiﬁcetur
2348 1087 2530 1125 nomen
2556 1081 2697 1126 tuum
2721 1089 2741 1127 :
2766 1088 2977 1145 semper
2995 1077 3116 1131 erit.
3146 1076 3325 1133 Veniat
3343 1094 3559 1151 regnum

1963 1167 2104 1212 tuum
2127 1176 2146 1214 :
2169 1159 2274 1215 hoc
2314 1176 2535 1231 regnum
2585 1178 2798 1234 semper
2843 1167 2963 1221 erit.
3007 1166 3128 1221 Fiat
3170 1169 3402 1228 voluntas
3441 1182 3555 1241 tua,

1960 1248 2090 1303 sicut
2114 1251 2169 1303 in
2192 1251 2337 1320 creto,
2365 1260 2410 1305 et
2438 1252 2491 1306 in
2517 1264 2651 1308 terra
2676 1270 2693 1308 :
2714 1268 2929 1326 semper
2952 1260 3073 1313 erit.
3102 1256 3299 1313 Panem
3322 1270 3555 1317 nostrum

1959 1342 2309 1412 quotidianum
2337 1344 2405 1399 da
2429 1346 2573 1402 nobis
2601 1347 2751 1403 hodie
2781 1364 2800 1403 :
2830 1364 2938 1405 non
2962 1366 3175 1423 semper
3198 1354 3316 1409 erit.
3342 1353 3554 1411 Dimitte

1960 1433 2102 1489 nobis
2127 1435 2292 1491 debita
2322 1448 2497 1494 nostra
2519 1454 2539 1494 :
2563 1454 2669 1495 non
2709 1453 2924 1511 semper
2960 1442 3080 1498 erit.
3116 1442 3201 1499 Nc
3237 1460 3329 1499 nos
3360 1445 3553 1516 inferas

1958 1527 2014 1581 in
2063 1530 2386 1584 tentationem
2416 1546 2437 1586 :
2466 1547 2573 1588 non
2619 1547 2835 1605 semper
2878 1535 3001 1590 erit.
3043 1534 3150 1591 Sed
3191 1536 3351 1591 libera
3392 1553 3483 1593 nos
3518 1555 3553 1591 a

1958 1622 2095 1677 malo
2130 1640 2150 1677 :
2188 1638 2297 1679 non
2335 1638 2549 1695 semper
2582 1626 2719 1695 erit;
2751 1627 2847 1683 sed
2872 1627 2962 1684 ubi
2990 1637 3074 1684 est
3102 1630 3345 1697 tentatio,
3374 1638 3429 1686 et
3464 1630 3535 1687 ub

1957 1725 2043 1772 est
2067 1715 2285 1784 malum,
2317 1717 2391 1773 ibi
2416 1719 2777 1775 necessarium
2805 1729 2889 1777 est
2914 1732 2971 1777 ut
3000 1730 3243 1793 petamus
3267 1724 3308 1777 ³.

2479 1853 2711 1913 SERMO
2754 1856 2849 1913 Lx
2877 1859 2897 1881 ι
2922 1856 3018 1931 (a).

1959 1984 2039 2049 De
2083 1985 2244 2041 verbis
2287 1985 2573 2059 Evangelii,
2601 1987 2854 2057 Matthaei,
2886 2007 3001 2061 cap.
3040 2006 3118 2058 vr,
3164 1991 3343 2059 l9—2i,
3373 1991 3551 2050 Nolite

2031 2080 2186 2136 vobis
2209 2079 2442 2136 condere
2464 2080 2743 2137 thesauros
2766 2082 2820 2137 in
2842 2090 3006 2152 terra,
3027 2091 3156 2152 etc.,
3175 2084 3549 2141 exhortatorias

2028 2174 2096 2228 ad
2124 2174 2385 2245 faciendas
2413 2174 2755 2247 eleemosynas
2782 2175 2877 2248 (b).

2028 2310 2254 2367 CAPUT
2314 2311 2599 2368 enmuu.
2638 2342 2711 2353 -
2748 2313 2803 2368 1.
2856 2311 2923 2367 In
2973 2314 3125 2385 hujus
3171 2314 3349 2369 mundi
3386 2315 3550 2369 tribu-

1957 2404 2145 2460 latione
2193 2404 2462 2458 consilium
2511 2421 2543 2458 a
2588 2403 2786 2461 Christo
2824 2405 3146 2476 capiendum.
3173 2405 3359 2461 Omnis
3388 2406 3550 2463 homo

1957 2495 2010 2550 in
2042 2494 2384 2550 tribulatione
2408 2494 2585 2566 aliqua
2610 2495 2953 2562 constitutus,
2983 2506 3039 2551 et
3067 2497 3119 2551 in
3147 2511 3243 2552 sua
3267 2512 3425 2553 causa
3456 2497 3552 2554 de-

1957 2585 2173 2649 ficiens,
2206 2584 2522 2653 prudentem
2558 2585 2788 2655 aliquem
2826 2586 3035 2655 qumrit,
3063 2600 3093 2639 a
3123 2601 3231 2656 quo
3266 2587 3547 2643 consilium

1956 2680 2202 2750 accipiat,
2247 2688 2298 2734 et
2347 2681 2488 2735 norit
2530 2679 2654 2750 quid
2683 2689 2823 2751 agat.
2850 2680 3231 2749 Existimemus
3256 2696 3403 2752 ergo,
3431 2683 3551 2737 uni-

1957 2787 2171 2827 versum
2203 2772 2459 2826 mundum
2485 2772 2638 2842 quasi
2667 2787 2789 2828 esse
2809 2772 3079 2828 hominem
3106 2788 3289 2827 unum.
3310 2773 3551 2829 Evadere

1957 2865 2097 2919 mala
2128 2864 2335 2933 quierit,
2360 2871 2416 2919 et
2441 2863 2614 2920 facere
2638 2864 2777 2918 bona
2802 2864 2943 2934 piget
2968 2882 2982 2919 :
3008 2879 3071 2918 ac
3099 2879 3195 2934 per
3222 2864 3325 2919 hoc
3345 2865 3551 2921 crebre-

1958 2955 2233 3011 scentibus
2260 2954 2691 3011 tribulationibus
2714 2956 2825 3011 suis
2863 2955 2916 3009 in
2946 2970 3042 3011 sua
3077 2971 3236 3011 causa
3270 2955 3550 3023 deficiens,

1958 3065 2116 3121 quem
2146 3056 2319 3119 potest
2345 3048 2411 3102 ad
2441 3048 2807 3117 accipiendum
2837 3049 3119 3103 consilium
3151 3049 3549 3118 prudentiorem

1960 3144 2199 3198 invenire
2219 3184 2234 3209 ,
2266 3158 2425 3212 quam
2460 3140 2763 3196 Christum?
2789 3140 2951 3197 Certe
2979 3142 3255 3197 meliorem
3281 3142 3547 3207 inveniat,

1959 3245 2015 3292 et
2052 3235 2191 3307 quod
2229 3235 2344 3289 vult
2370 3243 2510 3305 agat.
2539 3234 2595 3290 Si
2624 3242 2802 3289 autem
2831 3249 2937 3289 non
2964 3234 3124 3291 habet
3152 3234 3243 3290 ubi
3270 3235 3547 3290 meliorem

1960 3329 2212 3396 inveniat,
2250 3329 2316 3383 ad
2358 3328 2500 3384 hunc
2525 3329 2723 3391 veniat,
2749 3344 2904 3399 quem
2931 3329 3251 3407 ubicumque
3296 3330 3548 3397 inveniat,

1959 3422 2224 3489 consulat,
2269 3421 2493 3491 accipiat
2540 3422 2844 3487 consilium,
2884 3430 3062 3476 servet
3102 3421 3410 3476 mandatum
3453 3421 3550 3475 bo-

1960 3530 2110 3580 num,
2143 3513 2334 3567 evadat
2362 3528 2610 3583 magnum
2638 3513 2857 3566 malum.
2895 3512 3186 3569 Praesentia
3228 3514 3370 3569 enim
3411 3513 3551 3569 mala

1963 3605 2294 3677 temporalia,
2322 3621 2441 3675 qua:
2472 3605 2694 3658 multum
2724 3603 2967 3659 homines
2990 3605 3294 3671 exborrent,
3322 3605 3422 3660 sub
3442 3608 3553 3677 qui-

1959 3698 2060 3753 bus
2090 3698 2374 3767 plurimum
2406 3705 2761 3763 murmurant,
2789 3706 2844 3752 et
2866 3699 3247 3754 murmurando
3274 3699 3552 3756 oﬂ'endunt

1959 3790 2393 3857 emendatorem,
2439 3804 2509 3844 ne
2558 3789 2830 3843 inveniant
2869 3789 3195 3846 Salvatorem
3222 3809 3235 3845 :
3267 3794 3550 3862 praesentia

1961 3898 2087 3954 ergo
2112 3884 2250 3938 mala
2278 3883 2395 3938 sine
2414 3882 2574 3937 dubio
2602 3883 2903 3937 transitoria
2930 3893 3084 3949 sunt;
3109 3892 3201 3939 aut
3226 3884 3317 3940 illa
3339 3902 3433 3957 per
3452 3902 3551 3945 nos

1960 3983 2257 4039 transeunt,
2276 3982 2365 4027 aut
2404 3988 2502 4028 nos
2530 3989 2625 4042 per
2654 3973 2747 4027 illa
2785 3974 3107 4041 transimus;
3144 3984 3237 4029 aut
3277 3985 3554 4031 transeunt

1961 4065 2117 4123 nobis
2146 4062 2465 4131 viventibus,
2500 4073 2592 4118 aut
2619 4062 2956 4118 dimittuntur
2989 4064 3143 4120 nobis
3180 4067 3547 4122 morientibus.

1960 4161 2077 4216 Non
2104 4167 2189 4214 est
2214 4158 2267 4212 in
2298 4157 2634 4211 tribulatione
2660 4171 2928 4225 magnum,
2956 4156 3096 4226 quod
3126 4165 3365 4228 tempore
3390 4157 3553 4214 breve

1961 4261 2063 4309 est.
2105 4250 2355 4320 Quisquis
2402 4249 2604 4319 cogitas
2641 4248 2931 4302 crastinum
2978 4248 3141 4316 diem,
3186 4264 3291 4304 non
3331 4265 3552 4305 revocas

1963 4346 2271 4401 hesternum
2299 4343 2463 4398 diem.
2492 4342 2723 4397 Minente
2747 4344 2768 4373 ²
2790 4342 2877 4397 die
2911 4344 3234 4413 perendino,
3268 4343 3553 4401 hesternus

1962 4439 2065 4494 erit
2091 4445 2145 4491 et
2173 4438 2456 4490 crastinus.
2477 4433 2859 4491 Verumtamen
2889 4434 2932 4488 si
2956 4435 3099 4489 curis
3128 4435 3286 4491 tantis
3309 4435 3552 4491 homines

1961 4538 2190 4585 astuant
2225 4527 2293 4589 ad
2332 4526 2634 4584 evadendas
2664 4527 2985 4598 temporales
3016 4537 3072 4583 et
3105 4538 3548 4595 transcurrentes,

1961 4623 2045 4678 vel
2077 4622 2253 4693 potius
2281 4620 2672 4675 transvolantes
2701 4619 3100 4687 tribulationes;
3130 4621 3255 4693 quid
3284 4632 3366 4677 est
3402 4622 3549 4694 cogi-

1961 4712 2181 4769 tandum
2225 4721 2285 4766 ut
2326 4711 2489 4766 homo
2531 4711 2722 4767 evadat
2758 4720 3037 4768 manentes
3066 4724 3119 4767 et
3157 4712 3274 4768 sine
3310 4712 3415 4767 fine
3454 4713 3552 4769 du-

1962 4807 2177 4863 rantes?

2032 4917 2259 4974 CAPUT
2299 4916 2363 4971 Il.
2403 4947 2474 4958 —
2509 4915 2565 4970 2.
2618 4915 2730 4970 Vita
2754 4915 2836 4970 hic
2860 4914 3129 4971 laboriosa.
3159 4914 3437 4972 Consilium
3467 4934 3552 4972 va-

1964 5013 2167 5078 nitatis,
2209 5028 2307 5081 quo
2356 5010 2436 5064 hic
2497 5009 2888 5064 thesaurizatur.
2934 5010 3075 5065 Dura
3116 5025 3276 5065 causa
3319 5020 3401 5066 est
3446 5013 3551 5066 vita

1964 5104 2226 5162 mortalis.
2256 5102 2394 5172 Quid
2421 5111 2506 5159 est
2532 5101 2677 5157 aliud
2718 5100 2806 5157 hic
2845 5101 3014 5171 nasci,
3042 5102 3143 5157 nisi
3178 5101 3381 5173 ingredi
3411 5104 3556 5160 labe»

3052 5256 3120 5307 ita
3139 5272 3171 5308 a
3190 5258 3324 5312 nobis
3345 5264 3559 5314 orandus

1963 5330 2051 5388 est,
2080 5319 2621 5388 utquidguid'humana
2640 5319 2878 5388 fragilitas
2900 5332 3070 5388 cavere
3086 5326 3134 5372 et
3155 5319 3303 5374 vitare
3319 5335 3413 5374 non
3427 5338 3559 5388 prte-

1962 5363 3561 5458 ῖςῖεεῖνῶοῗᾶῖὲἷνὸΰίῖεῖιὸλείὲῗὶδὶιῖετὲἷᾆὶᾶνῖὲιῑέῖῖλὲὲῖἑίὲἱιῇέ

1964 5456 2064 5502 stus
2089 5446 2317 5500 Dominus
2337 5446 2513 5512 noster,
2530 5446 2613 5512 qui
2633 5446 2743 5496 vivit
2774 5450 2820 5496 et
2842 5450 3012 5512 regnat
3031 5457 3143 5495 cum
3161 5452 3305 5497 Patre
3321 5453 3373 5512 et
3381 5446 3563 5512 Spiritu

1964 5459 2064 5502 stus
2089 5459 2317 5520 nonanus
2337 5459 2513 5506 noster,
2510 5459 2610 5558 "qui
2633 5459 2743 5496 vim
2774 5459 2820 5496 et
2842 5459 3012 5509 regnat
3031 5459 3143 5495 cum
3161 5459 3305 5497 Patre
3321 5459 3366 5497 et
3381 5459 3561 5512 Spiritu

1964 5520 2132 5580 sancto
2141 5526 2197 5580 in
2218 5509 2395 5580 siccata
2411 5521 2506 5580 stet:
2556 5521 2715 5580 orum.
2728 5519 2894 5580 tanien.
2906 5508 2957 5580 td
2978 5520 3097 5580 vero
3112 5514 3222 5580 uss.
3241 5522 3347 5580 non
3359 5509 3561 5580 habent.

2030 5577 2050 5607 ι
2074 5575 2212 5633 aditi,
2247 5570 2540 5623 Immincnte.
2576 5577 2636 5641 at
2659 5578 2759 5641 Am.
2796 5576 2869 5641 ξῖις.
2914 5577 2967 5641 et
2994 5569 3297 5641 Colbertinus
3332 5578 3435 5635 Ms,
3473 5572 3560 5625 Mi-

1966 5642 2138 5688 nucnte
2180 5630 2411 5697 Corrupte
2434 5645 2540 5697 pro,
2566 5630 2786 5697 ttinente,
2806 5630 2855 5680 id
2879 5638 2959 5697 est
2975 5639 3219 5683 exstante.

2036 5667 2540 5747 i'iz'liie‘ﬂiitiiﬁ'é'Es'i‘a‘Zl
2551 5667 3257 5744 ἑῖ.”ιῖῖ’ξι’ῗέὶ“εῖι“”ιιιῖιῗ”εῖῖ“ἶῖι.
3276 5702 3393 5747 ιον,

2054 5762 2106 5819 a)
2142 5759 2279 5819 Alias,
2304 5766 2541 5819 Tempore
2561 5755 2639 5819 59.

2056 5774 2083 5810 a
2142 5762 2279 5819 Alias,
2304 5766 2541 5819 Tempore
2561 5762 2639 5806 50.

2056 5762 2106 5885 bi
2136 5827 2187 5870 In
2210 5816 2659 5885 Possidiiglndiculo,
2692 5829 2797 5885 cap.
2822 5818 2881 5885 ξ).
2910 5818 3079 5872 titulus
3103 5825 3197 5881 est,
3223 5826 3325 5871 «Ex
3347 5825 3561 5885 Evange-

1972 5877 2057 5949 lio,
2078 5877 2143 5935 de
2160 5886 2391 5934 thesauro
2414 5882 2465 5932 in
2478 5877 2602 5933 (χιλιιο
2622 5877 2893 5931 condendo.
2948 5918 2951 5921 ι

2029 5264 2046 5295 ι
2074 5262 2193 5313 mliti
2209 5260 2406 5323 addunt,
2422 5258 2573 5323 Lude
2589 5268 2717 5323 Deus
2738 5257 3031 5323 onmipotens
