3980 6424
389 575 587 630 eictam
610 569 809 629 vitam!
824 570 902 627 De
920 568 1111 628 tubere
1131 567 1311 623 iam
1332 568 1540 630 neme,
1564 558 1724 616 testis
1740 567 1829 615 est
1856 559 1975 629 ipse

389 663 547 721 ηοω.
574 660 811 720 nihils.
833 663 917 718 Ab
942 662 1047 717 isto
1066 661 1300 715 mulcato
1323 653 1570 713 convivio
1588 664 1753 709 neruo
1776 658 1858 707 est
1879 660 1976 705 ea-

387 766 626 812 cuculus.
654 752 947 810 Bibondutn
978 751 1081 807 iuit
1110 747 1259 822 quod
1280 744 1583 819 propinat:
1608 740 1798 800 Adam.
1825 740 1974 796 Facti

388 845 603 915 quidem
628 854 817 899 sumus
843 839 1089 899 munibus
1120 839 1360 896 veritatis
1383 854 1397 893 ι
1420 836 1515 892 sed
1538 842 1757 906 propter
1781 844 1975 905 pecea-

386 946 501 994 tutu
529 936 754 1009 proiecti
782 936 839 991 in
862 936 981 992 dies
1001 933 1271 990 vanitatis.
1300 929 1451 987 Facti
1476 939 1663 985 sumes
1686 927 1754 982 ad
1784 925 1973 996 imaglc

386 1043 515 1085 nunt
532 1028 629 1084 Dei
657 1027 810 1100 (Gen.
837 1042 877 1095 ι,
902 1024 998 1101 Si)
1022 1040 1036 1082 ε
1058 1026 1153 1082 sed
1180 1024 1497 1080 detrlvimus
1525 1032 1644 1078 eam
1670 1028 1974 1091 transgres-

389 1122 545 1178 siuas
576 1121 803 1192 peccati.
839 1120 969 1177 ideo
994 1119 1241 1176 Paulinus
1268 1126 1369 1172 nos
1404 1114 1677 1178 admonet,
1702 1109 1976 1183 quomodo

389 1211 515 1269 feed
540 1212 822 1280 fuerimus,
844 1220 899 1268 et
918 1224 1022 1282 quo
1036 1208 1458 1282 pervencrimus.
1481 1204 1571 1260 Ait
1586 1203 1732 1260 enim
1754 1219 1773 1257 τ
1792 1201 1975 1267 Qucu-

389 1318 545 1375 ῳαι
584 1303 651 1357 iu’
667 1303 888 1374 itnagine
906 1300 1004 1356 Det
1030 1298 1253 1355 ambulet
1277 1300 1446 1353 homo.
1475 1295 1611 1350 Ecce
1634 1292 1778 1364 quod
1805 1291 1977 1346 factus

391 1405 494 1453 at.
518 1396 638 1465 Quo
669 1393 1107 1466 pervenitiqnudi
1149 1390 1288 1463 quod
1325 1388 1603 1461 sequitur:
1630 1385 1819 1441 Tamen
1849 1397 1980 1439 me

391 1487 788 1543 contristabitur.
810 1484 868 1542 In
895 1485 1125 1556 imagine
1150 1482 1385 1538 ambulat
1403 1477 1661 1545 veritatis,
1684 1483 1739 1531 et
1757 1482 1976 1531 contur-

390 1580 550 1635 batur
598 1581 652 1635 in
685 1579 910 1635 consilio
940 1578 1208 1633 vmltatis.
1260 1574 1499 1644 Denique
1532 1571 1655 1627 vide
1690 1567 1979 1626 conturba-

395 1671 596 1728 tionem
636 1671 785 1742 Gil“;
811 1670 954 1734 vide.
992 1677 1049 1725 et
1088 1676 1342 1737 tanquam
1391 1665 1446 1719 in
1493 1661 1710 1734 speculo
1754 1659 1980 1731 dispiioe

394 1762 510 1819 tibi.
539 1762 857 1833 ρααηφιακ,
884 1759 1151 1831 inquiOJtt
1176 1757 1395 1828 imagine
1422 1754 1518 1809 ea
1543 1753 1760 1808 unum
1786 1751 1980 1817 anno;

393 1861 447 1908 et
474 1853 595 1908 ideo
619 1868 808 1923 magna
834 1866 921 1907 res
943 1851 1011 1907 sit
1033 1850 1192 1907 homo
1212 1867 1226 1904 :
1247 1858 1411 1907 tamen
1431 1861 1556 1903 vane
1581 1841 1975 1898 conturbabitur.

394 1944 464 1999 Et
487 1944 635 2014 quasi
663 1956 1047 2014 quaereremus,
1071 1938 1244 2006 Unde,
1271 1954 1403 2010 rogo
1428 1947 1501 2005 te,
1526 1936 1668 1992 unde
1694 1950 1829 1990 vane
1854 1949 1981 1989 con-

395 2034 729 2093 turbabitur?
752 2032 1098 2101 Theantwisut,
1124 2034 1314 2105 inquit,
1334 2042 1384 2087 et
1402 2033 1603 2104 ignorat
1619 2030 1698 2084 cui
1721 2032 1985 2099 congregat

396 2144 457 2181 eu
479 2124 667 2201 (Parit.
692 2140 925 2196 xxxvm,
950 2128 981 2181 7
1000 2127 1043 2199 ).
1067 2128 1206 2181 Ecce
1233 2125 1321 2181 iiie
1346 2123 1531 2191 horno,
1560 2121 1617 2177 id
1640 2129 1744 2187 est,
1772 2119 1986 2175 univer-

395 2233 516 2274 sum
544 2233 711 2291 genus
735 2219 1049 2286 humanum,
1071 2218 1223 2289 quasi
1242 2228 1387 2272 unus
1409 2216 1589 2281 homo,
1622 2214 1713 2284 qui
1741 2212 1796 2266 in
1821 2224 1984 2267 causa

396 2325 494 2364 sua
528 2310 753 2379 defecit,
781 2310 1065 2366 consilium
1094 2306 1342 2381 perdidit,
1381 2305 1448 2365 de
1477 2305 1564 2360 via
1603 2318 1748 2360 sanae
1789 2301 1984 2358 tuentis

397 2402 596 2458 erravit
623 2419 636 2456 :
666 2398 708 2456 Τ
710 2403 1017 2469 Itesaurizat,
1044 2411 1092 2456 et
1120 2402 1273 2456 nescit
1315 2401 1395 2455 cui
1437 2406 1701 2474 congregat
1742 2414 1819 2452 ea.
1846 2394 1986 2464 Quid

400 2493 737 2553 dementius?
784 2494 910 2566 quid
952 2493 1251 2551 infelicius?
1290 2494 1445 2549 Certe
1491 2492 1633 2551 enim
1682 2489 1817 2547 sibi?
1845 2489 1982 2545 Non.

404 2585 581 2655 Quare
607 2585 708 2643 sibi
738 2586 878 2644 non?
897 2584 1031 2654 Quia
1056 2585 1342 2642 moriturus
1370 2591 1472 2653 est,
1508 2584 1628 2654 quia
1670 2581 1844 2641 brevis
1877 2581 1986 2641 vita

400 2679 636 2736 hominis
660 2687 743 2737 est
763 2680 813 2748 ‘;
836 2679 960 2752 quia
987 2677 1268 2735 thesaurus
1293 2677 1467 2744 durat,
1490 2685 1545 2732 et
1564 2676 1670 2732 cito
1690 2674 1879 2731 transit
1897 2673 1989 2751 qui

402 2780 709 2843 congregat.
749 2769 873 2828 Ideo
911 2772 1193 2829 miseratus
1230 2767 1503 2827 hominem
1546 2767 1600 2822 in
1640 2766 1868 2839 imagine
1893 2764 1989 2821 Dei

400 2862 784 2930 ambulantem,
814 2877 938 2919 vera
966 2861 1245 2929 fatentem,
1274 2874 1409 2921 vana
1454 2867 1743 2919 sectantem
1776 2876 1789 2912 :
1826 2856 1987 2933 Vane,

402 2954 597 3026 inquit,
617 2953 1012 3011 conturbabitur.
1035 2951 1201 3009 Doleo
1225 2969 1239 3008 :
1268 2951 1591 3017 thesaurizat,
1614 2957 1659 3007 et
1684 2944 1885 3022 ignorat
1907 2949 1991 3003 cui

403 3057 674 3123 congregat
697 3064 778 3105 ea.
801 3048 911 3105 Sibi
941 3047 1042 3107 ea?
1065 3045 1185 3103 Non
1208 3063 1222 3102 :
1244 3045 1366 3116 quia
1395 3044 1621 3101 moritur
1652 3040 1830 3106 homo,
1866 3055 1988 3111 per-

402 3141 630 3201 durante
673 3141 946 3198 thesauro.
973 3137 1072 3197 Cui
1109 3137 1270 3213 ergo?
1291 3133 1583 3195 Consilium
1619 3133 1817 3200 habes;
1843 3131 1911 3187 da
1938 3138 1992 3189 et

402 3232 556 3289 mihi.
592 3232 707 3288 Non
750 3231 917 3293 habes
956 3219 1235 3288 consilium
1278 3227 1421 3303 quod
1457 3225 1588 3282 mihi
1630 3225 1764 3291 des;
1795 3237 1894 3279 nec
1932 3231 1991 3283 tu

407 3340 536 3397 ergo
559 3330 727 3382 tenes.
745 3321 977 3380 Proinde
1002 3322 1047 3381 si
1068 3320 1225 3376 ambo
1249 3335 1356 3375 non
1382 3319 1657 3385 habemus,
1678 3315 1835 3371 ambo
1854 3330 1994 3387 qua:-

408 3432 610 3482 ramus,
635 3414 793 3471 ambo
818 3410 1159 3486 accipiamus,
1184 3411 1342 3469 ambo
1366 3417 1675 3464 tractemus.
1699 3404 1993 3463 Conturba-

410 3516 516 3573 tur,
545 3504 885 3573 thesaurizat,
916 3503 1130 3577 cogitat,
1159 3501 1386 3568 laborat,
1425 3499 1568 3555 curis
1609 3495 1865 3571 invigilat.
1889 3494 1993 3552 Per

409 3599 553 3656 diem
571 3596 780 3655 vexaris
800 3595 1088 3661 laboribus,
1112 3608 1206 3666 per
1221 3600 1428 3649 noctem
1450 3590 1664 3665 agitaris
1689 3589 1990 3644 timoribus.

414 3691 483 3750 Ut
505 3690 766 3755 saccellus
791 3698 913 3746 tuus
937 3687 1222 3760 impleatur
1244 3684 1497 3753 nummis,
1523 3683 1698 3739 anima
1727 3692 1812 3738 tua
1838 3680 1995 3737 febrit

408 3798 504 3840 cur
508 3798 571 3839 l8.

480 3870 704 3932 CAPUT
741 3871 959 3934 [IL—5.
995 3869 1147 3927 Varie
1173 3867 1498 3925 conturbatur
1532 3864 1617 3940 qui
1666 3865 1990 3923 thesaurizat.

413 3963 506 4020 Cui
558 3966 783 4037 colligat,
838 3963 1015 4018 nescit.
1064 3960 1233 4017 Video
1253 4002 1269 4028 ,
1316 3957 1471 4015 doleo
1500 3977 1514 4013 :
1541 3954 1876 4013 conturbaris
1895 3995 1908 4018 ,
1940 3960 1995 4010 et

410 4058 549 4113 sicut
585 4056 715 4113 dicit
752 4054 842 4126 qui
879 4053 1065 4110 fallere
1103 4053 1291 4136 nescit,
1318 4065 1453 4106 vane
1478 4046 1831 4136 conturbaris.
1853 4042 1996 4101 The-

414 4147 652 4202 saurizas
690 4143 833 4200 enim
864 4162 877 4199 :
909 4152 969 4198 ut
1006 4143 1143 4197 bene
1172 4135 1445 4215 proveniat
1478 4135 1732 4210 quidquid
1769 4136 1908 4207 agis,
1937 4142 1996 4191 ut

413 4240 605 4297 damna
628 4246 916 4305 taceamus,
934 4243 993 4293 ut
1010 4243 1155 4289 tanta
1180 4231 1414 4304 pericula
1436 4241 1489 4287 et
1514 4230 1568 4284 in
1595 4227 1814 4303 singulis
1830 4226 1996 4283 lucris

420 4329 650 4401 singulas
692 4337 937 4385 mortes:
973 4333 1176 4382 mortes
1217 4322 1339 4381 dico
1385 4336 1494 4383 non
1540 4333 1856 4395 corporum,
1902 4312 1994 4372 sed

420 4423 681 4485 malarum
725 4420 1133 4499 cogitationum;
1174 4425 1234 4471 ut
1277 4414 1494 4471 accedat
1534 4426 1744 4479 aurum,
1773 4411 1907 4482 perit
1934 4407 1996 4463 fi-

420 4514 548 4583 des;
573 4522 632 4570 ut
656 4510 783 4568 loris
803 4510 1065 4577 vestiaris,
1089 4509 1232 4564 intus
1256 4505 1567 4579 exspoliaris
1591 4521 1604 4560 :
1632 4512 1690 4559 ut
1716 4503 1813 4557 ista
1840 4500 1997 4556 omit-

420 4618 615 4674 tamus,
656 4612 715 4660 ut
757 4603 859 4663 alia
902 4613 1197 4669 taceamus,
1230 4609 1288 4655 ut
1328 4598 1547 4654 adversa
1589 4604 1993 4669 praetereamus,

419 4712 675 4772 prospera
700 4694 809 4751 sola
839 4694 1166 4767 cogitemus;
1196 4705 1321 4746 ecce
1352 4687 1708 4754 thesaurizas,
1737 4700 1866 4742 ecce
1894 4700 1996 4761 un;-

419 4791 580 4863 dique
622 4791 771 4846 lucra
817 4784 1107 4849 conﬂuunt,
1135 4790 1189 4839 et
1215 4797 1365 4837 more
1401 4779 1623 4836 fontium
1648 4777 1848 4833 nummi
1877 4791 1999 4832 cur-

419 4892 584 4951 runt;
619 4882 812 4952 ubique
839 4878 993 4934 ardet
1020 4877 1217 4955 inopia,
1246 4872 1482 4944 undique
1522 4869 1638 4925 fluit
1677 4869 1850 4939 copia.
1878 4864 1998 4924 Non

419 4976 635 5043 audisti,
676 4973 879 5028 Divitiis
922 4970 967 5027 si
1009 4966 1235 5042 amant,
1271 4983 1335 5022 ne
1374 4965 1638 5037 apportatis
1674 4979 1762 5017 cor
1798 4963 1823 5035 (
1850 4960 1995 5016 Psat.

423 5086 532 5136 ut,
562 5068 689 5142 il)?
719 5067 858 5123 Ecce
886 5044 1137 5135 acquiris,
1156 5074 1263 5117 non
1290 5058 1617 5114 infructuose
1636 5055 1995 5123 conturbatis,

425 5171 603 5217 tamen
625 5174 762 5216 vane
794 5154 1151 5215 conturbatis.
1174 5152 1371 5221 Quare,
1402 5149 1602 5221 inquis,
1627 5161 1763 5203 vane
1780 5154 2003 5202 contur-

423 5250 556 5309 bor?
583 5251 724 5311 Ecce
764 5264 947 5306 saccos
989 5246 1219 5318 impleo,
1256 5243 1484 5313 parietes
1519 5240 1623 5295 mei
1661 5238 1747 5294 vix
1787 5237 2003 5309 capiunt

425 5340 570 5415 quod
605 5340 821 5411 nequire
841 5357 857 5394 :
879 5354 1045 5411 quare
1071 5351 1173 5409 ego
1201 5349 1339 5391 vane
1374 5328 1695 5391 conturbor?
1718 5327 2001 5389 Thesauri-

430 5447 542 5501 zas,
570 5439 626 5487 et
649 5431 859 5502 ignoras
881 5430 967 5484 cui
994 5439 1287 5502 eongreges
1308 5439 1393 5481 ea.
1421 5424 1525 5478 Aut
1546 5421 1596 5477 si
1624 5420 1731 5475 scis
1755 5417 1877 5483 cui;
1906 5417 2004 5473 ob-

426 5538 580 5589 secro
625 5529 701 5588 te,
739 5520 827 5579 dic
860 5529 921 5578 et
958 5518 1111 5579 mihi.
1142 5516 1372 5575 Audiam
1401 5523 1484 5582 te;
1511 5509 1629 5569 cui?
1648 5510 1705 5569 Si
1733 5526 1839 5565 non
1868 5523 2004 5569 vane

422 5615 777 5679 conturbaris,
819 5613 904 5669 dic
940 5611 1030 5669 cui
1070 5610 1423 5668 thesaurizas.
1466 5604 1623 5668 Mihi,
1668 5603 1862 5674 inquis.
1893 5601 2004 5656 Hoc

424 5709 591 5767 audes
606 5707 788 5765 dicere
800 5702 1128 5769 moriturus?
1147 5700 1298 5761 Filiis
1314 5700 1467 5765 meis,
1488 5696 1682 5770 inquis.
1704 5695 1820 5752 Hoc
1837 5693 2004 5753 audes

426 5801 607 5859 dicere
642 5799 710 5856 de
740 5794 1047 5859 morituris?
1068 5795 1252 5867 Magna
1278 5794 1477 5869 pietas,
1510 5791 1653 5863 quod
1681 5788 2004 5846 thesaurth

495 5914 511 5947 ι
536 5908 836 5964 nomentum
853 5914 960 5972 Its,
984 5903 1097 5973 quia

1620 443 1681 501 S.
1720 434 2085 500 AUGUSTI!"
2123 437 2428 501 EPISCOPI

2086 566 2238 628 pater
2267 558 2390 615 ﬁliis
2413 574 2427 613 :
2451 559 2561 616 imo
2596 574 2787 635 magna
2821 561 3061 639 vanitas;
3087 559 3662 625 thesaurizatmorltu-

2078 664 2174 706 rus
2203 650 2492 707 morituris.
2512 651 2573 708 Si
2595 661 2813 725 propter
2834 662 2907 723 te,
2944 656 3064 727 quia
3101 658 3388 715 moriturus
3411 658 3660 731 dimittis,

2080 740 2209 813 quid
2234 743 2474 814 colligis?
2494 743 2618 801 Haec
2642 759 2799 801 causa
2823 754 2878 802 et
2896 746 3160 816 ﬁliorum;
3188 753 3483 808 successuri
3512 760 3661 820 sunt,

2081 847 2189 890 non
2211 837 2569 906 permansuri.
2586 836 2787 894 Omitto
2804 837 2983 896 dicere
3002 840 3244 912 qualibus
3268 841 3410 911 filiis,
3432 859 3501 901 ne
3525 844 3665 902 forte

2080 930 2222 1000 quod
2276 932 2619 1003 congregavit
2674 933 2931 1000 avaritia,
2987 933 3172 1006 perdat
3226 936 3457 996 luxuria.
3512 938 3669 995 Alius

2080 1018 2297 1078 ﬂuendo
2336 1023 2530 1093 perdit,
2561 1024 2705 1095 quod
2747 1032 2805 1080 tu
2847 1022 3139 1082 laborando
3180 1029 3532 1099 congregasti.
3556 1028 3667 1086 Sed

2079 1112 2269 1167 omitto
2288 1112 2411 1171 hoc.
2435 1112 2595 1171 Forte
2612 1114 2739 1171 boni
2752 1124 2908 1171 erunt
2928 1116 3041 1181 filii,
3064 1116 3320 1174 luxuriosi
3346 1135 3455 1174 non
3474 1129 3664 1184 erunt;

2080 1203 2371 1261 servabunt
2410 1205 2555 1277 quod
2599 1205 2877 1276 dimisisti,
2916 1208 3183 1280 augebunt
3229 1206 3372 1281 quod
3414 1211 3666 1273 servasti,

2080 1309 2186 1352 non
2227 1294 2456 1367 perdent
2493 1296 2636 1369 quod
2676 1298 3034 1370 congregasti.
3061 1297 3182 1354 Filii
3213 1301 3285 1356 tui
3329 1309 3502 1356 tecum
3543 1310 3674 1355 sunt

2080 1387 2280 1458 puriter
2304 1390 2446 1455 vani,
2474 1390 2520 1445 sl
2544 1389 2649 1446 hoc
2674 1388 2895 1456 faciunt,
2921 1390 2967 1445 si
2998 1398 3050 1447 te
3078 1399 3283 1461 patrem
3320 1393 3373 1446 in
3398 1390 3505 1448 hoc
3541 1391 3673 1446 imi-

2083 1487 2280 1535 tantur.
2308 1480 2416 1536 lllis
2451 1480 2572 1537 dico
2620 1481 2763 1550 quod
2804 1482 2896 1538 tibi
2937 1481 3204 1539 dicebam.
3231 1483 3366 1538 Filio
3396 1494 3489 1539 tuo
3518 1483 3652 1539 dico

2082 1572 2169 1628 cui
2209 1570 2412 1640 servas,
2439 1573 2516 1629 illi
2546 1573 2685 1639 dico,
2713 1573 3086 1643 Thesaurizas,
3113 1583 3168 1632 et
3192 1576 3405 1648 ignoras
3426 1576 3513 1632 cui
3539 1591 3677 1632 con-

2081 1676 2271 1736 greges
2294 1676 2379 1720 ea.
2400 1663 2550 1720 Sicut
2575 1665 2719 1720 enim
2746 1671 2803 1720 tu
2828 1665 3069 1732 nescisti,
3099 1666 3178 1722 sie
3201 1674 3255 1721 et
3278 1666 3370 1725 ille
3398 1667 3586 1723 nescit.
3611 1665 3674 1722 Si

2083 1756 2141 1811 in
2170 1754 2267 1812 illo
2289 1757 2583 1829 permansit
2608 1759 2816 1814 vanitas
2833 1800 2848 1825 ,
2886 1758 3144 1830 numquid
3172 1759 3240 1815 ad
3279 1760 3451 1831 ipsum
3477 1759 3678 1817 defecit

2083 1849 2279 1905 veritas
2289 1849 2314 1903 i

2152 1941 2382 1999 CAPUT
2420 1941 2607 1997 lV.—
2634 1942 2688 1999 4.
2739 1941 2873 1997 Furi
2926 1947 3057 2016 forte
3104 1944 3428 2000 thesaurizat.
3469 1944 3678 2001 Omitto

2087 2032 2285 2101 dicere,
2326 2035 2450 2104 quia
2498 2033 2636 2090 forte
2679 2033 2806 2089 dum
2844 2035 2998 2102 vivis,
3040 2035 3369 2092 thesaurizas
3396 2034 3518 2091 iuri.
3550 2035 3676 2093 Una

2087 2133 2242 2181 nocte
2282 2126 2458 2191 venit,
2498 2133 2557 2190 et
2594 2133 2672 2183 tot
2704 2126 2894 2183 diebus
2921 2141 2983 2183 ac
3010 2127 3256 2183 noctibus
3294 2137 3679 2200 congregatum

2088 2225 2330 2289 paratum
2358 2218 2582 2274 invenit.
2603 2218 2955 2275 Thesauriaas
2980 2219 3116 2275 iorte
3140 2219 3357 2285 latroni,
3383 2219 3516 2275 forte
3536 2236 3682 2290 prae-

2089 2307 2236 2363 doui.
2259 2308 2395 2363 Nolo
2421 2309 2653 2379 amplius
2676 2309 2874 2375 dicere,
2901 2325 2969 2365 ne
2997 2323 3410 2366 commemorem
3434 2320 3489 2366 et
3513 2310 3682 2367 refri-

2088 2414 2205 2455 cem
2240 2413 2615 2471 perpessorum
2636 2399 2897 2456 dolorem.
2920 2400 3088 2470 Quam
3114 2398 3279 2456 multa
3308 2417 3427 2473 quae
3451 2417 3683 2474 congre-

2088 2492 2239 2564 gavit
2263 2493 2437 2549 inanis
2455 2494 2682 2560 vanitas,
2700 2501 2883 2565 parata
2904 2495 3107 2550 invenit
3124 2495 3336 2552 hostilis
3354 2497 3685 2553 crudelitas?

2089 2582 2206 2639 Non
2228 2592 2317 2640 est
2342 2584 2482 2639 enim
2510 2598 2685 2644 meum
2713 2594 2929 2656 optare,
2959 2585 3054 2643 sed
3081 2588 3317 2643 omnium
3350 2598 3434 2644 est
3462 2590 3679 2647 timere.

2092 2675 2314 2731 Avertat
2356 2675 2462 2731 hoc
2500 2677 2658 2732 Deus.
2690 2677 2967 2734 Sufficiunt
3008 2678 3214 2750 ﬂagella
3259 2680 3445 2750 ipsius.
3474 2681 3684 2739 Omnes

2092 2780 2329 2832 oremus,
2357 2777 2563 2824 avertat
2594 2769 2697 2826 hoc
2723 2771 2882 2826 Deus.
2912 2772 3100 2827 Pareat
3128 2772 3305 2840 nobis,
3328 2788 3491 2844 quem
3519 2788 3685 2844 roga-

2093 2872 2233 2913 mus.
2272 2856 2379 2915 Sed
2426 2861 2472 2915 si
2521 2860 2664 2916 dicat
2706 2862 2931 2933 quibus,
2976 2863 3103 2934 quid
3149 2866 3574 2935 respondemus?
3595 2866 3686 2922 Tu

2093 2965 2243 3023 ergo,
2265 2965 2299 3007 ο
2316 2951 2500 3020 homo,
2522 2967 2557 3008 ο
2578 2954 2753 3010 cannis
2772 2955 2955 3021 homo,
2974 2963 3028 3010 tu
3051 2955 3142 3027 qui
3162 2971 3299 3013 vane
3320 2956 3681 3027 thesaurizas,

2094 3042 2236 3099 unde
2263 3041 2395 3099 mihi
2423 3045 2719 3115 respondes
2746 3049 2993 3103 tractanti
3024 3057 3219 3115 tecum,
3250 3057 3305 3105 et
3333 3058 3507 3107 tecum
3529 3066 3688 3121 quae-

2093 3135 2235 3191 reutl
2272 3137 2553 3192 consilium
2593 3139 2645 3193 in
2680 3153 2840 3195 causa
2866 3142 3178 3197 communit
3204 3142 3427 3199 Dicebas
3451 3143 3594 3199 enim
3623 3150 3689 3199 et

2093 3228 2456 3298 respondebat
2481 3246 2494 3283 :
2519 3229 2843 3288 Theuaurizo
2881 3233 3045 3297 mihi,
3084 3233 3205 3290 aliis
3244 3236 3407 3301 meis,
3452 3237 3687 3307 posteris

2094 3321 2251 3377 meis.
2278 3320 2395 3376 Dixi
2416 3329 2615 3392 quam
2639 3322 2745 3378 sint
2778 3331 2834 3380 et
2860 3325 2913 3379 in
2938 3325 3071 3397 ipsis
3101 3326 3224 3382 ﬁliis
3246 3327 3547 3384 metuenda.
3570 3327 3686 3384 Sed

2097 3412 2289 3468 omitto
2312 3414 2596 3483 poenaliter
2620 3416 2854 3472 victuros
2884 3417 3041 3485 filios,
3069 3419 3205 3475 sicut
3222 3428 3369 3491 optat
3390 3406 3641 3476 imicus
3663 3440 3681 3476 ε

2097 3505 2178 3560 sic
2195 3505 2375 3560 vivunt
2395 3506 2537 3562 sicut
2562 3514 2714 3577 optat
2736 3517 2906 3578 pater.
2933 3509 3103 3576 Quam
3128 3512 3278 3567 multi
3304 3512 3358 3567 in
3392 3513 3489 3568 bos
3515 3527 3686 3569 casus

2098 3595 2429 3665 inciderunt,
2471 3596 2615 3664 disi,
2667 3603 3079 3657 commemoravi
3107 3619 3122 3656 :
3149 3603 3433 3669 horruisti,
3477 3612 3533 3660 et
3568 3620 3687 3662 non

2097 3687 2397 3742 correxisti.
2426 3687 2561 3754 Quid
2592 3689 2733 3747 enim
2756 3705 3110 3761 responsurus
3128 3707 3211 3758 es,
3234 3694 3335 3750 nisi
3365 3695 3467 3751 hoc
3488 3695 3640 3752 dicas
3664 3713 3683 3751 :

2097 3777 2259 3835 Forte
2284 3780 2430 3835 non?
2454 3779 2523 3836 Et
2555 3796 2654 3852 ego
2682 3781 2759 3837 sic
2790 3798 2907 3837 sum
2949 3784 3155 3839 locutus
3178 3801 3192 3837 :
3216 3785 3406 3852 Forte,
3439 3787 3683 3857 inquam,

2097 3869 2229 3935 furi,
2274 3869 2415 3926 forte
2462 3870 2678 3939 latroni,
2720 3871 2856 3927 forte
2888 3874 3146 3943 pmdoni.
3173 3874 3288 3931 Non
3315 3876 3446 3943 dixi,
3476 3876 3638 3933 Certe
3666 3897 3683 3947 ;

2099 3959 2215 4027 sed,
2238 3960 2417 4015 Forte.
2441 3961 2584 4017 Inter
2603 3961 2741 4019 forte
2762 3962 2880 4029 ﬁet,
2901 3963 3042 4020 forte
3066 3981 3172 4020 non
3198 3965 3292 4020 ﬁet
3314 3984 3328 4021 :
3354 3968 3531 4023 nescis
3548 3983 3688 4040 ergo

2098 4051 2227 4122 quid
2252 4051 2371 4118 ﬁet;
2393 4066 2533 4108 vane
2555 4055 2909 4126 conturbatis.
2936 4056 3097 4115 Vides
3119 4072 3279 4128 quam
3309 4073 3496 4114 verum
3523 4059 3687 4117 dixe-

2099 4146 2171 4201 rit
2209 4146 2426 4213 veritus,
2466 4162 2623 4218 quam
2667 4149 2899 4204 inaniter
2934 4149 3286 4205 conturbetur
3310 4151 3539 4209 vanitas.
3570 4154 3688 4209 Au—

2100 4235 2245 4303 disti,
2268 4236 2480 4293 tandem
2504 4238 2792 4310 aliquando
2813 4240 3055 4310 sapuisti,
3082 4242 3205 4311 quia
3231 4241 3334 4298 hoc
3360 4243 3535 4312 ipsum
3554 4257 3683 4299 cum

2100 4326 2254 4393 dicis,
2276 4325 2437 4383 Forte
2458 4327 2583 4384 ﬁliis
2609 4329 2780 4397 meis;
2804 4345 2910 4385 non
2932 4339 3112 4387 autem
3140 4331 3305 4387 audes
3320 4332 3525 4401 dicere,
3550 4333 3688 4391 Cer-

2101 4425 2187 4475 tus
2208 4433 2329 4474 uun
2349 4418 2471 4490 quia
2490 4419 2615 4476 iiiis
2634 4421 2806 4487 meis;
2833 4421 3009 4477 neseis
3025 4423 3110 4478 cui
3131 4437 3423 4496 congregat
3439 4425 3689 4487 «Epeo

2103 4523 2234 4581 ergo
2266 4517 2328 4566 ut
2354 4509 2532 4578 video,
2557 4517 2614 4567 et
2636 4519 2695 4566 ut
2725 4520 2850 4568 ante
2880 4513 3141 4583 dicebam,
3172 4514 3411 4572 deiecisti
3437 4516 3491 4572 in
3516 4531 3686 4574 causa

2101 4608 2227 4669 tua;
2249 4617 2358 4658 non
2384 4603 2594 4659 invenis
2618 4603 2762 4674 quod
2792 4603 2918 4660 mihi
2946 4606 3275 4677 respondeas
3297 4625 3312 4663 :
3333 4608 3429 4665 sed
3457 4623 3558 4665 nec
3582 4623 3689 4682 ego

2172 4781 2400 4840 CAPUT
2454 4781 2518 4838 V.
2549 4814 2622 4827 -—
2646 4784 2701 4841 ὅ.
2742 4782 3026 4842 Consilium
3066 4803 3106 4841 α
3154 4786 3354 4845 Christo
3391 4790 3684 4861 petendum.

2104 4877 2279 4937 Ambo
2328 4879 2507 4949 itaque
2572 4892 2875 4948 quer-auius
2906 4919 2922 4945 ,
2977 4878 3137 4936 ambo
3203 4882 3480 4939 consilium
3530 4890 3689 4952 peta-

2105 4985 2244 5027 mus.
2296 4970 2564 5027 Habemus
2628 4973 2834 5043 copiam
2858 5014 2873 5041 ,
2930 4989 3036 5029 non
3079 4976 3364 5046 sapientis,
3395 4977 3490 5034 sed
3514 4978 3690 5049 ipsius

2105 5061 2410 5133 Sapientiae.
2448 5063 2741 5119 Audiamus
2765 5065 2939 5121 .ambo
2974 5065 3241 5121 Christum
3269 5085 3281 5122 :
3307 5067 3505 5124 Induis
3533 5084 3692 5137 scan-

2105 5154 2315 5219 dalum,
2366 5153 2604 5233 (ἑαιήρκ
2654 5155 2955 5221 militiave;
2997 5155 3125 5226 ipsis
3160 5166 3332 5210 autem
3375 5159 3692 5214 Mla-

2106 5246 2231 5302 diem
2267 5254 2319 5302 et
2356 5242 2547 5302 Grecis
2585 5244 2838 5301 Christum
2865 5245 2963 5301 Dei
2998 5244 3241 5301 γὴν-ω..
3269 5255 3313 5302 et
3341 5248 3432 5302 Dei
3459 5248 3692 5318 Sapien-

2107 5337 2230 5396 tiam
2259 5336 2302 5410 (Ι
2320 5337 2436 5393 Cor.
2469 5353 2505 5404 ι,
2534 5337 2625 5405 25,
2650 5337 2766 5410 24).
2794 5336 2934 5407 Quid
2962 5351 3116 5408 paras
3141 5339 3466 5394 munimenta
3487 5340 3694 5398 divitiis

2108 5429 2251 5487 tuis?
2298 5430 2437 5486 Audi
2480 5430 2741 5485 Virtutem
2784 5428 3075 5484 Deiutibil
3121 5429 3486 5499 fortius..Quid
3530 5448 3693 5502 paras

2107 5532 2419 5595 argumenta
2446 5525 2648 5580 divitiis
2682 5522 2829 5580 tuis?
2865 5521 3002 5577 Audi
3042 5522 3365 5592 Sapientiam
3394 5523 3490 5579 Dei
3511 5541 3526 5577 :
3546 5526 3693 5582 nihil

2107 5617 2437 5688 prudentius.
2469 5617 2632 5671 Forte
2656 5616 2800 5671 enim
2820 5631 2940 5671 cum
2965 5616 3148 5674 dixero
3167 5658 3183 5685 ,
3216 5617 3689 5687 scaudaiiuberis,

2109 5708 2327 5767 indutus
2348 5708 2494 5772 eris;
2525 5708 2647 5777 quia
2682 5707 2927 5768 Christus
2942 5708 3145 5765 iudicis
3167 5708 3498 5765 scandalum.
3527 5709 3696 5794 Forte

2111 5815 2232 5858 cum
2254 5799 2459 5867 dixero,
2479 5799 2698 5863 stultum
2718 5800 2814 5863 tibi
2838 5799 3126 5865 videbitur,
3157 5798 3385 5859 Gcntilis
3404 5799 3542 5867 eris;
3568 5802 3695 5874 quia

2113 5889 2357 5949 Christus
2368 5886 2625 5954 Gentibus
3243 5904 3333 5959 es.
3350 5900 3647 5957 muas
3671 5910 3692 5952 ς
