4032 6332
281 281 411 348 ωδ

284 404 522 459 vocatis
539 411 716 460 autem
732 401 931 458 Iudaeis
958 409 1013 460 et
1033 401 1234 459 Graecis
1249 400 1491 460 Christus
1513 402 1605 461 Dei
1618 404 1797 462 Virtus
1827 416 1910 463 est

290 504 356 550 et
389 497 497 552 Dei
526 494 817 566 Sapientia.
849 494 1021 551 Nolite
1044 496 1346 550 contristari
1370 536 1383 561 ,
1415 511 1537 552 cum
1562 497 1777 564 dixero;
1806 515 1906 555 no-

288 585 396 640 lite
445 585 846 652 scandalazari,
887 587 1053 642 nolite
1093 586 1239 642 velut
1280 587 1594 657 insipientiae
1639 605 1772 646 mea!
1811 605 1906 647 ore

281 685 457 734 torto
491 679 771 735 insultare.
803 677 1110 734 Audiamus.
1139 677 1292 748 Quod
1316 679 1459 734 enim
1487 679 1726 736 dicturus
1745 697 1862 737 sum
1882 724 1898 748 ,

281 771 553 828 Christus
593 772 744 828 dixit.
773 771 1085 828 Contemnis
1124 787 1426 843 prteconem
1457 791 1469 828 :
1497 774 1624 830 time
1644 773 1898 846 iudicem.

281 861 440 931 Quid
465 878 593 934 ergo
616 878 718 935 ego
743 863 951 919 dicam?
975 863 1091 920 Jam
1115 879 1201 920 me
1220 865 1606 935 propemodum
1628 867 1901 940 Evangelii

279 955 471 1012 lector
494 955 658 1028 paulo
679 965 802 1013 ante
839 955 942 1010 hac
978 971 1106 1011 cura
1149 957 1410 1012 liberavit.
1441 957 1558 1012 Non
1606 974 1705 1030 ego
1756 960 1895 1031 lego,

279 1047 387 1103 sed
447 1049 586 1104 lecta
629 1048 830 1104 recolo.
860 1047 1148 1104 Consilium
1195 1051 1471 1121 quaerebas
1517 1051 1569 1106 in
1613 1067 1768 1106 causa
1809 1060 1896 1107 tua

277 1140 747 1197 deﬁcienszvide
789 1141 917 1212 quid
954 1142 1095 1198 dicat
1144 1140 1262 1198 fons
1309 1145 1444 1199 recti
1491 1143 1726 1212 consilii,
1779 1146 1897 1202 fons

277 1232 440 1288 unde
464 1231 726 1304 quidquid
755 1233 967 1303 imples,
1000 1248 1262 1288 venenum
1293 1249 1398 1289 non
1430 1234 1588 1292 times
1616 1237 1653 1286 ι.

351 1344 598 1403 CAPUT
627 1345 718 1401 Vl.
739 1376 810 1387 ——
829 1345 882 1402 6.
913 1345 1198 1402 Thesaurus
1235 1348 1286 1401 in
1325 1349 1448 1402 caelo
1478 1350 1789 1406 condendus.
1823 1384 1896 1395 —

276 1437 470 1493 Nolite
493 1438 638 1493 nobis
659 1439 875 1494 condere
896 1439 1157 1494 thesauros
1180 1439 1232 1494 in
1261 1449 1416 1509 terra,
1444 1442 1528 1495 ubi
1554 1443 1686 1498 tinea
1725 1454 1771 1500 et
1808 1461 1892 1498 co-

274 1540 514 1585 mestura
546 1531 882 1596 exterminat,
914 1540 960 1584 et
986 1530 1071 1585 ubi
1095 1532 1236 1602 {ures
1265 1531 1512 1600 e/Todiuut
1539 1543 1583 1587 et
1606 1537 1841 1606 furantur
1872 1554 1892 1592 :

271 1622 368 1676 sed
414 1623 759 1678 thesaurisate
796 1623 930 1680 vobis
971 1625 1230 1680 thesauros
1273 1626 1324 1680 in
1365 1627 1520 1696 ccelo,
1549 1645 1645 1698 quo
1677 1631 1763 1702 fur
1790 1646 1892 1684 non

273 1713 501 1782 accedit,
539 1731 698 1787 neque
723 1716 858 1770 tinea
882 1718 1178 1788 corrumpit.
1217 1716 1315 1774 Ubi
1350 1727 1421 1772 est
1459 1720 1590 1773 enim
1627 1720 1890 1778 thesaurus

272 1816 418 1872 tuus,
446 1805 523 1862 ibi
552 1809 644 1863 erit
669 1816 714 1863 et
739 1824 827 1862 cor
856 1817 1016 1863 tuum.
1041 1808 1177 1876 Quid
1204 1819 1480 1880 exspectas
1497 1811 1759 1881 amplius?
1782 1813 1888 1870 Res

271 1910 466 1969 aperta
498 1910 608 1957 est.
636 1900 928 1958 Consilium
961 1910 1136 1973 patet,
1169 1903 1262 1960 sed
1304 1903 1564 1975 cupiditas
1592 1906 1717 1960 latet
1741 1924 1754 1959 :
1779 1907 1887 1962 imo

269 2009 384 2050 non
411 1994 573 2061 latet,
595 1995 692 2051 sed
721 1997 881 2054 etiam
913 1997 1024 2066 ipsa
1045 2037 1060 2061 ,
1092 1997 1234 2070 quod
1267 1997 1416 2069 peius
1444 2006 1546 2064 est,
1576 2009 1739 2070 patet.
1767 2000 1887 2056 Non

272 2087 424 2142 enim
475 2097 659 2144 cessat
701 2089 887 2160 rapina
916 2089 1147 2159 grassari
1179 2105 1190 2140 :
1224 2105 1328 2145 non
1368 2092 1510 2144 enim
1540 2102 1714 2146 cessat
1744 2090 1887 2146 frau-

270 2178 406 2235 dare
433 2180 704 2236 avaritia:
735 2196 843 2236 non
867 2183 1008 2239 enim
1031 2191 1208 2237 cessat
1231 2182 1505 2252 perjurarc
1535 2186 1751 2240 malitia.
1783 2186 1887 2242 To-

271 2281 386 2325 tum
420 2281 484 2325 ut
532 2271 696 2342 quid?
726 2272 795 2329 Ut
837 2273 1240 2330 thesaurizetur.
1288 2275 1354 2329 Et
1398 2276 1487 2330 ubi
1531 2279 1794 2352 ponatur?
1824 2279 1883 2334 In

275 2371 442 2418 terra.
473 2363 646 2420 Recte
674 2365 889 2436 quidem
920 2382 949 2424 a
977 2374 1120 2421 terra
1148 2366 1199 2420 in
1231 2375 1446 2422 terram.
1475 2368 1687 2425 llomini
1710 2372 1880 2442 enim,
1949 2411 1954 2414 -

271 2471 302 2510 a
327 2472 440 2527 quo
471 2457 634 2512 nobis
660 2457 769 2512 dixi
802 2457 1035 2514 laborem
1068 2457 1231 2513 fuisse
1251 2459 1611 2532 propinatum,
1643 2464 1883 2532 peccanti

272 2548 485 2603 dictum
520 2557 635 2615 est,
658 2547 818 2603 Terra
854 2565 905 2604 es
925 2590 938 2614 ,
967 2559 1014 2603 et
1045 2549 1096 2603 in
1123 2559 1308 2604 terram
1333 2550 1426 2604 ibis
1457 2549 1610 2620 (Gen.
1643 2569 1729 2620 ut,
1763 2554 1878 2626 19).

271 2638 463 2696 Merito
501 2638 785 2696 thasaurus
823 2640 877 2694 in
922 2649 1061 2696 terra
1083 2682 1098 2708 ,
1127 2642 1245 2712 quia
1274 2657 1369 2698 cor
1398 2643 1449 2696 in
1479 2652 1637 2698 terra.
1669 2645 1766 2701 Ubi
1800 2655 1882 2702 est

273 2747 401 2804 ergo
424 2731 574 2807 quod
594 2732 854 2796 habemus
874 2733 939 2788 ad
959 2734 1163 2789 Deum?
1187 2735 1370 2791 Dolete
1391 2739 1478 2807 qui
1504 2738 1874 2796 intellexistis:
1932 2793 1934 2795 ,

271 2824 650 2895 corrigimini,
680 2824 728 2880 si
767 2825 1030 2882 doluistis.
1068 2824 1329 2894 Quamdiu
1361 2827 1576 2885 laudare
1606 2830 1648 2898 ³,
1678 2839 1731 2884 et
1769 2846 1878 2888 non

273 2917 455 2974 facere
471 2919 496 2970 ?
521 2917 717 2978 Verum
740 2925 840 2984 est,
864 2917 992 2972 nihil
1022 2920 1217 2974 verius.
1248 2919 1362 2973 Fiat
1382 2935 1508 2992 ergo
1525 2921 1666 2992 quod
1691 2938 1876 2978 verum

275 3018 377 3065 est.
409 3009 598 3068 Unum
619 3010 788 3066 Deum
808 3008 1106 3077 laudamus,
1131 3019 1309 3066 etnon
1332 3021 1599 3068 mittamur
1622 3013 1665 3081 ³,
1688 3025 1746 3070 ut
1771 3031 1876 3071 non

275 3105 435 3159 etiam
467 3103 526 3158 in
556 3103 659 3160 hoc
685 3117 821 3159 vane
849 3103 1243 3159 conturbemur.
1665 3128 1670 3133 ’

339 3195 393 3250 7.
427 3193 727 3266 Migrandaz
746 3211 773 3252 α
799 3204 930 3253 terra
954 3196 1009 3250 in
1033 3196 1212 3252 caelum
1237 3197 1443 3252 divitia.
1483 3197 1625 3271 Ergo
1647 3239 1661 3266 ,
1698 3199 1875 3258 Nolite

272 3287 406 3342 nobis
427 3286 649 3344 condere
673 3287 966 3342 thesaurum
991 3288 1044 3341 in
1069 3296 1200 3342 terra
1217 3307 1234 3354 ;
1254 3288 1364 3344 sive
1384 3291 1587 3361 experti
1606 3293 1874 3364 quomodo

275 3391 462 3448 pereat
507 3379 650 3452 quod
693 3381 746 3436 in
792 3389 932 3437 terra
976 3380 1307 3452 reconditur,
1338 3382 1449 3438 sive
1497 3400 1599 3440 non
1629 3387 1869 3458 experti,

273 3474 361 3528 sed
385 3481 448 3530 et
470 3487 568 3530 vos
597 3473 786 3531 saltem
810 3482 1110 3534 metuentes
1135 3476 1386 3546 experiri.
1414 3479 1582 3544 Quom
1617 3496 1721 3537 non
1752 3496 1872 3537 cor-

271 3569 452 3638 ﬁgunt
488 3567 686 3636 verba,
713 3569 982 3639 corrigunt
1020 3570 1409 3640 experimenta.
1450 3571 1568 3628 Non
1611 3576 1865 3648 surgitur,

273 3673 372 3714 non
400 3658 734 3730 proceditur.
757 3659 859 3718 nisi
887 3668 947 3716 ut
969 3675 1075 3716 una
1099 3675 1230 3718 voce
1256 3661 1461 3721 dicatur
1485 3664 1552 3720 ab
1577 3667 1824 3724 omnibus
1851 3686 1863 3722 :

273 3749 357 3805 Va:
389 3751 588 3816 nobis,
621 3751 728 3805 ruit
767 3751 1017 3810 mundus.
1047 3753 1104 3814 Si
1131 3753 1272 3820 ruit,
1303 3769 1466 3824 quare
1493 3771 1600 3813 non
1628 3758 1867 3827 migras?

270 3839 320 3900 Si
371 3843 475 3896 tibi
523 3841 851 3900 architectus
891 3843 1124 3910 diceret,
1153 3847 1411 3903 ruituram
1441 3848 1659 3905 domum
1684 3859 1862 3918 tuam;

271 3949 452 3990 nonne
480 3935 628 4005 prius
653 3935 912 4007 migrares
935 3977 952 4006 ,
997 3951 1155 4010 quam
1197 3942 1594 4000 murmurares?
1623 3943 1866 4002 Structor

268 4026 454 4080 mundi
478 4025 609 4082 dicit
639 4025 730 4082 tibi
758 4026 1023 4084 ruiturum
1051 4028 1304 4086 mundum
1325 4071 1341 4095 ,
1369 4038 1425 4086 et
1457 4046 1561 4086 non
1584 4033 1792 4094 credis?
1858 4061 1863 4068 -

330 4114 569 4175 CAPUT
599 4114 708 4176 VII.
731 4145 803 4158 —
822 4116 960 4176 Audi
988 4131 1173 4175 vocem
1199 4119 1557 4190 prtedicentis,
1585 4124 1708 4180 audi
1735 4140 1864 4182 con-

267 4206 448 4264 silium
471 4209 884 4268 commouentis.
912 4207 1036 4266 Vox,
1061 4209 1404 4280 praedioentis
1431 4221 1546 4280 est,
1580 4214 1646 4270 Et
1680 4217 1861 4276 caelum

269 4307 310 4352 et
335 4309 475 4355 term
503 4299 785 4359 transibunt
814 4298 1026 4372 (Matth.
1057 4317 1209 4372 xxw,
1239 4303 1352 4378 55).
1377 4305 1491 4361 Vox
1516 4321 1862 4366 commonen-

269 4389 330 4443 tis
359 4400 482 4455 est,
513 4387 690 4446 Nolite
716 4391 853 4447 vobis
879 4391 1092 4446 condere
1119 4393 1408 4451 thesaurum
1445 4397 1496 4452 iu
1539 4406 1691 4454 terra.
1716 4400 1857 4473 Ergo

267 4482 306 4537 si
332 4481 557 4542 creditis
586 4483 698 4544 Deo
731 4484 1071 4554 praedicenti,
1110 4486 1156 4542 si
1200 4503 1307 4544 non
1350 4493 1689 4552 contemnitis
1711 4509 1859 4550 com-

267 4582 595 4644 mutantem,
619 4576 709 4634 ﬁat
730 4577 878 4648 quod
902 4576 1050 4637 dicit.
1077 4578 1192 4638 Non
1225 4582 1364 4637 enim
1392 4583 1482 4641 ille
1505 4593 1554 4641 te
1582 4585 1734 4654 fallit,
1766 4592 1857 4661 qui

268 4665 368 4722 tale
412 4665 694 4728 consilium
747 4669 912 4733 dedit.
953 4670 1067 4726 Non
1096 4671 1289 4744 perdes
1325 4676 1469 4744 quod
1501 4677 1727 4744 dedisti,
1760 4682 1855 4738 sed

266 4759 503 4829 sequeris
530 4775 636 4832 quo
658 4761 850 4821 misisti
879 4762 919 4816 ⁸.
941 4763 1240 4822 Consilium
1270 4782 1398 4838 ergo
1425 4770 1493 4825 do
1517 4790 1532 4827 :
1556 4771 1637 4828 Da
1659 4791 1853 4845 paupe-

266 4850 422 4919 ribus,
445 4861 494 4907 et
521 4852 722 4908 habebis
750 4855 1042 4912 thesaurum
1065 4859 1118 4914 in
1143 4859 1286 4916 creto.
1318 4861 1431 4918 Non
1457 4865 1573 4921 sine
1599 4866 1854 4928 thesauro

265 4943 606 5006 manebis:
637 4947 732 5008 sed
767 4948 913 5018 quod
941 4948 1110 5010 habes
1133 4952 1189 5008 in
1215 4961 1355 5010 terra
1380 4956 1660 5026 sollicitus,
1690 4960 1854 5018 habe-

266 5030 342 5090 bis
387 5035 440 5090 in
488 5036 628 5094 coslo
665 5053 906 5096 securus.
948 5041 1113 5112 Migra
1151 5059 1300 5116 ergo.
1328 5045 1620 5107 Consilitun
1648 5052 1716 5108 do
1739 5069 1854 5110 ser-

265 5128 446 5195 vandi,
487 5145 599 5188 non
642 5132 918 5202 perdendi.
953 5133 1177 5192 Habebis
1198 5180 1214 5203 ,
1251 5139 1450 5210 inquit,
1483 5144 1774 5200 thesaurum
1796 5149 1850 5204 in

264 5218 431 5277 emta:
471 5227 518 5276 et
568 5222 710 5287 aeni,
749 5239 952 5294 sequere
1012 5243 1090 5284 me
1139 5227 1271 5299 (Id.
1295 5245 1404 5297 nx,
1453 5231 1596 5305 2i);
1648 5245 1705 5291 ut
1752 5238 1850 5293 du-

264 5322 376 5366 catu
425 5317 480 5368 te
518 5310 585 5369 ad
623 5313 930 5374 diesatu‘um
972 5324 1140 5374 tuum.
1195 5319 1310 5378 Non
1361 5330 1445 5378 est
1488 5324 1589 5384 hoc
1630 5327 1847 5401 dispen-

323 5484 339 5516 ί
363 5484 661 5516 Ρηιληιδοῖηιια
685 5491 838 5516 ΑΑι-ΙΛ-
876 5505 968 5516 “A-
991 5495 1026 5516 ιζ

323 5484 339 5516 ί
363 5484 664 5542 Colbertinus
684 5491 860 5554 codex,
876 5505 969 5544 non
988 5495 1136 5547 timet
1265 5484 1276 5490 ’

323 5547 502 5640 ξξξξξῑί,
520 5548 660 5602 inlitis
683 5551 1276 5640 mdqgﬁb‘es‘ttuuttmia
1285 5564 1748 5640 autspolhertino.

264 5609 666 5722 magonum
685 5622 787 5678 ιιι,
813 5609 1138 5675 Wa
1173 5620 1415 5674 nam
1248 5609 1272 5632 ε’

323 5731 344 5762 δ
367 5739 434 5783 ua
454 5733 721 5801 legendum
743 5752 808 5794 ex
830 5745 1113 5797 auctoritate
1135 5747 1312 5798 codicis
1338 5762 1381 5800 r.
1409 5749 1555 5815 [quod
1577 5753 1788 5822 misisti]

1798 291 2030 349 ΞΕ.ῐίΜο
2070 290 2184 348 LX.

3510 321 3617 381 406

2019 407 2198 472 dium,
2233 409 2325 466 sed
2377 417 2768 486 compendium.
2818 420 3083 494 Evigilent
3134 426 3378 488 homines
3431 436 3470 488 ί.
3503 439 3619 494 Au...

2015 499 2165 555 diaut
2208 503 2293 558 vel
2334 507 2540 574 experti
2579 511 2720 580 quod
2751 512 2975 572 timeant
2997 519 3038 585 ³,
3071 517 3271 580 Sosiam
3316 525 3458 582 unde
3502 543 3612 586 non

2017 590 2271 660 timeant,
2317 597 2550 667 migrent
2595 602 2648 656 in
2690 605 2908 664 omium.
2953 606 3308 672 Frumentum
3351 619 3508 686 ponis
3553 622 3613 680 in

2013 690 2186 752 terra;
2208 689 2354 750 venit
2372 691 2577 748 amica
2601 702 2746 764 uuis,
2769 698 2864 768 qui
2892 700 3044 760 novit
3070 699 3322 768 frumenti
3359 717 3415 766 et
3449 719 3610 769 terra;

2012 786 2290 871 naturam,
2331 782 2492 840 docet
2536 795 2684 848 tum
2735 790 3093 861 iporitiam,
3137 797 3264 856 dicit
3309 800 3607 871 tibi:Quid

2010 868 2218 962 iecisti?
2246 871 2598 940 Frumentum
2630 879 2687 935 in
2716 889 2862 948 terra
2888 884 2940 939 in
2969 885 3307 948 inferioribus
3335 868 3601 962 posuisti:

2012 957 2264 1018 humidus
2302 965 2451 1021 locus
2491 977 2603 1035 est,
2634 976 2894 1040 putrescit
2936 977 3081 1046 quod
3123 957 3378 1050 posuisti,
3407 987 3602 1056 perdes

2008 1053 2248 1112 laborem
2270 1067 2440 1114 tuum.
2469 1061 2816 1132 Respondes:
2841 1067 2976 1135 Quid
3001 1085 3130 1141 ergo
3159 1072 3385 1130 iaciam?
3408 1053 3601 1149 migra,

2006 1145 2215 1217 inquit,
2261 1151 2313 1204 in
2359 1156 2655 1222 superiora.
2700 1156 2870 1214 Audis
2895 1174 3024 1230 ergo
3047 1161 3275 1220 amicum
3319 1145 3602 1228 consilium

2004 1237 2219 1294 dantem
2233 1240 2304 1298 de
2321 1241 2587 1302 h‘umento
2615 1257 2725 1315 tuo,
2740 1257 2796 1304 et
2815 1253 3112 1308 contemnis
3132 1254 3296 1312 Deum
3315 1259 3598 1320 consilium

2003 1332 2217 1388 dantem
2242 1334 2310 1390 de
2323 1336 2488 1392 corde
2499 1338 2613 1394 tuo?
2624 1339 2971 1399 Frumentum
2986 1353 3134 1402 tuum
3157 1347 3312 1403 times
3329 1366 3525 1419 ponere
3541 1353 3597 1409 in

2002 1432 2178 1493 terra,
2205 1434 2548 1484 eteortuum
2591 1433 2770 1502 perdis
2817 1435 2870 1490 in
2920 1439 3101 1494 terra?
3146 1441 3284 1498 Ecce
3330 1443 3590 1500 Dominus

2001 1515 2146 1572 Deus
2173 1527 2314 1588 tuus,
2342 1537 2462 1576 cum
2486 1523 2580 1579 dat
2602 1525 2697 1581 tibi
2715 1527 2996 1586 consilium
3020 1530 3089 1588 de
3109 1533 3272 1590 corde
3301 1546 3391 1592 tuo
3414 1535 3456 1603 ³,
3485 1537 3589 1593 Ubi

1999 1611 2154 1675 enim.
2179 1613 2367 1683 inquit,
2395 1607 2548 1687 fuerit
2573 1620 2837 1676 thesaurus
2858 1631 2990 1688 tuas,
3011 1625 3117 1680 illic
3137 1628 3229 1680 erit
3246 1637 3294 1681 et
3321 1645 3407 1683 cor
3426 1639 3587 1686 luunt.

1998 1700 2162 1766 Leva,
2187 1704 2374 1776 inquit,
2401 1723 2497 1764 cor
2519 1709 2576 1763 in
2592 1711 2812 1778 omium,
2836 1727 2904 1769 ne
2927 1726 3322 1787 compntrescat
3344 1720 3399 1776 in
3423 1720 3586 1780 terra.

1996 1790 2287 1850 Consilium
2314 1807 2398 1852 est
2421 1799 2539 1869 ejus
2563 1801 2653 1872 qui
2679 1802 2792 1858 vult
2813 1817 3055 1872 servare,
3083 1823 3189 1864 non
3215 1811 3462 1880 perdere.

2066 1884 2290 1945 CAPUT
2336 1890 2468 1947 Vill.
2499 1923 2571 1934 ——
2593 1893 2647 1949 8.
2685 1895 2940 1953 Laturarii
2969 1901 3126 1956 nostri
3154 1919 3401 1974 pauperes
3445 1915 3582 1962 situt.

1993 1975 2049 2033 Si
2073 1993 2201 2050 ergo
2228 1981 2297 2036 ita
2328 1990 2438 2048 est,
2470 1986 2736 2054 quomodo
2763 1989 2981 2057 panitet
3021 2007 3118 2048 eos
3155 1995 3246 2064 qui
3291 2010 3395 2051 non
3441 1997 3583 2053 fece-

1993 2079 2118 2126 runt
2134 2071 2158 2126 ?
2173 2071 2330 2129 Modo
2348 2075 2472 2145 quid
2496 2076 2598 2132 sibi
2619 2077 2841 2134 dicunt?
2863 2081 2917 2136 In
2938 2083 3077 2140 cmlo
3097 2084 3416 2147 haberemus
3438 2090 3584 2159 quod

1992 2162 2046 2218 in
2079 2172 2217 2221 terra
2242 2167 2590 2236 perdidimus.
2624 2171 2821 2228 invasit
2846 2173 3020 2230 hostis
3039 2176 3258 2236 domum
3281 2219 3297 2246 ,
3324 2183 3582 2251 numquid

1991 2256 2265 2314 invaderet
2283 2262 2514 2316 omium?
2533 2262 2738 2318 Occidit
2757 2279 2968 2321 servum
2995 2269 3293 2338 custodem,
3322 2275 3581 2344 numquid

1990 2348 2258 2405 occideret
2287 2351 2566 2408 Dominum
2583 2357 2951 2414 servatorem?
2975 2358 3088 2426 Quo
3106 2361 3190 2430 fur
3214 2378 3313 2418 non
3343 2367 3535 2420 accedit
3553 2405 3570 2433 ,

1990 2452 2148 2515 neque
2178 2441 2310 2495 tinea
2336 2445 2845 2515 corrumpit?Quam
2883 2449 3039 2506 multi
3063 2451 3247 2508 dicunt
3271 2471 3284 2502 ε
3309 2454 3386 2510 ibi
3415 2455 3580 2515 habe-

1987 2514 2169 2586 reinus
2191 2572 2206 2598 ,
2254 2534 2326 2590 ibi
2369 2514 2578 2594 nostros
2616 2537 2639 2570 ⁴
2669 2514 2951 2597 thesauros
2993 2545 3436 2618 roeonderemus,
3469 2566 3577 2621 quo

1986 2635 2082 2678 eos
2123 2626 2298 2680 securi
2345 2638 2464 2698 post
2510 2631 2781 2700 paululum
2825 2637 3205 2705 sequeremur?
3243 2639 3418 2707 Quare
3465 2658 3575 2699 non

1985 2715 2288 2773 audivimus
2325 2719 2606 2776 Dominum
2635 2726 2917 2780 nostrum?
2939 2727 3115 2795 Quare
3155 2733 3575 2802 contempsimus

1985 2806 2196 2864 Patrem
2227 2822 2531 2869 monentem
2551 2854 2565 2880 ,
2592 2825 2647 2871 et
2674 2816 2879 2873 hostem
2904 2820 3169 2877 sensimus
3196 2821 3574 2880 invadentem?

1983 2897 2126 2970 Ergo
2170 2900 2216 2955 si
2256 2903 2541 2966 consilium
2565 2905 2796 2974 esthoc,
2825 2923 2933 2964 non
2973 2909 3142 2967 simus
3183 2912 3317 2984 pigri
3362 2914 3417 2969 in
3461 2922 3572 2972 tam

1983 2991 2125 3048 bono
2152 2995 2417 3050 consilio:
2442 3006 2498 3051 et
2516 2998 2564 3053 si
2595 2999 2870 3069 migrantis
2899 3011 3024 3058 sum
3049 3018 3168 3074 qua:
3196 3003 3479 3074 habemus,
3515 3007 3570 3064 in

1980 3097 2102 3139 eum
2147 3085 2322 3142 locum
2365 3088 2782 3157 transferamus,
2824 3093 2964 3148 unde
3003 3107 3110 3150 non
3153 3111 3218 3152 ea
3263 3097 3568 3166 perdamus.

1980 3173 2117 3242 Quid
2158 3187 2283 3232 sunt
2321 3193 2584 3250 paupera
2607 3181 2802 3251 quibus
2823 3183 3014 3240 damus
3034 3228 3050 3253 ,
3075 3187 3180 3242 nisi
3205 3187 3444 3245 iatnrarii
3473 3203 3570 3247 no-

1979 3268 2076 3321 stri
2097 3309 2111 3334 ,
2140 3283 2238 3338 per
2269 3283 2404 3339 quos
2432 3272 2484 3325 in
2511 3274 2708 3329 omium
2737 3274 2804 3330 de
2831 3283 2972 3336 terra
2999 3277 3321 3348 migramns?
3341 3280 3416 3335 Da
3447 3281 3566 3338 :lao

1979 3361 2182 3413 tnrario
2207 3369 2296 3414 tuo
2315 3360 2432 3427 das,
2457 3364 2523 3416 ad
2549 3365 2741 3420 cmlum
2765 3376 2940 3435 portat
2958 3368 3099 3438 quod
3124 3369 3238 3424 das.
3260 3371 3563 3441 Quomodo,

1978 3449 2172 3521 inquis,
2205 3452 2269 3507 ad
2295 3454 2487 3510 omium
2516 3457 2724 3524 portat?
2750 3457 2830 3514 En
2859 3459 3012 3514 video
3035 3461 3158 3531 quia
3193 3463 3564 3521 manducando

1977 3545 2265 3598 consumit.
2313 3546 2570 3612 Prorsus,
2615 3564 2723 3603 non
2768 3553 3014 3618 tenendo,
3055 3554 3148 3608 sed
3189 3556 3563 3615 manducando

1975 3645 2302 3709 transportat
2326 3641 2366 3694 ⁸.
2402 3644 2482 3695 An
2506 3643 2704 3698 excidit
2729 3644 2843 3710 tibi,
2881 3645 3056 3701 Venite
3079 3689 3094 3714 ,
3119 3647 3360 3705 benedicti
3385 3650 3562 3709 Patris

1974 3731 2073 3785 mei
2091 3772 2104 3795 ,
2145 3734 2384 3803 percipite
2417 3750 2666 3805 regnum:
2697 3738 2878 3790 esuriui
2920 3739 3082 3806 enim,
3115 3750 3161 3794 et
3185 3741 3392 3798 dedistis
3434 3747 3560 3800 mihi

1973 3824 2308 3888 manducare;
2329 3833 2401 3889 et,
2422 3824 2546 3880 Cum
2576 3829 2664 3881 um'
2705 3845 2768 3883 ea:
2799 3831 3022 3886 minim
3044 3834 3169 3888 meis
3197 3835 3404 3905 fecistis,
3432 3839 3558 3897 mihi

1971 3914 2201 3984 fecistis?
2221 3915 2276 3971 Si
2303 3924 2428 3973 ante
2472 3925 2524 3972 te
2567 3919 2961 3977 mendicantem
3007 3939 3114 3979 non
3146 3929 3553 3999 contempsisti,

1969 4005 2182 4060 attende
2211 4006 2275 4061 ad
2298 4021 2452 4077 quem
2482 4011 2780 4079 pervenerit
2807 4011 2946 4082 quod
2964 4013 3177 4071 dedisti.
3192 4016 3320 4073 Cum
3339 4019 3451 4087 uni,
3473 4021 3556 4077 in-

1966 4097 2176 4167 quit,ex
2202 4099 2422 4154 minimis
2447 4101 2568 4155 meis
2589 4101 2792 4173 fecistis,
2820 4104 2945 4158 mihi
2963 4106 3166 4176 fecistis.
3189 4105 3432 4167 Christus
3461 4127 3554 4168 ac-

1965 4188 2106 4257 cepit
2128 4187 2268 4257 qnod
2295 4189 2502 4246 dedisti.
2533 4192 2624 4248 ille
2652 4195 2877 4264 accepit,
2891 4197 2980 4266 qui
3007 4197 3099 4253 tibi
3124 4200 3266 4257 unde
3283 4202 3442 4260 dares
3459 4203 3556 4262 de-

1965 4276 2041 4333 dit
2072 4296 2085 4332 :
2116 4280 2205 4335 ille
2224 4283 2446 4352 accepit,
2469 4283 2559 4353 qni
2585 4284 2637 4338 in
2659 4284 2762 4341 fine
2791 4287 2884 4342 tibi
2905 4302 2963 4344 se
2981 4289 3154 4360 ipsum
3175 4292 3324 4350 dabit
3357 4295 3454 4370 (a).

2033 4369 2258 4427 CAPUT
2278 4371 2442 4427 lX.—
2461 4373 2514 4429 9.
2541 4373 2710 4442 Opera
2734 4378 3091 4437 misericordia
3116 4385 3225 4438 sola
3249 4369 3551 4445 commemo-

1961 4463 2125 4518 randa
2149 4474 2266 4518 sunt
2290 4467 2343 4519 in
2362 4468 2583 4537 judicio.
2627 4469 2759 4525 Nam
2790 4479 2842 4527 et
2867 4473 2969 4529 hoc
2992 4475 3296 4547 aliquando,
3327 4480 3543 4550 fratres,

1961 4557 2263 4612 commonui
2295 4556 2620 4614 Charitatem
2651 4570 2882 4619 vestram
2901 4607 2918 4630 ,
2952 4567 3094 4637 quod
3122 4585 3242 4639 me,
3269 4569 3460 4638 fateor,
3491 4575 3545 4629 in

1959 4643 2232 4716 Scriptura
2287 4649 2380 4704 Dei
2428 4652 2712 4722 plurimum
2757 4668 2974 4728 movet,
3025 4669 3079 4716 et
3135 4664 3329 4733 saepius
3370 4665 3544 4723 debeo

1960 4750 2323 4795 commonerc.
2355 4740 2504 4814 Rogo
2532 4760 2627 4801 vos
2648 4754 2706 4802 ut
2732 4749 2993 4820 cogitetis,
3019 4753 3160 4823 quod
3189 4755 3262 4809 ait
3290 4755 3405 4826 ipse
3431 4757 3543 4813 Do-

1958 4829 2137 4885 minus
2158 4840 2340 4888 noster
2365 4833 2521 4892 Jcsns
2535 4837 2800 4908 Christus,
2818 4842 2868 4896 in
2900 4841 3006 4898 fine
3029 4845 3364 4911 saeculi,cum
3381 4863 3544 4907 vene-

1957 4919 2027 4975 rit
2053 4921 2119 4976 ad
2139 4921 2398 4991 judicium
2425 4967 2439 4993 ,
2478 4941 2918 5002 congregatumm
2962 4949 3020 4990 se
3058 4951 3246 4992 omnes
3269 4948 3456 5010 gentes
3488 4944 3541 5000 in

1955 5023 2244 5082 conspectu
2273 5030 2389 5084 suo,
2419 5028 2471 5074 et
2496 5020 2784 5078 divisurum
2815 5025 3057 5082 homines
3083 5027 3134 5082 in
3172 5029 3302 5086 duas
3336 5041 3538 5102 partes,

1956 5102 2023 5158 ad
2053 5104 2324 5164 dexteram
2355 5112 2507 5181 alios,
2534 5122 2587 5170 et
2614 5115 2680 5170 ad
2709 5117 2980 5173 sinistram
3026 5120 3161 5176 alios
3204 5124 3496 5192 positurum
3516 5170 3532 5194 ,

2068 5199 2443 5280 {agitandum
2473 5218 2539 5256 ex
2573 5208 2857 5258 auctoritate
2891 5209 3112 5272 ejusdem
3141 5212 3320 5266 codicis
3351 5229 3394 5266 r.
3423 5217 3541 5280 [cur

1951 5262 2361 5328 suamet]
2917 5262 2935 5272 '
3351 5262 3525 5280 ""”'

1962 5391 1984 5404 ρ
2016 5326 2602 5404 ’gtopolbertiuogodice,
2630 5330 2839 5384 audiant
2863 5331 2936 5384 vel
2964 5336 3156 5398 experti
3181 5349 3200 5388 :
3234 5336 3318 5404 qui
3353 5339 3539 5404 timent,

1953 5389 2148 5454 faciaut_
2156 5389 2282 5439 unde
2297 5402 2389 5441 non
2407 5389 2620 5443 timeant.

1979 5450 2219 5526 "fcodex
2239 5455 2548 5526 rapum“
2965 5456 3030 5511 de
3057 5457 3283 5514 thesauro
3316 5467 3412 5526 tuo,
3451 5465 3538 5518 dat

1949 5513 2036 5566 tibi
2062 5519 2108 5564 et
2129 5513 2190 5565 de
2212 5513 2359 5566 corde
2380 5521 2476 5567 tuo.
2697 5579 2709 5590 .
3143 5513 3151 5514 “
3259 5513 3270 5514 “

2015 5577 2036 5608 ⁸
2059 5582 2189 5636 Lov.,
2213 5574 2262 5628 si
2276 5581 2488 5640 nostros;
2509 5579 2907 5632 dissentientibus
2929 5585 3120 5656 caeteris
3142 5585 3294 5656 libris.

2011 5640 2035 5672 Ι
2065 5637 2366 5672 ﬁnibus-stilum
2407 5641 2562 5672 συδδεν
2615 5648 2904 5672 summa
2925 5647 3007 5672 μι..
3054 5647 3294 5672 η..ιιΙ.ι-....,.

2065 5637 2366 5750 σὲξὲα-ειω
2407 5637 2582 5702 codex,
2613 5648 2904 5708 transportat
2925 5646 3009 5698 ubi
3050 5647 3307 5702 auditurus
3325 5662 3404 5713 as,
3450 5660 3538 5706 Vs-

2012 5761 2085 5826 (a)
2117 5763 2216 5815 vid.
2239 5775 2405 5826 suum,
2418 5777 2568 5820 sum.
2595 5767 2669 5831 18,
2692 5780 2745 5822 n.
2771 5768 2820 5831 4,
2846 5777 2894 5824 ct
2913 5770 3142 5834 serm.58,
3165 5787 3214 5824 η.
3241 5773 3290 5826 9.
