4032 6332
432 405 542 465 407

434 517 747 588 dextrisque
783 513 1074 578 dicturum,
1125 507 1332 572 Venite,
1381 502 1622 560 benedicti
1667 499 1839 555 Patris
1884 497 2009 562 mei,

433 609 678 682 percipite
700 621 906 678 regnum
924 600 1060 674 quod
1077 599 1214 654 vobis
1235 606 1469 670 paratum
1491 605 1564 650 est
1584 593 1646 649 ab
1665 593 1855 664 origine
1873 606 2018 644 mun-

436 702 509 756 di.
537 699 776 756 Sinistris
802 705 977 751 autem
997 735 1012 761 ,
1044 692 1125 748 Ite
1142 693 1196 746 in
1218 692 1386 764 ignem
1408 698 1648 744 ueternum
1665 729 1682 757 ,
1707 686 1792 758 qui
1815 699 2016 757 prwpa~

433 802 576 847 ratus
608 799 680 844 est
732 785 939 841 diabolo.
983 794 1030 839 et
1079 783 1272 856 angelis
1297 783 1427 854 ejus.
1467 780 1660 850 Qumre
1701 791 1890 834 causas
1933 773 2018 833 vel

437 892 601 938 tanta:
631 878 916 946 mercedis,
942 877 1026 932 vel
1053 875 1187 931 tanti
1214 873 1479 946 supplicii,
1507 871 1746 945 percipite
1772 882 2015 942 regnum;

440 983 525 1041 et,
552 971 633 1026 Ite
655 971 724 1029 ,in
766 969 933 1040 ignem
969 977 1230 1023 teternum.
1266 965 1441 1032 Quare
1470 963 1556 1019 isti
1575 959 1893 1033 ,percepturi
1935 971 2022 1013 re-

438 1065 640 1137 gnum?
660 1062 862 1118 Esurivi
887 1061 1040 1127 enim,
1065 1068 1112 1114 et
1133 1058 1338 1114 dedistis
1365 1055 1490 1110 mihi
1507 1053 1831 1108 manducare.
1847 1049 2022 1116 Quare

437 1159 526 1214 isti
549 1157 671 1212 ituri
697 1157 748 1210 in
778 1156 953 1226 ignem
980 1152 1276 1208 aeternum?
1299 1149 1504 1206 Esuriui
1531 1149 1693 1213 enim,
1727 1154 1773 1200 et
1796 1162 1907 1200 non
1930 1145 2020 1198 de-

440 1250 586 1304 distis
623 1247 746 1301 mihi
791 1244 1096 1299 manducare
1123 1241 1350 1315 (Matth.
1387 1255 1518 1308 xxv,
1548 1235 1754 1308 51—42).
1782 1234 1919 1304 Quid
1943 1243 2026 1290 est

439 1339 565 1407 hoc,
595 1339 763 1409 rogo?
788 1337 954 1393 Video
979 1336 1046 1392 de
1073 1336 1156 1390 bis
1177 1335 1268 1405 qui
1295 1332 1596 1404 percepturi
1622 1337 1748 1388 sunt
1769 1342 1988 1398 regnum
2005 1367 2020 1392 ,

442 1433 564 1504 quia
593 1431 854 1489 dederunt
882 1439 1132 1510 tanquam
1161 1426 1286 1482 honi
1303 1434 1359 1482 et
1376 1424 1556 1480 fideles
1581 1421 1887 1486 Christiani,
1907 1435 2026 1475 ver-

443 1528 510 1582 ba
531 1526 740 1582 Domini
763 1540 869 1580 non
890 1533 1308 1589 contemnentes,
1323 1529 1520 1576 etcum
1551 1517 1742 1573 ﬁducia
1766 1515 2027 1586 promissa

443 1627 724 1690 sperantes
742 1661 755 1685 ,
801 1617 1040 1672 fecerunt
1067 1615 1204 1681 hoc;
1233 1613 1356 1684 quia
1380 1612 1428 1667 si
1453 1626 1559 1667 non
1600 1609 1878 1674 fecissent,
1905 1606 2027 1662 vita:

445 1711 682 1780 ipsorum
703 1709 857 1763 bonae
886 1706 1141 1762 sterilitas
1177 1705 1278 1760 ista
1321 1719 1427 1760 non
1453 1703 1634 1772 utique
1669 1698 2023 1756 convenisset.

444 1801 609 1858 Forte
633 1801 774 1855 enim
801 1798 932 1854 casti
961 1804 1137 1866 erant,
1164 1810 1270 1850 non
1297 1794 1645 1860 fraudatores,
1673 1807 1782 1848 non
1808 1789 2026 1856 ebriosi,

448 1891 776 1946 abstinentes
803 1904 861 1945 se
882 1889 950 1944 ab
975 1887 1230 1959 operibus
1260 1887 1435 1943 malis.
1467 1886 1522 1943 Si
1567 1887 1669 1941 hoc
1715 1899 1821 1941 non
1863 1883 2028 1938 adde-

448 1992 589 2048 rent,
623 1982 831 2036 steriles
869 1986 1229 2035 remanerent.
1270 1977 1548 2033 Fecissem
1587 1976 1728 2031 enim
1755 2015 1770 2040 ,
1818 1974 2030 2028 Declina

448 2089 483 2126 a
506 2074 640 2126 malo
660 2087 679 2126 :
702 2087 805 2126 non
825 2070 1098 2136 fecissent,
1118 2070 1184 2123 Et
1203 2070 1287 2139 [ac
1306 2069 1492 2123 bonum
1516 2067 1684 2138 (Psal.
1705 2083 1893 2131 χχχιιι,
1918 2066 2026 2137 15).

449 2163 828 2224 Verumtamen
871 2163 1031 2218 etiam
1073 2161 1203 2232 ipsis
1240 2177 1349 2218 non
1386 2161 1497 2215 ait:
1522 2159 1741 2225 Venite,
1774 2159 2031 2229 pereipite

449 2271 701 2325 regnum;
743 2263 889 2310 caste
925 2255 1068 2310 enim
1111 2253 1352 2321 vixistis,
1381 2253 1510 2308 nulli
1540 2252 1780 2308 fraudem
1807 2252 2028 2320 fecistis,

451 2347 720 2402 neminem
741 2361 1030 2417 pauperem
1068 2345 1429 2416 oppressistis,
1455 2345 1676 2399 limitem
1716 2344 1909 2398 nullius
1951 2343 2033 2400 in-

453 2436 685 2502 vasistis,
717 2436 984 2492 neminem
1009 2436 1241 2506 jurando
1262 2434 1544 2490 fefellistis.
1575 2433 1690 2490 Non
1719 2435 1852 2489 dixit
1876 2435 2028 2491 haec:

452 2527 548 2582 sed
567 2569 582 2594 ,
615 2527 868 2598 Percipite
887 2544 1126 2599 regnum,
1154 2528 1275 2600 quia
1301 2527 1481 2582 esurivi
1499 2568 1514 2594 ,
1553 2536 1601 2582 et
1634 2526 1865 2582 dedistiss
1908 2527 2034 2581 mihi

452 2619 776 2674 manducare.
808 2619 1074 2686 Quantum
1096 2618 1200 2674 hoc
1223 2619 1468 2686 excellit,
1501 2618 1711 2689 quando
1738 2629 1930 2674 cetera
1955 2626 2034 2676 ta-

450 2710 580 2778 cuit,
611 2720 666 2766 et
694 2711 796 2767 hoc
815 2711 987 2767 solum
1016 2711 1271 2768 Dominus
1295 2710 1625 2767 nominavit?

522 2801 749 2857 CAPUT
788 2802 942 2857 X.—
965 2802 1169 2858 Rursus
1209 2801 1274 2856 ad
1319 2802 1436 2860 illos
1464 2819 1478 2856 :
1511 2801 1590 2856 Ite
1616 2802 1666 2856 in
1695 2803 1861 2874 ignem
1887 2812 2033 2858 teter-

451 2909 603 2957 num,
624 2893 712 2962 qui
736 2903 1051 2964 prteparatus
1083 2902 1156 2948 est
1183 2892 1384 2947 diabolo
1408 2902 1456 2948 et
1482 2893 1675 2964 angelis
1708 2894 1833 2964 ejus.
1861 2893 2031 2962 Quam

451 2987 616 3041 multa
643 2995 824 3056 posset
863 2986 916 3040 in
955 2985 1145 3055 impios
1184 2985 1398 3052 dicere,
1423 2983 1472 3040 si
1498 2983 2031 3055 qumrerent,'Quare

452 3078 594 3134 imus
619 3077 671 3131 in
700 3077 875 3145 ignem
905 3077 1204 3132 internum?
1233 3076 1429 3143 Quare,
1453 3075 1666 3144 quieris,
1695 3074 1924 3143 adulter,
1943 3075 2031 3131 ho-

450 3167 664 3233 micida,
693 3167 982 3233 fraudator,
1010 3167 1296 3238 sacrilege,
1325 3166 1738 3237 blasphemator,
1767 3167 2030 3224 infidelis?

452 3258 595 3315 Nihil
638 3259 829 3313 horum
857 3271 873 3310 :
905 3257 999 3313 sed
1020 3297 1036 3323 ,
1071 3257 1204 3326 Quia
1235 3257 1448 3324 esuries,
1473 3265 1520 3312 et
1544 3273 1645 3312 non
1671 3258 1878 3314 dedistis
1905 3259 2030 3314 mihi

449 3349 776 3404 manducare.

523 3439 612 3494 10.
641 3438 793 3493 Ratio
808 3455 901 3493 cur
918 3438 980 3493 de
1001 3439 1324 3509 eleemosynis
1340 3448 1534 3524 tgntum
1548 3449 1730 3512 agatur
1743 3441 1796 3494 in
1810 3441 2028 3512 judicio.

451 3530 620 3585 Video
635 3546 729 3584 vos
746 3529 948 3585 moveri
967 3530 1351 3586 sicutmoveor.
1371 3531 1438 3586 Et
1451 3546 1576 3588 vere
1599 3531 1730 3586 mira
1749 3532 2031 3602 res.Hujus

450 3631 628 3677 autem
651 3620 976 3676 admirabilis
992 3621 1066 3676 rei
1081 3620 1339 3676 rationem
1350 3622 1542 3692 colligo
1555 3631 1611 3677 ut
1622 3637 1857 3692 possum,
1871 3639 2030 3694 quam

451 3726 555 3766 vos
591 3726 698 3765 non
728 3710 932 3765 celabo.
971 3708 1235 3780 Scriptum
1255 3721 1338 3766 est
1366 3728 1380 3764 :
1407 3711 1554 3767 Sicut
1591 3728 1724 3780 aqua
1761 3714 2031 3784 exstinguit

449 3803 638 3870 ignem,
651 3801 725 3854 sic
741 3801 1053 3871 eleemosyna
1063 3801 1332 3872 exstinguit
1353 3810 1607 3872 peccatum
1619 3801 1802 3873 (Eccli.
1820 3819 1899 3872 ιιι,
1914 3806 2027 3877 35).

449 3891 583 3948 ltem
603 3893 858 3961 scriptum
880 3899 964 3946 est
990 3907 1006 3945 :
1035 3889 1246 3946 Include
1271 3891 1637 3963 eleemosynam
1655 3893 1707 3946 in
1731 3894 1880 3948 corde
1903 3913 2029 3968 pau-

451 3983 587 4053 peris
604 4023 619 4048 ,
645 3991 692 4035 et
716 3983 828 4052 ipsa
860 3999 950 4050 pro
987 3991 1034 4036 te
1065 3981 1410 4051 deprecabitur
1436 3981 1705 4036 Dominum
1730 3982 1840 4055 (Id.
1862 4001 2025 4055 XXIX,

452 4075 566 4145 15).
599 4075 727 4129 item
754 4075 1008 4144 scriptum
1035 4082 1118 4130 est
1147 4075 1163 4105 ⁸
1190 4090 1202 4125 :
1229 4073 1503 4128 Consilium
1520 4091 1682 4128 meum
1709 4077 1832 4129 audi
1849 4117 1864 4142 ,
1895 4077 2026 4145 Rex,

453 4177 500 4221 et
548 4177 751 4237 peccata
793 4175 881 4219 tua
917 4166 1241 4236 eleemosynis
1288 4165 1477 4218 redime
1526 4164 1686 4236 (Dan.
1717 4181 1790 4232 tv,
1819 4166 1933 4240 24).
1959 4168 2029 4224 Et

450 4256 556 4312 alia
601 4257 766 4312 multa
811 4266 936 4312 sunt
983 4255 1148 4311 divini
1193 4249 1404 4325 eloquii'
1434 4254 1787 4322 documenta,
1837 4258 2028 4328 quibus

451 4347 750 4404 ostenditur
768 4348 988 4402 multum
1004 4347 1182 4402 valere
1201 4347 1594 4418 eleemosynam
1607 4346 1673 4401 ad
1689 4349 2029 4419 exstinguen-

451 4439 520 4494 da
545 4447 600 4494 et
623 4438 848 4494 delenda
877 4447 1114 4508 peccata.
1141 4437 1370 4494 Proinde
1399 4437 1502 4494 illis
1527 4453 1660 4508 quos
1683 4438 2028 4498 damnaturus

448 4539 534 4586 est
551 4570 565 4595 ,
604 4531 712 4585 imo
751 4529 868 4600 plus
898 4529 1003 4584 illis
1029 4543 1164 4599 quos
1188 4537 1541 4585 coronaturus
1568 4537 1651 4584 est
1668 4570 1683 4596 ,
1714 4530 1857 4586 solas
1883 4531 2026 4587 elec-

447 4637 700 4694 mosynas
727 4621 1026 4692 imputabit,
1053 4630 1304 4691 tanquam
1329 4621 1548 4677 dicens:
1578 4621 1800 4678 Difficile
1825 4633 1940 4692 est,
1971 4633 2028 4681 ut

445 4713 497 4766 si
536 4711 834 4767 examinem
863 4724 960 4766 vos
997 4718 1053 4765 et
1093 4709 1397 4780 appendam
1425 4724 1541 4778 vos,
1569 4719 1778 4768 scruter
1798 4712 2025 4784 diligen-

449 4803 654 4858 tissime
674 4800 812 4856 facta
831 4809 1026 4867 vestra,
1051 4815 1158 4855 non
1183 4799 1448 4856 inveniam
1469 4802 1607 4858 unde
1630 4819 1726 4860 vos
1741 4803 1986 4862 damnem
2009 4825 2022 4864 :

444 4896 541 4952 sed
573 4896 644 4952 ite
669 4896 720 4950 in
753 4909 1009 4966 regnum;
1041 4893 1220 4948 esurivi
1251 4895 1412 4960 enim,
1435 4906 1486 4948 et
1509 4895 1717 4951 dedistis
1738 4897 1860 4952 mihi
1885 4915 2027 4954 man-

361 5049 365 5053 η
448 4988 654 5041 ducare.
685 4985 799 5041 Non
827 5000 954 5056 ergo
980 4984 1068 5039 itis
1089 4985 1142 5038 in
1172 4999 1416 5055 regnum,
1445 4985 1567 5056 quia
1597 5001 1702 5040 non
1726 4989 2024 5056 peceastis:

444 5081 544 5135 sed
569 5082 690 5150 quia
713 5088 888 5135 vestra
919 5085 1134 5150 peccata
1161 5077 1516 5150 eleemosynis
1541 5077 1861 5136 redemistis.
1890 5079 2027 5136 Rur-

446 5186 540 5225 sus
563 5179 618 5226 et
638 5171 739 5225 illis
763 5186 776 5224 :
804 5169 886 5225 Ite
912 5170 965 5225 in
989 5170 1158 5242 ignem
1177 5178 1440 5236 teternum,
1469 5169 1558 5240 qui
1581 5179 1786 5240 paratus
1809 5180 1882 5226 est
1906 5173 2022 5227 dia-

447 5262 561 5316 bolo
586 5271 632 5315 et
659 5263 849 5334 angelis
889 5263 1017 5334 ejus.
1049 5263 1117 5318 Et
1152 5262 1226 5318 illi
1251 5269 1497 5333 tanquam
1527 5262 1706 5329 noxii,
1747 5265 1872 5320 olim
1916 5265 2014 5333 rei,

445 5367 569 5408 sero
608 5360 916 5421 trementes,
938 5353 1273 5409 attendentes
1297 5361 1512 5423 peccata
1536 5366 1628 5408 sua
1647 5392 1664 5420 ,
1692 5353 1904 5424 quando
1925 5371 2023 5410 au-

446 5443 638 5500 derent
687 5443 894 5509 dicere,
950 5445 1215 5501 immerito
1256 5458 1316 5501 se
1359 5444 1638 5514 damnari,
1683 5445 1945 5503 immerito
1969 5449 2022 5504 in

449 5549 511 5590 se
568 5535 705 5589 hanc
755 5533 1051 5604 depromia
1095 5534 1272 5606 judice
1313 5545 1419 5591 tam
1472 5535 1617 5607 justo
1666 5538 2023 5594 sententiam?

443 5623 848 5681 Considerando
897 5626 1249 5683 conscientias
1274 5641 1419 5697 suas,
1437 5625 1826 5684 considerando
1846 5631 2023 5687 omnia

443 5753 450 5763 ’
510 5767 526 5836 ξ
553 5766 635 5816 uic
655 5771 755 5836 Am.
780 5770 853 5813 Er.
876 5769 945 5836 et.
963 5763 1268 5827 Golbertinus
1285 5765 1444 5820 codex
1464 5767 1677 5832 addunt,
1710 5767 1845 5834 quod
1879 5767 2025 5835 paulo

442 5831 554 5880 mle
583 5831 944 5879 commemoravi

1665 385 1724 445 S.
1761 381 2134 442 AUGUSTINI
2171 381 2476 442 EPISCOPI

3589 387 3700 448 108

2126 496 2340 552 vulnera
2377 498 2571 554 animae
2589 511 2720 568 suae,
2741 496 2953 570 quando
2976 498 3237 557 auderent
3257 497 3437 559 dicere
3453 543 3470 572 ,
3497 499 3701 574 Injustc

2122 587 2466 644 damnamur?
2497 590 2572 645 De
2608 591 2796 662 quibus
2823 602 2947 648 ante
2974 593 3027 648 in
3048 593 3319 664 Sapientia
3337 594 3537 652 dictum
3563 606 3650 653 est
3683 617 3700 654 :

2125 678 2410 735 Traducent
2459 699 2542 738 eos
2581 699 2642 737 ex
2681 683 2890 738 adverso
2916 685 3200 754 iniquitates
3224 702 3399 741 eorum
3428 687 3594 761 (Sap.
3625 705 3699 759 tv,

2122 771 2235 842 20).
2264 772 2390 828 Sine
2425 772 2585 830 dubio
2608 774 2858 830 videbunt
2884 791 2942 831 se
2959 776 3102 846 iuste
3144 777 3387 834 damnari
3433 795 3530 850 pro
3574 794 3701 857 sce-

2124 863 2324 920 leribus
2371 873 2425 920 et
2467 866 2774 922 criminibus
2823 867 2983 924 suis:
3025 878 3080 925 et
3129 872 3279 940 quasi
3331 871 3408 928 eis
3458 872 3705 942 diceret,

2124 953 2264 1024 Non,
2286 971 2392 1011 non
2413 956 2532 1013 inde
2558 957 2697 1014 unde
2717 959 2930 1028 putatis;
2943 959 3039 1016 sed
3057 961 3176 1032 quia
3193 962 3394 1030 esurivi,
3416 973 3465 1019 et
3490 981 3592 1018 non
3614 967 3709 1022 de-

2127 1048 2272 1103 distis
2297 1050 2419 1104 mihi
2445 1050 2768 1106 manducare.
2795 1051 2850 1108 Si
2867 1052 3009 1108 enim
3025 1053 3092 1109 ah
3114 1054 3219 1110 illis
3238 1057 3484 1112 omnibus
3507 1060 3708 1116 vestris

2128 1139 2282 1196 factis
2309 1142 2511 1209 aversi,
2541 1151 2596 1198 et
2622 1143 2689 1198 ad
2734 1159 2819 1199 me
2863 1147 3130 1214 conversi,
3160 1147 3248 1203 illa
3272 1149 3454 1204 omnia
3482 1150 3709 1208 crimina

2128 1239 2288 1301 atque
2331 1243 2544 1302 peccata
2592 1233 2949 1307 eleemosynis
2995 1236 3378 1308 redemissetis,
3405 1241 3534 1312 ipsae
3563 1242 3713 1298 elee-
3767 1225 3772 1230 ’

2129 1339 2368 1397 mosyna:
2407 1325 2566 1381 modo
2605 1327 2896 1384 liberarent
2940 1344 3068 1395 vos,
3097 1339 3151 1385 et
3187 1345 3218 1385 a
3256 1339 3404 1386 reatu
3443 1340 3711 1389 tantorum

2131 1415 2412 1470 criminum
2443 1417 2800 1473 absolverent.
2828 1417 2974 1472 Beati
3011 1421 3154 1476 enim
3183 1423 3556 1492 misericordes,
3583 1442 3713 1495 quo-

2131 1507 2268 1560 niam
2288 1506 2415 1574 ipsis
2438 1507 2778 1562 misericordia
2803 1510 3119 1578 praestabitur
3137 1511 3350 1580 (Matth.
3375 1528 3428 1579 v,
3459 1512 3537 1585 7).
3557 1514 3718 1570 Modo

2131 1606 2308 1651 autem
2328 1597 2393 1650 ite
2411 1597 2463 1650 in
2481 1597 2648 1668 ignem
2668 1609 2926 1668 internum.
2944 1599 3203 1655 Iudicium
3221 1602 3329 1658 sine
3347 1603 3712 1675 misericordia,

2133 1687 2178 1741 ei
2202 1687 2288 1756 qui
2316 1704 2416 1741 non
2441 1689 2558 1758 fecit
2583 1690 2978 1744 misericordiam
3001 1690 3202 1763 (Jacobi
3226 1709 3282 1760 ιι,
3317 1695 3434 1767 15).

2206 1781 2431 1838 CAPUT
2469 1781 2560 1837 Xl.
2583 1813 2653 1822 —
2679 1784 2764 1838 11.
2801 1783 2941 1840 Deus
2965 1802 3107 1856 egere
3129 1787 3283 1841 voluit
3310 1789 3364 1842 in
3388 1791 3716 1860 pauperibus.

2134 1875 2626 1932 Commendaverim
2694 1877 2878 1945 vobis,
2929 1877 3118 1934 fratres
3165 1881 3313 1936 mei:
3343 1881 3464 1938 date
3523 1899 3721 1954 panem

2136 1979 2426 2036 terrenum,
2454 1979 2508 2026 et
2526 1972 2734 2041 pulsate
2751 1971 2819 2027 ad
2844 1973 3136 2029 caelestem.
3160 1974 3416 2032 Dominus
3435 1978 3585 2046 panis
3598 1989 3679 2034 est
3703 1996 3720 2036 :

2135 2061 2250 2133 Ego
2273 2079 2386 2117 sum
2410 2062 2576 2133 panis,
2619 2062 2806 2133 inquit,
2839 2065 2953 2118 ritte
2986 2063 3162 2135 (Joan.
3189 2081 3271 2132 vr,
3297 2066 3408 2138 35).
3438 2067 3725 2135 Quomodo

2135 2153 2284 2209 dabit
2308 2154 2420 2221 tibi,
2450 2155 2538 2224 qui
2566 2170 2672 2210 non
2701 2153 2799 2210 das
2825 2157 3001 2227 egenti
3027 2157 3051 2210 ?
3077 2157 3211 2228 Eget
3234 2158 3301 2214 ad
3331 2169 3382 2215 te
3406 2159 3558 2228 alter,
3593 2177 3725 2232 eges

2136 2245 2206 2301 ad
2224 2246 2450 2302 alterum
2479 2264 2492 2301 :
2525 2256 2578 2302 et
2620 2261 2742 2302 cum
2787 2263 2913 2319 eges
2958 2249 3024 2304 ad
3073 2250 3298 2306 alterum
3341 2260 3397 2307 et
3430 2261 3551 2324 eget
3575 2253 3644 2309 ad
3671 2263 3725 2310 te

2137 2338 2292 2404 alter,
2325 2339 2411 2393 ille
2439 2338 2506 2393 ad
2542 2348 2785 2409 egentem
2833 2350 2972 2412 eget.
3028 2341 3159 2397 Nam
3186 2343 3251 2398 ad
3296 2359 3453 2416 quem
3490 2354 3546 2402 tu
3570 2361 3721 2417 eges,

2138 2429 2332 2484 nullius
2375 2438 2512 2500 eget.
2555 2429 2662 2485 Fac
2688 2431 2830 2501 quod
2858 2433 2998 2489 circa
3027 2443 3077 2488 te
3105 2433 3214 2488 ﬁat.
3243 2433 3360 2491 Non
3404 2438 3546 2492 enim
3583 2453 3724 2509 quo-

2139 2521 2298 2578 modo
2318 2522 2458 2577 inter
2476 2537 2536 2578 se
2558 2523 2732 2578 solent
2749 2523 3112 2596 improperare
3130 2527 3359 2598 quodam
3377 2529 3535 2586 modo
3556 2530 3726 2588 bene-

2140 2609 2261 2667 ﬁcia
2287 2611 2444 2667 amici
2473 2627 2489 2666 :
2519 2611 2631 2683 Ego
2661 2612 2752 2668 tibi
2789 2615 3006 2684 pmstiti
3058 2615 3197 2680 hoc;
3251 2619 3622 2688 respondetur,
3655 2621 3726 2676 Et

2138 2717 2240 2774 ego
2263 2703 2355 2758 tibi
2381 2703 2516 2758 hoc:
2545 2703 2656 2759 vult
2686 2714 2742 2758 ut
2772 2714 3087 2776 praestemus
3111 2707 3181 2774 ei,
3211 2708 3332 2778 quia
3361 2717 3415 2765 et
3441 2709 3556 2781 ipse
3579 2714 3728 2782 prae;

2140 2796 2276 2852 stitit
2312 2797 2486 2852 nobis.
2513 2796 2717 2852 Nullius
2746 2797 2964 2869 indiget,
2998 2799 3117 2856 ideo
3148 2815 3303 2856 verus
3331 2811 3416 2858 est
3442 2803 3722 2862 Dominus.
3814 2801 3816 2803 ’

2138 2886 2263 2942 Dixi
2281 2886 2499 2943 Domino
2525 2906 2544 2943 :
2572 2887 2711 2944 Deus
2731 2906 2870 2944 meus
2894 2907 2945 2945 es
2963 2900 3035 2957 tu,
3063 2893 3298 2962 quoniam
3321 2893 3563 2950 bonorum
3585 2913 3725 2952 meo-

2137 2997 2253 3034 rum
2280 2997 2382 3036 non
2407 2999 2516 3053 eges
2538 2980 2707 3052 (Psat.
2736 2997 2827 3047 xv,
2852 2981 2930 3052 2).
2979 2982 3112 3038 Cum
3137 2999 3264 3056 ergo
3291 2986 3361 3041 sit
3385 2987 3639 3044 Dominus
3667 2999 3728 3046 et

2140 3085 2300 3127 verus
2346 3072 2620 3140 Dominus,
2667 3082 2722 3128 et
2748 3072 3008 3128 bonorum
3053 3084 3355 3131 nostrorum
3385 3092 3490 3132 non
3529 3089 3721 3150 egeat;

2141 3172 2317 3219 tamen
2345 3172 2402 3219 ut
2427 3164 2624 3236 aliquid
2649 3166 2806 3220 etiam
2836 3181 2959 3236 erga
2985 3166 3133 3222 illum
3169 3167 3479 3239 faceremus,
3515 3173 3727 3231 esurire

2139 3256 2384 3328 dignatus
2409 3266 2492 3312 est
2520 3257 2572 3312 in
2602 3258 2923 3329 pauperibus
2950 3260 3078 3315 suis.
3110 3259 3330 3331 Emi-ivi,
3354 3264 3539 3334 inquit,
3563 3273 3609 3319 et
3633 3265 3726 3320 de.

2137 3350 2281 3404 distis
2309 3349 2432 3404 mihi
2463 3352 2782 3406 manducare.
2813 3353 3045 3417 Domine,
3072 3356 3276 3425 quando
3303 3364 3350 3411 te
3371 3357 3584 3413 vidimus
3608 3375 3725 3414 esu-

2136 3441 2344 3494 rientem
2365 3441 2391 3495 ?
2417 3439 2544 3495 Cum
2567 3442 2653 3495 uni
2677 3458 2741 3496 ex
2755 3443 2974 3498 minimis
2998 3445 3119 3500 meis
3139 3445 3346 3515 fecistis,
3373 3448 3495 3502 mihi
3509 3449 3720 3521 fecistis.

2137 3531 2383 3589 Breviter
2412 3548 2539 3605 ergo
2561 3533 2780 3590 audiant
2809 3536 3069 3603 homines,
3094 3537 3356 3611 digneque
3381 3541 3725 3598 considerent

2137 3632 2390 3694 quantum
2405 3624 2472 3679 sit
2491 3625 2757 3691 meritum,
2779 3624 3047 3682 Christum
3064 3629 3272 3697 pavisse
3297 3631 3646 3698 esurientem;
3663 3641 3724 3689 et

2137 3715 2294 3786 quale
2315 3715 2385 3771 sit
2411 3717 2635 3784 crimen,
2664 3716 2930 3774 Christum
2958 3722 3342 3792 contempsisse
3371 3724 3719 3786 esurientem.

2208 3807 2297 3862 12.
2347 3807 2651 3864 Ptenitentia
2693 3810 2875 3864 sterilis
2926 3811 3054 3866 nihil
3110 3813 3333 3883 prodest.
3382 3814 3548 3871 Mutat
3596 3819 3722 3888 qui-

2135 3899 2256 3955 dem
2283 3899 2529 3956 homines
2565 3901 2619 3956 in
2661 3901 2852 3958 melius
2878 3904 3187 3972 poenitentia
3213 3915 3591 3975 peccatorum:
3621 3911 3720 3964 sed

2135 4004 2236 4045 nee
2261 3990 2372 4061 ipsa
2396 3991 2604 4046 videtur
2630 3991 2826 4062 aliquid
2851 3993 3145 4063 profutura,
3177 3997 3222 4051 si
3248 3997 3316 4052 ab
3343 3999 3592 4068 operibus
3616 4003 3722 4056 mi-

2135 4080 2436 4136 sericordia
2463 4081 2660 4137 sterilis
2699 4081 2872 4139 fuerit.
2919 4084 3168 4142 Testatur
3214 4086 3316 4144 hoc
3362 4089 3570 4146 Veritas
3619 4107 3719 4163 per

2133 4170 2412 4239 Joannem,
2455 4171 2545 4242 qui
2594 4174 2927 4230 venientibus
2969 4176 3035 4231 ad
3069 4190 3129 4232 se
3165 4176 3375 4234 dicebat
3405 4195 3420 4234 :
3449 4178 3719 4237 Generatio

2133 4262 2435 4331 viperarum,
2481 4263 2590 4332 quis
2631 4264 2767 4320 vobis
2806 4265 3019 4320 ostendit
3065 4267 3242 4337 fugere
3261 4269 3324 4324 ab
3351 4270 3427 4323 ira
3461 4281 3671 4326 ventura
3691 4275 3723 4328 Ρ

2133 4353 2310 4409 Facite
2345 4371 2462 4428 ergo
2504 4357 2683 4427 dignos
2727 4349 2918 4427 fructus
2959 4361 3277 4430 ptenitentite.
3305 4361 3374 4416 Et
3401 4379 3465 4419 ne
3512 4364 3717 4434 dicatis,

2135 4447 2344 4504 Patrem
2381 4449 2619 4504 habemus
2651 4449 2929 4506 Abraham.
2958 4451 3089 4506 Dico
3131 4450 3264 4508 enim
3286 4455 3440 4523 vobis,
3473 4457 3590 4527 quia
3615 4474 3715 4528 po-

2135 4549 2242 4596 tens
2267 4551 2341 4598 est
2361 4541 2498 4597 Dens
2522 4543 2585 4597 de
2608 4543 2862 4613 lapidibus
2890 4543 2999 4600 istis
3036 4546 3276 4601 suscitare
3303 4545 3440 4616 ﬁlios
3469 4549 3714 4606 Ahrahte.

2131 4632 2254 4688 lam
2280 4634 2411 4688 enim
2435 4635 2622 4689 securis
2637 4635 2704 4688 ad
2717 4635 2938 4690 radicem
2964 4637 3201 4691 arborum
3229 4639 3393 4706 posita
3410 4648 3503 4695 est.
3533 4639 3718 4698 Omnis

2133 4743 2250 4798 ergo
2280 4728 2430 4782 arbor
2454 4744 2554 4782 non
2584 4729 2773 4799 faciens
2803 4731 3023 4801 fructum
3047 4731 3251 4797 bonum,
3282 4731 3556 4801 excidetur,
3590 4735 3717 4790 etin

2132 4818 2298 4887 ignem
2323 4819 2563 4872 mittetur.
2591 4818 2667 4874 De
2696 4819 2798 4875 hoc
2826 4821 3006 4892 utique
3028 4821 3202 4878 fructu
3225 4824 3468 4893 superius
3485 4825 3577 4882 ait.
3603 4824 3717 4882 Fa-

2133 4908 2229 4961 cite
2253 4907 2444 4978 fructus
2473 4909 2650 4979 dignos
2679 4911 3001 4980 pwnitentite.

2202 4997 2426 5054 CAPUT
2467 4997 2581 5054 Xll.
2611 5029 2682 5040 —
2706 5001 2954 5074 Quisquis
2980 5003 3161 5075 itaque
3198 5006 3329 5064 istos
3373 5007 3575 5064 fruetus
3602 5023 3712 5065 non

2131 5089 2336 5157 fecerit,
2369 5091 2485 5146 sine
2513 5107 2672 5148 causa
2700 5105 2848 5164 putat
2871 5111 2964 5166 per
2993 5097 3230 5154 sterilem
3255 5101 3617 5170 paenitentiam
3648 5116 3713 5159 se

2130 5183 2324 5238 mereri
2351 5182 2554 5238 veniam
2603 5192 2965 5255 peccatorum.
3007 5187 3108 5256 Qui
3137 5189 3245 5244 sint
3271 5200 3453 5247 autem
3474 5191 3563 5248 isti
3591 5192 3713 5249 fru-

2129 5278 2267 5339 ctus,
2298 5272 2412 5342 ipse
2441 5283 2832 5344 consequenter
2858 5277 3108 5333 ostendit.
3146 5277 3281 5335 Nam
3310 5290 3430 5352 post
3452 5282 3569 5338 haec
3592 5283 3714 5353 ejus

2130 5363 2289 5419 verba
2320 5363 2716 5436 interrogabant
2758 5381 2880 5423 eum
2909 5369 3098 5435 turbas,
3126 5369 3400 5428 dicentes:
3427 5373 3565 5442 Quid
3589 5389 3712 5446 ergo

2130 5455 2372 5526 faciemus
2396 5455 2423 5510 ?
2444 5454 2498 5512 id
2526 5466 2625 5522 est,
2666 5458 2755 5528 qni
2781 5468 2905 5514 sunt
2932 5460 3020 5516 isti
3055 5459 3276 5529 fructus,
3305 5478 3440 5534 quos
3467 5471 3524 5520 ut
3548 5464 3714 5522 facia-

2129 5559 2248 5600 mus
2281 5545 2530 5613 hortaris,
2571 5556 2625 5604 et
2653 5547 2861 5606 terres?
2909 5551 3258 5622 Respondeas
3286 5564 3464 5612 autem
3499 5557 3713 5616 dicebat

2128 5637 2234 5694 illis
2264 5655 2279 5697 :
2313 5639 2412 5706 Qui
2451 5640 2598 5696 habet
2638 5644 2766 5697 duas
2804 5645 3016 5713 tunicas,
3042 5645 3124 5700 det
3151 5663 3252 5702 non
3293 5647 3523 5716 habenti;
3547 5659 3596 5705 et
3621 5652 3714 5722 qui

2129 5733 2275 5787 habet
2301 5750 2459 5798 escas,
2487 5735 2712 5791 similiter
2745 5737 2900 5808 faciat
2930 5737 3080 5810 (Luc.
3107 5755 3186 5806 ιιι,
3211 5739 3388 5813 7-11).
3427 5741 3560 5809 Quid
3588 5759 3708 5798 ma-
3791 5785 3808 5798 .

2131 5823 2394 5894 nifestius,
2416 5825 2606 5883 fratres
2626 5828 2762 5885 mei?
2788 5828 2913 5902 quid
2942 5831 3178 5887 certius?
3203 5831 3330 5904 quid
3353 5829 3698 5906 expressius?
