4032 6332
201 450 300 510 409

200 566 328 638 Quid
358 578 489 635 ergo
508 558 653 617 aliud
677 562 852 622 sonat,
879 549 1022 624 quod
1048 544 1293 638 superius
1314 541 1409 612 ait,
1438 534 1785 638 omnis-arbor

202 630 298 717 non
355 630 550 729 faciens
602 657 822 724 fructum
875 646 1079 707 bonum,
1127 637 1404 704 excidetur,
1454 632 1572 690 etin
1620 630 1786 700 ignem

199 725 416 812 priuetur
446 764 468 805 :
487 746 590 803 nisi
616 742 758 816 quod
783 737 983 796 sinistri
1011 732 1241 790 audituri
1268 736 1412 798 sunt,
1441 725 1519 783 Ite
1542 727 1595 781 in
1621 727 1786 797 ignem

148 890 153 897 ς
201 857 475 908 internum;
505 837 690 897 esuriui
721 834 873 900 enim,
896 840 943 885 et
968 846 1068 884 non
1090 824 1297 880 dedistis
1314 822 1438 876 mihi
1452 817 1785 875 manducare?

201 939 389 996 Parum
439 942 527 989 est
576 932 757 1000 itaque
807 922 1059 980 recedere
1086 935 1117 975 a
1164 915 1415 988 peccatis,
1444 914 1489 969 si
1521 910 1784 983 praeterita

201 1043 384 1086 curare
410 1021 714 1095 neglexeris
745 1037 759 1072 :
802 1018 939 1073 sicut
978 1012 1232 1082 scriptum
1256 1016 1358 1074 est,
1390 1005 1516 1074 Fili,
1546 1004 1782 1075 peccasti,

201 1140 257 1178 ne
292 1119 513 1192 adjicias
558 1117 758 1170 iteratur.
797 1111 864 1166 Et
895 1123 963 1164 ne
1004 1107 1107 1161 hoc
1133 1104 1249 1160 solo
1277 1113 1520 1156 securum
1567 1108 1786 1192 senesse

202 1186 409 1286 putaret
440 1230 452 1264 :
484 1209 553 1263 Et
600 1207 662 1261 de
691 1203 936 1277 pristinis,
974 1198 1163 1269 inquit,
1195 1195 1481 1286 deprecare,
1505 1198 1567 1286 ut
1597 1186 1685 1242 tibi
1709 1187 1785 1286 di-

201 1277 464 1359 initiantur
491 1298 678 1372 (Eccli.
708 1311 826 1362 xxx,
858 1291 934 1364 l).
962 1289 1065 1347 Sed
1086 1287 1209 1359 quid
1230 1283 1462 1366 proderit
1488 1277 1782 1372 deprecari,

201 1396 243 1451 si
272 1405 321 1449 te
350 1408 466 1447 non
492 1369 713 1461 dignum
738 1385 930 1441 feceris
955 1380 1229 1447 exaudiri,
1278 1391 1382 1431 non
1410 1371 1650 1429 faciendo
1676 1369 1787 1424 fru-

201 1500 279 1545 tus
305 1486 503 1557 dignos
528 1480 891 1555 paenitentia;
922 1486 979 1532 ut
1005 1485 1252 1544 tanquam
1286 1468 1481 1526 sterilis
1504 1466 1663 1521 arbor
1691 1480 1786 1557 es-

200 1556 417 1648 cidaris,
448 1579 578 1635 etin
605 1576 780 1646 ignem
810 1569 1074 1627 mittaris?
1096 1566 1153 1623 Si
1184 1578 1311 1635 ergo
1342 1561 1497 1616 vultis
1522 1556 1783 1624 exaudiri,

202 1693 314 1735 cum
337 1670 707 1745 deprecamini
743 1683 840 1738 pro
865 1664 1095 1737 peccatis
1118 1660 1330 1725 vestris,
1356 1654 1619 1719 Dimittite,
1643 1652 1789 1745 et

202 1742 428 1825 mittetur
442 1764 600 1830 vobis,
621 1764 756 1828 date,
781 1769 826 1814 et
855 1757 1055 1812 dabitur
1080 1753 1216 1808 vobis
1248 1750 1397 1823 (Luc.
1414 1764 1488 1813 γι,
1511 1746 1578 1802 57
1607 1752 1653 1799 et
1672 1742 1787 1813 38).

743 1872 969 1932 sermo
1007 1870 1161 1927 LXl‘
1193 1868 1291 1941 (α).

205 1991 275 2045 De
291 1988 456 2044 verbis
471 1981 736 2054 Evangelii
764 1978 994 2034 illattbtei
1018 1992 1108 2042 vn,
1128 1974 1273 2040 7-H,
1304 1972 1495 2037 Petite,
1513 1977 1567 2024 et
1581 1966 1792 2022 dabitur

236 2084 407 2147 vobis,
423 2090 520 2136 etc.
541 2072 930 2131 Exhortatorius
946 2071 1010 2124 ad
1027 2067 1286 2141 faciendas
1306 2066 1643 2135 eleemosynus
1658 2061 1752 2133 (b).

268 2198 497 2256 CAPUT
541 2192 826 2251 PRIMUM.
881 2221 952 2231 —
994 2189 1046 2244 1.
1103 2185 1259 2240 Pater
1302 2192 1467 2239 noster
1507 2182 1648 2238 Deus
1696 2189 1787 2237 est.

206 2295 256 2349 ln
306 2292 547 2348 lectione
595 2286 765 2343 sancti
807 2282 1080 2353 Evangelii
1126 2280 1366 2335 hortatus
1417 2284 1501 2332 est
1541 2290 1638 2331 nos
1689 2274 1793 2328 Do-

207 2387 376 2443 minus
430 2382 501 2438 ad
531 2379 810 2436 orandum.
836 2375 1017 2441 Petite,
1067 2372 1258 2443 inquit,
1289 2382 1335 2425 et
1375 2369 1577 2424 dabitur
1625 2368 1792 2432 vobis;

206 2477 427 2547 qucrite,
464 2486 509 2528 et
538 2471 834 2533 invenietis;
854 2465 1070 2537 pulsate,
1096 2472 1143 2518 et
1165 2463 1417 2535 aperietur
1436 2461 1590 2515 vobis.
1618 2459 1794 2514 Omnis

207 2569 329 2623 enim
346 2566 436 2637 qui
467 2564 609 2635 petit,
649 2560 862 2630 accipit;
912 2566 956 2611 et
998 2570 1224 2626 quaerens
1255 2554 1460 2617 invenit,
1502 2561 1546 2607 et
1572 2550 1795 2622 pulsanti

206 2658 477 2729 aperietur.
508 2655 608 2707 Aut
634 2651 746 2723 quis
766 2658 836 2704 est
865 2665 927 2703 ea:
950 2647 1084 2701 vobis
1126 2647 1297 2712 homo,
1342 2660 1373 2697 a
1391 2660 1490 2714 quo
1514 2644 1633 2713 petit
1659 2641 1795 2711 ﬁlius

208 2752 310 2819 ejus
357 2763 575 2818 panem,
626 2740 871 2811 numquid
916 2739 1134 2809 lapident
1184 2738 1404 2809 porriget
1459 2737 1548 2790 ei?
1610 2735 1710 2789 Aut
1751 2735 1797 2789 si

210 2843 389 2911 piscem
418 2836 639 2909 petierit,
662 2832 904 2902 numquid
920 2839 1196 2900 serpentem
1213 2829 1433 2900 porriget
1456 2829 1501 2881 ei
1518 2828 1542 2882 Ρ
1565 2827 1667 2880 Aut
1681 2842 1797 2880 cum

210 2934 322 3003 petit
351 2946 529 2995 ovum,
584 2924 828 2996 numquid
866 2923 1179 2993 scorpionem
1216 2920 1435 2991 porriget
1462 2919 1549 2973 ei?
1591 2918 1652 2973 Si
1679 2934 1796 2989 ergo

211 3040 308 3091 vos,
352 3021 552 3091 inquit,
579 3035 695 3073 cum
728 3017 837 3072 sitis
874 3014 1014 3080 mali,
1049 3012 1205 3067 nostis
1234 3012 1363 3067 bona
1388 3011 1508 3064 data
1528 3010 1651 3063 dare
1676 3009 1797 3078 ﬁliis

210 3116 411 3179 castris;
432 3122 620 3185 quanto
646 3098 805 3181 magis
830 3108 988 3161 Pater
1009 3115 1186 3173 vester,
1218 3105 1305 3174 qui
1326 3105 1380 3158 in
1412 3104 1548 3159 ctelis
1572 3112 1664 3169 est,
1702 3104 1796 3156 da-

211 3209 273 3262 bit
310 3208 448 3261 bona
489 3204 767 3281 petentibus
818 3203 909 3256 se?
937 3199 1064 3255 Cum
1092 3199 1220 3264 sitis,
1259 3198 1446 3268 inquit,
1478 3196 1621 3265 mali,
1642 3197 1798 3251 nostis

213 3300 333 3353 bona
355 3299 483 3351 data
498 3297 623 3351 dare
652 3295 771 3365 ﬁliis
796 3293 993 3348 uestris.
1023 3289 1259 3345 Miranda
1286 3303 1393 3354 res,
1417 3288 1607 3343 fratres
1636 3304 1649 3341 :
1672 3287 1796 3342 mali

213 3407 411 3459 sumus,
440 3398 496 3445 et
530 3390 731 3443 bonum
762 3387 971 3442 Patrem
1003 3385 1280 3440 habemus.
1304 3382 1439 3450 Quid
1469 3383 1798 3439 evidentius?
1838 3377 1843 3382 ’

212 3484 523 3540 Audivimus
548 3496 746 3536 nomen
772 3488 1012 3535 nostrum
1039 3495 1051 3531 :
1081 3477 1208 3532 Cum
1250 3476 1376 3541 sitis,
1428 3477 1625 3546 inquit,
1678 3476 1799 3529 mali

212 3576 335 3631 bona
354 3577 481 3630 data
506 3574 665 3628 nostis
689 3574 810 3627 dare
836 3571 957 3641 ﬁliis
980 3570 1174 3625 uestris.
1199 3568 1269 3623 Et
1291 3584 1425 3640 quos
1443 3568 1576 3624 dixit
1606 3569 1794 3637 malos,

213 3669 381 3725 ridete
410 3667 628 3738 qualem
673 3666 885 3720 Patrem
925 3662 1027 3719 illis
1063 3661 1296 3717 ostendit
1336 3678 1350 3715 :
1399 3660 1598 3726 Quanto
1639 3661 1801 3731 magis

214 3761 363 3816 Pater
378 3769 542 3815 uester
556 3760 579 3813 ?
595 3758 833 3825 Quorum
851 3757 1008 3811 Pater
1027 3755 1050 3808 ?
1070 3753 1226 3810 Certe
1243 3755 1524 3809 malorum.
1546 3753 1615 3807 Et
1631 3754 1800 3823 qualis

214 3853 399 3908 Pater?
430 3850 602 3906 Nemo
622 3851 800 3915 bonus,
832 3849 930 3903 nisi
946 3848 1081 3902 solus
1105 3846 1244 3901 Deus
1260 3845 1571 3917 (Luc.xvm,
1602 3846 1712 3915 19).

276 3944 508 4001 CAPUT
550 3944 615 3999 ll.
670 3974 740 3984 ——
778 3942 832 3996 2.
876 3940 1041 3995 Homo
1090 3942 1153 3995 de
1201 3940 1336 3994 malo
1388 3939 1546 3993 bonus
1598 3955 1698 3993 non
1742 3940 1802 4008 ﬁt

216 4039 305 4092 nisi
332 4054 366 4091 a
392 4036 527 4091 Deo.
576 4034 882 4106 Pelagianos
925 4034 1202 4104 redarguit.
1249 4032 1410 4103 Ergo,
1441 4030 1653 4097 fratres,
1681 4030 1801 4087 ideo

214 4131 333 4185 mali
358 4131 565 4185 bonum
592 4128 802 4183 Patrem
824 4125 1104 4191 habemus,
1136 4142 1204 4181 ne
1222 4140 1434 4196 semper
1458 4126 1585 4180 mali
1628 4140 1803 4181 rema-

215 4236 454 4277 neamus.
494 4220 668 4277 Nemo
717 4219 889 4274 malus
932 4217 1057 4273 facit
1090 4218 1307 4273 bonum.
1364 4217 1421 4273 Si
1446 4232 1604 4274 nemo
1631 4218 1803 4274 malus

214 4313 332 4367 facit
360 4312 588 4378 bonum,
620 4310 781 4365 homo
810 4311 981 4365 malus
1017 4308 1284 4380 quomodo
1333 4324 1392 4365 se
1416 4309 1540 4365 facit
1562 4310 1802 4366 bonum?

216 4404 360 4461 Facit
383 4405 456 4460 de
488 4404 631 4459 malo
661 4404 878 4468 bonum,
920 4401 1012 4472 qui
1056 4416 1268 4471 semper
1319 4409 1401 4456 est
1438 4401 1630 4457 bonus.
1659 4400 1804 4456 Sana

217 4513 309 4564 me,
344 4497 580 4561 Domine,
615 4495 802 4565 inquit,
837 4504 884 4549 et
909 4494 1374 4561 sanabor;salvum
1403 4512 1481 4549 me
1500 4498 1602 4567 fac,
1624 4504 1671 4550 et
1695 4496 1802 4551 sal-

218 4602 302 4641 vus
328 4604 415 4641 ero
445 4586 659 4660 (Ierem.
689 4601 816 4651 xvn,
839 4585 952 4656 14).
977 4584 1114 4653 Quid
1138 4585 1269 4639 mihi
1293 4584 1473 4640 dicunt
1496 4586 1616 4641 vani
1635 4602 1801 4642 vana:

220 4678 293 4733 Tu
312 4689 364 4734 te
390 4678 602 4733 salvum
631 4676 781 4742 facis,
816 4675 860 4730 si
881 4676 1114 4731 volueris
1140 4676 1162 4730 ?
1190 4676 1333 4732 Sana
1350 4694 1446 4741 me,
1492 4676 1729 4744 Domine,
1758 4688 1805 4733 et

218 4771 451 4824 sanubor.
488 4768 598 4824 Nos
643 4767 766 4823 boni
797 4766 997 4822 conditi
1024 4781 1207 4823 sumus
1228 4781 1259 4822 a
1306 4766 1447 4823 bono
1479 4767 1640 4823 :fecit
1663 4770 1804 4824 enim

221 4861 354 4918 Deus
380 4861 659 4917 hominem
688 4869 890 4915 rectum
936 4858 1131 4932 (Eccle.
1171 4875 1266 4927 vn,
1294 4860 1415 4931 50);
1459 4860 1681 4918 arbitrio
1708 4877 1805 4916 au-

221 4962 322 5010 tem
351 4964 541 5011 nostro
570 4953 691 5008 facti
720 4967 905 5008 sumus
926 4952 1069 5007 mali.
1100 4952 1379 5007 Potuimus
1414 4968 1535 5010 esse
1560 4968 1624 5009 ex
1653 4952 1807 5010 bouis

223 5049 361 5114 mali,
393 5055 451 5103 et
473 5046 766 5117 poterimus
795 5060 914 5101 esse
945 5060 1010 5100 ex
1043 5044 1195 5100 malis
1240 5044 1388 5099 boni.
1418 5044 1522 5101 Sed
1549 5046 1639 5117 qui
1665 5061 1808 5103 sem-

225 5153 314 5209 per
347 5148 434 5196 est
475 5139 668 5207 bonus,
700 5138 816 5208 ipse
864 5136 988 5192 facit
1021 5151 1085 5193 ex
1114 5136 1256 5191 malo
1275 5136 1512 5193 bonum:
1541 5139 1663 5209 quia
1692 5139 1809 5210 ipse

226 5229 379 5286 homo
403 5230 677 5287 voluntate
698 5243 793 5285 sua
821 5244 882 5285 se
909 5243 1100 5284 sanare
1120 5242 1227 5283 non
1247 5230 1438 5299 potuit.
1468 5228 1585 5286 Non
1614 5232 1811 5302 quaeris

228 5322 512 5391 medicum,
540 5329 600 5376 ut
624 5321 877 5377 vulneres
925 5329 1015 5375 te:
1044 5318 1139 5375 sed
1179 5334 1301 5376 cum
1327 5320 1700 5379 vulneraveris
1718 5332 1768 5380 te
1789 5365 1806 5392 ,

226 5414 417 5484 quaeris
460 5413 552 5484 qui
600 5421 754 5469 sanet
786 5420 857 5467 te.
907 5411 1053 5467 Bona
1078 5426 1205 5482 ergo
1246 5412 1538 5468 secundum
1576 5424 1805 5486 tempus,

227 5503 362 5560 bona
398 5504 732 5574 temporalia,
778 5503 1096 5574 corporalia,
1133 5503 1367 5558 carnalia
1399 5504 1642 5560 novimus
1680 5506 1810 5562 dare

228 5595 344 5653 filiis
369 5596 588 5663 nostris,
620 5597 779 5651 etiam
810 5610 932 5650 cum
959 5594 1127 5651 simus
1159 5594 1305 5649 mali.
1333 5595 1478 5650 Bona
1515 5597 1658 5651 enim
1687 5607 1811 5652 sunt

289 5722 309 5739 ‘
334 5723 402 5791 Ad
436 5729 542 5775 tres
572 5723 656 5772 bu:
682 5723 740 5773 ad
758 5729 963 5786 quatuor
984 5723 1046 5776 cl.
1071 5722 1132 5775 ad
1152 5723 1231 5773 ob.
1259 5721 1293 5773 f.
1319 5723 1369 5775 tl.
1396 5723 1453 5775 is.
1480 5737 1530 5787 g.
1559 5722 1618 5783 ir.
1645 5739 1709 5778 m.
1734 5741 1805 5791 pr.

230 5796 317 5834 rm.
336 5787 417 5836 vd.
443 5794 547 5835 Am.
570 5792 645 5835 Er.
679 5794 779 5835 Par.
806 5792 916 5836 ιον.

289 5848 361 5974 2a;
392 5848 539 5920 Alias,
558 5848 623 5898 de
645 5849 817 5921 Verbis
837 5850 1019 5920 Domini
1033 5850 1080 5900 5.
1493 5890 1499 5897 .

311 5910 339 5960 b
390 5918 571 5965 Cttatur
592 5923 622 5962 a
643 5912 778 5962 Floro
794 5926 844 5962 ιιι
861 5918 879 5961 t
899 5920 1013 5963 Tun.
1034 5927 1097 5974 vi,
1117 5912 1178 5964 ad
1200 5924 1327 5964 vers.
1352 5913 1402 5974 9,
1426 5913 1499 5974 10,

311 5910 361 5974 b)
390 5914 571 5965 Citatur
592 5923 622 5962 a
643 5912 778 5962 Floro
794 5913 844 5962 in
861 5918 879 5961 ι
899 5914 1013 5963 Tim.
1034 5927 1097 5976 vi,
1117 5912 1178 5964 ad
1200 5924 1327 5964 vers.
1352 5913 1402 5975 9,
1426 5913 1504 5978 10,
1529 5921 1581 5966 ει
1603 5916 1677 5965 17.

1633 376 1866 469 εει).Μο
1901 408 2037 469 LXI.

1891 536 1948 586 et
1990 530 2111 599 ista,
2164 533 2282 604 quis
2315 534 2560 592 dubitet?
2596 535 2781 605 Piscis,
2823 548 3003 608 ovum,
3029 538 3205 613 panis,
3231 520 3472 614 pomum,

1890 618 2233 693 frumentum,
2279 626 2369 681 lux
2423 628 2543 693 ista,
2588 645 2680 685 aer
2727 629 2826 686 iste
2864 647 3022 703 quem
3048 633 3309 704 ducimus,
3334 636 3475 693 bona

1890 723 2016 769 sunt
2039 715 2189 770 hinc:
2225 716 2354 786 ipsa:
2396 718 2593 774 divitia:
2646 720 2698 775 in
2729 722 2918 791 quibus
2948 722 3191 781 homines
3209 727 3473 784 extollun-

1891 813 1995 869 tur,
2048 815 2101 861 et
2131 823 2284 875 pares
2323 823 2447 864 suos
2486 808 2732 867 homines
2757 812 2888 869 alios
2914 829 3019 870 non
3056 826 3387 888 agnoscunt;
3416 819 3473 874 in

1890 898 2103 969 quibus,
2135 900 2371 971 inquam,
2397 902 2639 959 homines
2667 905 3008 975 extolluntur,
3036 910 3205 981 magis
3228 919 3472 967 amantes

1890 999 2089 1046 vestem
2112 992 2414 1063 fulgentem,
2434 1010 2591 1065 quam
2609 998 2898 1067 cogitantes
2912 1015 3246 1059 communem
3264 1012 3471 1071 cutem;

1891 1083 2020 1152 ipsae
2046 1100 2174 1154 ergo
2220 1084 2416 1139 divitiae
2462 1088 2615 1142 bonae
2660 1101 2783 1145 sunt
2817 1109 2828 1144 :
2861 1092 2952 1147 sed
2989 1094 3085 1148 ista
3129 1080 3305 1151 omnia
3334 1097 3470 1155 bona

1890 1188 2009 1244 quae
2055 1178 2486 1244 commemoravi,
2533 1194 2563 1233 a
2592 1179 2743 1236 bonis
2762 1192 2816 1237 et
2842 1184 2993 1239 malis
3014 1184 3197 1241 haberi
3220 1198 3470 1258 possunt;

1891 1278 1947 1324 et
1972 1285 2091 1325 cum
2118 1271 2255 1325 bona
2284 1272 2409 1336 sint,
2438 1272 2607 1329 bonos
2630 1285 2803 1331 tamen
2836 1276 3009 1334 facere
3025 1294 3133 1335 non
3158 1293 3399 1351 possunt.

1964 1360 2188 1417 CAPUT
2229 1361 2313 1416 ΙΙΙ.
2342 1394 2411 1404 -
2439 1364 2493 1420 5.
2522 1364 2721 1420 Bonum
2745 1368 2953 1440 duplex.
2982 1368 3079 1425 Est
3102 1386 3229 1441 ergo
3252 1372 3472 1439 bonum,

1891 1453 2034 1523 quod
2055 1452 2213 1509 faciat
2236 1455 2431 1510 bonum
2454 1475 2466 1510 :
2491 1466 2543 1513 et
2569 1469 2651 1514 est
2670 1460 2888 1527 bonum,
2912 1462 3050 1519 unde
3068 1463 3229 1519 facias
3252 1465 3470 1521 bonum.

1892 1544 2099 1600 Bonum
2147 1546 2288 1617 quod
2334 1548 2457 1603 facit
2497 1548 2717 1617 bonum,
2748 1552 2889 1608 Deus
2914 1563 3015 1609 est.
3047 1554 3165 1610 Non
3189 1557 3330 1612 enim
3352 1558 3476 1614 facit

1894 1635 2167 1693 hominem
2192 1638 2410 1706 bonum,
2432 1640 2530 1695 nisi
2553 1642 2640 1697 ille
2663 1644 2749 1714 qui
2773 1656 3089 1721 semperest
3114 1647 3303 1704 bonus.
3334 1649 3476 1721 Ergo

1894 1739 1954 1787 ut
1976 1733 2051 1788 sis
2077 1732 2269 1800 bonus,
2315 1733 2483 1789 Deum
2525 1736 2730 1791 invoca.
2773 1739 2927 1793 Aliud
2966 1749 3141 1796 autem
3169 1741 3368 1798 bonum
3394 1751 3477 1798 est

1896 1825 2034 1882 unde
2058 1826 2219 1882 facias
2248 1826 2443 1882 bonum
2461 1846 2474 1883 :
2492 1828 2542 1883 id
2572 1838 2671 1894 est,
2695 1830 2947 1901 quidquid
2970 1832 3239 1889 habueris.
3270 1834 3475 1890 Aurum

1894 1927 1997 1986 est,
2026 1929 2299 1990 argentum
2329 1928 2441 1987 est;
2473 1920 2670 1976 bonum
2691 1930 2791 1988 est,
2825 1938 2929 1977 non
2952 1924 3091 1994 quod
3123 1933 3173 1979 te
3196 1923 3354 1980 faciat
3376 1925 3477 1981 bo—

1896 2025 2045 2075 num,
2066 2010 2159 2066 sed
2182 2010 2319 2067 unde
2346 2011 2505 2067 facias
2526 2012 2744 2067 bonum.
2772 2014 2947 2070 llabcs
2971 2030 3179 2082 aurum,
3207 2014 3374 2072 habes
3392 2030 3481 2071 ar-

1895 2111 2149 2172 gentum;
2177 2111 2231 2157 et
2264 2103 2600 2173 concupiscis
2628 2119 2815 2159 aurum
2846 2114 2901 2161 et
2933 2106 3266 2177 concupiscis
3290 2122 3480 2178 argen~

1898 2202 2033 2249 tum.
2068 2194 2135 2249 Et
2162 2194 2347 2262 habes,
2378 2204 2432 2251 et
2470 2197 2836 2267 concupiscis;
2864 2206 2919 2253 et
2948 2198 3135 2268 plenus
3162 2214 3243 2267 es,
3268 2206 3324 2254 et
3342 2199 3477 2254 sitis.

1897 2286 2112 2342 Morbus
2139 2296 2240 2354 est,
2268 2296 2324 2342 et
2352 2302 2454 2342 non
2482 2288 2773 2358 opulentia.
2805 2288 2941 2344 Sunt
2967 2289 3214 2346 homines
3244 2290 3297 2345 in
3324 2305 3474 2345 mor—

1898 2376 1987 2443 bo,
2033 2376 2256 2432 humore
2307 2377 2450 2447 pleni
2489 2387 2632 2446 sunt,
2665 2388 2718 2434 et
2757 2394 2968 2450 semper
2996 2379 3199 2435 sitiunt.
3246 2379 3482 2436 Humorc

1898 2467 2040 2538 pleni
2066 2475 2209 2533 sunt,
2249 2478 2304 2523 et
2346 2468 2624 2523 humorem
2664 2469 3194 2538 sitiunt.-Quomodo
3232 2485 3360 2543 ergo
3384 2471 3481 2528 de-

1899 2559 2064 2616 lectas
2088 2560 2435 2629 opulentiam,
2469 2560 2558 2631 qui
2589 2560 2752 2616 habes
2781 2560 3072 2632 hydropem
3095 2562 3482 2632 concupiscen-

1900 2651 2027 2707 tiam
2057 2651 2114 2705 “l
2141 2650 2319 2708 llabes
2358 2666 2486 2723 ergo
2527 2668 2737 2720 aurum,
2763 2652 2958 2707 bonum
3010 2662 3089 2709 est
3120 2671 3133 2706 ε
3163 2652 3350 2722 habes,
3376 2669 3484 2710 non

1899 2746 2041 2801 unde
2061 2746 2133 2801 sis
2156 2744 2346 2813 bonus,
2375 2745 2467 2800 sed
2492 2746 2631 2801 unde
2656 2746 2817 2801 facias
2841 2745 3058 2801 bonum.
3087 2746 3238 2813 Quod
3262 2746 3482 2814 bonum,

1899 2836 2097 2907 inquis,
2128 2835 2364 2891 facturus
2389 2851 2508 2891 sum
2528 2836 2596 2891 de
2620 2838 2788 2891 auro?
2814 2836 2928 2891 Non
2949 2838 3142 2893 audisti
3173 2836 3484 2901 Psabnum?

1901 2927 2171 2998 Dispersit,
2201 2928 2390 2998 inquit,
2419 2927 2556 2981 dedit
2578 2927 2879 2997 pauperibus
2901 2943 2919 2991 ;
2938 2929 3142 2999 justitia
3184 2929 3294 3000 ejus
3319 2936 3488 2984 manet

1902 3022 1955 3076 in
1981 3021 2223 3075 sarculum
2248 3020 2422 3074 swculi
2452 3018 2621 3089 (Psal.
2657 3035 2744 3086 cx,
2775 3018 2852 3090 9).
2882 3020 2997 3074 Hoc
3025 3028 3107 3075 est
3135 3018 3356 3087 bonum,
3384 3018 3490 3074 hoc

1902 3122 1985 3171 est
2010 3114 2206 3173 bonum
2238 3112 2379 3168 unde
2403 3112 2572 3167 bonus
2595 3127 2674 3177 cs,
2699 3111 2900 3181 justitia
2924 3113 2966 3165 '.
2993 3111 3049 3167 Si
3098 3110 3263 3167 habes
3290 3110 3490 3167 bonum

1903 3204 2045 3261 unde
2068 3206 2142 3261 sis
2166 3206 2339 3260 bonus
2356 3221 2371 3269 ;
2406 3206 2486 3259 fac
2508 3205 2706 3259 bonum
2740 3204 2808 3259 de
2838 3204 2979 3260 bono
3008 3204 3149 3260 unde
3174 3219 3282 3260 non
3302 3216 3361 3260 es
3389 3203 3488 3261 bo-

1904 3314 2023 3353 nus.
2057 3297 2231 3351 Habes
2271 3296 2570 3366 pecuniam,
2623 3311 2805 3367 eroga.
2860 3296 3144 3368 Erogando
3186 3296 3489 3367 pecuniam,

1903 3405 2066 3462 auges
2086 3390 2359 3460 justitiam.
2380 3388 2633 3461 Dispersit
2647 3390 2812 3457 enim,
2830 3388 3118 3457 distribuit,
3133 3390 3269 3446 dedit
3298 3398 3492 3461 paupe-

1903 3482 2076 3547 ribus;
2116 3481 2316 3553 justitia
2362 3482 2470 3552 ejus
2520 3490 2687 3535 manet
2733 3482 2786 3534 in
2837 3482 3076 3535 saeculum
3128 3482 3320 3537 steculi.
3358 3481 3494 3538 Vide

1904 3573 2031 3644 quid
2061 3573 2350 3636 minuatur,
2377 3570 2581 3641 etquid
2630 3581 2903 3642 augeatur.
2952 3572 3205 3628 Minuitur
3245 3564 3491 3644 pecunia,

1904 3674 2125 3736 augetur
2143 3665 2370 3735 justitia.
2402 3664 2534 3719 lllud
2569 3665 2824 3720 minuitur
2843 3665 2983 3736 quod
3010 3681 3129 3721 eras
3148 3666 3491 3736 dimissurus,

1906 3755 2034 3811 illud
2062 3754 2314 3810 minuitur
2330 3755 2468 3825 quod
2483 3771 2601 3810 eras
2624 3756 2937 3812 relicturus:
2962 3756 3089 3812 illud
3110 3766 3331 3829 augetur
3351 3758 3491 3830 quod

1906 3848 1959 3903 in
1984 3856 2241 3902 aeternum
2263 3861 2321 3901 es
2352 3862 2714 3916 possessurus.

1978 3936 2201 3994 CAPUT
2241 3937 2328 3991 IV.
2357 3967 2426 3977 —
2452 3938 2505 3992 4.
2550 3937 2827 4009 Eroganda
2870 3938 3101 4010 pecunia,
3152 3947 3206 3993 ut
3248 3941 3494 3997 habeatur

1898 4031 2119 4103 justitia.
2175 4028 2443 4084 Mendicus
2484 4027 2601 4084 Dei.
2647 4029 2728 4084 Ad
2773 4030 3043 4101 petendum
3086 4030 3497 4090 similitudinibus

1906 4122 2048 4178 Deus
2065 4123 2313 4177 hortatur.
2331 4119 2625 4177 Consilium
2653 4122 2723 4177 do
2752 4122 3043 4186 lucrorum,
3071 4122 3218 4179 disce
3244 4123 3493 4179 mercari.

1908 4214 2118 4272 Laudas
2145 4214 2289 4270 enim
2314 4221 2664 4271 mercatorem
2685 4256 2703 4282 ,
2745 4214 2835 4285 qui
2860 4214 3044 4270 vendit
3090 4214 3365 4284 plumbum
3388 4255 3403 4282 ,
3445 4227 3501 4273 et

1908 4308 2133 4380 acquirit
2155 4322 2343 4362 aurum
2367 4323 2381 4373 ;
2402 4315 2457 4362 et
2481 4321 2589 4362 non
2615 4306 2800 4363 laudas
2826 4314 3174 4362 mercatorem
3195 4308 3283 4378 qui
3315 4317 3502 4379 erogat

1908 4400 2211 4472 pecuniam,
2234 4407 2288 4455 et
2311 4398 2537 4470 acquirit
2559 4399 2858 4468 justitiam?
2887 4397 2996 4455 Sed
3022 4414 3140 4470 ego,
3164 4399 3361 4470 inquis,
3394 4416 3500 4456 non
3551 4402 3559 4409 ’

1910 4506 2073 4562 erogo
2096 4491 2397 4560 pecuniam,
2427 4490 2547 4560 quia
2572 4504 2676 4544 non
2700 4488 2871 4545 habeo
2887 4489 3167 4560 justitiam.
3190 4490 3386 4563 Erogot
3406 4507 3502 4562 pe-

1910 4581 2145 4647 cuniam,
2164 4580 2253 4650 qui
2274 4579 2434 4635 habet
2452 4579 2712 4649 justitiam
2738 4598 2751 4635 :
2776 4596 2875 4651 ego
2899 4596 3005 4638 non
3030 4582 3202 4639 habeo
3217 4581 3496 4653 justitiam,

1913 4672 2140 4728 habeam
2156 4671 2238 4726 vel
2256 4671 2556 4742 pecuniam.
2582 4672 2722 4743 Ergo
2746 4672 2868 4743 quia
2895 4688 3003 4728 non
3026 4673 3190 4730 habes
3219 4674 3497 4744 justitiam,

1911 4765 2033 4822 ideo
2070 4781 2175 4821 non
2215 4765 2297 4819 vis
2338 4778 2559 4835 erogare
2595 4767 2912 4835 pecuniam?
2948 4766 3114 4837 Magis
3146 4782 3306 4838 eroga
3334 4782 3500 4837 pecu-

1913 4856 2078 4923 niam,
2108 4865 2167 4911 ut
2193 4855 2390 4911 habeas
2420 4855 2699 4925 justitiam.
2724 4857 2769 4911 A
2797 4871 2903 4928 quo
2928 4856 3070 4911 enim
3098 4856 3314 4912 habebis
3339 4856 3501 4926 justi-

1913 4949 2063 5015 tiam,
2097 4949 2198 5004 nisi
2216 4963 2249 5003 a
2277 4948 2388 5003 Deo
2410 4948 2563 5003 fonte
2577 4948 2839 5018 justitiae?
2864 4949 3005 5019 Ergo
3032 4948 3077 5003 si
3097 4947 3176 5002 vis
3205 4948 3502 5018 habereju-

1913 5041 2111 5095 stitiam
2136 5080 2152 5106 ,
2192 5048 2308 5095 esto
2353 5039 2629 5096 mendicus
2667 5040 2799 5108 Dei,
2845 5040 2937 5111 qui
2980 5049 3029 5095 te
3068 5039 3226 5109 paulo
3265 5049 3389 5095 ante
3436 5057 3505 5098 cx

1915 5130 2203 5201 Evangelia
2227 5139 2285 5184 ut
2313 5138 2560 5201 peteres,
2598 5145 2865 5201 quaereres
2884 5171 2898 5196 ,
2926 5130 3195 5201 pulsares,
3230 5132 3502 5187 monebat.

1915 5221 2211 5280 Mendicum
2239 5236 2394 5278 suum
2420 5221 2641 5288 sciebat,
2666 5232 2718 5276 et
2742 5236 2866 5277 ecce
2892 5220 3278 5290 paterfamilias
3306 5232 3360 5277 et
3388 5238 3504 5277 ma-

1916 5329 2052 5385 gnus
2080 5312 2248 5380 dives,
2270 5313 2572 5369 divitiarum
2601 5313 2803 5369 scilicet
2826 5311 3177 5382 spiritualium
3204 5322 3259 5368 et
3281 5323 3508 5369 mterna-
3606 5336 3613 5344 -

1918 5422 2057 5473 rum,
2090 5406 2351 5469 hortatur,
2381 5414 2437 5463 et
2458 5404 2586 5461 dicit
2615 5404 2706 5459 tibi
2741 5423 2753 5458 :
2784 5404 2932 5472 Pete,
2962 5419 3140 5474 quaere
3160 5447 3175 5471 ,
3205 5405 3373 5474 pulsa.
3408 5406 3507 5472 Qui

1919 5500 2040 5569 petit
2063 5498 2246 5568 accipit
2270 5513 2287 5552 :
2313 5513 2540 5568 quwrens
2568 5496 2755 5552 invenit
2780 5511 2799 5549 ,ο
2824 5496 3048 5567 pulsanti
3072 5498 3342 5567 aperietur.
3369 5496 3508 5553 [lor-

1918 5601 2061 5648 tatur
2085 5602 2143 5648 ut
2162 5602 2312 5664 petas
2336 5610 2349 5646 :
2378 5593 2586 5665 negabit
2614 5591 2753 5660 quod
2779 5591 2953 5663 petis?

1916 5726 2159 5842 ϋαζηΑριιᾶ
2298 5727 2445 5789 Lugd.
2482 5734 2624 5787 vera,
2787 5725 2933 5778 habes
2966 5724 3235 5792 hydropem
3266 5740 3510 5780 conseren-

1982 5856 2002 5884 ²
2027 5851 2165 5923 Editi,
2189 5852 2317 5905 unde
2339 5850 2405 5902 sis
2418 5849 2610 5913 justitia
2632 5851 2796 5907 bonus.
2836 5854 3138 5918 Castigantur
3170 5854 3250 5905 hic
3270 5866 3367 5917 0pc
3406 5865 3511 5909 mm

1923 5922 2294 5979 nuscripwrum.
