3980 6440
1761 279 1820 296 ...ν

484 360 588 423 ιιι

553 481 609 537 5.
667 478 831 538 Vidua
862 477 932 536 ad
958 479 1206 556 judicent.
1248 479 1480 538 Attende
1511 494 1543 536 a
1573 479 1842 537 contrario
1867 475 2058 534 simili-

483 573 720 631 tudinem
747 573 831 629 vel
858 575 1306 646 comparationem
1326 617 1341 643 ,
1370 574 1508 629 sicut
1537 573 1604 628 de
1630 571 1723 628 illo
1760 570 1920 627 divite
1957 570 2029 624 ini

485 682 610 738 quo,
642 665 942 722 hortantem
969 680 1066 722 nos
1090 666 1155 722 ad
1183 667 1477 722 orationem
1496 709 1512 735 ,
1549 663 1761 737 quando
1784 664 1858 719 ait
1883 661 2036 717 Domi

482 775 584 816 nus
607 777 622 816 :
653 760 782 815 Erat
799 760 1005 834 quidam
1019 761 1186 830 judea:
1201 761 1254 814 in
1275 760 1490 825 civitate,
1513 758 1598 828 qui
1619 774 1707 812 nec
1731 755 1896 810 Deum
1918 754 2036 808 time

481 853 586 922 bat,
612 869 705 907 nec
727 853 976 907 hominem
999 852 1330 907 reuerebatur.
1363 851 1609 917 Quaedam
1641 848 1792 905 uidua
1821 844 2058 917 interpel-

479 944 616 998 labat
631 960 745 998 eum
771 945 1012 1012 quotidie,
1034 952 1078 999 et
1100 943 1327 1010 dicebat,
1366 941 1577 998 Vindica
1596 958 1692 996 me.
1725 939 1945 994 Nolebat
1971 937 2060 992 ille

479 1052 569 1106 per
592 1043 791 1106 tempus
824 1051 842 1090 :
874 1035 960 1092 illa
985 1035 1324 1107 interpellare
1361 1049 1467 1090 non
1493 1032 1800 1096 desinebat;
1841 1039 1895 1086 et
1938 1028 2060 1085 fecit

477 1127 668 1194 uadio,
711 1127 855 1198 quod
884 1128 1096 1184 nolebat
1123 1126 1383 1184 beneﬂcio
1415 1126 1574 1198 (Luc.
1605 1140 1764 1191 xvm,
1794 1120 1942 1193 1-8).
1971 1119 2060 1177 Sic

475 1219 616 1273 enim
646 1233 675 1272 a
699 1219 970 1274 contrario
998 1234 1094 1274 nos
1119 1218 1391 1274 admonuit
1411 1226 1470 1273 ut
1488 1225 1745 1288 petamus.

545 1307 775 1365 CAPUT
803 1309 868 1364 ν.
893 1339 966 1350 -
994 1310 1048 1366 6.
1079 1310 1283 1364 Amicus
1305 1309 1373 1364 ad
1399 1309 1639 1363 amicum.
1673 1305 1840 1373 Venit,
1865 1303 2053 1374 inquit,

474 1398 543 1452 ad
561 1401 778 1453 anticum
798 1416 963 1467 suum,
986 1401 1072 1456 cui
1099 1401 1294 1473 hospes
1323 1409 1567 1466 venerat;
1595 1407 1641 1453 et
1663 1399 1811 1469 coepit
1829 1396 2052 1467 pulsare,

476 1498 523 1544 et
549 1490 716 1545 dicere
745 1507 764 1545 :
795 1489 993 1562 Hospes
1015 1492 1140 1546 mihi
1165 1492 1316 1558 venit,
1339 1491 1599 1545 commoda
1617 1489 1740 1544 mihi
1760 1497 1860 1543 tres
1879 1501 2050 1558 pones.

476 1581 759 1652 Respondit
787 1583 875 1636 ille
901 1598 920 1637 :
943 1583 1065 1638 lam
1088 1584 1340 1656 requiesco
1356 1626 1371 1651 ,
1394 1593 1440 1638 et
1463 1599 1656 1638 mecum
1686 1582 1815 1636 serui
1847 1580 1944 1634 mei
1974 1595 2057 1633 re-

474 1675 751 1743 quiescunt.
783 1674 874 1730 llle
899 1690 1004 1730 non
1031 1683 1226 1741 cessat,
1252 1684 1407 1743 astat,
1432 1675 1611 1740 instat,
1631 1673 1838 1744 pulsat;
1866 1680 1918 1726 et
1939 1680 2056 1725 tan-

474 1781 632 1836 quam
678 1769 879 1822 amiws
905 1767 973 1823 ab
999 1767 1172 1824 amico
1199 1767 1485 1824 mendicat.
1527 1767 1593 1821 Et
1629 1765 1753 1836 quid
1788 1765 1891 1828 ait,
1925 1762 2055 1816 Dico

473 1857 638 1921 vobis,
667 1859 787 1927 quia
809 1860 969 1930 surgit
986 1899 1000 1925 ,
1029 1869 1076 1914 et
1115 1876 1216 1914 non
1258 1868 1462 1929 propter
1491 1858 1764 1910 amicitiam
1793 1857 1928 1927 ejus,
1967 1853 2056 1907 sed

474 1960 678 2019 propter
700 1952 1066 2021 improbitatem
1085 1953 1169 2006 dat
1191 1951 1269 2007 illi
1288 1960 1500 2023 quantos
1520 1949 1729 2004 voluerit
1759 1947 1868 2020 (Id.
1896 1963 1969 2012 ιι,
1995 1947 2057 2002 5-

474 2041 584 2110 15).
614 2040 734 2095 Non
770 2052 971 2113 propter
998 2044 1270 2097 amicitiam
1289 2086 1303 2108 ,
1341 2041 1582 2113 quamvis
1607 2040 1808 2095 amicus
1845 2039 1935 2104 sit,
1965 2039 2056 2092 sed

473 2142 678 2205 propter
707 2135 1091 2205 improbitatem.
1122 2136 1258 2203 Quid
1285 2143 1386 2203 est,
1419 2145 1622 2208 prepter
1646 2135 2010 2205 improbitatem
2029 2132 2057 2187 Ρ

471 2229 604 2295 Quia
631 2231 840 2300 pulsare
869 2247 973 2286 non
1000 2231 1237 2287 destitit:
1262 2231 1382 2303 quia
1409 2241 1596 2286 etcum
1620 2237 1761 2284 esset
1781 2235 2050 2298 negatum,

471 2335 578 2376 non
613 2334 671 2376 se
700 2323 910 2378 avertit.
942 2323 1036 2379 Ille
1061 2324 1153 2394 qui
1182 2323 1395 2378 nolebat
1421 2322 1547 2376 dare
1567 2363 1582 2389 ,
1611 2319 1750 2391 quod
1779 2318 2056 2388 petebatur

471 2413 613 2480 fecit,
646 2416 767 2485 quia
799 2417 888 2472 ille
923 2418 974 2470 in
1011 2416 1238 2488 petendo
1275 2431 1379 2471 non
1405 2413 1617 2470 defecit.
1652 2413 1859 2480 Quanto
1886 2410 2054 2480 magis

469 2504 615 2562 dabit
641 2506 832 2574 bonus,
865 2507 955 2578 qui
982 2523 1080 2564 nos
1106 2508 1346 2562 hortatur
1371 2515 1430 2561 ut
1453 2515 1726 2576 petamus;
1755 2503 1838 2558 cui
1867 2501 2052 2572 displi-

469 2605 573 2663 cet,
603 2599 647 2652 si
675 2612 780 2652 non
811 2599 1096 2669 petamus?
1119 2599 1224 2654 Sed
1254 2613 1374 2652 cum
1403 2595 1683 2666 aliquando
1711 2593 1912 2649 tardius
1936 2592 2050 2660 dat,

467 2689 807 2745 commendat
835 2691 974 2746 dona
995 2734 1008 2759 ,
1033 2706 1137 2745 non
1170 2699 1345 2762 negat.
1376 2689 1472 2744 Diu
1499 2689 1818 2754 desiderata,
1845 2685 2054 2742 dulcius

468 2785 775 2842 obtinentur
808 2805 822 2841 :
853 2789 959 2844 cito
983 2797 1159 2845 autem
1188 2789 1330 2856 data,
1354 2789 1631 2843 vilescunt.
1665 2788 1817 2854 Pete,
1853 2801 2051 2858 quare,

468 2877 628 2934 insta.
658 2880 896 2936 Petendo
923 2891 977 2936 et
1001 2882 1288 2952 qumrendo
1315 2883 1531 2949 crescis,
1566 2892 1621 2937 ut
1647 2882 1843 2950 capias.
1866 2879 2056 2936 Servat

469 2967 564 3024 tibi
594 2969 752 3036 Deus,
775 2972 914 3042 quod
941 2987 1042 3026 non
1070 2973 1181 3028 vult
1199 2973 1305 3028 cito
1330 2973 1489 3039 dare;
1513 2983 1570 3028 ut
1595 2981 1648 3028 et
1661 2982 1729 3026 .tu
1751 2973 1922 3026 discas
1942 2986 2054 3025 ma-

469 3075 571 3131 gna
609 3077 796 3132 magne
838 3064 1159 3120 desiderare.
1193 3064 1318 3120 lude
1359 3072 1551 3135 Oportet
1595 3080 1789 3134 semper
1813 3079 1976 3130 orare,
2008 3068 2056 3116 et

469 3171 569 3210 non
597 3154 808 3225 deﬁcere
834 3155 944 3227 (Id.
978 3173 1125 3222 xvnl,
1157 3159 1231 3230 l).

541 3245 771 3303 CAPUT
808 3248 1042 3304 ’VI.—7.
1074 3249 1193 3316 Qui,
1217 3267 1248 3304 a
1272 3266 1390 3320 quo,
1413 3248 1533 3320 quid
1552 3255 1796 3318 petamus.
1827 3245 1882 3302 Si
1903 3260 2050 3316 ergo,

468 3339 658 3396 fratres
687 3341 823 3420 mei,
855 3341 1128 3397 mendicos
1165 3358 1289 3397 suos
1317 3357 1414 3397 nos
1436 3342 1558 3397 fecit
1590 3341 1758 3404 Deus,
1788 3337 2054 3394 monendo

466 3447 584 3500 nos,
617 3441 670 3487 ct
701 3433 960 3488 hortando
987 3442 1040 3490 et
1069 3433 1304 3503 jubendo
1329 3442 1386 3487 ut
1412 3443 1686 3502 petamus,
1716 3443 2048 3500 quaeramus,

467 3521 767 3593 pulsemus;
792 3523 1124 3579 attendamus
1155 3533 1208 3578 et
1237 3539 1333 3578 nos
1353 3525 1491 3594 quia
1526 3522 1680 3577 nobis
1709 3529 1914 3592 petunt.
1949 3520 2053 3575 Pe-

466 3614 629 3668 timus
657 3628 773 3670 nos.
815 3614 860 3669 Α
899 3631 1002 3685 quo
1030 3615 1297 3685 petimus?
1325 3616 1412 3686 qui
1451 3615 1712 3686 petimus?
1749 3611 1873 3684 quid
1914 3610 2052 3682 peti—

466 3705 624 3760 mus?
660 3707 702 3760 A
730 3721 867 3778 quo,
907 3707 992 3761 vel
1031 3708 1154 3778 qui,
1187 3707 1269 3763 vel
1298 3707 1422 3779 quid
1461 3706 1726 3777 petimus?
1751 3705 1988 3760 Petimus
2021 3717 2053 3758 a

465 3794 578 3852 Deo
603 3796 743 3853 bono
770 3816 781 3851 :
805 3799 1035 3868 petimus
1060 3798 1307 3855 homines
1333 3799 1453 3854 mali
1485 3817 1497 3853 :
1523 3800 1749 3868 petimus
1769 3804 1944 3852 autem
1962 3796 2050 3866 ju-

464 3888 684 3955 stitiam,
716 3889 854 3943 unde
894 3888 1060 3942 simus
1090 3889 1234 3944 boni.
1265 3890 1376 3944 Hoc
1404 3905 1531 3959 ergo
1571 3889 1800 3960 petimus
1827 3886 1966 3960 quod
1998 3886 2049 3940 in

467 3988 724 4035 aeternum
748 3980 1037 4036 habeamus
1065 3999 1077 4034 :
1108 3998 1213 4052 quo
1232 3997 1350 4037 cum
1371 3983 1586 4038 saturati
1619 3982 1890 4049 fuerimus,
1915 3980 2052 4035 ulte-

464 4071 579 4126 rius
608 4085 712 4125 non
731 4085 1004 4141 egeamus.
1029 4069 1137 4126 Sed
1165 4081 1222 4126 ut
1248 4082 1567 4137 saturemur,
1589 4071 1884 4127 esuriamus
1903 4079 1957 4125 et
1979 4069 2054 4124 si-

465 4162 690 4225 tiamus;
723 4161 1010 4217 esuriendo
1040 4171 1094 4216 et
1128 4161 1356 4217 sitiendo
1388 4171 1662 4232 petamus,
1710 4175 2009 4231 quzeramus
2033 4198 2049 4227 ,

465 4254 757 4326 pulsemus.
788 4253 934 4309 Beati
961 4255 1101 4310 enim
1134 4255 1221 4324 qui
1253 4255 1476 4309 esuriunt
1501 4266 1545 4309 et
1572 4255 1745 4309 sitiunt
1775 4254 2049 4326 justitiam.

465 4348 639 4417 Quare
671 4347 851 4403 beati?
880 4347 1135 4403 Esuriunt
1173 4354 1228 4404 et
1265 4346 1467 4414 sitiunt,
1499 4356 1552 4403 et
1585 4347 1725 4403 beati
1755 4349 1909 4402 sunt?
1939 4348 2052 4403 Ali-

463 4439 676 4510 quando
705 4438 846 4494 enim
871 4448 1080 4510 egestas
1105 4440 1256 4495 beata
1285 4438 1409 4494 est?
1436 4437 1550 4494 Non
1573 4439 1697 4495 inde
1722 4438 1861 4494 beati
1886 4449 2047 4507 sunt,

465 4531 588 4603 quia
635 4532 878 4587 esurinnt
926 4541 980 4586 et
1021 4531 1238 4598 sitiunt;
1279 4531 1372 4587 sed
1405 4532 1522 4603 quia
1561 4532 1661 4604 ipsi
1693 4532 2052 4588 saturabuntur

465 4620 698 4694 (Matth.
729 4640 782 4690 v,
811 4622 903 4694 6).
937 4623 1012 4679 Ibi
1043 4624 1145 4679 erit
1172 4623 1441 4680 beatitudo
1467 4625 1519 4679 in
1546 4626 1839 4691 saturitate,
1863 4642 1965 4680 non
1997 4624 2049 4679 in

465 4713 626 4769 fame.
657 4713 762 4770 Sed
794 4713 1058 4784 praecedat
1095 4715 1425 4772 saturitatem
1455 4714 1622 4772 fames
1641 4759 1656 4784 ,
1689 4732 1755 4771 ne
1784 4715 2048 4772 fastidium

464 4820 572 4862 non
600 4807 876 4876 perveniat
903 4807 968 4862 ad
989 4821 1172 4878 panes.

535 4898 760 4958 CAPUT
807 4900 919 4956 VII.
953 4932 1026 4942 —-
1067 4899 1120 4956 8.
1170 4900 1301 4969 Qui,
1333 4915 1365 4955 a
1413 4901 1623 4972 quibus,
1654 4902 1834 4974 quidve
1882 4911 2052 4975 petunt

467 4993 546 5048 hic
573 4993 786 5048 mendici
817 4995 992 5048 nostri.
1027 4994 1168 5064 Ergo
1194 4993 1444 5062 diximus,
1472 5010 1500 5048 a
1532 5010 1636 5065 quo
1663 5004 1930 5066 petamus,
1962 4996 2050 5067 qui

462 5094 726 5158 petamus,
758 5085 886 5156 quid
916 5095 1176 5156 petamus.
1203 5085 1308 5142 Sed
1346 5086 1540 5157 petitur
1566 5094 1619 5142 et
1643 5102 1673 5141 a
1702 5087 1873 5142 nobis.
1903 5087 2050 5142 Men-

464 5177 569 5233 dici
595 5179 736 5234 enim
763 5178 857 5234 Dei
881 5193 1064 5234 sumus
1096 5195 1108 5231 :
1140 5184 1201 5232 ut
1219 5186 1469 5249 agnoscat
1489 5179 1576 5235 ille
1595 5179 1867 5235 mendicos
1888 5195 2012 5235 suos
2031 5223 2045 5248 ,

464 5284 815 5340 agnoscamus
844 5279 900 5326 et
932 5286 1030 5328 nos
1067 5279 1298 5327 nostros.
1329 5272 1433 5328 Sed
1469 5281 1522 5328 et
1550 5272 1620 5327 ibi
1659 5273 1818 5330 etiam
1855 5273 2053 5344 cogite-

463 5377 604 5428 mus,
633 5364 846 5432 quando
871 5364 1069 5433 petitur
1093 5379 1123 5418 a
1153 5363 1326 5431 nobis,
1354 5365 1441 5434 qui
1472 5372 1675 5435 petunt,
1698 5379 1728 5420 a
1749 5365 1941 5436 quibus
1964 5379 2055 5435 pe-

463 5459 612 5520 tunt,
641 5453 771 5522 quid
814 5464 1019 5523 petunt.
1059 5454 1160 5521 Qui
1199 5456 1426 5525 petunt?
1468 5455 1740 5512 Homines.
1781 5459 1826 5512 A
1864 5457 2053 5528 quibus

463 5544 688 5613 petunt?
718 5543 805 5598 Ab
831 5543 1155 5601 hominibus.
1184 5546 1283 5614 Qui
1325 5547 1543 5618 petunt?
1569 5547 1838 5605 Mortales.
1868 5549 1913 5604 A
1939 5549 2054 5620 qui-

465 5632 568 5689 bus
602 5633 827 5702 petunt?
855 5635 902 5688 A
929 5636 1261 5692 mortalibus.
1303 5637 1403 5706 Qui
1441 5639 1662 5709 petunt?
1705 5638 1960 5711 Fragites.
2009 5641 2054 5696 Α

466 5726 659 5798 quibus
703 5727 921 5798 petunt?
961 5730 1009 5786 Δ
1037 5728 1330 5801 fragilibus.
1371 5731 1471 5802 Qui
1509 5733 1738 5804 petunt?
1777 5733 1972 5789 Miseri.
2005 5733 2052 5789 Α

467 5819 661 5892 quibus
687 5822 911 5895 petum!
935 5822 984 5883 Α
1011 5823 1242 5890 miseris.
1267 5825 1496 5916 Excepta
1523 5827 1815 5888 substantia
1836 5825 2054 5884 faculta-

1039 6149 1122 6178 ἐμέ,
1145 6168 1170 6177 ,,

1716 363 1777 423 S.
1815 355 2181 423 AUGUSTINI
2207 357 2515 422 EPISCOPI

3640 358 3749 427 III

2169 485 2301 542 tum,
2333 479 2464 534 tales
2500 483 2625 534 sunt
2648 478 2736 550 qui
2762 484 2980 550 petunt,
3015 479 3198 552 quales
3222 485 3346 538 sunt
3372 493 3402 537 a
3432 479 3623 553 quibus
3653 471 3752 552 pe-

2167 577 2303 624 tunt.
2319 569 2488 637 Quam
2511 569 2738 627 frontem
2759 571 2922 630 habes
2937 573 3168 645 petendo
3179 574 3247 628 ad
3267 575 3550 632 Dominum
3567 584 3746 644 tuum.

2166 661 2254 731 qui
2275 676 2380 716 non
2407 663 2648 732 agnoscis
2668 678 2846 734 parem
2870 673 3016 720 tuum
3036 666 3060 720 i
3081 665 3196 721 Non
3213 680 3354 734 sum,
3381 666 3571 738 inquit,
3587 668 3745 725 talis:

2163 751 2303 807 absit
2321 768 2352 808 a
2372 767 2478 816 me,
2505 762 2562 808 ut
2584 755 2700 810 tatis
2723 755 2845 810 sint.
2867 754 3084 811 lnftatus
3099 756 3428 814 ohserieatus
3443 757 3547 817 ista
3573 758 3752 828 latitu-

2166 849 2251 896 tur
2277 843 2345 897 de
2374 857 2632 913 pannoso.
2667 844 2774 901 Sed
2799 861 2902 916 ego
2925 847 3094 902 nudos
3119 849 3406 919 interrogo.
3433 848 3550 906 Non
3579 848 3750 908 inter-

2163 949 2293 1006 rogo
2319 935 2372 990 in
2393 937 2649 1006 vestibus,
2677 940 2861 1009 quales
2883 940 3021 1006 sitis,
3051 941 3149 997 sed
3172 941 3357 1012 quales
3379 943 3490 999 uati
3511 942 3745 1003 fueritis-

2161 1026 2334 1082 Ambo
2351 1028 2496 1096 nudi,
2517 1029 2678 1086 ambo
2701 1031 2914 1099 intimi,
2944 1037 3194 1089 miseram
3222 1033 3382 1091 vitam
3403 1034 3750 1102 inchoante,

2163 1117 2284 1174 ideo
2306 1120 2465 1175 ambo
2491 1121 2774 1192 plorantes.

2230 1210 2457 1270 CAPUT
2493 1215 2627 1271 VIII.
2655 1245 2730 1258 -—
2765 1217 2819 1272 9.
2870 1215 3020 1272 Diues
3063 1226 3115 1273 et
3154 1235 3348 1290 pauper
3384 1219 3439 1274 in
3485 1220 3754 1282 rusticitate

2161 1313 2206 1358 et
2241 1316 2401 1360 morte
2427 1311 2661 1377 wquales.
2685 1309 2824 1365 Ecce
2852 1310 3049 1376 recole,
3077 1309 3259 1377 dives,
3285 1311 3573 1381 primordie
3599 1322 3696 1369 tua
3725 1329 3744 1366 :

2163 1395 2285 1452 vide
2305 1406 2479 1453 utrum
2507 1399 2612 1455 huc
2635 1400 2830 1470 aliquid
2853 1402 3113 1456 attuleris.
3140 1401 3257 1457 Jam
3281 1402 3492 1466 venisti.
3517 1412 3575 1459 et
3595 1411 3749 1460 tam:

2159 1489 2425 1545 invenisti.
2456 1492 2567 1559 Dic,
2599 1507 2728 1564 rogo
2749 1502 2824 1558 te,
2846 1494 2972 1565 quid
2997 1494 3255 1549 attulisti?
3279 1494 3374 1550 Dic
3400 1493 3526 1564 quid
3549 1495 3752 1556 attule-

2157 1583 2255 1639 ris.
2280 1585 2388 1638 Aut
2423 1585 2469 1641 si
2497 1585 2677 1642 dicere
2711 1588 3018 1654 erubescis,
3046 1588 3358 1658 Apostolum
3399 1587 3519 1644 audi
3547 1606 3558 1640 :
3594 1587 3754 1644 Nihil

2157 1676 2419 1732 intulimus
2444 1679 2498 1732 in
2527 1680 2657 1734 hunc
2682 1682 2944 1734 mundum.
2972 1679 3154 1746 Nihil,
3184 1682 3370 1751 inquit,
3400 1681 3664 1736 intulimus
3687 1682 3750 1738 in

2159 1765 2290 1822 hunc
2322 1769 2585 1824 mundum.
2629 1771 2737 1826 Sed
2782 1771 2920 1828 forte
2955 1772 3078 1842 quia
3117 1772 3247 1827 nihil
3285 1773 3540 1837 attulisti,
3569 1781 3626 1828 et
3652 1771 3753 1829 hic

2158 1859 2322 1914 multa
2353 1861 2632 1930 invenisti,
2669 1863 2865 1935 aliquid
2893 1864 3015 1919 hinc
3048 1872 3223 1920 tecum
3250 1865 3521 1919 ablaturus
3544 1864 3645 1919 es?
3671 1863 3751 1918 Et

2159 1950 2262 2007 hoc
2285 1951 2509 2009 fortasse
2531 1971 2712 2011 amore
2733 1956 3032 2012 divitiarum
3056 1957 3288 2028 trepidas
3312 1956 3554 2014 confiteri
3579 1975 3592 2012 :
3616 1956 3752 2013 audi

2157 2050 2211 2097 et
2240 2043 2358 2099 hoc.
2383 2044 2449 2099 Et
2470 2045 2571 2102 hoc
2587 2048 2868 2115 Apostolus
2895 2047 3052 2112 dicat,
3078 2053 3163 2118 qui
3197 2057 3247 2102 te
3282 2062 3387 2102 non
3414 2048 3610 2118 palpat.
3638 2047 3750 2100 Ni-

2158 2132 2232 2185 hil
2255 2135 2516 2190 intulimus
2541 2137 2592 2188 in
2626 2137 2758 2190 hunc
2780 2138 3038 2202 mundum,
3066 2138 3244 2205 utique
3269 2137 3479 2207 quando
3507 2137 3614 2191 nati
3647 2153 3750 2192 su-

2160 2238 2310 2287 mus;
2343 2225 2432 2277 sed
2467 2240 2556 2278 nec
2583 2228 2784 2294 auferre
2809 2225 3003 2296 aliquid
3023 2243 3307 2298 possumus,
3330 2228 3510 2297 utique
3527 2229 3752 2296 quando

2157 2313 2223 2368 de
2244 2314 2443 2371 mundo
2468 2316 2733 2372 exiemus.
2755 2317 2896 2372 Nihil
2918 2319 3159 2382 attulisti,
3192 2319 3319 2372 nihil
3349 2318 3473 2374 hinc
3497 2318 3708 2374 auferes
3724 2338 3746 2374 :

2157 2406 2282 2475 quid
2323 2414 2374 2462 te
2416 2406 2568 2462 inflas
2608 2419 2790 2464 contra
2833 2411 3160 2479 pauperem?
3188 2410 3410 2478 Quando
3450 2420 3752 2466 nascuntur

2157 2495 2405 2564 infantes,
2435 2498 2684 2554 recedant
2707 2499 2774 2554 de
2793 2500 2972 2555 medio
2997 2510 3261 2570 parentes,
3281 2501 3447 2560 servi.
3479 2503 3748 2570 clientes;

2157 2590 2406 2645 recedant
2425 2590 2492 2646 de
2521 2591 2697 2647 medio
2717 2594 2886 2648 turbae
2914 2593 3290 2663 obsequentes,
3313 2603 3368 2648 et
3385 2604 3754 2665 agnoscantur

2159 2681 2303 2750 pueri
2333 2681 2524 2737 divites
2547 2681 2756 2739 flentes.
2788 2683 3001 2738 Pariunt
3041 2684 3197 2739 simul
3237 2685 3386 2740 dives
3413 2693 3468 2740 et
3505 2700 3750 2756 pauper,

2157 2774 2362 2842 pariant
2389 2774 2546 2829 simul
2578 2774 2767 2830 mulier
2789 2775 2937 2831 dives
2962 2783 3020 2832 et
3044 2776 3236 2832 mulier
3262 2791 3461 2846 pauper
3483 2794 3497 2831 :
3523 2792 3631 2832 non
3657 2786 3754 2833 at-

2158 2865 2374 2921 tendant
2393 2865 2535 2936 quod
2565 2866 2795 2935 pariunt,
2821 2865 3096 2923 discedant
3125 2867 3413 2937 paululum,
3439 2868 3661 2924 redeant
3687 2876 3756 2926 el

2156 2967 2461 3028 agnoscant.
2494 2959 2632 3015 Ecce
2653 3000 2668 3027 ,
2698 2959 2845 3015 dives
2865 3002 2880 3027 ,
2912 2959 3042 3015 nihil
3081 2960 3299 3015 attulisti
3327 2961 3378 3014 in
3408 2960 3546 3015 hunc
3585 2977 3755 3016 mun-

2156 3048 2281 3103 dum
2324 3068 2338 3104 :
2380 3051 2475 3106 sed
2508 3067 2604 3107 nec
2629 3052 2838 3107 auferre
2869 3052 2994 3108 hinc
3031 3052 3228 3123 aliquid
3253 3060 3424 3123 potes.
3453 3052 3606 3120 Quod
3630 3053 3754 3108 dixi

2155 3141 2223 3197 de
2251 3143 2408 3210 natis,
2456 3143 2560 3200 hoc
2588 3145 2707 3200 dico
2733 3145 2802 3202 de
2835 3147 3078 3202 mortuis.
3118 3147 3275 3203 Certe
3314 3146 3525 3217 quando
3562 3147 3759 3218 aliquo

2156 3249 2282 3290 casu
2321 3245 2499 3292 vetera
2543 3237 2785 3306 sepulcra
2815 3237 3161 3310 franguntur,
3190 3253 3311 3294 ossa
3349 3237 3527 3294 divitis
3571 3253 3756 3309 agno-

2158 3336 2390 3384 scantur.
2420 3328 2558 3399 Ergo
2585 3329 2732 3384 dives
2759 3329 2878 3385 andi
2908 3331 3219 3401 Apostolum
3252 3349 3264 3384 :
3302 3330 3448 3384 Nihil
3480 3332 3759 3387 intulimus

2155 3421 2208 3475 in
2235 3422 2370 3475 hunc
2395 3423 2656 3476 mundum.
2686 3424 2948 3494 Agnosco,
2966 3439 3152 3480 verum
3173 3433 3272 3479 est.
3303 3422 3408 3478 Sed
3428 3440 3519 3478 nec
3535 3425 3758 3494 auferre

2157 3513 2348 3582 aliquid
2376 3530 2658 3584 possumus.
2688 3515 2950 3583 Agnosco,
2983 3524 3038 3570 et
3065 3515 3168 3570 hoc
3189 3530 3372 3571 verum
3399 3524 3499 3570 est.

2228 3601 2453 3659 CAPUT
2493 3603 2774 3659 IX.——l0.
2807 3606 2959 3659 Aliud
2977 3614 3050 3660 est
3068 3623 3173 3660 esse
3199 3606 3420 3674 diuitem,
3448 3605 3591 3659 aliud
3615 3605 3760 3660 uelle

2158 3694 2357 3749 diuitem
2387 3697 2513 3766 ﬁeri.
2554 3695 2750 3751 Vermis
2783 3698 3099 3764 divitiarum,
3136 3699 3389 3769 superbia.
3432 3697 3568 3766 Quid
3606 3710 3754 3767 ergo

2156 3786 2430 3854 sequitur:
2463 3786 2661 3842 Victum
2686 3797 2732 3842 et
2763 3797 3099 3858 tegumentum
3125 3789 3392 3855 habentes,
3422 3789 3500 3841 his
3520 3787 3754 3841 contenti

2153 3876 2334 3931 simus.
2361 3876 2496 3933 Nam
2520 3879 2608 3948 qui
2627 3879 2801 3932 volunt
2820 3880 2995 3933 divites
3024 3881 3156 3948 ﬁeri,
3186 3881 3412 3934 incidunt
3433 3880 3489 3933 in
3507 3880 3756 3934 tentotio—

2155 3983 2272 4022 nem
2295 3977 2342 4021 et
2368 3969 2610 4024 desideria
2638 3971 2795 4025 multa
2823 3981 2870 4024 et
2889 3973 3062 4038 noxio,
3090 3987 3203 4042 quae
3234 3981 3460 4040 mergunt
3489 3971 3755 4026 hominem

2155 4065 2209 4118 in
2231 4064 2482 4118 interitum
2502 4073 2547 4119 et
2573 4065 2924 4135 perditionem.
2950 4065 3121 4119 Radix
3139 4073 3211 4119 est
3235 4066 3366 4118 enim
3387 4065 3606 4118 omnium
3627 4081 3757 4119 nia-

2157 4153 2320 4208 lorum
2341 4155 2550 4208 avaritia
2576 4170 2594 4209 :
2620 4172 2772 4226 quam
2792 4157 2994 4224 quidam
3022 4163 3297 4226 sequentes,
3324 4171 3356 4208 a
3385 4155 3486 4223 fide
3507 4171 3756 4225 pererra—

2155 4257 2350 4301 veruut.
2374 4247 2601 4302 Attende
2623 4249 2750 4318 quid
2769 4248 3103 4304 dimiserunt.
3127 4248 3286 4302 Doles
3309 4248 3431 4318 quia
3455 4247 3756 4304 hoc~dlmi~

2155 4347 2338 4394 serunt
2367 4357 2381 4393 :
2411 4339 2529 4394 vide
2563 4353 2668 4408 quo
2695 4355 2754 4395 se
2777 4340 3130 4395 inseruerunt.
3161 4338 3300 4394 Audi
3329 4356 3344 4392 :
3374 4339 3420 4392 A
3446 4339 3546 4408 ﬁde
3568 4355 3758 4408 perer-

2155 4440 2418 4498 rauerunt,
2455 4439 2504 4484 et
2527 4431 2840 4485 inseruerunt
2881 4447 2934 4484 se
2961 4431 3220 4485 doloribus
3252 4430 3444 4484 multis.
3474 4429 3580 4485 Sed
3613 4431 3761 4499 qui?

2159 4523 2258 4590 Qui
2283 4525 2453 4578 uolunt
2474 4524 2649 4578 divites
2670 4523 2800 4593 ﬁeri.
2830 4522 2986 4576 Aliud
3009 4531 3111 4589 est,
3145 4536 3266 4577 esse
3293 4522 3541 4587 divitem;
3573 4521 3759 4591 aliud,

2154 4617 2288 4673 velle
2307 4617 2422 4672 fieri
2447 4618 2684 4673 divitem.
2713 4616 2867 4671 Dives
2887 4624 2989 4681 est,
3015 4617 3102 4686 qui
3129 4630 3158 4670 a
3180 4616 3427 4670 divitibus
3443 4625 3597 4670 natus
3616 4624 3708 4670 est
3732 4635 3754 4672 :

2155 4724 2261 4763 non
2287 4709 2406 4779 quia
2434 4709 2618 4775 voluit,
2646 4707 2798 4763 dives
2824 4717 2924 4774 est,
2953 4707 3049 4762 sed
3073 4707 3194 4774 quia
3221 4706 3372 4761 multi
3403 4705 3758 4762 hereditates

2155 4800 2490 4855 dimiserunt.
2522 4800 2688 4856 Video
2725 4799 3032 4863 facultates,
3069 4812 3174 4852 non
3204 4799 3472 4869 interrogo
3496 4797 3760 4867 volupta—

2157 4900 2237 4946 tes
2255 4894 2293 4945 ι.
2319 4892 2414 4946 llic
2438 4891 2697 4961 cupiditas
2727 4897 3025 4955 accusatur,
3052 4905 3155 4943 nou
3185 4903 3394 4955 aurum,
3425 4903 3529 4943 non
3553 4902 3762 4959 argen-

2158 4994 2288 5050 tum,
2317 5000 2426 5040 non
2453 4985 2668 5051 divitiae,
2701 4983 2794 5038 sed
2820 4983 3099 5052 cupiditas.
3124 4981 3257 5036 Nam
3283 4984 3369 5051 qui
3396 4982 3579 5036 nolunt
3608 4981 3766 5037 divi—

2158 5085 2239 5132 tes
2266 5076 2400 5142 iieri,
2429 5076 2510 5130 vel
2537 5075 2625 5145 qui
2655 5090 2760 5128 non
2791 5083 2998 5138 curant,
3028 5072 3110 5128 vel
3149 5087 3254 5126 non
3276 5071 3463 5126 ardent
3486 5071 3755 5140 cupidita-

2157 5171 2328 5236 tibus,
2361 5183 2464 5223 non
2495 5167 2729 5222 avaritiae
2765 5165 2967 5221 facibus
3006 5164 3386 5229 accenduntur,
3429 5164 3522 5219 sed
3553 5163 3762 5222 divites

2157 5269 2300 5327 sunt,
2339 5259 2556 5314 audiant
2591 5257 2924 5328 Apostolum.
2967 5255 3134 5310 Hodie
3164 5256 3356 5310 lectum
3379 5264 3482 5319 est,
3515 5253 3764 5326 Ρτωσὲρο

2159 5353 2391 5408 diuitibus
2429 5353 2583 5422 hujus
2619 5351 2814 5404 mundi.
2861 5348 3108 5416 Principe.
3148 5347 3325 5414 Quid?
3357 5347 3584 5418 Praecipit
3618 5358 3766 5406 ante

2159 5445 2357 5512 omnia,
2382 5460 2483 5497 non
2502 5442 2713 5513 superbe
2734 5456 2927 5510 sapere.
2951 5439 3090 5494 Nihil
3116 5433 3359 5494 euim‘est
3382 5440 3521 5509 quod
3555 5440 3632 5493 sic
3658 5454 3766 5510 ge—

2161 5545 2352 5593 nerent
2375 5534 2602 5601 divitize,
2642 5531 2910 5604 quomodo
2937 5531 3262 5600 superbiam.
3297 5529 3467 5586 Omne
3493 5545 3716 5600 pomum
3738 5573 3759 5598 ,

2162 5642 2320 5685 omne
2343 5639 2566 5698 granum
2581 5665 2598 5692 ,
2623 5638 2782 5680 omne
2805 5623 3153 5688 frumentum,
3181 5637 3339 5678 omne
3361 5622 3560 5693 lignum
3586 5622 3764 5680 habet

2162 5736 2399 5786 vermem
2423 5734 2600 5776 suum.
2641 5718 2709 5782 Et
2737 5716 2872 5776 alius
2895 5725 2978 5774 est
2999 5715 3198 5776 vermis
3231 5715 3383 5782 mali,
3425 5715 3558 5774 alius
3591 5715 3714 5788 pyri
3735 5755 3759 5785 ,

2228 5836 2246 5868 ι
2271 5831 2567 5885 Fossateusis
2589 5839 2670 5882 Is.
2697 5835 2749 5882 et
2769 5841 2898 5893 unus
2921 5841 2952 5894 θ
2984 5827 3290 5891 Golbertmis.
3310 5824 3589 5882 inlunem.
