4032 6332
232 430 354 491 “3

232 547 380 600 alius
401 544 557 609 tabo,
580 540 719 598 alius
743 538 923 596 tritici.
952 536 1160 594 Verulis
1187 536 1489 593 divitiarum
1523 535 1788 607 superbia.

309 637 540 693 CAPUT
582 634 647 689 Χ.
672 663 743 675 -
761 634 849 688 Η.
875 631 1175 685 Diuitiarum
1199 646 1319 683 usus
1343 630 1409 682 ad
1437 628 1827 698 comparandam

229 738 487 783 sternant
522 726 698 781 vitam.
736 724 879 793 Ergo
911 723 1125 793 praeips
1164 720 1397 775 divitibus
1435 721 1588 790 hujus
1616 718 1824 784 mundi,

229 837 347 874 non
361 819 575 888 superbe
591 831 787 887 separe.
815 814 1055 868 Exclusit
1066 813 1272 876 vitium,
1290 811 1477 865 doceat
1498 824 1673 865 usum.
1706 807 1828 862 Non

227 911 458 979 superbe
480 923 675 977 sapere.
693 905 848 963 Unde
865 913 1041 960 autem
1062 918 1168 958 non
1192 903 1419 972 superbe
1436 901 1647 971 sapere?
1669 901 1743 956 De
1761 913 1828 955 eo

226 1001 385 1071 quod
404 1001 668 1070 sequitur,
695 997 875 1070 Nequa
890 1012 1094 1069 sperare
1112 996 1165 1049 in
1184 996 1374 1049 incerto
1400 994 1702 1048 divitiarum.
1726 992 1827 1060 Qui

228 1106 351 1145 non
382 1099 607 1160 sperant
630 1089 686 1144 in
722 1089 924 1145 incerto
963 1087 1299 1152 divitiarum,
1340 1100 1444 1140 non
1484 1083 1715 1154 superbe
1742 1096 1827 1137 sa-

227 1183 414 1251 piunt.
446 1181 504 1239 Si
529 1196 633 1236 non
659 1180 822 1236 altum
852 1180 1081 1248 sapiunt,
1126 1181 1365 1233 timeant.
1393 1178 1448 1233 Si
1474 1178 1689 1241 timent,
1719 1189 1827 1230 non

223 1274 406 1329 altum
431 1274 663 1345 sapiunt.
693 1272 863 1340 Quam
891 1272 1042 1327 multi
1080 1270 1193 1326 lteri
1219 1271 1427 1334 divites,
1455 1269 1612 1325 hodie
1630 1283 1828 1339 paupe-

223 1367 363 1421 res?
385 1367 560 1434 Quam
584 1365 737 1422 multi
760 1363 1032 1419 dormiunt
1062 1363 1252 1421 divites
1269 1403 1285 1429 ,
1316 1371 1371 1418 et
1396 1362 1725 1417 venientibus
1754 1362 1829 1416 la-

223 1458 488 1514 tronibus
528 1466 582 1512 et
616 1465 806 1513 cuncta
840 1457 1197 1513 adferentibus
1218 1498 1232 1520 ,
1260 1456 1505 1527 evigilant
1534 1456 1828 1525 pauperes?

223 1548 386 1619 Ergo
410 1565 517 1604 nos
536 1564 740 1619 sperare
760 1549 812 1602 in
830 1550 1021 1601 incerto
1042 1549 1351 1615 diuitiarum,
1378 1548 1465 1603 sed
1487 1548 1540 1601 in
1564 1546 1671 1601 Deo
1696 1547 1823 1612 vivo,

217 1640 323 1705 qui
346 1648 554 1709 prestat
581 1638 722 1697 nobis
744 1639 914 1693 omnia
932 1638 1245 1694 abundanter
1266 1639 1334 1692 ad
1359 1637 1669 1707 fruendum:
1696 1648 1829 1693 tem-

219 1732 469 1801 poralia,
493 1739 549 1786 et
578 1739 797 1788 acterna.
826 1730 934 1791 Sed
961 1731 1128 1801 magis
1155 1731 1221 1785 ad
1249 1730 1527 1787 linendum
1549 1772 1563 1797 ,
1599 1739 1823 1797 aeterna;

216 1822 298 1875 ad
330 1822 591 1879 utendum
620 1823 947 1893 temporalia.
980 1822 1335 1891 Tcmporalia,
1370 1833 1616 1891 tanquam
1653 1821 1824 1875 viato—

222 1914 423 1979 ribus;
464 1922 701 1980 a'terna,
740 1924 985 1984 tanquam
1016 1914 1413 1969 habitatoribus.
1456 1912 1822 1982 Temporalia,

219 2006 381 2061 unde
408 2006 549 2062 bona
581 2006 869 2071 faciamus;
913 2016 1110 2063 acterna
1132 2047 1145 2071 ,
1178 2007 1317 2061 unde
1344 2006 1471 2061 boni
1514 2005 1823 2060 efﬁciamur.

221 2098 381 2167 Ergo
414 2099 520 2153 hoc
545 2098 751 2157 faciant.
768 2097 960 2155 divites
984 2117 995 2151 :
1021 2114 1126 2155 non
1151 2100 1377 2169 superbe
1401 2098 1627 2167 sapiant,
1656 2112 1828 2167 neque

228 2199 474 2260 sperent
502 2190 557 2245 in
601 2192 803 2245 incerto
839 2189 1177 2253 divitiarum,
1223 2189 1313 2244 sed
1340 2190 1391 2245 in
1419 2188 1527 2245 Deo
1564 2190 1705 2255 vino,
1742 2188 1829 2257 qui

218 2292 449 2351 prwstat
478 2282 621 2337 uobis
653 2282 821 2337 omnia
848 2282 1161 2339 abundanter
1184 2281 1250 2335 ad
1287 2282 1550 2352 fruendum
1573 2297 1591 2336 :
1612 2282 1713 2336 hoc
1746 2280 1826 2335 fa-

215 2374 400 2428 ciant.
438 2374 520 2429 Ex
558 2388 623 2429 eo
656 2382 833 2433 autem
864 2374 1005 2443 quod
1047 2373 1244 2429 habent
1278 2374 1405 2443 quid
1432 2374 1659 2429 faciant?
1688 2373 1827 2429 Audi

217 2468 364 2536 quid
396 2485 409 2521 ε
458 2467 647 2522 Divites
684 2468 783 2523 aiat
828 2469 882 2522 in
910 2468 1141 2536 operibus
1178 2468 1355 2533 bouis,
1398 2470 1547 2539 facile
1585 2470 1823 2523 tribuant.

221 2560 452 2619 Habent
480 2562 619 2617 enim
639 2560 797 2616 unde.
813 2560 991 2635 Quare
1015 2576 1122 2616 non
1146 2560 1384 2615 iaciunt?
1410 2561 1697 2631 Paupertas
1722 2560 1828 2614 dif-

222 2653 452 2709 ﬁcultas
477 2662 579 2710 est.
608 2652 786 2707 Facile
822 2653 1076 2720 tribuant,
1116 2652 1311 2709 habent
1337 2652 1499 2707 unde.
1534 2652 1829 2707 Communi;

223 2755 372 2810 cent,
402 2744 460 2800 id
486 2754 586 2808 est,
608 2760 764 2814 pares
788 2758 914 2800 suos
934 2745 1187 2799 mortales
1207 2752 1515 2814 agnoscant.
1538 2743 1831 2798 Communi-

225 2848 370 2904 σαι,
395 2840 733 2893 lberam-iacnt
759 2837 853 2891 sibi
877 2836 1259 2905 fundamentum
1284 2836 1470 2891 bonum
1496 2837 1547 2889 in
1578 2839 1824 2908 futurum.

224 2932 358 2988 Non
385 2932 530 2987 enim
554 2932 677 3002 quia
698 2930 835 2995 dico,
870 2929 1057 2999 inquit,
1084 2927 1258 2981 Facile
1285 2928 1525 2989 tribuant,
1547 2929 1827 2980 communi-

226 3034 374 3089 cent,
405 3023 709 3091 exspoliare
745 3021 869 3077 illos
905 3020 1045 3086 volo,
1082 3018 1286 3075 nudare
1324 3019 1443 3072 illos
1474 3018 1612 3081 volo,
1647 3019 1830 3075 inanes

226 3116 545 3184 relinquere
575 3114 711 3169 volo.
740 3112 918 3167 Deceo
938 3110 1164 3172 lucrum,
1188 3122 1307 3164 cum
1333 3108 1574 3173 ostendo,
1606 3107 1831 3163 Thesau-

227 3209 398 3261 riaatt
418 3206 537 3259 sibi.
558 3204 674 3261 Non
696 3205 836 3261 enim
858 3203 979 3258 volo
1001 3210 1055 3256 ut
1073 3215 1328 3271 pauperes
1348 3208 1673 3256 remaneant.
1701 3200 1830 3254 ΤΙιε-

227 3298 495 3353 smtrizent
516 3296 629 3349 sibi.
650 3294 768 3350 Non
790 3302 848 3348 ut
876 3292 1118 3362 perdant,
1146 3292 1264 3347 dico
1288 3308 1303 3346 :
1331 3290 1425 3347 sed
1448 3307 1553 3361 quo
1583 3292 1826 3361 migrent,

228 3390 490 3445 ostendo.
518 3388 877 3449 Thesavrizent
892 3386 983 3441 sibi
1006 3386 1383 3455 fundamentum
1409 3386 1590 3438 bonum
1609 3387 1661 3438 in
1687 3390 1829 3455 futu-

230 3500 377 3546 rum,
409 3492 465 3535 ut
490 3481 873 3551 approbantium
914 3494 1082 3532 veram
1120 3477 1273 3531 vitam
1297 3477 1317 3549 (
1342 3477 1363 3532 l
1386 3476 1519 3531 Tim.
1557 3493 1627 3540 vr,
1662 3478 1790 3531 7-10
1811 3518 1827 3543 ,

232 3572 466 3645 £749).
498 3573 622 3627 limo
652 3586 781 3641 ergo
815 3570 941 3625 falsa
969 3570 1071 3623 vita
1107 3578 1190 3623 est
1222 3587 1233 3623 :
1266 3569 1831 3637 apprehendantveram

230 3669 415 3721 vitam.
475 3664 684 3725 Vanitas
714 3664 856 3723 enim
892 3661 1221 3715 vanitautium
1240 3661 1256 3692 ¹
1278 3700 1295 3727 ,
1339 3670 1384 3714 et
1420 3661 1587 3714 omnia
1614 3661 1827 3713 vanitas.

231 3760 375 3825 Qua
408 3756 724 3817 abundantia
757 3764 896 3809 tanta
922 3754 1137 3808 hominis
1162 3752 1218 3807 iu
1241 3753 1376 3806 omni
1405 3752 1573 3806 labore
1596 3767 1704 3815 suo,
1733 3768 1830 3819 quo

230 3853 347 3922 ipse
369 3850 569 3906 laborat
596 3850 686 3909 sub
711 3848 814 3903 sole
841 3850 859 3917 (
883 3845 1049 3901 Eccte.
1080 3861 1118 3911 ι,
1146 3845 1202 3909 2,
1232 3846 1345 3915 3)?
1373 3843 1830 3913 Apprehendenda

229 3955 321 4001 est
345 3959 479 4014 ergo
498 3958 625 3999 vera
649 3943 777 4006 vita,
798 3941 1088 4012 migrantis:
1108 3949 1233 3995 sunt
1252 3939 1526 3995 facultates
1551 3950 1745 3993 nostra:
1764 3938 1830 3993 ad

236 4040 420 4095 locum
464 4053 606 4093 vera:
634 4037 789 4101 vitae;
820 4044 877 4091 ut
920 4035 1020 4089 hoc
1051 4034 1121 4089 ibi
1158 4033 1515 4094 inveniamus,
1559 4032 1699 4101 quod
1746 4031 1832 4087 bic

232 4130 453 4185 damus.
479 4128 646 4185 Mutat
667 4127 778 4194 illa,
801 4126 889 4197 qui
914 4133 1081 4181 mutat
1098 4134 1152 4180 et
1181 4140 1298 4179 nos.

307 4221 542 4278 CAPUT
582 4220 674 4277 XI.
712 4250 784 4261 -—
826 4218 913 4274 12.
953 4217 1146 4273 Divites
1186 4217 1257 4271 sic
1312 4225 1521 4270 utantur
1560 4217 1835 4287 superfluit

234 4316 377 4378 suis,
429 4322 485 4368 ut
530 4312 750 4367 tribuant
814 4310 1117 4382 pauperibus
1172 4309 1474 4362 imam.
1528 4308 1658 4363 Date
1704 4323 1833 4379 ergo

236 4406 591 4477 pauperibus,
623 4405 816 4460 fratres
842 4405 967 4459 mei.
1008 4402 1202 4456 Victum
1224 4412 1268 4454 et
1286 4412 1625 4473 tegumentum
1645 4401 1833 4456 haben-

239 4508 351 4565 tes,
380 4496 463 4553 his
504 4496 722 4551 contenti
761 4494 936 4550 simus.
978 4492 1115 4548 Nihil
1154 4491 1306 4547 dives
1340 4491 1505 4547 habet
1535 4491 1602 4546 de
1637 4493 1832 4547 divitiis

238 4588 377 4652 suis,
400 4586 503 4641 nisi
522 4584 665 4655 quod
689 4584 758 4639 ab
783 4583 876 4638 ille
894 4583 1125 4654 postulat
1149 4596 1368 4650 pauper,
1393 4582 1589 4637 victum
1611 4590 1667 4637 et
1684 4590 1833 4653 tegu-

240 4690 505 4735 mentum.
536 4677 672 4732 llinc
692 4684 746 4731 tu
768 4675 893 4746 quid
918 4675 1033 4744 plus
1058 4675 1223 4730 babes
1241 4689 1308 4731 ex
1332 4675 1579 4730 omnibus
1601 4691 1719 4745 qua:
1740 4680 1835 4731 ba-

240 4774 372 4830 bes?
412 4771 682 4841 Accepisti
721 4770 951 4832 victum,
990 4767 1240 4836 accepisti
1281 4769 1639 4822 necessarium
1682 4776 1835 4839 tegu-

240 4875 508 4922 mentum.
536 4863 905 4919 Necessarium
948 4861 1069 4916 dico
1093 4902 1107 4925 ,
1136 4875 1241 4915 non
1272 4861 1425 4913 inane
1444 4901 1459 4925 ,
1498 4875 1604 4914 non
1649 4876 1837 4931 super-

242 4963 431 5015 flunm.
464 4958 600 5026 Quid
622 4958 739 5027 plus
757 4956 825 5011 de
843 4955 1041 5011 divitiis
1064 4954 1166 5008 tuis
1192 4954 1371 5022 capis?
1392 4952 1486 5007 Dic
1506 4953 1656 5006 mihi.
1681 4955 1836 5010 Certe

242 5053 427 5108 omnia
458 5060 546 5105 tua
589 5048 857 5119 superﬂua
884 5052 1061 5101 erunt.
1090 5045 1217 5111 Qua:
1250 5052 1376 5099 sunt
1408 5052 1496 5097 tua
1530 5045 1795 5114 superﬂua
1815 5088 1831 5113 ,

242 5148 355 5202 sint
383 5142 705 5216 pauperibus
740 5137 1099 5195 necessaria’.
1126 5134 1231 5191 Sed
1255 5150 1353 5205 ego
1371 5176 1385 5200 ,
1418 5134 1611 5204 inquis,
1639 5137 1840 5205 pretio-

243 5255 336 5294 sas
367 5238 550 5306 epulas
571 5233 793 5304 accipio,
820 5232 1063 5303 pretiosis
1087 5228 1221 5285 cibis
1238 5243 1443 5284 vescor.
1458 5229 1665 5299 Pauper
1679 5230 1837 5301 quid?

242 5331 475 5387 Vilibus.
515 5328 723 5382 Vilibus
754 5324 888 5381 cibis
923 5323 1155 5379 vescitur
1188 5336 1420 5393 pauper;
1467 5336 1597 5391 ego,
1631 5323 1832 5391 inquit,

244 5421 520 5494 pretiosis.
550 5420 821 5488 interrogo
839 5431 957 5481 vos,
979 5414 1193 5485 quando
1210 5413 1413 5468 fueritis
1438 5413 1597 5467 ambo
1621 5414 1793 5468 satiati
1819 5433 1833 5469 :

245 5513 527 5569 Prctiosus
553 5512 705 5567 cibus
730 5509 799 5566 ad
825 5517 880 5564 te
908 5508 1099 5572 intrat;
1131 5505 1255 5577 quid
1285 5505 1363 5571 iit,
1388 5520 1510 5559 eum
1535 5504 1835 5559 intraverit?

245 5606 442 5663 Nonne
467 5604 512 5659 si
533 5601 822 5675 Specularia
852 5601 907 5656 in
926 5606 1112 5656 ventre
1141 5597 1475 5663 haberemus,
1497 5596 1565 5652 de
1592 5597 1835 5653 omnbus

316 5765 337 5798 ι
363 5764 503 5821 aditi,
522 5760 797 5811 caritatum.
824 5765 882 5809 At
902 5756 1066 5821 proba:
1081 5761 1208 5805 noue
1224 5760 1353 5815 Mss,
1719 5755 1837 5809 Vide

248 5825 341 5879 lib.
370 5828 392 5874 l
666 5820 981 5891 (πωπω.ςᾶ
1129 5879 1140 5891 ⁸

316 5891 337 5921 ³
357 5878 662 5937 colbertinus
681 5878 784 5945 ΜΞ..
808 5878 916 5937 sunt
937 5878 1227 5947 pauperibus
1240 5890 1527 5935 item

1654 414 1884 477 SERMO
1920 417 2056 474 LXI.

3408 418 3511 482 4M

1934 531 2064 586 cibis
2078 532 2319 602 pretiosis
2330 533 2781 603 erubesceremus,
2793 534 2986 607 quibus
2998 535 3365 592 saturatusest
3378 534 3513 591 Esu-

1934 622 2000 675 rit
2021 637 2239 692 pauper,
2266 625 2431 681 esurit
2456 626 2607 681 dives
2627 642 2643 679 :
2671 628 2895 682 saturari
2915 627 3105 697 quaerit
3129 642 3348 698 pauper,
3368 636 3513 683 satuo

1933 717 2038 770 rari
2080 718 2269 787 quaerit
2299 719 2469 774 dives.
2508 720 2785 775 Saturatur
2826 736 3020 791 pauper
3043 720 3110 775 de
3136 721 3327 776 vilibus
3355 722 3510 790 cibis,

1933 818 2200 866 saturatur
2239 810 2387 867 dives
2428 811 2497 867 de
2527 814 2768 883 pretiosis
2808 814 2961 869 cibis.
3001 813 3260 870 Saturitas
3292 814 3515 885 aqualis

1934 908 2014 955 est
2040 918 2054 955 :
2084 902 2350 971 possessio
2375 918 2477 958 una
2500 906 2615 969 est‘,
2644 919 2751 975 quo
2775 905 2932 960 ambo
2954 906 3137 961 volunt
3164 907 3439 976 pervenire
3455 906 3511 973 ις

1934 990 2028 1046 sed
2072 992 2159 1049 ille
2183 1008 2276 1063 per
2297 995 2689 1065 compendium,
2717 996 2807 1053 ille
2836 1011 2931 1067 per
2949 998 3244 1053 circuitum.
3268 998 3372 1053 Sed
3395 1012 3511 1053 meo

1934 1083 2055 1151 lius,
2079 1083 2272 1156 inquis,
2300 1088 2428 1140 mihi
2456 1087 2666 1156 sapiunt
2682 1096 2932 1157 apparata
2954 1088 3201 1158 pretiosa.
3236 1089 3331 1144 Vix
3359 1087 3511 1144 fasti-

1933 1175 2114 1231 diosus
2133 1177 2359 1233 satiaris.
2384 1177 2569 1233 Nescis
2592 1179 2859 1249 quomodo
2884 1180 3040 1251 sapit,
3061 1180 3203 1251 quod
3228 1181 3396 1237 fames
3420 1196 3513 1237 ac~

1933 1266 2127 1323 ceudit.
2156 1266 2340 1337 Neque
2370 1268 2437 1322 ita
2464 1269 2565 1324 boc
2592 1269 2729 1336 dixi,
2758 1279 2815 1325 ut
2841 1269 3029 1326 divites
3057 1286 3241 1342 cogam
3265 1273 3432 1343 epulis
3459 1280 3515 1329 et

1933 1360 2063 1414 cibis
2083 1376 2369 1432 pauperum
2395 1364 2553 1418 vesci.
2586 1364 2811 1420 Utantur
2824 1364 3020 1420 divites
3035 1366 3414 1423 consuetudine
3434 1367 3513 1422 in«

1934 1451 2195 1506 ﬁrmitatis
2224 1469 2334 1508 sua:
2361 1456 2491 1509 :sed
2515 1454 2762 1520 doleant,
2790 1456 2944 1511 aliter
2970 1471 3029 1511 se
3057 1471 3163 1511 non
3192 1471 3369 1527 posse.
3399 1458 3510 1514 Me-

1934 1543 2032 1598 lius
2052 1544 2191 1599 enim
2214 1554 2448 1615 possent,
2477 1548 2521 1601 si
2540 1549 2694 1603 aliter
2711 1557 2947 1618 possent.
2976 1549 3031 1605 Si
3051 1564 3179 1621 ergo
3202 1565 3306 1605 non
3337 1550 3512 1606 extol-

1932 1634 2055 1690 litur
2096 1652 2295 1706 pauper
2336 1638 2402 1692 de
2444 1640 2820 1707 mendicitate;
2866 1649 2922 1696 tu
2956 1657 3119 1711 quare
3147 1643 3416 1698 extolleris
3446 1642 3515 1699 de

1932 1727 2273 1784 inﬁrmitate?
2294 1730 2453 1785 Utere
2470 1731 2603 1785 cibis
2618 1732 2824 1797 electis,
2854 1734 3118 1802 pretiosis,
3140 1734 3263 1804 quia
3285 1735 3361 1790 sic
3379 1749 3512 1790 con-

1932 1820 2097 1877 suesti
2119 1859 2135 1885 ,
2174 1821 2297 1889 quia
2326 1836 2431 1876 non
2458 1822 2610 1877 aliter
2639 1832 2821 1892 potes;
2852 1825 2974 1894 quia
3002 1825 3047 1878 si
3075 1826 3513 1881 consuetudinem

1931 1920 2127 1982 mutes,
2147 1920 2390 1981 mgrotas.
2419 1912 2735 1970 Conceditur
2760 1914 2853 1969 tibi
2890 1933 2905 1970 :
2945 1924 3092 1971 utere
3115 1917 3414 1986 superﬂuis,
3444 1917 3513 1973 da

1931 2003 2252 2072 pauperibus
2278 2006 2610 2069 necessaria;
2642 2014 2790 2061 utere
2816 2007 3079 2076 pretiosis,
3103 2008 3169 2061 da
3197 2008 3512 2077 pauperibus

1932 2095 2073 2151 vilia.
2106 2096 2391 2166 Exspectat
2418 2112 2447 2151 a
2476 2108 2560 2164 te,
2591 2109 2867 2169 exspectas
2892 2115 2922 2154 a
2955 2101 3099 2155 Deo:
3130 2100 3409 2171 exspectat
3424 2102 3513 2159 ille

1931 2202 2145 2244 manum
2164 2205 2283 2259 quas.
2304 2188 2443 2245 facta
2465 2200 2546 2245 est
2564 2206 2768 2257 secum,
2792 2202 3065 2263 exspectas
3087 2203 3140 2247 tu
3160 2208 3373 2249 manum
3395 2210 3514 2264 qua:

1933 2276 2056 2333 fecit
2084 2287 2155 2333 te.
2187 2278 2291 2334 Sed
2312 2267 2423 2335 non
2449 2280 2619 2335 solum
2648 2290 2701 2336 te
2724 2280 2881 2347 fecit,
2919 2282 3012 2337 sed
3040 2292 3093 2337 et
3120 2297 3405 2353 pauperem
3435 2294 3514 2341 te-

1932 2386 2076 2427 cum.
2108 2371 2262 2427 Dedit
2288 2373 2438 2428 vobis
2470 2389 2629 2428 unam
2658 2374 2796 2428 viam
2826 2375 2979 2428 istam
3017 2375 3214 2441 vitam;
3241 2375 3514 2433 invenistis

1933 2477 2027 2516 vos
2048 2463 2289 2530 comites,
2321 2480 2475 2519 unam
2505 2464 2643 2519 viam
2679 2465 2959 2519 ambulatis
2990 2482 3005 2519 :
3034 2465 3125 2521 ille
3158 2466 3288 2521 nihil
3315 2475 3511 2536 portat,

1934 2560 1988 2607 tu
2016 2554 2237 2609 nimium
2263 2563 2513 2611 oneratus
2532 2571 2626 2611 es:
2652 2556 2743 2610 ille
2766 2556 2894 2610 nihil
2921 2570 3101 2611 secum
3127 2564 3321 2626 portat,
3348 2567 3406 2613 tu
3437 2569 3517 2617 te-

1933 2660 2053 2701 cum
2085 2645 2202 2715 plus
2237 2654 2415 2716 portas
2444 2662 2600 2717 quam
2630 2663 2764 2718 opus
2790 2656 2891 2703 est.
2921 2648 3181 2703 Oneratas
3204 2662 3267 2703 es
3297 2666 3313 2706 :
3342 2651 3408 2705 da
3439 2652 3512 2707 illi

1934 2737 2002 2792 de
2024 2752 2093 2793 eo
2120 2738 2261 2807 quod
2290 2738 2491 2804 babes;
2518 2747 2573 2793 et
2605 2739 2752 2794 illum
2778 2740 2951 2809 pascis
2968 2779 2983 2803 ,
3016 2748 3071 2795 et
3091 2754 3228 2795 onus
3252 2742 3448 2797 minuis
3468 2743 3511 2799 '.

2001 2829 2227 2884 CAPUT
2253 2827 2626 2886 Xll.—15.Ad
2649 2831 2987 2902 eleentosynas
3018 2843 3178 2904 urget.
3216 2834 3347 2889 Date
3390 2849 3516 2906 ergo

1935 2920 2254 2988 pauperibus
2284 2935 2298 2972 :
2326 2934 2490 2991 rogo,
2516 2935 2742 2987 moneo.
2787 2922 3039 2993 praecipio
3061 2964 3078 2987 ,
3128 2924 3310 2993 iubeo.
3353 2926 3517 2993 Quid-

1934 3010 2061 3080 quid
2082 3012 2239 3067 vultis
2263 3015 2383 3068 date
2404 3015 2744 3083 pauperibus.
2766 3013 2881 3068 Non
2908 3016 3050 3069 enim
3080 3017 3356 3073 ocottlmbo
3379 3018 3518 3071 Cha—

1935 3103 2078 3159 ritati
2108 3111 2295 3158 vestra!
2316 3145 2330 3169 ,
2358 3119 2522 3173 quare
2573 3107 2714 3160 hunc
2755 3120 3060 3161 sermonem
3109 3120 3327 3164 necesse
3354 3107 3517 3163 habui

1938 3195 2089 3251 vobis
2122 3212 2385 3264 promere.
2412 3198 2491 3255 Ex
2518 3213 2623 3268 quo
2652 3198 2738 3253 hic
2783 3212 2969 3254 sumus
2993 3207 3182 3257 euntes
3231 3198 3301 3255 ad
3343 3201 3516 3256 eccle-

1936 3288 2103 3353 siam,
2147 3297 2202 3343 et
2252 3290 2571 3356 redeuntes,
2622 3306 2879 3360 pauperes
2920 3294 3261 3363 interpellant
3298 3308 3397 3350 nos
3422 3337 3435 3360 ,
3465 3305 3515 3350 et

1936 3380 2117 3434 (ἰίςιμιι
2146 3391 2204 3435 ιιι
2229 3380 2469 3437 dicamus
2490 3383 2657 3447 vobis,
2692 3391 2748 3437 ut
2775 3384 2974 3453 aliquid
3002 3384 3260 3455 accipiant
3284 3400 3316 3441 ι
3342 3388 3515 3443 vobis.

1934 3471 2044 3525 Nos
2072 3481 2395 3527 ruonuerunt
2441 3473 2580 3542 loqui
2610 3474 2796 3529 vobis:
2834 3484 3035 3529 etcum
3078 3490 3138 3531 se
3184 3478 3366 3533 vident
3410 3494 3515 3533 non

1936 3562 2177 3630 accipere
2201 3576 2230 3614 a
2258 3561 2435 3625 vobis,
2464 3562 2809 3618 iuauitcrnos
2836 3565 3162 3620 arbitrantur
3191 3566 3435 3623 laborare
3462 3570 3516 3623 in

1935 3652 2107 3709 vobis.
2141 3654 2463 3722 Exspectant
2504 3653 2700 3722 aliquid
2730 3662 2786 3710 et
2825 3670 2855 3709 a
2902 3656 3073 3710 nobis.
3112 3658 3311 3713 Damus
3344 3674 3519 3729 quan-

1938 3750 2048 3799 tum
2080 3744 2334 3799 habemus
2356 3784 2373 3811 ,
2394 3743 2583 3799 damus
2614 3746 2752 3800 sicut
2781 3760 3063 3815 possumus
3088 3765 3102 3802 :
3132 3749 3391 3820 numquid
3436 3760 3518 3806 ta-

1937 3850 2060 3890 men
2077 3835 2142 3888 ad
2164 3849 2347 3889 eorum
2371 3836 2740 3891 necessitatem
2759 3837 3076 3907 implendam
3098 3839 3274 3895 murtei
3293 3856 3476 3897 sumus
3495 3844 3518 3897 ἲ

1936 3926 2068 3993 Quia
2095 3941 2223 3996 ergo
2249 3926 2315 3981 ad
2342 3942 2524 3982 eorum
2562 3937 2930 3983 necessitatem
2978 3931 3295 4002 implendam
3342 3933 3519 3991 idonei

1938 4033 2044 4073 non
2072 4034 2257 4074 sumus
2281 4060 2295 4083 ,
2325 4018 2408 4074 vel
2434 4019 2500 4073 ad
2520 4033 2617 4074 vos
2642 4020 2796 4090 legati
2819 4022 3053 4089 ipsorum
3092 4039 3297 4091 sumus,
3351 4026 3520 4083 Audi-

1936 4111 2058 4176 stis,
2109 4110 2362 4167 lautlastis
2394 4130 2406 4165 :
2437 4111 2549 4167 Deo
2571 4115 2787 4183 gratias.
2812 4112 3006 4169 Semen
3030 4116 3334 4187 accepistis,
3357 4119 3519 4175 verba

1937 4203 2259 4263 reddidistis.
2283 4203 2491 4259 laudes
2519 4204 2635 4260 ista:
2680 4213 2870 4260 vestra}
2910 4215 3136 4275 gravant
3164 4222 3262 4263 nos
3301 4210 3475 4278 potius
3500 4252 3513 4276 ,

1937 4295 2063 4350 etin
2086 4294 2375 4365 periculum
2398 4296 2614 4351 mittunt
2644 4313 2655 4348 :
2689 4297 2976 4353 toleramus
2995 4297 3142 4365 illas,
3164 4308 3218 4354 et
3244 4302 3521 4356 tremimus

1938 4384 2077 4439 inter
2104 4385 2243 4439 illas.
2286 4385 2485 4443 ’l‘amen
2506 4426 2522 4452 ,
2554 4385 2748 4442 fratres
2776 4387 2912 4451 mei,
2958 4386 3076 4445 ista
3110 4389 3294 4446 laudes
3327 4399 3520 4448 vestra:

1936 4478 2064 4534 folia
2093 4486 2218 4535 sunt
2239 4478 2486 4535 arborum
2516 4496 2529 4533 :
2558 4478 2759 4534 fructus
2782 4479 3058 4549 quaeritur.

2433 4569 2658 4627 ssuuo
2694 4570 2831 4627 Lxu
2863 4576 2877 4595 ·
2906 4570 3008 4645 (α).

1939 4659 2017 4714 De
2060 4660 2217 4714 verbis
2261 4660 2521 4730 Evangelii
2549 4660 2811 4728 Matthazi,
2851 4679 2969 4733 cap.
3025 4678 3157 4732 vm,
3186 4663 3360 4733 843,
3405 4668 3520 4721 Non

2010 4767 2127 4807 sum
2156 4752 2345 4823 dignus
2370 4761 2430 4808 ut
2456 4752 2555 4808 sub
2576 4762 2769 4809 tectum
2797 4769 2975 4809 meum
3010 4755 3178 4811 intres
3199 4798 3215 4823 ,
3254 4766 3346 4811 etc.
3378 4756 3520 4810 Nee-

2011 4862 2111 4901 non
2132 4846 2194 4899 de
2221 4846 2380 4900 verbis
2397 4845 2627 4915 Apostoli
2646 4887 2661 4911 ,
2692 4845 2722 4899 Ι
2748 4846 2867 4902 Cor.
2894 4864 2986 4903 vnt
3009 4888 3026 4915 ,
3068 4849 3231 4903 10-Ιὲ
3251 4890 3263 4913 ,
3297 4850 3349 4904 Si
3376 4850 3520 4904 enim

2011 4938 2129 5008 quis
2155 4937 2347 4991 viderit
2382 4952 2507 4993 eum
2562 4939 2650 5007 qui
2692 4939 2849 4993 habet
2904 4940 3214 5007 scientiam,
3262 4941 3316 4996 in
3359 4940 3523 4995 idolio

2012 5032 2405 5088 recumbentem
2432 5072 2445 5095 ,
2478 5040 2584 5099 etc.
2611 5031 2711 5101 (b).

2013 5123 2236 5180 CAPUT
2253 5121 2618 5179 PRIMUDL—
2635 5124 2686 5177 1.
2711 5122 3026 5179 Centurionis
3048 5125 3324 5178 humilitas.
3350 5124 3517 5182 Audi-

2006 5259 2024 5290 ι
2061 5264 2191 5318 Lov.,
2237 5268 2523 5320 pervenere;
2562 5258 3147 5320 dissentientibuseditis
3185 5257 3291 5309 aliis
3333 5269 3383 5313 et
3415 5270 3523 5314 Mss.

1942 5320 2086 5370 Paulo
2118 5328 2225 5383 post
2240 5319 2346 5368 λιιι.
2385 5326 2458 5367 Er.
2486 5326 2539 5369 et
2568 5320 2735 5382 plures
2768 5329 2893 5381 Mss,
2933 5319 3015 5370 ille
3048 5319 3233 5370 circuit.
3270 5327 3400 5384 Lov.,
3444 5323 3527 5375 ille

1940 5382 2144 5432 multum
2174 5380 2361 5432 circuit.
2386 5388 2506 5430 Tres
2527 5396 2645 5431 vero
2670 5392 2795 5434 Mss.
2815 5381 2895 5432 ille
2919 5395 3005 5434 Dor
3032 5382 3303 5434 circuitum.

2000 5395 2144 5432 uuam
2174 5395 2361 5432 ουσιαι.
2386 5395 2506 5430 'tres
2527 5396 2645 5431 vero
2670 5395 2795 5441 mss,
2815 5395 2895 5432 tue
2919 5395 3005 5446 per
3032 5395 3303 5434 arcuatum.

2000 5446 2025 5507 ἒ
2052 5452 2149 5491 Am.
2177 5451 2247 5507 Er.
2277 5450 2468 5503 etMss.,
2491 5449 2541 5507 et
2554 5444 2735 5507 pondus
2754 5442 2946 5494 minuis.

2008 5506 2026 5523 "
2047 5505 2335 5555 Emendatus
2379 5513 2457 5555 est
2488 5505 2562 5569 ad
2579 5518 2751 5569 omnes
2788 5508 2982 5557 codices
3009 5508 3212 5569 scriptos
3236 5514 3288 5560 et
3312 5521 3523 5560 excuses

1945 5570 2028 5639 qui
2052 5570 2099 5639 is
2112 5580 2347 5639 sermons
2368 5568 2623 5639 superiore
2643 5568 2979 5639 desisse-w-

2007 5630 2081 5754 ξαζ
2102 5628 2243 5701 Alias,
2266 5630 2297 5676 4
2310 5629 2386 5701 (ιθ,
2400 5628 2569 5679 verbis
2590 5628 2773 5677 Domini
2795 5628 2842 5677 6.

2032 5691 2057 5741 b
2114 5690 2351 5754 Possidius
2375 5703 2426 5739 ιιι
2460 5690 2685 5741 lodiculo.
2711 5690 2842 5754 cap!

2007 5691 2079 5754 (b)
2114 5691 2351 5742 Possidius
2367 5692 2426 5762 in
2460 5691 2685 5741 lodiculo.
2711 5702 2800 5762 cap
2819 5691 2879 5753 9,
2914 5700 3186 5744 Tractatum
3221 5701 3373 5755 notat,
3406 5709 3428 5741 ι
3459 5700 3523 5745 De

1953 5753 2273 5819 «cvangelio,
2296 5753 2625 5819 ubi_Centurio
2650 5760 2906 5819 nomium
2921 5762 3059 5819 rogat
3082 5768 3170 5819 pro
3191 5768 3344 5818 puero
3365 5768 3472 5808 suo.
3498 5772 3523 5802 ι

1953 5771 1976 5803 ι
1998 5769 2273 5816 cvangelio,
2296 5769 2379 5802 ιωι
2400 5769 2625 5803 centurio
2654 5769 2899 5807 manuum
3139 5769 3170 5805 0
3191 5769 3344 5818 puero
3365 5769 3472 5808 8110.
3498 5772 3509 5802 l

1945 5814 2424 5940 wémoiis
2442 5821 2675 5879 excerpta
2692 5814 2845 5868 refert
2863 5816 3026 5881 Florus
3044 5769 3246 5891 editam.
3268 5832 3369 5901 xui,
3390 5823 3509 5885 too;

2114 5690 2351 5762 Possidius
2367 5692 2429 5762 in
2460 5690 2685 5762 lodicula.
2711 5702 2800 5762 cap
2819 5690 2879 5753 9,
2914 5700 3186 5744 Tractatum
3221 5701 3373 5755 notat,
3406 5709 3428 5741 ι
3459 5700 3527 5745 De
